  <div class='ocr_page' id='page_1' title='image "/cluster/home/n/w/nwhite01/storage/ocr_20150623/40/pst.000005712373/258.png"; bbox 0 0 4216 6324; ppageno 0'>
   <div class='ocr_carea' id='block_1_1' title="bbox 193 399 3463 478">
    <p class='ocr_par' dir='ltr' id='par_1_1' title="bbox 193 399 3463 478">
     <span class='ocr_line' id='line_1_1' title="bbox 193 399 3463 478; baseline 0.006 -25"><span class='ocrx_word' id='word_1_1' title='bbox 193 399 296 453; x_wconf 75' lang='grc'><strong>485</strong></span> <span class='ocrx_word' id='word_1_2' title='bbox 1581 403 2116 461; x_wconf 50' lang='grc' dir='ltr'><strong>Ριιυιλιῑουιιιςκςι.</strong></span> <span class='ocrx_word' id='word_1_3' title='bbox 3365 426 3463 478; x_wconf 66' lang='grc' dir='ltr'><strong>οςςὸ</strong></span> 
     </span>
    </p>
   </div>
   <div class='ocr_carea' id='block_1_2' title="bbox 193 513 3462 598">
    <p class='ocr_par' dir='ltr' id='par_1_2' title="bbox 193 513 3462 598">
     <span class='ocr_line' id='line_1_2' title="bbox 193 513 3462 598; baseline 0.008 -34"><span class='ocrx_word' id='word_1_4' title='bbox 193 513 566 570; x_wconf 72' lang='grc' dir='ltr'><strong>ὃρΙιτοιιιςιςΙιὶο</strong></span> <span class='ocrx_word' id='word_1_5' title='bbox 610 516 707 586; x_wconf 84' lang='lat' dir='ltr'><strong>(a),</strong></span> <span class='ocrx_word' id='word_1_6' title='bbox 742 517 967 571; x_wconf 84' lang='lat' dir='ltr'><strong>summis</strong></span> <span class='ocrx_word' id='word_1_7' title='bbox 1005 517 1164 580; x_wconf 87' lang='lat' dir='ltr'><strong>viris,</strong></span> <span class='ocrx_word' id='word_1_8' title='bbox 1215 528 1276 570; x_wconf 82' lang='lat' dir='ltr'><strong>ea</strong></span> <span class='ocrx_word' id='word_1_9' title='bbox 1318 515 1448 580; x_wconf 82' lang='lat' dir='ltr'><strong>hic,</strong></span> <span class='ocrx_word' id='word_1_10' title='bbox 1498 532 1556 571; x_wconf 94' lang='lat' dir='ltr'><strong>ut</strong></span> <span class='ocrx_word' id='word_1_11' title='bbox 1605 530 1727 573; x_wconf 73' lang='lat' dir='ltr'><strong>uota</strong></span> <span class='ocrx_word' id='word_1_12' title='bbox 1753 559 1766 580; x_wconf 93' lang='lat'><strong>,</strong></span> <span class='ocrx_word' id='word_1_13' title='bbox 1823 522 2278 588; x_wconf 67' lang='lat' dir='ltr'><strong>pru&#39;lcrtttillcthia</strong></span> <span class='ocrx_word' id='word_1_14' title='bbox 2313 527 2573 594; x_wconf 75' lang='lat' dir='ltr'><strong>jutlicavi.</strong></span> <span class='ocrx_word' id='word_1_15' title='bbox 2615 531 2798 588; x_wconf 77' lang='lat' dir='ltr'><strong>Solum</strong></span> <span class='ocrx_word' id='word_1_16' title='bbox 2839 533 2940 588; x_wconf 84' lang='lat' dir='ltr'><strong>huc</strong></span> <span class='ocrx_word' id='word_1_17' title='bbox 2979 552 3124 598; x_wconf 87' lang='lat' dir='ltr'><strong>nuto,</strong></span> <span class='ocrx_word' id='word_1_18' title='bbox 3171 552 3254 590; x_wconf 84' lang='lat' dir='ltr'><strong>Ine</strong></span> <span class='ocrx_word' id='word_1_19' title='bbox 3293 539 3462 591; x_wconf 80' lang='lat' dir='ltr'><strong>ltiLtts</strong></span> 
     </span>
    </p>
   </div>
   <div class='ocr_carea' id='block_1_3' title="bbox 192 607 3464 698">
    <p class='ocr_par' dir='ltr' id='par_1_3' title="bbox 192 607 3464 698">
     <span class='ocr_line' id='line_1_3' title="bbox 192 607 3464 698; baseline 0.008 -38"><span class='ocrx_word' id='word_1_20' title='bbox 192 607 478 661; x_wconf 78' lang='lat' dir='ltr'><strong>codicibus</strong></span> <span class='ocrx_word' id='word_1_21' title='bbox 505 609 864 679; x_wconf 81' lang='lat' dir='ltr'><strong>Augustanis,</strong></span> <span class='ocrx_word' id='word_1_22' title='bbox 906 611 1115 666; x_wconf 88' lang='lat' dir='ltr'><strong>duobus</strong></span> <span class='ocrx_word' id='word_1_23' title='bbox 1147 611 1543 668; x_wconf 85' lang='lat' dir='ltr'><strong>Dresdensibus</strong></span> <span class='ocrx_word' id='word_1_24' title='bbox 1564 652 1579 678; x_wconf 95' lang='lat'><strong>,</strong></span> <span class='ocrx_word' id='word_1_25' title='bbox 1612 613 1947 682; x_wconf 87' lang='lat' dir='ltr'><strong>totidemque</strong></span> <span class='ocrx_word' id='word_1_26' title='bbox 1977 615 2452 676; x_wconf 87' lang='lat' dir='ltr'><strong>Monachicnsibus</strong></span> <span class='ocrx_word' id='word_1_27' title='bbox 2472 663 2487 688; x_wconf 85' lang='lat'><strong>,</strong></span> <span class='ocrx_word' id='word_1_28' title='bbox 2515 637 2577 676; x_wconf 88' lang='lat' dir='ltr'><strong>ac</strong></span> <span class='ocrx_word' id='word_1_29' title='bbox 2609 637 2868 692; x_wconf 71' lang='lat' dir='ltr'><strong>prmterea</strong></span> <span class='ocrx_word' id='word_1_30' title='bbox 2897 628 3106 683; x_wconf 86' lang='lat' dir='ltr'><strong>duabus</strong></span> <span class='ocrx_word' id='word_1_31' title='bbox 3140 630 3331 698; x_wconf 82' lang='lat' dir='ltr'><strong>priscis</strong></span> <span class='ocrx_word' id='word_1_32' title='bbox 3357 632 3464 685; x_wconf 88' lang='lat' dir='ltr'><strong>Go-</strong></span> 
     </span>
    </p>
   </div>
   <div class='ocr_carea' id='block_1_4' title="bbox 193 699 3464 790">
    <p class='ocr_par' dir='ltr' id='par_1_4' title="bbox 193 699 3464 790">
     <span class='ocr_line' id='line_1_4' title="bbox 193 699 3464 790; baseline 0.008 -40"><span class='ocrx_word' id='word_1_33' title='bbox 193 699 351 752; x_wconf 86' lang='lat' dir='ltr'><strong>nnnis</strong></span> <span class='ocrx_word' id='word_1_34' title='bbox 383 710 438 753; x_wconf 91' lang='lat' dir='ltr'><strong>et</strong></span> <span class='ocrx_word' id='word_1_35' title='bbox 465 700 632 755; x_wconf 75' lang='lat' dir='ltr'><strong>Vallae</strong></span> <span class='ocrx_word' id='word_1_36' title='bbox 659 700 871 756; x_wconf 89' lang='lat' dir='ltr'><strong>Latinis</strong></span> <span class='ocrx_word' id='word_1_37' title='bbox 900 703 1244 758; x_wconf 85' lang='lat' dir='ltr'><strong>versiouibus</strong></span> <span class='ocrx_word' id='word_1_38' title='bbox 1276 704 1598 759; x_wconf 88' lang='lat' dir='ltr'><strong>instructum</strong></span> <span class='ocrx_word' id='word_1_39' title='bbox 1633 706 1700 759; x_wconf 90' lang='lat' dir='ltr'><strong>ad</strong></span> <span class='ocrx_word' id='word_1_40' title='bbox 1737 707 1877 760; x_wconf 91' lang='lat' dir='ltr'><strong>hanc</strong></span> <span class='ocrx_word' id='word_1_41' title='bbox 1908 707 2198 763; x_wconf 91' lang='lat' dir='ltr'><strong>editionem</strong></span> <span class='ocrx_word' id='word_1_42' title='bbox 2230 715 2550 769; x_wconf 87' lang='lat' dir='ltr'><strong>accessisse.</strong></span> <span class='ocrx_word' id='word_1_43' title='bbox 2580 715 2674 768; x_wconf 88' lang='lat' dir='ltr'><strong>llis</strong></span> <span class='ocrx_word' id='word_1_44' title='bbox 2714 727 2895 771; x_wconf 87' lang='lat' dir='ltr'><strong>autem</strong></span> <span class='ocrx_word' id='word_1_45' title='bbox 2940 721 3135 789; x_wconf 85' lang='lat' dir='ltr'><strong>cepiis,</strong></span> <span class='ocrx_word' id='word_1_46' title='bbox 3175 720 3241 775; x_wconf 90' lang='lat' dir='ltr'><strong>de</strong></span> <span class='ocrx_word' id='word_1_47' title='bbox 3270 724 3464 790; x_wconf 80' lang='lat' dir='ltr'><strong>quibus</strong></span> 
     </span>
    </p>
   </div>
   <div class='ocr_carea' id='block_1_5' title="bbox 190 793 3462 872">
    <p class='ocr_par' dir='ltr' id='par_1_5' title="bbox 190 793 3462 872">
     <span class='ocr_line' id='line_1_5' title="bbox 190 793 3462 872; baseline 0.007 -28"><span class='ocrx_word' id='word_1_48' title='bbox 190 793 350 860; x_wconf 88' lang='lat' dir='ltr'><strong>paulo</strong></span> <span class='ocrx_word' id='word_1_49' title='bbox 382 794 616 850; x_wconf 90' lang='lat' dir='ltr'><strong>inferius</strong></span> <span class='ocrx_word' id='word_1_50' title='bbox 657 797 767 850; x_wconf 85' lang='lat' dir='ltr'><strong>dixi</strong></span> <span class='ocrx_word' id='word_1_51' title='bbox 799 797 981 865; x_wconf 85' lang='lat' dir='ltr'><strong>latius,</strong></span> <span class='ocrx_word' id='word_1_52' title='bbox 1009 797 1080 852; x_wconf 90' lang='lat' dir='ltr'><strong>ita</strong></span> <span class='ocrx_word' id='word_1_53' title='bbox 1117 812 1246 853; x_wconf 89' lang='lat' dir='ltr'><strong>usus</strong></span> <span class='ocrx_word' id='word_1_54' title='bbox 1279 814 1418 866; x_wconf 89' lang='lat' dir='ltr'><strong>sum,</strong></span> <span class='ocrx_word' id='word_1_55' title='bbox 1462 807 1520 852; x_wconf 93' lang='lat' dir='ltr'><strong>ut</strong></span> <span class='ocrx_word' id='word_1_56' title='bbox 1553 810 1774 863; x_wconf 76' lang='lat' dir='ltr'><strong>textum,</strong></span> <span class='ocrx_word' id='word_1_57' title='bbox 1818 816 1977 869; x_wconf 86' lang='lat' dir='ltr'><strong>quem</strong></span> <span class='ocrx_word' id='word_1_58' title='bbox 2015 815 2228 869; x_wconf 85' lang='lat' dir='ltr'><strong>vocant,</strong></span> <span class='ocrx_word' id='word_1_59' title='bbox 2257 805 2522 872; x_wconf 66' lang='lat' dir='ltr'><strong>Graecum,</strong></span> <span class='ocrx_word' id='word_1_60' title='bbox 2563 810 2630 862; x_wconf 88' lang='lat' dir='ltr'><strong>ab</strong></span> <span class='ocrx_word' id='word_1_61' title='bbox 2667 810 2937 867; x_wconf 86' lang='lat' dir='ltr'><strong>Ellebodio</strong></span> <span class='ocrx_word' id='word_1_62' title='bbox 2965 828 3027 867; x_wconf 92' lang='lat' dir='ltr'><strong>ex</strong></span> <span class='ocrx_word' id='word_1_63' title='bbox 3063 815 3274 869; x_wconf 91' lang='lat' dir='ltr'><strong>duobus</strong></span> <span class='ocrx_word' id='word_1_64' title='bbox 3311 812 3462 866; x_wconf 76' lang='lat' dir='ltr'><strong>\‘nltlc</strong></span> 
     </span>
    </p>
   </div>
   <div class='ocr_carea' id='block_1_6' title="bbox 190 888 3460 976">
    <p class='ocr_par' dir='ltr' id='par_1_6' title="bbox 190 888 3460 976">
     <span class='ocr_line' id='line_1_6' title="bbox 190 888 3460 976; baseline 0.006 -39"><span class='ocrx_word' id='word_1_65' title='bbox 190 888 405 943; x_wconf 76' lang='lat' dir='ltr'><strong>vitiosis</strong></span> <span class='ocrx_word' id='word_1_66' title='bbox 441 891 721 943; x_wconf 78' lang='lat' dir='ltr'><strong>codicibus</strong></span> <span class='ocrx_word' id='word_1_67' title='bbox 757 892 992 957; x_wconf 88' lang='lat' dir='ltr'><strong>editum,</strong></span> <span class='ocrx_word' id='word_1_68' title='bbox 1044 891 1290 976; x_wconf 79' lang='lat' dir='ltr'><strong>adeoque</strong></span> <span class='ocrx_word' id='word_1_69' title='bbox 1320 893 1504 947; x_wconf 90' lang='lat' dir='ltr'><strong>multis</strong></span> <span class='ocrx_word' id='word_1_70' title='bbox 1535 894 1589 947; x_wconf 90' lang='lat' dir='ltr'><strong>in</strong></span> <span class='ocrx_word' id='word_1_71' title='bbox 1634 893 1767 949; x_wconf 86' lang='lat' dir='ltr'><strong>locis</strong></span> <span class='ocrx_word' id='word_1_72' title='bbox 1818 907 2128 965; x_wconf 90' lang='lat' dir='ltr'><strong>corruptum</strong></span> <span class='ocrx_word' id='word_1_73' title='bbox 2154 938 2167 962; x_wconf 93' lang='lat'><strong>,</strong></span> <span class='ocrx_word' id='word_1_74' title='bbox 2203 899 2270 953; x_wconf 90' lang='lat' dir='ltr'><strong>ab</strong></span> <span class='ocrx_word' id='word_1_75' title='bbox 2310 899 2520 954; x_wconf 83' lang='lat' dir='ltr'><strong>editore</strong></span> <span class='ocrx_word' id='word_1_76' title='bbox 2551 902 2845 956; x_wconf 81' lang='lat' dir='ltr'><strong>Oxoniensi</strong></span> <span class='ocrx_word' id='word_1_77' title='bbox 2897 919 3021 959; x_wconf 89' lang='lat' dir='ltr'><strong>vero</strong></span> <span class='ocrx_word' id='word_1_78' title='bbox 3053 907 3140 960; x_wconf 86' lang='lat' dir='ltr'><strong>vix</strong></span> <span class='ocrx_word' id='word_1_79' title='bbox 3172 906 3460 976; x_wconf 86' lang='lat' dir='ltr'><strong>quinquies</strong></span> 
     </span>
    </p>
   </div>
   <div class='ocr_carea' id='block_1_7' title="bbox 187 965 3465 1066">
    <p class='ocr_par' dir='ltr' id='par_1_7' title="bbox 187 965 3465 1066">
     <span class='ocr_line' id='line_1_7' title="bbox 187 965 3465 1066; baseline 0.005 -35"><span class='ocrx_word' id='word_1_80' title='bbox 187 994 522 1045; x_wconf 80' lang='lat' dir='ltr'><strong>correcwm,</strong></span> <span class='ocrx_word' id='word_1_81' title='bbox 555 995 815 1052; x_wconf 88' lang='lat' dir='ltr'><strong>quantum</strong></span> <span class='ocrx_word' id='word_1_82' title='bbox 847 986 961 1040; x_wconf 89' lang='lat' dir='ltr'><strong>fieri</strong></span> <span class='ocrx_word' id='word_1_83' title='bbox 999 994 1182 1056; x_wconf 88' lang='lat' dir='ltr'><strong>posset</strong></span> <span class='ocrx_word' id='word_1_84' title='bbox 1209 965 1696 1052; x_wconf 23' lang='lat' dir='ltr'><strong>femendatiorem</strong></span> <span class='ocrx_word' id='word_1_85' title='bbox 1743 988 1979 1044; x_wconf 84' lang='lat' dir='ltr'><strong>ederem.</strong></span> <span class='ocrx_word' id='word_1_86' title='bbox 2014 990 2087 1044; x_wconf 86' lang='lat' dir='ltr'><strong>Eo</strong></span> <span class='ocrx_word' id='word_1_87' title='bbox 2114 1006 2244 1061; x_wconf 82' lang='lat' dir='ltr'><strong>ergo</strong></span> <span class='ocrx_word' id='word_1_88' title='bbox 2274 1002 2481 1060; x_wconf 83' lang='lat' dir='ltr'><strong>spectat</strong></span> <span class='ocrx_word' id='word_1_89' title='bbox 2511 995 3033 1051; x_wconf 88' lang='lat' dir='ltr'><strong>animadversionmn</strong></span> <span class='ocrx_word' id='word_1_90' title='bbox 3066 1014 3302 1054; x_wconf 85' lang='lat' dir='ltr'><strong>mearum</strong></span> <span class='ocrx_word' id='word_1_91' title='bbox 3337 1013 3465 1066; x_wconf 71' lang='lat' dir='ltr'><strong>pars</strong></span> 
     </span>
    </p>
   </div>
   <div class='ocr_carea' id='block_1_8' title="bbox 189 1074 3458 1153">
    <p class='ocr_par' dir='ltr' id='par_1_8' title="bbox 189 1074 3458 1153">
     <span class='ocr_line' id='line_1_8' title="bbox 189 1074 3458 1153; baseline 0.004 -28"><span class='ocrx_word' id='word_1_92' title='bbox 189 1074 456 1127; x_wconf 83' lang='lat' dir='ltr'><strong>maxima.</strong></span> <span class='ocrx_word' id='word_1_93' title='bbox 490 1075 560 1129; x_wconf 92' lang='lat' dir='ltr'><strong>Ut</strong></span> <span class='ocrx_word' id='word_1_94' title='bbox 586 1086 764 1130; x_wconf 91' lang='lat' dir='ltr'><strong>autem</strong></span> <span class='ocrx_word' id='word_1_95' title='bbox 797 1078 1028 1133; x_wconf 88' lang='lat' dir='ltr'><strong>lectores</strong></span> <span class='ocrx_word' id='word_1_96' title='bbox 1055 1079 1282 1145; x_wconf 90' lang='lat' dir='ltr'><strong>scirent,</strong></span> <span class='ocrx_word' id='word_1_97' title='bbox 1313 1078 1440 1147; x_wconf 92' lang='lat' dir='ltr'><strong>quid</strong></span> <span class='ocrx_word' id='word_1_98' title='bbox 1494 1079 1545 1132; x_wconf 93' lang='lat' dir='ltr'><strong>in</strong></span> <span class='ocrx_word' id='word_1_99' title='bbox 1579 1087 1832 1146; x_wconf 90' lang='lat' dir='ltr'><strong>perpetua</strong></span> <span class='ocrx_word' id='word_1_100' title='bbox 1878 1083 2126 1138; x_wconf 86' lang='lat' dir='ltr'><strong>oratione</strong></span> <span class='ocrx_word' id='word_1_101' title='bbox 2156 1087 2477 1138; x_wconf 89' lang='lat' dir='ltr'><strong>mutaverim</strong></span> <span class='ocrx_word' id='word_1_102' title='bbox 2511 1095 2564 1139; x_wconf 89' lang='lat' dir='ltr'><strong>et</strong></span> <span class='ocrx_word' id='word_1_103' title='bbox 2594 1089 2948 1153; x_wconf 82' lang='lat' dir='ltr'><strong>correxerint,</strong></span> <span class='ocrx_word' id='word_1_104' title='bbox 2979 1103 3096 1142; x_wconf 89' lang='lat' dir='ltr'><strong>eam</strong></span> <span class='ocrx_word' id='word_1_105' title='bbox 3140 1091 3210 1144; x_wconf 91' lang='lat' dir='ltr'><strong>ob</strong></span> <span class='ocrx_word' id='word_1_106' title='bbox 3241 1105 3458 1143; x_wconf 73' lang='lat' dir='ltr'><strong>causam</strong></span> 
     </span>
    </p>
   </div>
   <div class='ocr_carea' id='block_1_9' title="bbox 188 1167 3454 1245">
    <p class='ocr_par' dir='ltr' id='par_1_9' title="bbox 188 1167 3454 1245">
     <span class='ocr_line' id='line_1_9' title="bbox 188 1167 3454 1245; baseline 0.004 -29"><span class='ocrx_word' id='word_1_107' title='bbox 188 1167 391 1233; x_wconf 86' lang='lat' dir='ltr'><strong>ubique</strong></span> <span class='ocrx_word' id='word_1_108' title='bbox 422 1178 550 1221; x_wconf 88' lang='lat' dir='ltr'><strong>ante</strong></span> <span class='ocrx_word' id='word_1_109' title='bbox 576 1169 1074 1225; x_wconf 74' lang='lat' dir='ltr'><strong>animadversiones</strong></span> <span class='ocrx_word' id='word_1_110' title='bbox 1105 1183 1254 1223; x_wconf 90' lang='lat' dir='ltr'><strong>meas</strong></span> <span class='ocrx_word' id='word_1_111' title='bbox 1283 1169 1460 1223; x_wconf 88' lang='lat' dir='ltr'><strong>notavi</strong></span> <span class='ocrx_word' id='word_1_112' title='bbox 1496 1168 1756 1225; x_wconf 88' lang='lat' dir='ltr'><strong>lectiones</strong></span> <span class='ocrx_word' id='word_1_113' title='bbox 1789 1170 2049 1226; x_wconf 89' lang='lat' dir='ltr'><strong>Ellebodii</strong></span> <span class='ocrx_word' id='word_1_114' title='bbox 2083 1187 2111 1226; x_wconf 89' lang='lat' dir='ltr'><strong>a</strong></span> <span class='ocrx_word' id='word_1_115' title='bbox 2146 1174 2278 1228; x_wconf 90' lang='lat' dir='ltr'><strong>meis</strong></span> <span class='ocrx_word' id='word_1_116' title='bbox 2308 1174 2699 1244; x_wconf 83' lang='lat' dir='ltr'><strong>discrepantes.</strong></span> <span class='ocrx_word' id='word_1_117' title='bbox 2736 1175 2810 1230; x_wconf 91' lang='lat' dir='ltr'><strong>De</strong></span> <span class='ocrx_word' id='word_1_118' title='bbox 2837 1177 3060 1245; x_wconf 80' lang='lat' dir='ltr'><strong>singulis</strong></span> <span class='ocrx_word' id='word_1_119' title='bbox 3085 1180 3354 1232; x_wconf 76' lang='lat' dir='ltr'><strong>vocabulis</strong></span> <span class='ocrx_word' id='word_1_120' title='bbox 3391 1196 3454 1231; x_wconf 85' lang='lat' dir='ltr'><strong>ae</strong></span> 
     </span>
    </p>
   </div>
   <div class='ocr_carea' id='block_1_10' title="bbox 187 1259 3462 1336">
    <p class='ocr_par' dir='ltr' id='par_1_10' title="bbox 187 1259 3462 1336">
     <span class='ocr_line' id='line_1_10' title="bbox 187 1259 3462 1336; baseline 0.005 -27"><span class='ocrx_word' id='word_1_121' title='bbox 187 1259 384 1311; x_wconf 81' lang='lat' dir='ltr'><strong>formis</strong></span> <span class='ocrx_word' id='word_1_122' title='bbox 423 1260 634 1313; x_wconf 85' lang='lat' dir='ltr'><strong>dicendi</strong></span> <span class='ocrx_word' id='word_1_123' title='bbox 667 1275 796 1325; x_wconf 93' lang='lat' dir='ltr'><strong>non,</strong></span> <span class='ocrx_word' id='word_1_124' title='bbox 823 1261 926 1315; x_wconf 92' lang='lat' dir='ltr'><strong>nisi</strong></span> <span class='ocrx_word' id='word_1_125' title='bbox 963 1262 1051 1314; x_wconf 90' lang='lat' dir='ltr'><strong>ubi</strong></span> <span class='ocrx_word' id='word_1_126' title='bbox 1085 1275 1307 1323; x_wconf 88' lang='lat' dir='ltr'><strong>necesse</strong></span> <span class='ocrx_word' id='word_1_127' title='bbox 1341 1261 1477 1327; x_wconf 87' lang='lat' dir='ltr'><strong>fuit,</strong></span> <span class='ocrx_word' id='word_1_128' title='bbox 1516 1262 1737 1328; x_wconf 92' lang='lat' dir='ltr'><strong>monui;</strong></span> <span class='ocrx_word' id='word_1_129' title='bbox 1772 1278 1895 1317; x_wconf 85' lang='lat' dir='ltr'><strong>nam</strong></span> <span class='ocrx_word' id='word_1_130' title='bbox 1937 1265 2150 1319; x_wconf 86' lang='lat' dir='ltr'><strong>dicendi</strong></span> <span class='ocrx_word' id='word_1_131' title='bbox 2183 1281 2350 1336; x_wconf 85' lang='lat' dir='ltr'><strong>genus</strong></span> <span class='ocrx_word' id='word_1_132' title='bbox 2377 1266 2643 1331; x_wconf 87' lang='lat' dir='ltr'><strong>Nemesii,</strong></span> <span class='ocrx_word' id='word_1_133' title='bbox 2679 1269 2730 1322; x_wconf 93' lang='lat' dir='ltr'><strong>in</strong></span> <span class='ocrx_word' id='word_1_134' title='bbox 2789 1277 2934 1323; x_wconf 91' lang='lat' dir='ltr'><strong>tanta</strong></span> <span class='ocrx_word' id='word_1_135' title='bbox 2976 1270 3139 1323; x_wconf 91' lang='lat' dir='ltr'><strong>etiam</strong></span> <span class='ocrx_word' id='word_1_136' title='bbox 3194 1285 3372 1324; x_wconf 90' lang='lat' dir='ltr'><strong>rerum</strong></span> <span class='ocrx_word' id='word_1_137' title='bbox 3409 1286 3462 1327; x_wconf 75' lang='grc' dir='ltr'><strong>ιιι</strong></span> 
     </span>
    </p>
   </div>
   <div class='ocr_carea' id='block_1_11' title="bbox 185 1347 3460 1430">
    <p class='ocr_par' dir='ltr' id='par_1_11' title="bbox 185 1347 3460 1430">
     <span class='ocr_line' id='line_1_11' title="bbox 185 1347 3460 1430; baseline 0.002 -26"><span class='ocrx_word' id='word_1_138' title='bbox 185 1353 589 1404; x_wconf 78' lang='lat' dir='ltr'><strong>sententiarum</strong></span> <span class='ocrx_word' id='word_1_139' title='bbox 625 1352 923 1406; x_wconf 88' lang='lat' dir='ltr'><strong>subtilitate</strong></span> <span class='ocrx_word' id='word_1_140' title='bbox 957 1364 1010 1405; x_wconf 92' lang='lat' dir='ltr'><strong>et</strong></span> <span class='ocrx_word' id='word_1_141' title='bbox 1053 1349 1381 1418; x_wconf 83' lang='lat' dir='ltr'><strong>difficultate,</strong></span> <span class='ocrx_word' id='word_1_142' title='bbox 1421 1353 1487 1407; x_wconf 92' lang='lat' dir='ltr'><strong>ad</strong></span> <span class='ocrx_word' id='word_1_143' title='bbox 1520 1352 1924 1421; x_wconf 86' lang='lat' dir='ltr'><strong>intelligendum</strong></span> <span class='ocrx_word' id='word_1_144' title='bbox 1984 1347 2138 1409; x_wconf 83' lang='lat' dir='ltr'><strong>valde</strong></span> <span class='ocrx_word' id='word_1_145' title='bbox 2185 1366 2268 1409; x_wconf 87' lang='lat' dir='ltr'><strong>est</strong></span> <span class='ocrx_word' id='word_1_146' title='bbox 2303 1366 2546 1426; x_wconf 89' lang='lat' dir='ltr'><strong>apertum</strong></span> <span class='ocrx_word' id='word_1_147' title='bbox 2581 1365 2741 1426; x_wconf 87' lang='lat' dir='ltr'><strong>atque</strong></span> <span class='ocrx_word' id='word_1_148' title='bbox 2777 1360 3109 1430; x_wconf 85' lang='lat' dir='ltr'><strong>expeditum.</strong></span> <span class='ocrx_word' id='word_1_149' title='bbox 3147 1357 3460 1413; x_wconf 88' lang='lat' dir='ltr'><strong>Priscorum</strong></span> 
     </span>
    </p>
   </div>
   <div class='ocr_carea' id='block_1_12' title="bbox 183 1445 3459 1516">
    <p class='ocr_par' dir='ltr' id='par_1_12' title="bbox 183 1445 3459 1516">
     <span class='ocr_line' id='line_1_12' title="bbox 183 1445 3459 1516; baseline 0.004 -21"><span class='ocrx_word' id='word_1_150' title='bbox 183 1445 329 1498; x_wconf 79' lang='lat' dir='ltr'><strong>enim</strong></span> <span class='ocrx_word' id='word_1_151' title='bbox 364 1446 674 1514; x_wconf 61' lang='lat' dir='ltr'><strong>sapientum</strong></span> <span class='ocrx_word' id='word_1_152' title='bbox 709 1445 939 1512; x_wconf 87' lang='lat' dir='ltr'><strong>quilibet</strong></span> <span class='ocrx_word' id='word_1_153' title='bbox 985 1446 1455 1516; x_wconf 77' lang='lat' dir='ltr'><strong>ingeniosissimus</strong></span> <span class='ocrx_word' id='word_1_154' title='bbox 1482 1456 1538 1500; x_wconf 88' lang='lat' dir='ltr'><strong>et</strong></span> <span class='ocrx_word' id='word_1_155' title='bbox 1563 1446 1910 1501; x_wconf 89' lang='lat' dir='ltr'><strong>doctissimus</strong></span> <span class='ocrx_word' id='word_1_156' title='bbox 1951 1457 2062 1500; x_wconf 90' lang='lat' dir='ltr'><strong>tum</strong></span> <span class='ocrx_word' id='word_1_157' title='bbox 2096 1448 2309 1502; x_wconf 85' lang='lat' dir='ltr'><strong>demum</strong></span> <span class='ocrx_word' id='word_1_158' title='bbox 2337 1451 2706 1506; x_wconf 86' lang='lat' dir='ltr'><strong>arbitrabatur</strong></span> <span class='ocrx_word' id='word_1_159' title='bbox 2737 1453 2899 1508; x_wconf 90' lang='lat' dir='ltr'><strong>licere</strong></span> <span class='ocrx_word' id='word_1_160' title='bbox 2947 1455 3047 1508; x_wconf 83' lang='lat' dir='ltr'><strong>sibi</strong></span> <span class='ocrx_word' id='word_1_161' title='bbox 3081 1468 3275 1508; x_wconf 89' lang='lat' dir='ltr'><strong>nomen</strong></span> <span class='ocrx_word' id='word_1_162' title='bbox 3306 1471 3459 1508; x_wconf 90' lang='lat' dir='ltr'><strong>suum</strong></span> 
     </span>
    </p>
   </div>
   <div class='ocr_carea' id='block_1_13' title="bbox 184 1527 3459 1615">
    <p class='ocr_par' dir='ltr' id='par_1_13' title="bbox 184 1527 3459 1615">
     <span class='ocr_line' id='line_1_13' title="bbox 184 1527 3459 1615; baseline 0.003 -27"><span class='ocrx_word' id='word_1_163' title='bbox 184 1539 432 1601; x_wconf 76' lang='lat' dir='ltr'><strong>profiteri</strong></span> <span class='ocrx_word' id='word_1_164' title='bbox 461 1538 604 1591; x_wconf 91' lang='lat' dir='ltr'><strong>inter</strong></span> <span class='ocrx_word' id='word_1_165' title='bbox 632 1538 1003 1606; x_wconf 86' lang='lat' dir='ltr'><strong>philosophos,</strong></span> <span class='ocrx_word' id='word_1_166' title='bbox 1036 1539 1078 1593; x_wconf 88' lang='lat' dir='ltr'><strong>si</strong></span> <span class='ocrx_word' id='word_1_167' title='bbox 1104 1553 1224 1607; x_wconf 63' lang='lat' dir='ltr'><strong>quae</strong></span> <span class='ocrx_word' id='word_1_168' title='bbox 1255 1540 1372 1608; x_wconf 87' lang='lat' dir='ltr'><strong>ipse</strong></span> <span class='ocrx_word' id='word_1_169' title='bbox 1405 1538 1676 1593; x_wconf 90' lang='lat' dir='ltr'><strong>subtiliter</strong></span> <span class='ocrx_word' id='word_1_170' title='bbox 1707 1546 1760 1592; x_wconf 91' lang='lat' dir='ltr'><strong>et</strong></span> <span class='ocrx_word' id='word_1_171' title='bbox 1783 1551 1940 1592; x_wconf 89' lang='lat' dir='ltr'><strong>acute</strong></span> <span class='ocrx_word' id='word_1_172' title='bbox 1973 1527 2444 1596; x_wconf 88' lang='lat' dir='ltr'><strong>animadvertisset</strong></span> <span class='ocrx_word' id='word_1_173' title='bbox 2469 1554 2558 1596; x_wconf 93' lang='lat' dir='ltr'><strong>aut</strong></span> <span class='ocrx_word' id='word_1_174' title='bbox 2591 1545 2970 1614; x_wconf 79' lang='lat' dir='ltr'><strong>excogitasset,</strong></span> <span class='ocrx_word' id='word_1_175' title='bbox 2999 1547 3242 1602; x_wconf 88' lang='lat' dir='ltr'><strong>oratione</strong></span> <span class='ocrx_word' id='word_1_176' title='bbox 3277 1559 3459 1615; x_wconf 86' lang='lat' dir='ltr'><strong>posset</strong></span> 
     </span>
    </p>
   </div>
   <div class='ocr_carea' id='block_1_14' title="bbox 179 1629 3458 1706">
    <p class='ocr_par' dir='ltr' id='par_1_14' title="bbox 179 1629 3458 1706">
     <span class='ocr_line' id='line_1_14' title="bbox 179 1629 3458 1706; baseline 0.003 -25"><span class='ocrx_word' id='word_1_177' title='bbox 179 1642 462 1696; x_wconf 74' lang='lat' dir='ltr'><strong>exponere</strong></span> <span class='ocrx_word' id='word_1_178' title='bbox 493 1629 745 1697; x_wconf 82' lang='lat' dir='ltr'><strong>eleganti,</strong></span> <span class='ocrx_word' id='word_1_179' title='bbox 789 1631 932 1683; x_wconf 84' lang='lat' dir='ltr'><strong>culta</strong></span> <span class='ocrx_word' id='word_1_180' title='bbox 975 1639 1030 1683; x_wconf 90' lang='lat' dir='ltr'><strong>et</strong></span> <span class='ocrx_word' id='word_1_181' title='bbox 1083 1630 1392 1698; x_wconf 86' lang='lat' dir='ltr'><strong>perspicua.</strong></span> <span class='ocrx_word' id='word_1_182' title='bbox 1438 1631 1640 1698; x_wconf 86' lang='lat' dir='ltr'><strong>Quodsi</strong></span> <span class='ocrx_word' id='word_1_183' title='bbox 1683 1639 1862 1684; x_wconf 89' lang='lat' dir='ltr'><strong>tamen</strong></span> <span class='ocrx_word' id='word_1_184' title='bbox 1896 1631 2191 1692; x_wconf 89' lang='lat' dir='ltr'><strong>acciderit,</strong></span> <span class='ocrx_word' id='word_1_185' title='bbox 2245 1642 2300 1686; x_wconf 92' lang='lat' dir='ltr'><strong>ut</strong></span> <span class='ocrx_word' id='word_1_186' title='bbox 2333 1634 2853 1689; x_wconf 80' lang='lat' dir='ltr'><strong>adulescentulorum</strong></span> <span class='ocrx_word' id='word_1_187' title='bbox 2905 1636 3099 1706; x_wconf 86' lang='lat' dir='ltr'><strong>aliquis</strong></span> <span class='ocrx_word' id='word_1_188' title='bbox 3153 1640 3204 1691; x_wconf 93' lang='lat' dir='ltr'><strong>in</strong></span> <span class='ocrx_word' id='word_1_189' title='bbox 3254 1639 3458 1693; x_wconf 73' lang='lat' dir='ltr'><strong>Grzccis</strong></span> 
     </span>
    </p>
   </div>
   <div class='ocr_carea' id='block_1_15' title="bbox 183 1721 3454 1800">
    <p class='ocr_par' dir='ltr' id='par_1_15' title="bbox 183 1721 3454 1800">
     <span class='ocr_line' id='line_1_15' title="bbox 183 1721 3454 1800; baseline 0.002 -24"><span class='ocrx_word' id='word_1_190' title='bbox 183 1724 386 1776; x_wconf 73' lang='lat' dir='ltr'><strong>haereat</strong></span> <span class='ocrx_word' id='word_1_191' title='bbox 417 1731 512 1773; x_wconf 87' lang='lat' dir='ltr'><strong>aut</strong></span> <span class='ocrx_word' id='word_1_192' title='bbox 548 1721 790 1783; x_wconf 87' lang='lat' dir='ltr'><strong>dubitet,</strong></span> <span class='ocrx_word' id='word_1_193' title='bbox 820 1736 885 1776; x_wconf 92' lang='lat' dir='ltr'><strong>eo</strong></span> <span class='ocrx_word' id='word_1_194' title='bbox 929 1722 980 1775; x_wconf 91' lang='lat' dir='ltr'><strong>in</strong></span> <span class='ocrx_word' id='word_1_195' title='bbox 1016 1721 1132 1778; x_wconf 91' lang='lat' dir='ltr'><strong>loco</strong></span> <span class='ocrx_word' id='word_1_196' title='bbox 1165 1732 1343 1779; x_wconf 90' lang='lat' dir='ltr'><strong>autem</strong></span> <span class='ocrx_word' id='word_1_197' title='bbox 1378 1722 1510 1776; x_wconf 85' lang='lat' dir='ltr'><strong>nihil</strong></span> <span class='ocrx_word' id='word_1_198' title='bbox 1540 1737 1568 1776; x_wconf 90' lang='lat' dir='ltr'><strong>a</strong></span> <span class='ocrx_word' id='word_1_199' title='bbox 1604 1737 1691 1776; x_wconf 90' lang='lat' dir='ltr'><strong>me</strong></span> <span class='ocrx_word' id='word_1_200' title='bbox 1725 1722 1985 1776; x_wconf 90' lang='lat' dir='ltr'><strong>monitum</strong></span> <span class='ocrx_word' id='word_1_201' title='bbox 2023 1723 2124 1788; x_wconf 87' lang='lat' dir='ltr'><strong>sit,</strong></span> <span class='ocrx_word' id='word_1_202' title='bbox 2160 1723 2416 1778; x_wconf 88' lang='lat' dir='ltr'><strong>Ellebodii</strong></span> <span class='ocrx_word' id='word_1_203' title='bbox 2462 1726 2910 1795; x_wconf 88' lang='lat' dir='ltr'><strong>interpretatione</strong></span> <span class='ocrx_word' id='word_1_204' title='bbox 2947 1728 3137 1783; x_wconf 86' lang='lat' dir='ltr'><strong>Latina</strong></span> <span class='ocrx_word' id='word_1_205' title='bbox 3175 1746 3270 1800; x_wconf 84' lang='lat' dir='ltr'><strong>pro</strong></span> <span class='ocrx_word' id='word_1_206' title='bbox 3301 1746 3454 1784; x_wconf 84' lang='lat' dir='ltr'><strong>com-</strong></span> 
     </span>
    </p>
   </div>
   <div class='ocr_carea' id='block_1_16' title="bbox 182 1811 3457 1887">
    <p class='ocr_par' dir='ltr' id='par_1_16' title="bbox 182 1811 3457 1887">
     <span class='ocr_line' id='line_1_16' title="bbox 182 1811 3457 1887; baseline 0.003 -22"><span class='ocrx_word' id='word_1_207' title='bbox 182 1814 457 1866; x_wconf 88' lang='lat' dir='ltr'><strong>mentario</strong></span> <span class='ocrx_word' id='word_1_208' title='bbox 485 1812 560 1864; x_wconf 85' lang='lat' dir='ltr'><strong>uti</strong></span> <span class='ocrx_word' id='word_1_209' title='bbox 591 1813 806 1879; x_wconf 84' lang='lat' dir='ltr'><strong>poterit.</strong></span> <span class='ocrx_word' id='word_1_210' title='bbox 844 1811 971 1865; x_wconf 87' lang='lat' dir='ltr'><strong>Eam</strong></span> <span class='ocrx_word' id='word_1_211' title='bbox 1005 1811 1168 1880; x_wconf 88' lang='lat' dir='ltr'><strong>igitur</strong></span> <span class='ocrx_word' id='word_1_212' title='bbox 1210 1811 1295 1867; x_wconf 76' lang='lat' dir='ltr'><strong>vel</strong></span> <span class='ocrx_word' id='word_1_213' title='bbox 1337 1813 1478 1867; x_wconf 88' lang='lat' dir='ltr'><strong>hanc</strong></span> <span class='ocrx_word' id='word_1_214' title='bbox 1507 1814 1576 1868; x_wconf 91' lang='lat' dir='ltr'><strong>ob</strong></span> <span class='ocrx_word' id='word_1_215' title='bbox 1606 1828 1826 1867; x_wconf 88' lang='lat' dir='ltr'><strong>causam</strong></span> <span class='ocrx_word' id='word_1_216' title='bbox 1860 1812 2204 1867; x_wconf 88' lang='lat' dir='ltr'><strong>immutatam</strong></span> <span class='ocrx_word' id='word_1_217' title='bbox 2235 1815 2484 1881; x_wconf 84' lang='lat' dir='ltr'><strong>servavi,</strong></span> <span class='ocrx_word' id='word_1_218' title='bbox 2524 1818 2626 1872; x_wconf 89' lang='lat' dir='ltr'><strong>nisi</strong></span> <span class='ocrx_word' id='word_1_219' title='bbox 2674 1819 2762 1872; x_wconf 85' lang='lat' dir='ltr'><strong>ubi</strong></span> <span class='ocrx_word' id='word_1_220' title='bbox 2794 1820 2858 1873; x_wconf 88' lang='lat' dir='ltr'><strong>ad</strong></span> <span class='ocrx_word' id='word_1_221' title='bbox 2887 1829 3084 1873; x_wconf 74' lang='lat' dir='ltr'><strong>textum</strong></span> <span class='ocrx_word' id='word_1_222' title='bbox 3120 1819 3387 1887; x_wconf 67' lang='lat' dir='ltr'><strong>Grmcum,</strong></span> <span class='ocrx_word' id='word_1_223' title='bbox 3428 1838 3457 1875; x_wconf 91' lang='lat' dir='ltr'><strong>a</strong></span> 
     </span>
    </p>
   </div>
   <div class='ocr_carea' id='block_1_17' title="bbox 182 1905 3459 1980">
    <p class='ocr_par' dir='ltr' id='par_1_17' title="bbox 182 1905 3459 1980">
     <span class='ocr_line' id='line_1_17' title="bbox 182 1905 3459 1980; baseline 0.004 -23"><span class='ocrx_word' id='word_1_224' title='bbox 182 1921 266 1959; x_wconf 90' lang='lat' dir='ltr'><strong>me</strong></span> <span class='ocrx_word' id='word_1_225' title='bbox 299 1906 635 1960; x_wconf 85' lang='lat' dir='ltr'><strong>auctoritate</strong></span> <span class='ocrx_word' id='word_1_226' title='bbox 666 1905 913 1959; x_wconf 91' lang='lat' dir='ltr'><strong>codicum</strong></span> <span class='ocrx_word' id='word_1_227' title='bbox 947 1914 1252 1959; x_wconf 91' lang='lat' dir='ltr'><strong>correctum</strong></span> <span class='ocrx_word' id='word_1_228' title='bbox 1275 1944 1290 1969; x_wconf 98' lang='lat'><strong>,</strong></span> <span class='ocrx_word' id='word_1_229' title='bbox 1337 1905 1721 1960; x_wconf 88' lang='lat' dir='ltr'><strong>conformanda</strong></span> <span class='ocrx_word' id='word_1_230' title='bbox 1751 1915 1913 1974; x_wconf 89' lang='lat' dir='ltr'><strong>atque</strong></span> <span class='ocrx_word' id='word_1_231' title='bbox 1961 1906 2294 1962; x_wconf 89' lang='lat' dir='ltr'><strong>immutanda</strong></span> <span class='ocrx_word' id='word_1_232' title='bbox 2341 1908 2461 1963; x_wconf 88' lang='lat' dir='ltr'><strong>fuit.</strong></span> <span class='ocrx_word' id='word_1_233' title='bbox 2493 1910 2804 1980; x_wconf 83' lang='lat' dir='ltr'><strong>Scriptores</strong></span> <span class='ocrx_word' id='word_1_234' title='bbox 2846 1925 3058 1970; x_wconf 85' lang='lat' dir='ltr'><strong>veteres</strong></span> <span class='ocrx_word' id='word_1_235' title='bbox 3105 1917 3172 1969; x_wconf 85' lang='lat' dir='ltr'><strong>ab</strong></span> <span class='ocrx_word' id='word_1_236' title='bbox 3206 1914 3459 1971; x_wconf 88' lang='lat' dir='ltr'><strong>Nemesio</strong></span> 
     </span>
    </p>
   </div>
   <div class='ocr_carea' id='block_1_18' title="bbox 190 1995 3457 2074">
    <p class='ocr_par' dir='ltr' id='par_1_18' title="bbox 190 1995 3457 2074">
     <span class='ocr_line' id='line_1_18' title="bbox 190 1995 3457 2074; baseline 0.005 -28"><span class='ocrx_word' id='word_1_237' title='bbox 190 1996 451 2052; x_wconf 86' lang='lat' dir='ltr'><strong>laudatos</strong></span> <span class='ocrx_word' id='word_1_238' title='bbox 479 1998 677 2066; x_wconf 67' lang='lat' dir='ltr'><strong>saepius</strong></span> <span class='ocrx_word' id='word_1_239' title='bbox 707 2013 766 2050; x_wconf 87' lang='lat' dir='ltr'><strong>ac</strong></span> <span class='ocrx_word' id='word_1_240' title='bbox 800 1995 1108 2067; x_wconf 86' lang='lat' dir='ltr'><strong>diligentius</strong></span> <span class='ocrx_word' id='word_1_241' title='bbox 1140 1997 1192 2051; x_wconf 92' lang='lat' dir='ltr'><strong>in</strong></span> <span class='ocrx_word' id='word_1_242' title='bbox 1225 1997 1784 2051; x_wconf 85' lang='lat' dir='ltr'><strong>animadversionibus</strong></span> <span class='ocrx_word' id='word_1_243' title='bbox 1811 2008 2102 2066; x_wconf 85' lang='lat' dir='ltr'><strong>netassem,</strong></span> <span class='ocrx_word' id='word_1_244' title='bbox 2139 1999 2238 2054; x_wconf 89' lang='lat' dir='ltr'><strong>nisi</strong></span> <span class='ocrx_word' id='word_1_245' title='bbox 2273 2001 2343 2054; x_wconf 91' lang='lat' dir='ltr'><strong>ita</strong></span> <span class='ocrx_word' id='word_1_246' title='bbox 2373 2017 2466 2055; x_wconf 89' lang='lat' dir='ltr'><strong>eos</strong></span> <span class='ocrx_word' id='word_1_247' title='bbox 2507 2003 2797 2069; x_wconf 88' lang='lat' dir='ltr'><strong>laudasset,</strong></span> <span class='ocrx_word' id='word_1_248' title='bbox 2828 2014 2885 2058; x_wconf 94' lang='lat' dir='ltr'><strong>ut</strong></span> <span class='ocrx_word' id='word_1_249' title='bbox 2921 2007 3216 2059; x_wconf 88' lang='lat' dir='ltr'><strong>sententias</strong></span> <span class='ocrx_word' id='word_1_250' title='bbox 3257 2009 3457 2074; x_wconf 90' lang='lat' dir='ltr'><strong>potius,</strong></span> 
     </span>
    </p>
   </div>
   <div class='ocr_carea' id='block_1_19' title="bbox 179 2089 3459 2157">
    <p class='ocr_par' dir='ltr' id='par_1_19' title="bbox 179 2089 3459 2157">
     <span class='ocr_line' id='line_1_19' title="bbox 179 2089 3459 2157; baseline 0.004 -16"><span class='ocrx_word' id='word_1_251' title='bbox 179 2106 344 2157; x_wconf 86' lang='lat' dir='ltr'><strong>quam</strong></span> <span class='ocrx_word' id='word_1_252' title='bbox 380 2091 570 2154; x_wconf 86' lang='lat' dir='ltr'><strong>verba,</strong></span> <span class='ocrx_word' id='word_1_253' title='bbox 602 2090 870 2143; x_wconf 90' lang='lat' dir='ltr'><strong>retulerit.</strong></span> <span class='ocrx_word' id='word_1_254' title='bbox 904 2089 1031 2143; x_wconf 90' lang='lat' dir='ltr'><strong>lnde</strong></span> <span class='ocrx_word' id='word_1_255' title='bbox 1057 2091 1220 2146; x_wconf 87' lang='lat' dir='ltr'><strong>etiam</strong></span> <span class='ocrx_word' id='word_1_256' title='bbox 1255 2091 1474 2155; x_wconf 89' lang='lat' dir='ltr'><strong>accidit,</strong></span> <span class='ocrx_word' id='word_1_257' title='bbox 1506 2101 1563 2144; x_wconf 87' lang='lat' dir='ltr'><strong>ut</strong></span> <span class='ocrx_word' id='word_1_258' title='bbox 1594 2106 1694 2146; x_wconf 86' lang='lat' dir='ltr'><strong>nec</strong></span> <span class='ocrx_word' id='word_1_259' title='bbox 1727 2091 1907 2146; x_wconf 88' lang='lat' dir='ltr'><strong>editor</strong></span> <span class='ocrx_word' id='word_1_260' title='bbox 1949 2090 2275 2147; x_wconf 88' lang='lat' dir='ltr'><strong>Oxoniensis</strong></span> <span class='ocrx_word' id='word_1_261' title='bbox 2313 2105 2565 2149; x_wconf 87' lang='lat' dir='ltr'><strong>accurate</strong></span> <span class='ocrx_word' id='word_1_262' title='bbox 2601 2103 2656 2150; x_wconf 87' lang='lat' dir='ltr'><strong>et</strong></span> <span class='ocrx_word' id='word_1_263' title='bbox 2691 2096 2909 2150; x_wconf 88' lang='lat' dir='ltr'><strong>definite</strong></span> <span class='ocrx_word' id='word_1_264' title='bbox 2941 2097 3058 2150; x_wconf 87' lang='lat' dir='ltr'><strong>loca</strong></span> <span class='ocrx_word' id='word_1_265' title='bbox 3089 2097 3188 2150; x_wconf 87' lang='lat' dir='ltr'><strong>ista</strong></span> <span class='ocrx_word' id='word_1_266' title='bbox 3221 2098 3459 2153; x_wconf 83' lang='lat' dir='ltr'><strong>indicare</strong></span> 
     </span>
    </p>
   </div>
   <div class='ocr_carea' id='block_1_20' title="bbox 176 2179 3455 2257">
    <p class='ocr_par' dir='ltr' id='par_1_20' title="bbox 176 2179 3455 2257">
     <span class='ocr_line' id='line_1_20' title="bbox 176 2179 3455 2257; baseline 0.002 -23"><span class='ocrx_word' id='word_1_267' title='bbox 176 2181 440 2249; x_wconf 87' lang='lat' dir='ltr'><strong>potuerit.</strong></span> <span class='ocrx_word' id='word_1_268' title='bbox 476 2179 739 2234; x_wconf 77' lang='lat' dir='ltr'><strong>Joannem</strong></span> <span class='ocrx_word' id='word_1_269' title='bbox 791 2181 1186 2235; x_wconf 86' lang='lat' dir='ltr'><strong>Damascenum</strong></span> <span class='ocrx_word' id='word_1_270' title='bbox 1209 2220 1224 2245; x_wconf 96' lang='lat'><strong>,</strong></span> <span class='ocrx_word' id='word_1_271' title='bbox 1253 2181 1345 2249; x_wconf 92' lang='lat' dir='ltr'><strong>qui</strong></span> <span class='ocrx_word' id='word_1_272' title='bbox 1383 2181 1552 2234; x_wconf 85' lang='lat' dir='ltr'><strong>multa</strong></span> <span class='ocrx_word' id='word_1_273' title='bbox 1597 2198 1663 2236; x_wconf 81' lang='lat' dir='ltr'><strong>ex</strong></span> <span class='ocrx_word' id='word_1_274' title='bbox 1697 2181 1949 2238; x_wconf 85' lang='lat' dir='ltr'><strong>Nemesio</strong></span> <span class='ocrx_word' id='word_1_275' title='bbox 1980 2183 2180 2245; x_wconf 83' lang='lat' dir='ltr'><strong>hausit,</strong></span> <span class='ocrx_word' id='word_1_276' title='bbox 2222 2187 2358 2238; x_wconf 91' lang='lat' dir='ltr'><strong>satis</strong></span> <span class='ocrx_word' id='word_1_277' title='bbox 2403 2187 2617 2239; x_wconf 89' lang='lat' dir='ltr'><strong>curiose</strong></span> <span class='ocrx_word' id='word_1_278' title='bbox 2654 2187 2838 2240; x_wconf 87' lang='lat' dir='ltr'><strong>videor</strong></span> <span class='ocrx_word' id='word_1_279' title='bbox 2871 2199 3106 2242; x_wconf 88' lang='lat' dir='ltr'><strong>notasse.</strong></span> <span class='ocrx_word' id='word_1_280' title='bbox 3137 2186 3455 2257; x_wconf 79' lang='lat' dir='ltr'><strong>Gregorium</strong></span> 
     </span>
    </p>
   </div>
   <div class='ocr_carea' id='block_1_21' title="bbox 178 2272 3455 2349">
    <p class='ocr_par' dir='ltr' id='par_1_21' title="bbox 178 2272 3455 2349">
     <span class='ocr_line' id='line_1_21' title="bbox 178 2272 3455 2349; baseline 0.003 -24"><span class='ocrx_word' id='word_1_281' title='bbox 178 2273 491 2342; x_wconf 78' lang='lat' dir='ltr'><strong>Nyssenum</strong></span> <span class='ocrx_word' id='word_1_282' title='bbox 526 2274 722 2336; x_wconf 88' lang='lat' dir='ltr'><strong>etiam,</strong></span> <span class='ocrx_word' id='word_1_283' title='bbox 757 2275 898 2327; x_wconf 91' lang='lat' dir='ltr'><strong>inter</strong></span> <span class='ocrx_word' id='word_1_284' title='bbox 928 2272 1079 2339; x_wconf 85' lang='lat' dir='ltr'><strong>cujus</strong></span> <span class='ocrx_word' id='word_1_285' title='bbox 1113 2287 1276 2343; x_wconf 90' lang='lat' dir='ltr'><strong>opera</strong></span> <span class='ocrx_word' id='word_1_286' title='bbox 1310 2286 1469 2345; x_wconf 86' lang='lat' dir='ltr'><strong>caput</strong></span> <span class='ocrx_word' id='word_1_287' title='bbox 1495 2273 1790 2330; x_wconf 88' lang='lat' dir='ltr'><strong>secundum</strong></span> <span class='ocrx_word' id='word_1_288' title='bbox 1818 2277 2120 2329; x_wconf 31' lang='lat' dir='ltr'><strong>et‘tertinm</strong></span> <span class='ocrx_word' id='word_1_289' title='bbox 2158 2277 2373 2346; x_wconf 80' lang='lat' dir='ltr'><strong>legitur,</strong></span> <span class='ocrx_word' id='word_1_290' title='bbox 2407 2279 2694 2349; x_wconf 79' lang='lat' dir='ltr'><strong>diligenter</strong></span> <span class='ocrx_word' id='word_1_291' title='bbox 2745 2282 3077 2349; x_wconf 86' lang='lat' dir='ltr'><strong>comparavi.</strong></span> <span class='ocrx_word' id='word_1_292' title='bbox 3109 2281 3455 2336; x_wconf 79' lang='lat' dir='ltr'><strong>Auastasium</strong></span> 
     </span>
    </p>
   </div>
   <div class='ocr_carea' id='block_1_22' title="bbox 177 2363 3463 2440">
    <p class='ocr_par' dir='ltr' id='par_1_22' title="bbox 177 2363 3463 2440">
     <span class='ocr_line' id='line_1_22' title="bbox 177 2363 3463 2440; baseline 0.002 -22"><span class='ocrx_word' id='word_1_293' title='bbox 177 2366 451 2418; x_wconf 88' lang='lat' dir='ltr'><strong>Sinaitam</strong></span> <span class='ocrx_word' id='word_1_294' title='bbox 505 2380 569 2417; x_wconf 87' lang='lat' dir='ltr'><strong>ex</strong></span> <span class='ocrx_word' id='word_1_295' title='bbox 604 2364 927 2418; x_wconf 85' lang='lat' dir='ltr'><strong>bibliotheca</strong></span> <span class='ocrx_word' id='word_1_296' title='bbox 969 2363 1288 2433; x_wconf 85' lang='lat' dir='ltr'><strong>Noesseltii,</strong></span> <span class='ocrx_word' id='word_1_297' title='bbox 1319 2368 1513 2420; x_wconf 77' lang='lat' dir='ltr'><strong>summi</strong></span> <span class='ocrx_word' id='word_1_298' title='bbox 1546 2368 1678 2433; x_wconf 79' lang='lat' dir='ltr'><strong>riri,</strong></span> <span class='ocrx_word' id='word_1_299' title='bbox 1724 2368 1934 2436; x_wconf 89' lang='lat' dir='ltr'><strong>accepit</strong></span> <span class='ocrx_word' id='word_1_300' title='bbox 1978 2378 2032 2422; x_wconf 91' lang='lat' dir='ltr'><strong>et</strong></span> <span class='ocrx_word' id='word_1_301' title='bbox 2076 2369 2126 2421; x_wconf 91' lang='lat' dir='ltr'><strong>in</strong></span> <span class='ocrx_word' id='word_1_302' title='bbox 2169 2386 2322 2422; x_wconf 87' lang='lat' dir='ltr'><strong>usum</strong></span> <span class='ocrx_word' id='word_1_303' title='bbox 2363 2386 2538 2424; x_wconf 85' lang='lat' dir='ltr'><strong>meum</strong></span> <span class='ocrx_word' id='word_1_304' title='bbox 2587 2371 2718 2424; x_wconf 90' lang='lat' dir='ltr'><strong>duas</strong></span> <span class='ocrx_word' id='word_1_305' title='bbox 2762 2373 3089 2440; x_wconf 64' lang='lat' dir='ltr'><strong>quaestiones</strong></span> <span class='ocrx_word' id='word_1_306' title='bbox 3129 2373 3463 2426; x_wconf 81' lang='lat' dir='ltr'><strong>examinavit</strong></span> 
     </span>
    </p>
   </div>
   <div class='ocr_carea' id='block_1_23' title="bbox 173 2455 3457 2528">
    <p class='ocr_par' dir='ltr' id='par_1_23' title="bbox 173 2455 3457 2528">
     <span class='ocr_line' id='line_1_23' title="bbox 173 2455 3457 2528; baseline 0.002 -18"><span class='ocrx_word' id='word_1_307' title='bbox 173 2455 481 2528; x_wconf 83' lang='lat' dir='ltr'><strong>Gregorius</strong></span> <span class='ocrx_word' id='word_1_308' title='bbox 510 2455 748 2510; x_wconf 90' lang='lat' dir='ltr'><strong>Gottlieb</strong></span> <span class='ocrx_word' id='word_1_309' title='bbox 779 2455 1208 2524; x_wconf 85' lang='lat' dir='ltr'><strong>Wernsdorlius,</strong></span> <span class='ocrx_word' id='word_1_310' title='bbox 1237 2460 1315 2512; x_wconf 83' lang='lat' dir='ltr'><strong>vir</strong></span> <span class='ocrx_word' id='word_1_311' title='bbox 1339 2460 1755 2525; x_wconf 75' lang='lat' dir='ltr'><strong>eruditissimus,</strong></span> <span class='ocrx_word' id='word_1_312' title='bbox 1783 2461 1873 2528; x_wconf 92' lang='lat' dir='ltr'><strong>qui</strong></span> <span class='ocrx_word' id='word_1_313' title='bbox 1901 2476 2041 2516; x_wconf 92' lang='lat' dir='ltr'><strong>nunc</strong></span> <span class='ocrx_word' id='word_1_314' title='bbox 2071 2460 2216 2515; x_wconf 70' lang='lat' dir='ltr'><strong>fiala:</strong></span> <span class='ocrx_word' id='word_1_315' title='bbox 2240 2473 2630 2518; x_wconf 89' lang='lat' dir='ltr'><strong>commoratur.</strong></span> <span class='ocrx_word' id='word_1_316' title='bbox 2663 2465 2768 2518; x_wconf 81' lang='lat' dir='ltr'><strong>Sed</strong></span> <span class='ocrx_word' id='word_1_317' title='bbox 2791 2461 3005 2518; x_wconf 91' lang='lat' dir='ltr'><strong>Juliano</strong></span> <span class='ocrx_word' id='word_1_318' title='bbox 3036 2465 3303 2528; x_wconf 88' lang='lat' dir='ltr'><strong>Pomerio,</strong></span> <span class='ocrx_word' id='word_1_319' title='bbox 3339 2465 3457 2517; x_wconf 89' lang='lat' dir='ltr'><strong>Elia</strong></span> 
     </span>
    </p>
   </div>
   <div class='ocr_carea' id='block_1_24' title="bbox 174 2549 3454 2642">
    <p class='ocr_par' dir='ltr' id='par_1_24' title="bbox 174 2549 3454 2642">
     <span class='ocr_line' id='line_1_24' title="bbox 174 2549 3454 2642; baseline 0.001 -37"><span class='ocrx_word' id='word_1_320' title='bbox 174 2552 454 2614; x_wconf 78' lang='lat' dir='ltr'><strong>Cretensi,</strong></span> <span class='ocrx_word' id='word_1_321' title='bbox 486 2551 698 2606; x_wconf 84' lang='lat' dir='ltr'><strong>Meletio</strong></span> <span class='ocrx_word' id='word_1_322' title='bbox 723 2549 986 2605; x_wconf 87' lang='lat' dir='ltr'><strong>Monacho</strong></span> <span class='ocrx_word' id='word_1_323' title='bbox 1009 2559 1061 2605; x_wconf 90' lang='lat' dir='ltr'><strong>et</strong></span> <span class='ocrx_word' id='word_1_324' title='bbox 1087 2549 1296 2610; x_wconf 85' lang='lat' dir='ltr'><strong>Joanne</strong></span> <span class='ocrx_word' id='word_1_325' title='bbox 1319 2551 1638 2620; x_wconf 89' lang='lat' dir='ltr'><strong>Philopono,</strong></span> <span class='ocrx_word' id='word_1_326' title='bbox 1666 2554 1755 2621; x_wconf 93' lang='lat' dir='ltr'><strong>qui</strong></span> <span class='ocrx_word' id='word_1_327' title='bbox 1791 2555 1842 2606; x_wconf 93' lang='lat' dir='ltr'><strong>in</strong></span> <span class='ocrx_word' id='word_1_328' title='bbox 1883 2555 2154 2608; x_wconf 90' lang='lat' dir='ltr'><strong>nonnullis</strong></span> <span class='ocrx_word' id='word_1_329' title='bbox 2181 2554 2315 2609; x_wconf 89' lang='lat' dir='ltr'><strong>locis</strong></span> <span class='ocrx_word' id='word_1_330' title='bbox 2338 2555 2582 2609; x_wconf 88' lang='lat' dir='ltr'><strong>adhiberi</strong></span> <span class='ocrx_word' id='word_1_331' title='bbox 2608 2557 2924 2622; x_wconf 88' lang='lat' dir='ltr'><strong>potuissent,</strong></span> <span class='ocrx_word' id='word_1_332' title='bbox 2953 2557 3040 2610; x_wconf 94' lang='lat' dir='ltr'><strong>hic</strong></span> <span class='ocrx_word' id='word_1_333' title='bbox 3071 2556 3454 2642; x_wconf 53' lang='lat' dir='ltr'><strong>Vitrmbergze’</strong></span> 
     </span>
    </p>
   </div>
   <div class='ocr_carea' id='block_1_25' title="bbox 179 2640 3451 2724">
    <p class='ocr_par' dir='ltr' id='par_1_25' title="bbox 179 2640 3451 2724">
     <span class='ocr_line' id='line_1_25' title="bbox 179 2640 3451 2724; baseline 0.002 -27"><span class='ocrx_word' id='word_1_334' title='bbox 179 2655 234 2698; x_wconf 89' lang='lat' dir='ltr'><strong>ut</strong></span> <span class='ocrx_word' id='word_1_335' title='bbox 267 2643 537 2698; x_wconf 89' lang='lat' dir='ltr'><strong>credibile</strong></span> <span class='ocrx_word' id='word_1_336' title='bbox 570 2652 671 2708; x_wconf 88' lang='lat' dir='ltr'><strong>est,</strong></span> <span class='ocrx_word' id='word_1_337' title='bbox 699 2656 928 2711; x_wconf 88' lang='lat' dir='ltr'><strong>prorsus</strong></span> <span class='ocrx_word' id='word_1_338' title='bbox 962 2644 1131 2696; x_wconf 87' lang='lat' dir='ltr'><strong>carui.</strong></span> <span class='ocrx_word' id='word_1_339' title='bbox 1159 2640 1548 2698; x_wconf 81' lang='lat' dir='ltr'><strong>Verumtamen</strong></span> <span class='ocrx_word' id='word_1_340' title='bbox 1586 2658 1685 2698; x_wconf 89' lang='lat' dir='ltr'><strong>nec</strong></span> <span class='ocrx_word' id='word_1_341' title='bbox 1715 2642 2015 2712; x_wconf 88' lang='lat' dir='ltr'><strong>Lipsiensis</strong></span> <span class='ocrx_word' id='word_1_342' title='bbox 2044 2645 2366 2724; x_wconf 79' lang='lat' dir='ltr'><strong>bibliotheca</strong></span> <span class='ocrx_word' id='word_1_343' title='bbox 2394 2647 2703 2701; x_wconf 87' lang='lat' dir='ltr'><strong>academica</strong></span> <span class='ocrx_word' id='word_1_344' title='bbox 2727 2661 2882 2715; x_wconf 83' lang='lat' dir='ltr'><strong>apem</strong></span> <span class='ocrx_word' id='word_1_345' title='bbox 2915 2649 3044 2701; x_wconf 89' lang='lat' dir='ltr'><strong>mihi</strong></span> <span class='ocrx_word' id='word_1_346' title='bbox 3077 2648 3220 2703; x_wconf 86' lang='lat' dir='ltr'><strong>ferre</strong></span> <span class='ocrx_word' id='word_1_347' title='bbox 3255 2640 3451 2718; x_wconf 78' lang='lat' dir='ltr'><strong>potuit.</strong></span> 
     </span>
    </p>
   </div>
   <div class='ocr_carea' id='block_1_26' title="bbox 178 2734 3447 2809">
    <p class='ocr_par' dir='ltr' id='par_1_26' title="bbox 178 2734 3447 2809">
     <span class='ocr_line' id='line_1_26' title="bbox 178 2734 3447 2809; baseline 0.001 -21"><span class='ocrx_word' id='word_1_348' title='bbox 178 2739 338 2791; x_wconf 79' lang='lat' dir='ltr'><strong>Viros</strong></span> <span class='ocrx_word' id='word_1_349' title='bbox 369 2739 565 2791; x_wconf 88' lang='lat' dir='ltr'><strong>doctos</strong></span> <span class='ocrx_word' id='word_1_350' title='bbox 592 2750 742 2805; x_wconf 83' lang='lat' dir='ltr'><strong>ergo,</strong></span> <span class='ocrx_word' id='word_1_351' title='bbox 785 2734 876 2803; x_wconf 92' lang='lat' dir='ltr'><strong>qui</strong></span> <span class='ocrx_word' id='word_1_352' title='bbox 904 2735 1298 2804; x_wconf 86' lang='lat' dir='ltr'><strong>copiosioribus</strong></span> <span class='ocrx_word' id='word_1_353' title='bbox 1328 2735 1670 2790; x_wconf 87' lang='lat' dir='ltr'><strong>bibliothecis</strong></span> <span class='ocrx_word' id='word_1_354' title='bbox 1701 2737 1950 2790; x_wconf 89' lang='lat' dir='ltr'><strong>instructi</strong></span> <span class='ocrx_word' id='word_1_355' title='bbox 1980 2737 2108 2791; x_wconf 91' lang='lat' dir='ltr'><strong>mihi</strong></span> <span class='ocrx_word' id='word_1_356' title='bbox 2158 2738 2293 2791; x_wconf 88' lang='lat' dir='ltr'><strong>bene</strong></span> <span class='ocrx_word' id='word_1_357' title='bbox 2325 2739 2547 2808; x_wconf 88' lang='lat' dir='ltr'><strong>cupiunt</strong></span> <span class='ocrx_word' id='word_1_358' title='bbox 2594 2748 2644 2792; x_wconf 92' lang='lat' dir='ltr'><strong>et</strong></span> <span class='ocrx_word' id='word_1_359' title='bbox 2683 2739 2748 2792; x_wconf 88' lang='lat' dir='ltr'><strong>de</strong></span> <span class='ocrx_word' id='word_1_360' title='bbox 2785 2740 2883 2792; x_wconf 91' lang='lat' dir='ltr'><strong>hac</strong></span> <span class='ocrx_word' id='word_1_361' title='bbox 2917 2739 3152 2794; x_wconf 86' lang='lat' dir='ltr'><strong>editione</strong></span> <span class='ocrx_word' id='word_1_362' title='bbox 3199 2756 3314 2793; x_wconf 86' lang='lat' dir='ltr'><strong>mea</strong></span> <span class='ocrx_word' id='word_1_363' title='bbox 3350 2757 3447 2809; x_wconf 88' lang='lat' dir='ltr'><strong>pa-</strong></span> 
     </span>
    </p>
   </div>
   <div class='ocr_carea' id='block_1_27' title="bbox 175 2827 3447 2900">
    <p class='ocr_par' dir='ltr' id='par_1_27' title="bbox 175 2827 3447 2900">
     <span class='ocr_line' id='line_1_27' title="bbox 175 2827 3447 2900; baseline 0.001 -15"><span class='ocrx_word' id='word_1_364' title='bbox 175 2835 280 2885; x_wconf 83' lang='lat' dir='ltr'><strong>lam</strong></span> <span class='ocrx_word' id='word_1_365' title='bbox 306 2830 579 2897; x_wconf 80' lang='lat' dir='ltr'><strong>judicium</strong></span> <span class='ocrx_word' id='word_1_366' title='bbox 613 2828 777 2882; x_wconf 91' lang='lat' dir='ltr'><strong>laturi</strong></span> <span class='ocrx_word' id='word_1_367' title='bbox 814 2839 958 2893; x_wconf 89' lang='lat' dir='ltr'><strong>sunt,</strong></span> <span class='ocrx_word' id='word_1_368' title='bbox 997 2827 1390 2882; x_wconf 88' lang='lat' dir='ltr'><strong>humanissime</strong></span> <span class='ocrx_word' id='word_1_369' title='bbox 1438 2841 1588 2896; x_wconf 87' lang='lat' dir='ltr'><strong>rogo,</strong></span> <span class='ocrx_word' id='word_1_370' title='bbox 1625 2837 1682 2881; x_wconf 95' lang='lat' dir='ltr'><strong>ut</strong></span> <span class='ocrx_word' id='word_1_371' title='bbox 1713 2827 1902 2881; x_wconf 87' lang='lat' dir='ltr'><strong>saltem</strong></span> <span class='ocrx_word' id='word_1_372' title='bbox 1936 2827 2161 2884; x_wconf 86' lang='lat' dir='ltr'><strong>Joannis</strong></span> <span class='ocrx_word' id='word_1_373' title='bbox 2194 2829 2477 2900; x_wconf 81' lang='lat' dir='ltr'><strong>Philoponi</strong></span> <span class='ocrx_word' id='word_1_374' title='bbox 2518 2830 2984 2885; x_wconf 88' lang='lat' dir='ltr'><strong>Commentarium</strong></span> <span class='ocrx_word' id='word_1_375' title='bbox 3027 2833 3080 2884; x_wconf 89' lang='lat' dir='ltr'><strong>in</strong></span> <span class='ocrx_word' id='word_1_376' title='bbox 3133 2841 3240 2886; x_wconf 87' lang='lat' dir='ltr'><strong>tres</strong></span> <span class='ocrx_word' id='word_1_377' title='bbox 3282 2833 3447 2888; x_wconf 85' lang='lat' dir='ltr'><strong>libros</strong></span> 
     </span>
    </p>
   </div>
   <div class='ocr_carea' id='block_1_28' title="bbox 173 2917 3455 2992">
    <p class='ocr_par' dir='ltr' id='par_1_28' title="bbox 173 2917 3455 2992">
     <span class='ocr_line' id='line_1_28' title="bbox 173 2917 3455 2992; baseline 0 -16"><span class='ocrx_word' id='word_1_378' title='bbox 173 2922 493 2976; x_wconf 75' lang='lat' dir='ltr'><strong>Aristotelis</strong></span> <span class='ocrx_word' id='word_1_379' title='bbox 535 2921 611 2975; x_wconf 86' lang='lat' dir='ltr'><strong>De</strong></span> <span class='ocrx_word' id='word_1_380' title='bbox 660 2921 840 2972; x_wconf 77' lang='lat' dir='ltr'><strong>animo</strong></span> <span class='ocrx_word' id='word_1_381' title='bbox 881 2918 1170 2974; x_wconf 89' lang='lat' dir='ltr'><strong>consulant</strong></span> <span class='ocrx_word' id='word_1_382' title='bbox 1195 2926 1415 2986; x_wconf 86' lang='lat' dir='ltr'><strong>propter</strong></span> <span class='ocrx_word' id='word_1_383' title='bbox 1442 2917 1614 2971; x_wconf 91' lang='lat' dir='ltr'><strong>locum</strong></span> <span class='ocrx_word' id='word_1_384' title='bbox 1655 2919 1925 2972; x_wconf 86' lang='lat' dir='ltr'><strong>Ammonii</strong></span> <span class='ocrx_word' id='word_1_385' title='bbox 1953 2933 2073 2987; x_wconf 80' lang='lat' dir='ltr'><strong>pag.</strong></span> <span class='ocrx_word' id='word_1_386' title='bbox 2112 2919 2202 2982; x_wconf 73' lang='grc'><strong>41,</strong></span> <span class='ocrx_word' id='word_1_387' title='bbox 2239 2920 2368 2974; x_wconf 90' lang='lat' dir='ltr'><strong>edit.</strong></span> <span class='ocrx_word' id='word_1_388' title='bbox 2401 2919 2576 2974; x_wconf 76' lang='lat' dir='ltr'><strong>Oxon.</strong></span> <span class='ocrx_word' id='word_1_389' title='bbox 2620 2919 2796 2974; x_wconf 91' lang='lat' dir='ltr'><strong>Locus</strong></span> <span class='ocrx_word' id='word_1_390' title='bbox 2828 2921 2926 2975; x_wconf 91' lang='lat' dir='ltr'><strong>iste</strong></span> <span class='ocrx_word' id='word_1_391' title='bbox 2959 2921 3185 2976; x_wconf 78' lang='lat' dir='ltr'><strong>fortasse</strong></span> <span class='ocrx_word' id='word_1_392' title='bbox 3221 2925 3455 2992; x_wconf 88' lang='lat' dir='ltr'><strong>reperie-</strong></span> 
     </span>
    </p>
   </div>
   <div class='ocr_carea' id='block_1_29' title="bbox 175 3006 3455 3082">
    <p class='ocr_par' dir='ltr' id='par_1_29' title="bbox 175 3006 3455 3082">
     <span class='ocr_line' id='line_1_29' title="bbox 175 3006 3455 3082; baseline 0.002 -17"><span class='ocrx_word' id='word_1_393' title='bbox 175 3025 258 3066; x_wconf 90' lang='lat' dir='ltr'><strong>tur</strong></span> <span class='ocrx_word' id='word_1_394' title='bbox 289 3015 344 3065; x_wconf 92' lang='lat' dir='ltr'><strong>in</strong></span> <span class='ocrx_word' id='word_1_395' title='bbox 379 3013 621 3066; x_wconf 87' lang='lat' dir='ltr'><strong>editione</strong></span> <span class='ocrx_word' id='word_1_396' title='bbox 656 3009 859 3064; x_wconf 84' lang='lat' dir='ltr'><strong>Veneta</strong></span> <span class='ocrx_word' id='word_1_397' title='bbox 901 3008 1027 3063; x_wconf 87' lang='lat' dir='ltr'><strong>folio</strong></span> <span class='ocrx_word' id='word_1_398' title='bbox 1059 3030 1113 3072; x_wconf 88' lang='grc' dir='ltr'><strong>ο,</strong></span> <span class='ocrx_word' id='word_1_399' title='bbox 1156 3023 1277 3077; x_wconf 88' lang='lat' dir='ltr'><strong>pag.</strong></span> <span class='ocrx_word' id='word_1_400' title='bbox 1315 3007 1402 3074; x_wconf 81' lang='lat' dir='ltr'><strong>l5,</strong></span> <span class='ocrx_word' id='word_1_401' title='bbox 1451 3016 1545 3060; x_wconf 89' lang='lat' dir='ltr'><strong>aut</strong></span> <span class='ocrx_word' id='word_1_402' title='bbox 1576 3006 1702 3061; x_wconf 78' lang='lat' dir='ltr'><strong>folio</strong></span> <span class='ocrx_word' id='word_1_403' title='bbox 1734 3025 1792 3078; x_wconf 85' lang='lat' dir='ltr'><strong>q,</strong></span> <span class='ocrx_word' id='word_1_404' title='bbox 1826 3023 1950 3079; x_wconf 86' lang='lat' dir='ltr'><strong>pag.</strong></span> <span class='ocrx_word' id='word_1_405' title='bbox 1986 3009 2041 3063; x_wconf 82' lang='lat'><strong>5.</strong></span> <span class='ocrx_word' id='word_1_406' title='bbox 2084 3010 2193 3064; x_wconf 90' lang='lat' dir='ltr'><strong>lloc</strong></span> <span class='ocrx_word' id='word_1_407' title='bbox 2230 3027 2393 3064; x_wconf 89' lang='lat' dir='ltr'><strong>unum</strong></span> <span class='ocrx_word' id='word_1_408' title='bbox 2423 3023 2684 3081; x_wconf 58' lang='lat' dir='ltr'><strong>praeterea</strong></span> <span class='ocrx_word' id='word_1_409' title='bbox 2715 3013 2877 3076; x_wconf 86' lang='lat' dir='ltr'><strong>addo,</strong></span> <span class='ocrx_word' id='word_1_410' title='bbox 2906 3015 3047 3082; x_wconf 88' lang='lat' dir='ltr'><strong>quod</strong></span> <span class='ocrx_word' id='word_1_411' title='bbox 3085 3023 3262 3068; x_wconf 84' lang='lat' dir='ltr'><strong>tamen</strong></span> <span class='ocrx_word' id='word_1_412' title='bbox 3298 3033 3455 3072; x_wconf 92' lang='lat' dir='ltr'><strong>nemo</strong></span> 
     </span>
    </p>
   </div>
   <div class='ocr_carea' id='block_1_30' title="bbox 181 3100 3457 3177">
    <p class='ocr_par' dir='ltr' id='par_1_30' title="bbox 181 3100 3457 3177">
     <span class='ocr_line' id='line_1_30' title="bbox 181 3100 3457 3177; baseline 0.002 -21"><span class='ocrx_word' id='word_1_413' title='bbox 181 3107 251 3156; x_wconf 90' lang='lat' dir='ltr'><strong>ita</strong></span> <span class='ocrx_word' id='word_1_414' title='bbox 283 3104 498 3158; x_wconf 89' lang='lat' dir='ltr'><strong>dictum</strong></span> <span class='ocrx_word' id='word_1_415' title='bbox 533 3112 707 3169; x_wconf 89' lang='lat' dir='ltr'><strong>putet,</strong></span> <span class='ocrx_word' id='word_1_416' title='bbox 743 3111 803 3155; x_wconf 92' lang='lat' dir='ltr'><strong>ut</strong></span> <span class='ocrx_word' id='word_1_417' title='bbox 840 3110 931 3154; x_wconf 88' lang='lat' dir='ltr'><strong>aut</strong></span> <span class='ocrx_word' id='word_1_418' title='bbox 967 3101 1097 3154; x_wconf 90' lang='lat' dir='ltr'><strong>mihi</strong></span> <span class='ocrx_word' id='word_1_419' title='bbox 1137 3100 1335 3168; x_wconf 90' lang='lat' dir='ltr'><strong>aliquid</strong></span> <span class='ocrx_word' id='word_1_420' title='bbox 1387 3101 1733 3155; x_wconf 89' lang='lat' dir='ltr'><strong>ambitiosius</strong></span> <span class='ocrx_word' id='word_1_421' title='bbox 1774 3117 2110 3172; x_wconf 78' lang='lat' dir='ltr'><strong>arrogarcm,</strong></span> <span class='ocrx_word' id='word_1_422' title='bbox 2146 3113 2237 3158; x_wconf 91' lang='lat' dir='ltr'><strong>aut</strong></span> <span class='ocrx_word' id='word_1_423' title='bbox 2271 3103 2520 3159; x_wconf 85' lang='lat' dir='ltr'><strong>Nemesio</strong></span> <span class='ocrx_word' id='word_1_424' title='bbox 2549 3115 2754 3169; x_wconf 84' lang='lat' dir='ltr'><strong>temere</strong></span> <span class='ocrx_word' id='word_1_425' title='bbox 2780 3107 3135 3174; x_wconf 81' lang='lat' dir='ltr'><strong>gratilicarer.</strong></span> <span class='ocrx_word' id='word_1_426' title='bbox 3178 3107 3300 3177; x_wconf 69' lang='lat' dir='ltr'><strong>Legi</strong></span> <span class='ocrx_word' id='word_1_427' title='bbox 3338 3111 3457 3177; x_wconf 88' lang='lat' dir='ltr'><strong>phi-</strong></span> 
     </span>
    </p>
   </div>
   <div class='ocr_carea' id='block_1_31' title="bbox 172 3195 3456 3273">
    <p class='ocr_par' dir='ltr' id='par_1_31' title="bbox 172 3195 3456 3273">
     <span class='ocr_line' id='line_1_31' title="bbox 172 3195 3456 3273; baseline 0.002 -20"><span class='ocrx_word' id='word_1_428' title='bbox 172 3201 523 3268; x_wconf 77' lang='lat' dir='ltr'><strong>losophorum</strong></span> <span class='ocrx_word' id='word_1_429' title='bbox 555 3197 867 3253; x_wconf 63' lang='lat' dir='ltr'><strong>Graecorum</strong></span> <span class='ocrx_word' id='word_1_430' title='bbox 904 3195 1104 3251; x_wconf 88' lang='lat' dir='ltr'><strong>multas</strong></span> <span class='ocrx_word' id='word_1_431' title='bbox 1147 3196 1212 3250; x_wconf 90' lang='lat' dir='ltr'><strong>de</strong></span> <span class='ocrx_word' id='word_1_432' title='bbox 1244 3195 1330 3250; x_wconf 91' lang='lat' dir='ltr'><strong>his</strong></span> <span class='ocrx_word' id='word_1_433' title='bbox 1372 3195 1502 3266; x_wconf 91' lang='lat' dir='ltr'><strong>ipsis</strong></span> <span class='ocrx_word' id='word_1_434' title='bbox 1534 3197 1694 3250; x_wconf 92' lang='lat' dir='ltr'><strong>rebus</strong></span> <span class='ocrx_word' id='word_1_435' title='bbox 1739 3206 1845 3250; x_wconf 91' lang='lat' dir='ltr'><strong>tam</strong></span> <span class='ocrx_word' id='word_1_436' title='bbox 1895 3213 2082 3262; x_wconf 84' lang='lat' dir='ltr'><strong>veras,</strong></span> <span class='ocrx_word' id='word_1_437' title='bbox 2110 3215 2269 3268; x_wconf 90' lang='lat' dir='ltr'><strong>quam</strong></span> <span class='ocrx_word' id='word_1_438' title='bbox 2310 3201 2584 3255; x_wconf 82' lang='lat' dir='ltr'><strong>mirabiles</strong></span> <span class='ocrx_word' id='word_1_439' title='bbox 2624 3203 2956 3265; x_wconf 87' lang='lat' dir='ltr'><strong>sententias,</strong></span> <span class='ocrx_word' id='word_1_440' title='bbox 2992 3203 3115 3256; x_wconf 87' lang='lat' dir='ltr'><strong>item</strong></span> <span class='ocrx_word' id='word_1_441' title='bbox 3165 3207 3456 3273; x_wconf 84' lang='lat' dir='ltr'><strong>scriptorcs</strong></span> 
     </span>
    </p>
   </div>
   <div class='ocr_carea' id='block_1_32' title="bbox 170 3288 3452 3364">
    <p class='ocr_par' dir='ltr' id='par_1_32' title="bbox 170 3288 3452 3364">
     <span class='ocr_line' id='line_1_32' title="bbox 170 3288 3452 3364; baseline 0.001 -17"><span class='ocrx_word' id='word_1_442' title='bbox 170 3292 582 3347; x_wconf 80' lang='lat' dir='ltr'><strong>ecclesiasticos</strong></span> <span class='ocrx_word' id='word_1_443' title='bbox 611 3290 830 3345; x_wconf 73' lang='lat' dir='ltr'><strong>Graecos</strong></span> <span class='ocrx_word' id='word_1_444' title='bbox 860 3289 996 3344; x_wconf 85' lang='lat' dir='ltr'><strong>bene</strong></span> <span class='ocrx_word' id='word_1_445' title='bbox 1028 3288 1246 3352; x_wconf 89' lang='lat' dir='ltr'><strong>multos,</strong></span> <span class='ocrx_word' id='word_1_446' title='bbox 1284 3291 1334 3342; x_wconf 90' lang='lat' dir='ltr'><strong>in</strong></span> <span class='ocrx_word' id='word_1_447' title='bbox 1372 3289 1454 3343; x_wconf 92' lang='lat' dir='ltr'><strong>his</strong></span> <span class='ocrx_word' id='word_1_448' title='bbox 1485 3288 1742 3343; x_wconf 83' lang='lat' dir='ltr'><strong>Basilium</strong></span> <span class='ocrx_word' id='word_1_449' title='bbox 1774 3289 1866 3354; x_wconf 86' lang='lat' dir='ltr'><strong>M.,</strong></span> <span class='ocrx_word' id='word_1_450' title='bbox 1901 3291 2223 3360; x_wconf 82' lang='lat' dir='ltr'><strong>Gregorium</strong></span> <span class='ocrx_word' id='word_1_451' title='bbox 2254 3292 2585 3363; x_wconf 74' lang='lat' dir='ltr'><strong>Nyssenum,</strong></span> <span class='ocrx_word' id='word_1_452' title='bbox 2619 3292 3066 3364; x_wconf 86' lang='lat' dir='ltr'><strong>Chrysostomum</strong></span> <span class='ocrx_word' id='word_1_453' title='bbox 3091 3335 3105 3358; x_wconf 93' lang='lat'><strong>,</strong></span> <span class='ocrx_word' id='word_1_454' title='bbox 3135 3296 3452 3352; x_wconf 87' lang='lat' dir='ltr'><strong>Theodore-</strong></span> 
     </span>
    </p>
   </div>
   <div class='ocr_carea' id='block_1_33' title="bbox 169 3383 3448 3457">
    <p class='ocr_par' dir='ltr' id='par_1_33' title="bbox 169 3383 3448 3457">
     <span class='ocr_line' id='line_1_33' title="bbox 169 3383 3448 3457; baseline 0.001 -17"><span class='ocrx_word' id='word_1_455' title='bbox 169 3398 305 3452; x_wconf 88' lang='lat' dir='ltr'><strong>tum,</strong></span> <span class='ocrx_word' id='word_1_456' title='bbox 351 3401 516 3455; x_wconf 88' lang='lat' dir='ltr'><strong>atque</strong></span> <span class='ocrx_word' id='word_1_457' title='bbox 551 3386 839 3454; x_wconf 84' lang='lat' dir='ltr'><strong>Origenem</strong></span> <span class='ocrx_word' id='word_1_458' title='bbox 872 3385 1070 3447; x_wconf 89' lang='lat' dir='ltr'><strong>etiam,</strong></span> <span class='ocrx_word' id='word_1_459' title='bbox 1108 3384 1198 3454; x_wconf 85' lang='lat' dir='ltr'><strong>qui</strong></span> <span class='ocrx_word' id='word_1_460' title='bbox 1249 3383 1558 3452; x_wconf 82' lang='lat' dir='ltr'><strong>singulatim</strong></span> <span class='ocrx_word' id='word_1_461' title='bbox 1597 3385 1786 3438; x_wconf 84' lang='lat' dir='ltr'><strong>eadem</strong></span> <span class='ocrx_word' id='word_1_462' title='bbox 1823 3398 2140 3453; x_wconf 77' lang='lat' dir='ltr'><strong>argumenta</strong></span> <span class='ocrx_word' id='word_1_463' title='bbox 2186 3398 2375 3440; x_wconf 88' lang='lat' dir='ltr'><strong>ornate</strong></span> <span class='ocrx_word' id='word_1_464' title='bbox 2416 3389 2740 3457; x_wconf 82' lang='lat' dir='ltr'><strong>copioseque</strong></span> <span class='ocrx_word' id='word_1_465' title='bbox 2774 3398 3159 3456; x_wconf 82' lang='lat' dir='ltr'><strong>exposuerunt.</strong></span> <span class='ocrx_word' id='word_1_466' title='bbox 3204 3389 3309 3443; x_wconf 87' lang='lat' dir='ltr'><strong>Sed</strong></span> <span class='ocrx_word' id='word_1_467' title='bbox 3347 3392 3448 3444; x_wconf 86' lang='lat' dir='ltr'><strong>ista</strong></span> 
     </span>
    </p>
   </div>
   <div class='ocr_carea' id='block_1_34' title="bbox 165 3477 3453 3547">
    <p class='ocr_par' dir='ltr' id='par_1_34' title="bbox 165 3477 3453 3547">
     <span class='ocr_line' id='line_1_34' title="bbox 165 3477 3453 3547; baseline 0 -13"><span class='ocrx_word' id='word_1_468' title='bbox 165 3479 402 3547; x_wconf 75' lang='lat' dir='ltr'><strong>iunctim</strong></span> <span class='ocrx_word' id='word_1_469' title='bbox 440 3480 644 3542; x_wconf 90' lang='lat' dir='ltr'><strong>omnia,</strong></span> <span class='ocrx_word' id='word_1_470' title='bbox 673 3479 961 3532; x_wconf 86' lang='lat' dir='ltr'><strong>nmltorum</strong></span> <span class='ocrx_word' id='word_1_471' title='bbox 989 3479 1356 3547; x_wconf 90' lang='lat' dir='ltr'><strong>antiquiorum</strong></span> <span class='ocrx_word' id='word_1_472' title='bbox 1394 3477 1642 3531; x_wconf 86' lang='lat' dir='ltr'><strong>refutatis</strong></span> <span class='ocrx_word' id='word_1_473' title='bbox 1677 3480 1974 3542; x_wconf 89' lang='lat' dir='ltr'><strong>erroribus,</strong></span> <span class='ocrx_word' id='word_1_474' title='bbox 2010 3496 2116 3534; x_wconf 89' lang='lat' dir='ltr'><strong>uno</strong></span> <span class='ocrx_word' id='word_1_475' title='bbox 2154 3480 2253 3534; x_wconf 91' lang='lat' dir='ltr'><strong>hoc</strong></span> <span class='ocrx_word' id='word_1_476' title='bbox 2289 3480 2466 3534; x_wconf 90' lang='lat' dir='ltr'><strong>libello</strong></span> <span class='ocrx_word' id='word_1_477' title='bbox 2493 3481 2730 3545; x_wconf 90' lang='lat' dir='ltr'><strong>brevius,</strong></span> <span class='ocrx_word' id='word_1_478' title='bbox 2767 3483 3073 3535; x_wconf 86' lang='lat' dir='ltr'><strong>accuratius</strong></span> <span class='ocrx_word' id='word_1_479' title='bbox 3109 3491 3161 3535; x_wconf 91' lang='lat' dir='ltr'><strong>et</strong></span> <span class='ocrx_word' id='word_1_480' title='bbox 3200 3481 3453 3537; x_wconf 78' lang='lat' dir='ltr'><strong>subtilius</strong></span> 
     </span>
    </p>
   </div>
   <div class='ocr_carea' id='block_1_35' title="bbox 172 3565 3452 3644">
    <p class='ocr_par' dir='ltr' id='par_1_35' title="bbox 172 3565 3452 3644">
     <span class='ocr_line' id='line_1_35' title="bbox 172 3565 3452 3644; baseline 0.001 -17"><span class='ocrx_word' id='word_1_481' title='bbox 172 3589 200 3627; x_wconf 78' lang='grc' dir='ltr'>τι</span> <span class='ocrx_word' id='word_1_482' title='bbox 236 3573 495 3628; x_wconf 83' lang='lat' dir='ltr'><strong>Nemesio</strong></span> <span class='ocrx_word' id='word_1_483' title='bbox 522 3574 790 3640; x_wconf 80' lang='lat' dir='ltr'><strong>explicata</strong></span> <span class='ocrx_word' id='word_1_484' title='bbox 828 3583 974 3626; x_wconf 88' lang='lat' dir='ltr'><strong>sunt.</strong></span> <span class='ocrx_word' id='word_1_485' title='bbox 1006 3573 1134 3639; x_wconf 84' lang='lat' dir='ltr'><strong>Quae</strong></span> <span class='ocrx_word' id='word_1_486' title='bbox 1174 3587 1298 3627; x_wconf 89' lang='lat' dir='ltr'><strong>vero</strong></span> <span class='ocrx_word' id='word_1_487' title='bbox 1335 3588 1398 3626; x_wconf 90' lang='lat' dir='ltr'><strong>ea</strong></span> <span class='ocrx_word' id='word_1_488' title='bbox 1429 3573 1599 3626; x_wconf 87' lang='lat' dir='ltr'><strong>sunt?</strong></span> <span class='ocrx_word' id='word_1_489' title='bbox 1632 3574 1851 3628; x_wconf 87' lang='lat' dir='ltr'><strong>Scilicet</strong></span> <span class='ocrx_word' id='word_1_490' title='bbox 1895 3590 1954 3627; x_wconf 84' lang='lat' dir='ltr'><strong>ea</strong></span> <span class='ocrx_word' id='word_1_491' title='bbox 1979 3615 1993 3639; x_wconf 97' lang='lat'><strong>,</strong></span> <span class='ocrx_word' id='word_1_492' title='bbox 2037 3591 2156 3644; x_wconf 70' lang='lat' dir='ltr'><strong>qua:</strong></span> <span class='ocrx_word' id='word_1_493' title='bbox 2205 3577 2448 3640; x_wconf 91' lang='lat' dir='ltr'><strong>homini,</strong></span> <span class='ocrx_word' id='word_1_494' title='bbox 2492 3585 2547 3629; x_wconf 90' lang='lat' dir='ltr'><strong>ut</strong></span> <span class='ocrx_word' id='word_1_495' title='bbox 2595 3577 2833 3640; x_wconf 83' lang='lat' dir='ltr'><strong>homini,</strong></span> <span class='ocrx_word' id='word_1_496' title='bbox 2870 3576 3007 3630; x_wconf 83' lang='lat' dir='ltr'><strong>scitu</strong></span> <span class='ocrx_word' id='word_1_497' title='bbox 3051 3565 3175 3630; x_wconf 86' lang='lat' dir='ltr'><strong>sunt</strong></span> <span class='ocrx_word' id='word_1_498' title='bbox 3220 3579 3452 3631; x_wconf 86' lang='lat' dir='ltr'><strong>maxime</strong></span> 
     </span>
    </p>
   </div>
   <div class='ocr_carea' id='block_1_36' title="bbox 170 3660 3452 3740">
    <p class='ocr_par' dir='ltr' id='par_1_36' title="bbox 170 3660 3452 3740">
     <span class='ocr_line' id='line_1_36' title="bbox 170 3660 3452 3740; baseline 0.002 -26"><span class='ocrx_word' id='word_1_499' title='bbox 170 3661 508 3724; x_wconf 83' lang='lat' dir='ltr'><strong>necessaria,</strong></span> <span class='ocrx_word' id='word_1_500' title='bbox 543 3676 772 3730; x_wconf 66' lang='lat' dir='ltr'><strong>quaeque</strong></span> <span class='ocrx_word' id='word_1_501' title='bbox 794 3663 859 3714; x_wconf 87' lang='lat' dir='ltr'><strong>ad</strong></span> <span class='ocrx_word' id='word_1_502' title='bbox 895 3669 1059 3723; x_wconf 85' lang='lat' dir='ltr'><strong>recte,</strong></span> <span class='ocrx_word' id='word_1_503' title='bbox 1091 3660 1394 3729; x_wconf 88' lang='lat' dir='ltr'><strong>tranquille,</strong></span> <span class='ocrx_word' id='word_1_504' title='bbox 1423 3670 1759 3724; x_wconf 86' lang='lat' dir='ltr'><strong>constanter,</strong></span> <span class='ocrx_word' id='word_1_505' title='bbox 1782 3665 2053 3731; x_wconf 85' lang='lat' dir='ltr'><strong>sapienter</strong></span> <span class='ocrx_word' id='word_1_506' title='bbox 2083 3664 2344 3734; x_wconf 87' lang='lat' dir='ltr'><strong>beateque</strong></span> <span class='ocrx_word' id='word_1_507' title='bbox 2367 3667 2650 3720; x_wconf 80' lang='lat' dir='ltr'><strong>vivendum</strong></span> <span class='ocrx_word' id='word_1_508' title='bbox 2688 3667 3012 3737; x_wconf 90' lang='lat' dir='ltr'><strong>permultum</strong></span> <span class='ocrx_word' id='word_1_509' title='bbox 3043 3669 3238 3721; x_wconf 89' lang='lat' dir='ltr'><strong>valent.</strong></span> <span class='ocrx_word' id='word_1_510' title='bbox 3265 3668 3452 3740; x_wconf 86' lang='lat' dir='ltr'><strong>Neque</strong></span> 
     </span>
    </p>
   </div>
   <div class='ocr_carea' id='block_1_37' title="bbox 168 3749 3448 3825">
    <p class='ocr_par' dir='ltr' id='par_1_37' title="bbox 168 3749 3448 3825">
     <span class='ocr_line' id='line_1_37' title="bbox 168 3749 3448 3825; baseline 0.002 -17"><span class='ocrx_word' id='word_1_511' title='bbox 168 3755 312 3808; x_wconf 88' lang='lat' dir='ltr'><strong>enim</strong></span> <span class='ocrx_word' id='word_1_512' title='bbox 359 3752 549 3806; x_wconf 88' lang='lat' dir='ltr'><strong>dubito</strong></span> <span class='ocrx_word' id='word_1_513' title='bbox 582 3753 712 3820; x_wconf 87' lang='lat' dir='ltr'><strong>quin</strong></span> <span class='ocrx_word' id='word_1_514' title='bbox 748 3751 792 3804; x_wconf 90' lang='lat' dir='ltr'><strong>is</strong></span> <span class='ocrx_word' id='word_1_515' title='bbox 824 3750 916 3820; x_wconf 91' lang='lat' dir='ltr'><strong>qui</strong></span> <span class='ocrx_word' id='word_1_516' title='bbox 950 3750 1092 3804; x_wconf 89' lang='lat' dir='ltr'><strong>hunc</strong></span> <span class='ocrx_word' id='word_1_517' title='bbox 1136 3749 1377 3804; x_wconf 91' lang='lat' dir='ltr'><strong>libellum</strong></span> <span class='ocrx_word' id='word_1_518' title='bbox 1427 3752 1689 3804; x_wconf 88' lang='lat' dir='ltr'><strong>attentius</strong></span> <span class='ocrx_word' id='word_1_519' title='bbox 1725 3752 1913 3817; x_wconf 80' lang='lat' dir='ltr'><strong>legerit</strong></span> <span class='ocrx_word' id='word_1_520' title='bbox 1950 3768 2012 3807; x_wconf 91' lang='lat' dir='ltr'><strong>ac</strong></span> <span class='ocrx_word' id='word_1_521' title='bbox 2050 3756 2266 3820; x_wconf 86' lang='lat' dir='ltr'><strong>penitus</strong></span> <span class='ocrx_word' id='word_1_522' title='bbox 2303 3756 2664 3825; x_wconf 60' lang='lat' dir='ltr'><strong>intellexerit,</strong></span> <span class='ocrx_word' id='word_1_523' title='bbox 2706 3759 2929 3813; x_wconf 90' lang='lat' dir='ltr'><strong>multum</strong></span> <span class='ocrx_word' id='word_1_524' title='bbox 2962 3775 3022 3816; x_wconf 85' lang='lat' dir='ltr'><strong>se</strong></span> <span class='ocrx_word' id='word_1_525' title='bbox 3070 3762 3135 3815; x_wconf 89' lang='lat' dir='ltr'><strong>ad</strong></span> <span class='ocrx_word' id='word_1_526' title='bbox 3177 3761 3448 3816; x_wconf 86' lang='lat' dir='ltr'><strong>Christia-</strong></span> 
     </span>
    </p>
   </div>
   <div class='ocr_carea' id='block_1_38' title="bbox 173 3844 3447 3916">
    <p class='ocr_par' dir='ltr' id='par_1_38' title="bbox 173 3844 3447 3916">
     <span class='ocr_line' id='line_1_38' title="bbox 173 3844 3447 3916; baseline 0.002 -15"><span class='ocrx_word' id='word_1_527' title='bbox 173 3865 292 3901; x_wconf 90' lang='lat' dir='ltr'><strong>nam</strong></span> <span class='ocrx_word' id='word_1_528' title='bbox 321 3847 668 3916; x_wconf 86' lang='lat' dir='ltr'><strong>sapientiam,</strong></span> <span class='ocrx_word' id='word_1_529' title='bbox 705 3845 983 3909; x_wconf 90' lang='lat' dir='ltr'><strong>virtutem,</strong></span> <span class='ocrx_word' id='word_1_530' title='bbox 1027 3844 1392 3912; x_wconf 88' lang='lat' dir='ltr'><strong>pielatemqne</strong></span> <span class='ocrx_word' id='word_1_531' title='bbox 1439 3844 1732 3911; x_wconf 85' lang='lat' dir='ltr'><strong>profecisse</strong></span> <span class='ocrx_word' id='word_1_532' title='bbox 1787 3846 2128 3913; x_wconf 83' lang='lat' dir='ltr'><strong>profiteatur.</strong></span> <span class='ocrx_word' id='word_1_533' title='bbox 2159 3849 2316 3913; x_wconf 72' lang='lat' dir='ltr'><strong>Quod</strong></span> <span class='ocrx_word' id='word_1_534' title='bbox 2370 3850 2585 3916; x_wconf 72' lang='lat' dir='ltr'><strong>«pridem</strong></span> <span class='ocrx_word' id='word_1_535' title='bbox 2621 3854 2960 3910; x_wconf 87' lang='lat' dir='ltr'><strong>commodum</strong></span> <span class='ocrx_word' id='word_1_536' title='bbox 3009 3862 3065 3906; x_wconf 89' lang='lat' dir='ltr'><strong>ut</strong></span> <span class='ocrx_word' id='word_1_537' title='bbox 3100 3853 3162 3906; x_wconf 87' lang='lat' dir='ltr'><strong>ad</strong></span> <span class='ocrx_word' id='word_1_538' title='bbox 3214 3853 3447 3908; x_wconf 80' lang='lat' dir='ltr'><strong>lectores</strong></span> 
     </span>
    </p>
   </div>
   <div class='ocr_carea' id='block_1_39' title="bbox 169 3937 2452 4010">
    <p class='ocr_par' dir='ltr' id='par_1_39' title="bbox 169 3937 2452 4010">
     <span class='ocr_line' id='line_1_39' title="bbox 169 3937 2452 4010; baseline 0.001 -16"><span class='ocrx_word' id='word_1_539' title='bbox 169 3956 357 3994; x_wconf 82' lang='lat' dir='ltr'><strong>omnes</strong></span> <span class='ocrx_word' id='word_1_540' title='bbox 382 3939 669 4002; x_wconf 87' lang='lat' dir='ltr'><strong>redundet,</strong></span> <span class='ocrx_word' id='word_1_541' title='bbox 703 3953 768 3992; x_wconf 80' lang='lat' dir='ltr'><strong>ex</strong></span> <span class='ocrx_word' id='word_1_542' title='bbox 810 3941 989 3993; x_wconf 86' lang='lat' dir='ltr'><strong>animo</strong></span> <span class='ocrx_word' id='word_1_543' title='bbox 1022 3947 1168 4007; x_wconf 87' lang='lat' dir='ltr'><strong>opto.</strong></span> <span class='ocrx_word' id='word_1_544' title='bbox 1205 3937 1518 3991; x_wconf 69' lang='lat' dir='ltr'><strong>Scribebam</strong></span> <span class='ocrx_word' id='word_1_545' title='bbox 1547 3939 1911 4010; x_wconf 76' lang='lat' dir='ltr'><strong>Vitemberga:</strong></span> <span class='ocrx_word' id='word_1_546' title='bbox 1955 3942 2008 3995; x_wconf 90' lang='lat' dir='ltr'><strong>d.</strong></span> <span class='ocrx_word' id='word_1_547' title='bbox 2045 3941 2076 3995; x_wconf 92' lang='lat'>6</span> <span class='ocrx_word' id='word_1_548' title='bbox 2103 3943 2256 3996; x_wconf 72' lang='lat' dir='ltr'><strong>Mart.</strong></span> <span class='ocrx_word' id='word_1_549' title='bbox 2294 3943 2452 3998; x_wconf 83' lang='grc'><strong>1801.</strong></span> 
     </span>
    </p>
   </div>
   <div class='ocr_carea' id='block_1_40' title="bbox 235 4164 1991 4237">
    <p class='ocr_par' dir='ltr' id='par_1_40' title="bbox 235 4164 1991 4237">
     <span class='ocr_line' id='line_1_40' title="bbox 235 4164 1991 4237; baseline 0.001 -17"><span class='ocrx_word' id='word_1_550' title='bbox 235 4165 314 4236; x_wconf 78' lang='grc' dir='ltr'>(ιι)</span> <span class='ocrx_word' id='word_1_551' title='bbox 349 4164 664 4219; x_wconf 64' lang='lat' dir='ltr'><strong>Cltristliclze</strong></span> <span class='ocrx_word' id='word_1_552' title='bbox 706 4165 1247 4237; x_wconf 67' lang='lat' dir='ltr'><strong>Kirchcngeschichle.</strong></span> <span class='ocrx_word' id='word_1_553' title='bbox 1285 4168 1439 4222; x_wconf 85' lang='lat' dir='ltr'><strong>Theil</strong></span> <span class='ocrx_word' id='word_1_554' title='bbox 1470 4169 1524 4232; x_wconf 90' lang='lat'><strong>7,</strong></span> <span class='ocrx_word' id='word_1_555' title='bbox 1555 4169 1700 4224; x_wconf 83' lang='lat' dir='ltr'><strong>Scite</strong></span> <span class='ocrx_word' id='word_1_556' title='bbox 1736 4169 1991 4223; x_wconf 66' lang='lat' dir='ltr'><strong>M7-45l.</strong></span> 
     </span>
    </p>
   </div>
  </div>
