4216 6324
700 376 794 430 «μοι

1730 367 1983 423 NEMESI
1996 368 2082 425 US
2123 368 2457 427 Ei’lSCOPlE
2471 370 2508 425 S
2555 368 2946 426 EMESENL’S.

3868 364 3975 417 492

701 490 831 544 locis
864 489 1051 543 Graeca
1084 486 1329 540 oratione
1360 484 1541 540 Basilii
1583 484 1657 540 lli.
1691 486 1741 539 in
1786 483 2134 547 liea’amtero,
2160 484 2287 539 Elian
2317 493 2362 545 Α
2464 485 2629 539 Joan.
2664 495 2817 540 nutat
2859 481 3090 539 Joannis
3140 478 3464 535 Damasceni
3507 486 3709 530 tomum
3742 476 3981 544 primum

709 580 988 636 Cretensis
1012 589 1067 634 et
1095 576 1181 632 Jo.
1220 576 1564 632 Datnasceni.
1619 577 1767 631 Idem
1819 586 1969 630 notat
2003 575 2170 629 multa
2217 590 2281 628 ex

704 676 806 727 hoc
848 671 985 724 libro
1036 668 1285 724 hausisse
1314 666 1580 721 Thomam
1642 666 1965 737 Aquinatem
1989 674 2043 721 et
2093 667 2286 722 Alber-

704 776 815 817 tnnt
866 761 1137 831 Magnum.
1198 758 1438 814 Cononis
1496 759 1799 813 versionem
1834 775 1864 813 a
1919 761 2185 830 principio
2220 763 2286 814 nd

704 855 864 909 linem
905 869 1026 908 cum
1062 850 1254 907 erco
1284 853 1594 921 comparavi
1630 860 1685 905 et
1720 861 1904 906 notatu
1934 853 2090 923 digna
2120 856 2170 907 in
2197 870 2290 906 va-

704 947 799 1002 riis
821 944 1149 1002 lectionibus
1200 943 1458 1000 iudicavi.
1509 942 1690 998 Multis
1742 944 1795 997 in
1838 945 1971 1013 locis
2024 945 2154 999 mihi
2191 962 2288 1016 pro

702 1037 890 1093 codice
914 1036 1034 1104 fuit,
1066 1036 1167 1091 etsi
1206 1036 1348 1089 hand
1379 1048 1545 1106 pauca
1579 1035 1759 1104 inepte
1786 1035 2103 1090 reddiderit.

786 1148 926 1203 Vall.
970 1158 1123 1203 notat
1174 1148 1477 1204 versionem
1536 1145 1786 1202 Latinam
1831 1148 2047 1219 Georgii
2101 1148 2288 1215 Vallze,

706 1240 1030 1305 Placentini,
1065 1255 1184 1309 quae
1216 1239 1415 1310 prodiit
1470 1238 1721 1310 Lugduni
1775 1241 1915 1310 apud
1973 1242 2103 1295 Seb.
2154 1235 2293 1312 Cryl

704 1333 890 1403 phium
922 1333 1085 1399 1555,
1112 1333 1166 1386 4.
1205 1332 1248 1385 Α
1284 1330 1552 1402 principio
1585 1332 1747 1399 hujus
1782 1332 1903 1386 libri
1932 1332 2126 1403 legitur
2151 1332 2294 1387 Gau-

705 1426 875 1481 dentii
914 1424 1134 1480 Merula:
1163 1426 1415 1494 epistola,
1474 1424 1673 1493 scripta
1723 1424 2011 1479 Mediolani
2044 1439 2140 1478 vttt
2170 1424 2290 1480 Kal.

666 1563 669 1567 «
708 1518 828 1571 Maii
858 1516 1031 1583 1558,
1069 1533 1172 1587 qua
1228 1517 1373 1573 hunc
1413 1516 1653 1572 libellum
1687 1516 1958 1573 dedicavit
1992 1516 2056 1572 1).
2090 1516 2296 1572 Jucobo

707 1610 954 1680 Philippo
1004 1608 1237 1664 Saccho.
1291 1608 1347 1663 In
1372 1623 1435 1664 ea
1474 1609 1731 1675 traditur,
1794 1610 1936 1664 hunc
1987 1608 2294 1664 Nemesium

707 1701 989 1757 inventum
1030 1714 1153 1767 esse
1187 1701 1243 1755 itt
1272 1700 1597 1758 bibliotheca
1625 1698 1846 1770 Georgii
1870 1701 2108 1755 Merulae.
2142 1700 2293 1755 Valla

710 1801 825 1871 ipse
853 1799 920 1854 de
953 1813 1049 1853 sua
1104 1798 1351 1852 versione
1398 1811 1465 1851 ne
1517 1797 1743 1852 verbum
1781 1796 2001 1866 quidem
2060 1796 2296 1863 addidit,

710 1893 815 1947 nisi
854 1892 905 1944 in
932 1890 1113 1944 indice
1153 1889 1312 1943 libri:
1372 1888 1596 1959 Georgio
1640 1886 1819 1953 Vatia,
1852 1887 2185 1952 Placentino,
2212 1888 2297 1941 itt—

708 1990 950 2051 terprete.
987 1979 1134 2046 Quot
1161 1979 1333 2047 igitur
1356 1994 1422 2032 ac
1451 1978 1651 2049 quibus
1671 1978 1949 2033 codicibus
1971 1993 2098 2033 usus
2116 1977 2295 2043 fuerit,

713 2088 941 2144 prorsus
967 2071 1124 2128 latet.
1167 2071 1374 2127 Vallam
1408 2071 1573 2126 alium
1606 2070 1846 2125 codicem
1880 2069 1949 2124 ad
1981 2084 2174 2125 manus
2207 2070 2300 2124 ha-

712 2165 922 2228 buisse,
972 2179 1134 2234 quam
1170 2162 1479 2227 Cononem,
1514 2161 1601 2216 vel
1642 2176 1704 2215 ex
1743 2161 2010 2216 divisione
2039 2160 2299 2215 librorum

711 2268 767 2314 et
795 2257 1033 2327 capitum
1071 2262 1317 2326 apparet.
1350 2254 1478 2309 Fuit
1511 2262 1693 2308 autem
1732 2252 1902 2306 codex
1932 2250 2096 2306 Vallzn
2122 2261 2305 2307 nostro

713 2349 777 2401 A.
812 2348 838 2402 1
876 2347 1206 2411 simillimus,
1231 2345 1321 2414 qui
1350 2353 1433 2400 est
1466 2343 1596 2397 sane
1630 2352 1912 2410 prmstans.
1954 2341 2106 2395 Hunc.
2129 2341 2302 2409 ipsum

715 2444 897 2489 tamen
941 2433 1091 2488 nullo
1127 2434 1306 2496 modo,
1341 2441 1487 2488 certe
1522 2446 1628 2485 non
1667 2431 1865 2496 solum,
1899 2430 2075 2500 potuit
2119 2431 2305 2499 expri-

714 2541 885 2592 mere,
922 2529 1066 2597 quod
1101 2525 1268 2581 codex
1303 2526 1367 2579 Α.
1428 2524 1453 2578 1
1518 2522 1699 2579 deﬁcit
1760 2522 1813 2577 in
1860 2522 1964 2577 ﬁne
1991 2523 2184 2592 capitis
2212 2522 2303 2575 41.

716 2618 831 2674 Etsi
890 2634 1023 2674 vero
1077 2617 1412 2681 Ellchodius,
1466 2615 1689 2670 Conone
1734 2623 1789 2669 et
1847 2612 1999 2667 Valla
2038 2615 2310 2684 interpres

718 2714 839 2767 sine
898 2712 1002 2765 ulla
1052 2708 1463 2779 comparatione
1512 2706 1907 2772 excellentior,
1952 2706 2092 2759 hanc
2142 2704 2311 2760 Valltﬁ

727 2802 1031 2859 versionem
1070 2802 1267 2856 met-ito
1319 2797 1756 2869 reprehenderit,
1810 2806 1991 2852 tamen
2023 2796 2154 2851 mihi
2184 2811 2309 2851 con-

720 2896 858 2967 tigit,
895 2907 950 2952 ut
977 2895 1130 2965 plura
1164 2893 1279 2950 loca
1322 2906 1386 2948 cx
1416 2907 1479 2944 ea
1537 2892 1588 2945 iu
1626 2888 1816 2945 Grtcco
1863 2887 2159 2945 emendare
2214 2902 2310 2957 po-

721 3001 937 3044 tuertm.

795 3100 870 3155 N.
905 3110 1055 3154 notat
1081 3099 1403 3170 Gregorium
1438 3094 1766 3168 Nysscnnm,
1797 3095 1939 3150 inter
1968 3093 2122 3163 cujus
2149 3104 2311 3163 opera

2390 576 2644 638 editionis
2700 575 2961 645 Lequien.
3004 572 3374 626 Datnascenus
3418 569 3565 624 enim
3630 568 3683 621 in
3724 567 3874 622 libris
3903 566 3984 619 De

2390 668 2494 735 ﬁde
2532 667 2826 722 orthodoxa
2862 665 3029 721 multa
3080 665 3147 719 ad
3181 663 3402 718 verbum
3457 660 3730 729 expressit
3775 673 3841 713 es
3874 657 3974 712 Ne-

2391 761 2584 813 mesio.
2619 760 2822 814 Tamen
2847 758 3027 814 omnia
3070 757 3144 811 ita
3177 754 3403 823 disjecta
3424 763 3573 817 sunt,
3603 759 3660 805 ut
3691 747 3985 805 diﬂicultcr

2394 852 2759 909 inveniantur.

2462 963 2597 1018 Cum
2619 965 2731 1033 jam
2766 974 2936 1019 totum
2963 975 3099 1030 opus
3133 958 3505 1019 absolvisscm,
3534 955 3693 1010 Pater
3742 953 3985 1022 lgnatius

2396 1057 2588 1124 Hardt,
2642 1055 2946 1111 electoralis
2966 1051 3369 1109 Monachiensis
3407 1048 3748 1103 bibliotheca:
3787 1047 3987 1115 prmio-

2395 1159 2537 1216 ctus,
2602 1149 2679 1203 vir
2735 1162 2937 1201 summe
2992 1144 3304 1199 reverendus
3357 1150 3521 1208 atque
3571 1138 3989 1200 eruditissimus,

2397 1239 2679 1310 utriusque
2705 1238 2908 1294 codicis
2933 1230 3333 1290 Monachiensis
3360 1228 3540 1284 varias
3568 1227 3829 1283 lectiones
3860 1226 3993 1281 dili-

2396 1332 2713 1403 gentissime
2738 1344 2801 1385 ac
2831 1327 3144 1384 doctissime
3165 1338 3194 1377 a
3224 1337 3285 1379 se
3338 1331 3577 1387 notatas,
3608 1322 3673 1375 ad
3704 1333 3789 1373 me
3815 1329 3995 1372 trans-

2399 1420 2568 1486 misit,
2637 1434 2774 1488 quas
2809 1416 2921 1473 suis
2974 1416 3111 1471 locis
3159 1412 3402 1485 singulas
3426 1408 3995 1478 animadversionibus

2401 1508 2535 1563 meis
2566 1508 2796 1562 inserui.
2830 1507 3024 1563 Merito
3058 1507 3225 1577 igitur
3256 1504 3448 1559 summi
3477 1501 3619 1557 illius
3642 1503 3738 1555 viri
3778 1509 3990 1556 tantum

2399 1599 2780 1665 humanitatis,
2811 1599 3083 1654 doctrinm
3115 1607 3169 1653 et
3194 1611 3323 1667 erga
3357 1611 3442 1649 me
3484 1592 3872 1648 benevolentiae
3902 1592 3997 1645 be-

2404 1691 2655 1748 neﬁcium
2692 1707 2815 1747 cum
2851 1690 2991 1761 grati
3028 1688 3195 1744 animi
3257 1685 3660 1759 signiﬁcatione
3690 1684 3777 1738 hic
3809 1682 3993 1752 palam

2404 1782 2804 1853 pradicandum
2824 1772 3032 1837 censui.

2474 1897 2760 1952 Postremo
2792 1898 2958 1953 etiam
2989 1894 3316 1950 Franciscus
3340 1890 3567 1947 Carolus
3601 1888 3771 1948 Alter.
3817 1887 3997 1955 philo-

2404 1991 2608 2060 sophia:
2666 1992 2854 2045 doctor
2885 1999 2941 2046 et
2990 1989 3295 2045 litterarum
3338 1974 3649 2041 Graecarum
3691 1981 3995 2050 professor.

2404 2085 2482 2136 vir
2547 2084 2912 2138 celeberrimus
2956 2092 3119 2152 atque
3162 2078 3554 2133 eruditissimus
3586 2075 3675 2131 die
3715 2087 3849 2127 xt'ttt
3880 2068 3995 2125 Jul.

2410 2176 2574 2237 1800,
2616 2176 2937 2231 Vindobona
2968 2175 3033 2229 de
3058 2174 3215 2229 codd.
3264 2168 3767 2226 Vindobonensibus
3795 2166 3998 2221 Neme-

2407 2267 2470 2321 sii
2501 2267 2574 2319 ita
2601 2266 2670 2317 ad
2711 2278 2795 2318 me
2815 2264 3066 2332 scripsit:
3099 2261 3265 2318 Dick.
3313 2261 3362 2313 k.
3396 2257 3785 2335 Hofbibliothelt
3808 2255 3999 2311 basim

2408 2359 2548 2411 diese
2582 2355 2994 2431 Hundschriflen
3020 2372 3116 2409 von
3167 2353 3444 2408 Nemesius
3476 2352 3551 2406 De
3586 2360 3775 2405 natura
3827 2348 3996 2404 homio

2411 2448 2512 2500 nis.
2553 2445 2593 2511 Ι,
2646 2448 2765 2499 cod.
2811 2444 3071 2514 Theolog.
3117 2442 3293 2499 Graec.
3339 2458 3503 2496 vam
3537 2440 3735 2496 entlttilt
3775 2440 3840 2494 ﬂ
3890 2436 4000 2493 Ca-

2409 2538 2561 2607 pitel,
2588 2555 2687 2592 von
2715 2536 2872 2592 1565.
2904 2535 2968 2601 ll,
2995 2538 3115 2591 cod.
3147 2535 3405 2605 Thcolog.
3441 2532 3618 2589 Graec.
3674 2548 3829 2589 cret:
3889 2539 4015 2585 ent-

2409 2629 2524 2685 lttilt
2571 2631 2736 2698 einige
2787 2626 3125 2698 Fragmenta,
3155 2644 3252 2681 aus
3270 2627 3383 2680 dem
3418 2626 3482 2679 16
3516 2623 3727 2678 swculo.
3760 2620 3845 2685 Ill,
3869 2621 4001 2675 cod.

2411 2723 2675 2791 Philolog.
2710 2720 2884 2775 Graec.
2913 2734 3076 2773 xmv
3116 2718 3315 2773 enthdlt
3341 2717 3411 2771 38
3436 2715 3753 2785 Capitel,ttus
3795 2710 4002 2766 dettth

2412 2816 2795 2870 Jaltrltundert.
2834 2812 2925 2880 1V,
2954 2811 3074 2867 cnd.
3100 2810 3363 2881 Phllolog.
3390 2809 3568 2865 Grece.
3605 2821 3802 2861 ccxut
3870 2811 4001 2856 eut-

2413 2909 2522 2962 htiit'
2559 2908 2723 2975 einige
2772 2903 3109 2974 Fragmenta,
3135 2918 3231 2955 aus
3264 2900 3380 2954 dem
3414 2899 3478 2951 17
3518 2897 3714 2971 Jahrh.
3751 2894 3833 2949 Da
3861 2890 4014 2946 Herr-

2418 2982 2568 3052 Bolla
2594 2996 2700 3050 und
2724 2995 2803 3050 ich
2831 2996 2925 3048 mit
2947 2989 3167 3050 Ποιητιεέ
3184 2989 3339 3043 schen
3360 2990 3602 3043 Arbeiten
3625 3005 3691 3041 zu
3713 2987 3831 3040 seltr
3853 2984 4020 3037 iiber-

2417 3089 2573 3144 lntien
2617 3088 2759 3151 sind.
2792 3104 2849 3142 so
2880 3093 3062 3140 wusste
3110 3081 3192 3135 icit
3249 3080 3481 3136 wirkliclt
3524 3076 3878 3141 Niemanden,
3906 3074 4010 3126 der

724 3204 884 3262 caput
909 3192 945 3246 2
973 3204 1029 3247 et
1056 3194 1088 3247 5
1116 3151 1326 3264 legitur.
1385 3151 1514 3245 Vide
1560 3189 1689 3243 edit.
1744 3151 1913 3243 i’aris.
1970 3151 2127 3250 16:38,
2187 3151 2256 3238 i‘ul
2288 3224 2304 3248 ,
2339 3181 2380 3238 C
2411 3179 2511 3233 rich
2535 3179 2629 3233 der
2658 3170 3279 3229 Collationnnterziehen
3318 3170 3543 3225 kwnnte.
3578 3151 3857 3222 ‘i’ielkicltt
3883 3176 4003 3217 rer-

727 3296 856 3340 tnm.
877 3286 937 3352 Il,
966 3302 1017 3357 p.
1052 3285 1118 3340 90
1150 3299 1304 3355 Seqq.

2426 3274 2611 3324 dienen
2640 3286 2704 3323 res
2738 3271 2871 3322 auch
2899 3262 3038 3319 diese
3056 3266 3253 3335 jun‘gen
3271 3256 3669 3341 Handsclt‘riftett
3686 3252 3846 3308 uicltt.

1718 3551 3987 3600 Μ

1144 3832 1790 3931 ΡΒᾹΕΡΑΤΙΟ
1865 3825 2312 3921 ΕΒΙἸῚΟ]

2415 3824 2505 3913 [S
2576 3786 3590 3913 ANTVERPIENSIS.

728 4282 1016 4345 Νικάσιος
1086 4271 1460 4345 Ἐλλεϐᾀδιος
1496 4262 2013 4345 Καᾳλεζᾴνοςστῇ
2068 4274 2318 4345 περιφα-

798 4332 1067 4414 ὗέἆτὶεὶῳ
1106 4346 1206 4400 καὶ
1248 4332 1686 4414 αὶδεσιξιιωτάτῳ
1714 4333 2069 4404 Καρὸινάλει
2108 4332 2316 4385 Ἀντω-

801 4424 906 4488 νίῳ
940 4417 1313 4489 Περῤενόττῳ
1347 4417 1595 4482 χαίρειν.

801 4564 843 4615 Τ
846 4563 874 4615 ὸ
904 4560 1041 4629 Περὶ
1070 4559 1311 4628 φύσεως
1338 4549 1655 4620 ἀνθρώπου
1684 4546 1778 4601 τοῦ
1808 4545 2079 4616 Νεμεσίου
2115 4540 2321 4612 βιϐλίον
2347 4563 2399 4618 ιι)

733 4652 1063 4726 προειλόμην
1112 4666 1195 4702 σοι
1247 4643 1684 4718 προσφωνῆσαι,
1735 4638 1994 4710 κράτιστε
2072 4632 2323 4687 Ἀντώνιε

735 4743 1051 4817 Καῷινάλι,
1082 4731 1142 4794 οὗ
1178 4737 1431 4792 τοσοῦτον
1470 4734 1551 4796 είς
1582 4732 1682 4802 τὴν
1709 4729 1803 4783 τοῦ
1840 4728 2032 4797 γένους
2064 4742 2158 4778 σου
2191 4724 2322 4795 λαμ-

736 4838 981 4909 πρότητα
1016 4834 1110 4887 καὶ
1136 4832 1236 4902 τὴν
1269 4828 1427 4895 δόξαν
1454 4823 1785 4892 ἀποῦλέψας,
1814 4822 1880 4892 ἢν
1905 4818 2049 4889 ἔχεις
2079 4817 2174 4909 ἐπὶν
2198 4832 2328 4887 φρο-

736 4908 889 5002 νήσει
939 4911 1035 4980 παὶ
1076 4924 1324 4992 πολιτικῇ
1368 4919 1657 4989 δεινότητι,
1702 4912 1970 4967 πλείστων
1998 4926 2058 4963 τε
2098 4908 2191 4961 καὶ
2228 4924 2326 4977 με-

736 5022 937 5091 γίστων
984 5014 1313 5087 ἀξιωμάτων
1357 5007 1665 5083 μετασχὼν,
1703 5006 1796 5058 καὶ
1836 5002 1944 5056 τῶν
1988 5000 2182 5077 πρώην
2230 4998 2327 5069 μὲν

738 5088 887 5183 παρὰ
918 5108 1119 5181 Κάρλῳ
1156 5104 1233 5176 τῷ
1277 5102 1659 5173 αὐτοκράτορι,
1692 5097 1811 5149 νυνὶ
1841 5093 1897 5147 δὲ
1935 5091 2087 5163 παρὰ
2120 5090 2330 5160 βασιλεῖ
2364 5088 2365 5091 “

736 5199 1102 5273 Φιλίππῳ-τῷ
1148 5196 1359 5251 ἐκείνου
1407 5191 1509 5263 υἱῷ
1557 5189 1699 5261 μέγα
1752 5184 2067 5256 δυναμένων
2111 5185 2167 5234 ὲν
2216 5183 2329 5242 τοῖς

740 5295 975 5367 πρώτοις
1021 5287 1528 5358 συνεξεταζόμενος,
1581 5284 1705 5336 ὅσον
1739 5278 1845 5332 ὑπὸ
1884 5277 1983 5347 τῆς
2031 5273 2199 5345 ἄλλης
2235 5289 2325 5325 σου

741 5365 983 5449 παιδείας
1006 5383 1221 5453 καὶτῆς
1244 5381 1371 5452 περὶ
1392 5380 1517 5441 τοὺς
1535 5375 1730 5443 λόγους
1753 5367 2046 5441 ἐμπειρίας
2069 5368 2147 5429 είς
2172 5365 2330 5419 τοῦτο

740 5476 1032 5550 προαχθείς
1053 5492 1067 5504 ·
1090 5473 1407 5545 πρέπουσαν
1433 5467 1641 5537 ταύτην
1669 5463 1926 5517 ὑπόθεσιν
1947 5460 2013 5528 τῇ
2030 5457 2200 5525 ⁴’φύσει
2235 5472 2334 5507 σου

742 5568 1067 5642 πορίσασθαι
1104 5564 1351 5635 νομίσας,
1387 5564 1435 5613 εἰ
1465 5564 1573 5623 τοῖς
1615 5552 2010 5625 ἐπιτηδεύμασί
2056 5566 2149 5602 σου
2190 5564 2330 5600 κατ-

742 5661 968 5731 άλληλον
1002 5658 1145 5724 ἕξεις
1186 5656 1283 5727 τὴν
1309 5653 1416 5708 ἀπὸ
1438 5652 1545 5705 τῶν
1573 5646 2015 5717 ἀναγνωσμάτων
2037 5640 2327 5708 ὠφέλειαν.

742 5753 909 5807 Οὐδὲν
949 5752 1077 5821 γὰρ,
1128 5746 1302 5819 οἶμαι,
1350 5746 1639 5817 χρήσιμον,
1688 5738 1813 5791 οὔτε
1862 5731 2339 5806 περισπούδαστοι

742 5845 885 5899 οὕτω
934 5848 1045 5907 τοῖς
1089 5841 1414 5910 ἀνθρώποις,
1466 5837 1540 5899 ὡς
1588 5838 1620 5903 ἡ
1668 5833 1795 5903 περὶ
1846 5830 1947 5898 τῆς
1979 5824 2318 5897 ἀνθρωπίνης

2425 4258 2640 4327 φύσεως
2667 4253 2873 4325 θεωρία
2894 4268 2954 4305 τε
2976 4249 3070 4303 καὶ
3098 4243 3427 4317 κατάληψις,
3454 4242 3523 4295 δι’
3548 4236 3617 4314 ἦς
3647 4241 3881 4308 ἕκαστος
3904 4239 4018 4311 οἶος

2422 4350 2522 4420 τὴν
2555 4348 2716 4416 φύσιν
2761 4344 2879 4397 ἐστὶ
2929 4337 3284 4412 καταμαθὼν,
3344 4336 3560 4401 οἰκείως
3601 4333 3877 4407 ἀνθρώπῳ
3926 4339 4029 4391 καὶ

2428 4440 2746 4513 πρεπόντως
2775 4435 3045 4507 κοσμήσει
3090 4432 3189 4502 τὴν
3238 4428 3434 4483 ἑαυτοῦ
3464 4428 3726 4482 διάνοιαν.
3760 4425 3886 4481 Τῶν
3920 4428 4029 4498 μὲν

2426 4530 2520 4587 οὖν
2569 4533 2649 4595 είς
2703 4528 2909 4598 ταύτην
2979 4526 3206 4588 ἑαυτοὺς
3273 4519 3550 4577 καθέντων
3605 4518 3705 4590 τὴν
3751 4534 4027 4590 πραγμα.

2426 4626 2598 4687 τείαν,
2642 4620 2855 4683 οὐδενὸς
2901 4617 3097 4688 ἔχομεν
3144 4614 3252 4668 τῶν
3303 4612 3547 4685 ἀρχαίων
3575 4613 3604 4666 ὃ
3638 4628 3692 4663 τι
3736 4611 3829 4664 καὶ
3854 4609 4029 4679 λόγου

2428 4715 2576 4781 ἄξιον
2610 4714 2928 4785 ὑπόμνημα,
2976 4710 3115 4782 πλὴν
3158 4706 3572 4781 Ἱπποκράτους.
3606 4696 3776 4765 Οὗτος
3815 4701 3874 4755 δὲ
3910 4703 4035 4754 τῶν

2433 4810 2530 4880 μὲν
2562 4807 2691 4879 περὶ
2731 4805 2909 4875 ψυχῆς
2946 4803 3119 4871 λόγων
3157 4801 3218 4854 οὐ
3253 4799 3394 4854 πάνυ
3426 4815 3478 4850 τι
3509 4795 3760 4865 φαίνεται
3792 4795 4019 4864 φροντί-

2433 4918 2550 4963 σας,
2579 4898 2708 4969 περὶ
2740 4898 2796 4951 δὲ
2836 4895 2932 4949 τοῦ
2971 4894 3244 4963 σώματος,
3280 4892 3455 4961 ὅσπερ
3488 4883 3558 4959 ἦν
3587 4884 3737 4955 αὐτῷ
3760 4885 3859 4954 τῆς
3889 4887 4026 4956 napi

2428 4996 2529 5065 τὴν
2565 4991 2813 5064 ἰατρικὴν
2857 4982 3090 5061 θεωρίας
3132 4984 3353 5046 σκοπὸς,
3388 4982 3458 5035 τὰ
3496 4980 3726 5032 πλεῖστα
3752 4984 4030 5047 πραγμαὲ

2428 5085 2664 5139 τεύεται.
2696 5082 2965 5153 Νεμέσιος
2993 5078 3050 5130 δὲ
3088 5073 3294 5137 οὑτοσὶ,
3327 5071 3425 5142 τὴν
3458 5068 3627 5139 αὐτὴν
3669 5065 4035 5138 Ἱπποκράτει

2432 5174 2798 5245 ποιησάμενος
2843 5168 3102 5223 ὑπόθεσιν
3128 5206 3142 5228 ,
3193 5164 3304 5218 τῶν
3344 5179 3404 5215 τε
3450 5160 3580 5231 περὶ
3626 5157 3719 5212 τοῦ
3766 5158 4031 5229 σώματος

2432 5269 2662 5322 ἅπτεται
2714 5265 2908 5331 λόγων,
2952 5263 3074 5315 ὅσον
3117 5257 3334 5327 ἀπόχρη
3390 5256 3456 5325 τῇ
3505 5251 3778 5315 ὑποθέσει,
3814 5250 3916 5303 καὶ
3968 5252 4037 5304 τὸ

2433 5358 2767 5429 κυριώτατον
2815 5352 2923 5405 τῶν
2962 5353 3019 5403 ὲν
3074 5345 3348 5419 ἀνθρώπῳ
3386 5341 3895 5417 προχειρισάμενος,
3927 5341 4033 5412 τὴν

2430 5447 2628 5517 ψυχὴν,
2668 5445 2757 5497 καὶ
2802 5442 3007 5511 ταύτην
3060 5435 3341 5507 πολλαχῶς
3372 5436 3450 5498 είς
3495 5433 3562 5486 τὰ
3610 5431 3774 5503 μόρια
3809 5430 4034 5499 διελὼν,

2434 5538 2743 5593 καὶτούτων
2765 5537 3015 5595 ἑκάστοις
3036 5529 3276 5602 ἀκριϐῶς
3300 5523 3625 5590 ἐπεξελθὼν,
3646 5522 3759 5583 καὶ,
3781 5521 3857 5583 ὡς
3872 5522 4035 5592 ἐνῆν,

2437 5634 2668 5704 μάλιστα
2692 5629 2849 5696 ἐπεξε
2858 5627 3035 5699 ργασὰ
3043 5640 3217 5696 μενος,
3235 5619 3461 5674 τελεώτε
3471 5618 3559 5688 ρόν
3575 5632 3634 5682 τε
3657 5615 3772 5684 ἅμα
3787 5613 3883 5664 καὶ
3903 5612 4035 5683 ἀληο

2435 5728 2685 5797 θέστερον
2724 5724 2815 5775 τὸν
2858 5718 3109 5790 ἀληθινὸν
3145 5712 3461 5786 ὑπέγραψεν
3497 5709 3804 5781 ἄνθρωπον.
3852 5705 4037 5757 Ἐπειο

2433 5820 2495 5890 δὴ
2531 5819 2635 5871 τῶν
2678 5813 2997 5890 πρακτικῶν
3027 5814 3123 5880 τῆς
3153 5809 3330 5880 ψυχῆς
3381 5803 3665 5870 δυνάμεων
3701 5800 3733 5867 ἦ
3766 5796 4036 5869 βούλησις
