4216 6324
204 346 304 406 ιθσ

1550 354 2080 410 ιθιιυιιεςυλικδίλ.
3340 362 3443 417 49l-

202 472 258 523 τὸ
286 468 648 539 κυριώτατον,
702 470 828 541 περὶ
865 464 932 540 ἧς
978 472 1027 523 οἱ
1079 471 1277 524 κλεινοὶ
1316 470 1421 523 τῶν
1473 470 1774 541 φιλοσόφων
1805 478 1845 532 Α
1878 476 1969 527 καὶ
1997 475 2102 528 τῶν
2130 476 2529 546 ἀκριϐεστέρων
2556 478 2810 549 ἐχόμενος
2830 481 3135 552 δογμάτων.
3167 485 3310 555 Πλὴν
3332 490 3453 544 ὅσον

201 558 400 623 πολλὰς
436 560 798 635 κατεϐάλοντο
827 564 1227 634 πραγματείας,
1274 562 1480 616 ἀνωθεν
1512 564 1602 615 τὸν
1647 566 1776 635 περὶ

201 650 287 704 τοῦ
322 652 573 704 ἑκουσίου
614 653 706 705 καὶ
736 654 1012 717 ἀκουσίου,
1050 654 1419 725 προαιρέσεώς
1452 672 1510 706 τε
1549 656 1643 707 καὶ
1684 654 1802 707 τοῦ’

201 742 548 811 βουλεύεσθαι
579 744 737 812 λόγον
780 745 1082 809 ἀναλαϐὼν,
1114 747 1242 818 περὶ
1269 739 1343 800 ὧν
1380 747 1408 799 ὃ
1439 763 1498 799 τε
1534 747 1777 816 Ἀριστο-

200 822 354 903 τέλης
382 837 442 886 ἐν
470 836 549 905 τῷ
583 834 752 905 τρίτῳ
788 836 895 888 τῶν
940 834 1213 899 Ἠθικῶν,
1241 837 1336 889 καὶ
1362 839 1390 890 6
1420 837 1775 908 Δαμασκηνὸς

211 928 463 998 Ἰωάννης
490 929 549 980 ἐν
578 930 643 1000 τῇ
677 930 775 1000 τῆς
798 928 1081 1000 ὀρθοδόξου
1116 927 1365 999 πίστεως,
1380 929 1608 991 ἐκδόσει,
1650 945 1775 998 σχεσ

196 1017 283 1091 δδν
309 1021 420 1081 τοῖς
451 1019 633 1083 αὐτοῖς
670 1021 876 1091 ῥήμασι
918 1019 1271 1088 διαλέγονται,
1303 1021 1395 1073 ἐπὶ
1429 1020 1489 1073 τὸ
1523 1018 1777 1091 θρυλλού-

199 1087 359 1175 μένον
390 1107 597 1176 μέτεισι
914 1106 975 1160 τὸ
1020 1109 1147 1180 περὶ
1193 1108 1534 1180 εἱμαρμένης
1559 1087 1774 1163 καὶτοῦ

199 1196 280 1263 ἐφ’
310 1199 463 1266 ἡμῖν.
495 1197 607 1251 Καὶ
631 1196 805 1251 ταῦτα
834 1198 1145 1270 φιλαλήθως
1175 1218 1234 1254 τε
1286 1200 1379 1253 καὶ
1418 1200 1661 1271 ἀκριϐῶς
1690 1202 1778 1267 ἐξ-

196 1285 397 1347 ετάσας
428 1288 520 1339 καὶ
543 1285 999 1355 διασκεψάμενος,
1019 1288 1179 1350 ,τέλος
1211 1289 1429 1356 ἄριστον
1447 1289 1679 1359 ἐπέθηκε
1707 1294 1772 1362 τῇ

195 1376 569 1446 πραγματείᾳ,
602 1379 681 1442 είς
728 1379 818 1432 τὸν
858 1380 984 1449 περὶ
1040 1380 1303 1449 Προνοίας
1349 1380 1506 1447 λόγον
1538 1382 1775 1452 καταλή-

190 1463 308 1529 ξας,
355 1466 451 1518 καὶ
501 1466 625 1520 νοῦν
660 1467 853 1540 ἔφορον
892 1471 983 1523 καὶ
1031 1469 1295 1540 πρύτανιν
1335 1473 1455 1533 ταῖς
1494 1470 1636 1524 κατά
1683 1472 1774 1524 τὸν

190 1553 303 1622 βίον
369 1557 631 1628 πράξεσιν
687 1561 1003 1632 ἐπιστήσας,
1063 1562 1176 1623 καὶ,
1236 1561 1508 1615 συνελόντι
1568 1562 1771 1632 φάναι,

190 1648 406 1702 ἅπαντα
456 1651 558 1720 τῆς
611 1652 819 1705 ἐκεῖθεν
867 1653 1179 1724 ἀναρτήσας
1218 1654 1541 1725 κηδεμονίας
1584 1671 1641 1706 τε
1675 1656 1770 1707 καὶ

184 1740 622 1813 διακοσμήσεως.
669 1743 921 1809 Τοιοῦτος
948 1746 1069 1815 ⁷”μέν
1100 1747 1127 1798 6
1158 1746 1446 1816 Νεμέσιος,
1478 1746 1575 1815 οὐχ
1608 1741 1769 1818 ἦττον

185 1832 284 1901 τῆς
361 1850 421 1885 τε
500 1834 721 1904 μεθόδου
788 1836 898 1889 τῶν
971 1836 1341 1908 θεωρημάτων
1409 1838 1503 1891 καὶ
1559 1837 1768 1901 τάξεως

184 1924 369 1976 αὐτῶν
434 1928 526 1979 καὶ
601 1928 929 1999 εύκρινείας,
981 1929 1013 1997 ἢ
1067 1930 1168 1999 τῆς
1227 1928 1567 2000 πολυμαθίας
1618 1928 1767 1994 ἄξιος

184 2012 584 2085 θαυμάζεσθαι.
657 2018 907 2071 Φαίνεται
980 2017 1088 2091 γὰρ
1140 2018 1305 2088 ὀλίγῳ
1379 2019 1765 2089 μεταγενέστε-

187 2124 278 2177 ρος
310 2108 552 2176 γεγονὼς
600 2110 709 2163 τῶν
762 2113 890 2182 περὶ
942 2111 1207 2180 Εὐνόμιον
1247 2111 1343 2164 καὶ
1396 2110 1765 2180 Ἀπολινάριον

182 2200 271 2251 τὸν
308 2201 483 2273 Σῦρον
535 2204 628 2256 καὶ
660 2203 935 2256 Βασίλειον
976 2204 1070 2257 καὶ
1114 2204 1408 2274 Γρηγόριον
1453 2203 1576 2267 τοὺς
1607 2204 1763 2256 Καπ-

182 2289 445 2357 παδόκας,
481 2296 568 2347 ὅτε
599 2295 691 2348 καὶ
722 2296 1075 2349 παντοδαπῶν
1102 2291 1169 2366 ἦν
1201 2295 1430 2364 εὐπορία
1476 2312 1758 2365 συγγραμ-

183 2371 392 2452 μάτων,
453 2386 512 2437 αἴ
561 2402 621 2438 τε
670 2386 812 2439 κατά
868 2386 1181 2455 φιλοσοφίαν
1220 2386 1457 2456 αἱρέσεις
1505 2385 1583 2437 ἔτι
1635 2385 1762 2456 παρ’

182 2474 445 2544 Ἕλλησιν
475 2474 758 2538 ἐσώζοντο.
784 2470 883 2528 Ὧν
911 2476 1136 2546 οὐδεμιᾷ
1158 2476 1408 2543 φαίνεται
1456 2475 1760 2544 προσέχων,

178 2565 301 2619 οὔτε
338 2570 459 2628 ταῖς
490 2567 689 2635 ἐτέρων
725 2566 1125 2635 πιθανολογίαις
1170 2566 1453 2635 ἀγόμενος,
1486 2567 1761 2635 πανταχοῦ

174 2657 233 2711 δὲ
263 2657 363 2729 τὴν
407 2657 663 2728 ἀλήθειαν
698 2658 1000 2728 προτιμῶν,
1041 2658 1128 2710 ἐπ’
1159 2656 1341 2719 ἀδείας
1385 2658 1642 2727 πειρᾶται
1673 2675 1761 2725 φι-

176 2749 451 2818 λοσοφεῖν,
500 2748 567 2802 τά
626 2749 723 2818 μὲν
770 2748 1028 2819 ἐλέγχων,
1080 2750 1186 2820 ὅπη
1242 2748 1517 2819 παρείκοι,
1568 2751 1681 2812 τοῖς
1717 2747 1760 2800 δ’

174 2843 507 2911 ἐφιστάνων,
541 2841 606 2894 τά
647 2840 691 2892 δ’
724 2840 992 2912 ἐγκρίνων
1035 2839 1142 2893 τῶν
1180 2839 1484 2910 δογμάτων.
1516 2825 1760 2906 Γεγονὼς

174 2950 236 2985 τε
279 2932 383 3002 τὴν
428 2931 723 3002 θρησκείαν
776 2930 1117 3001 Χριστιανὸς,
1163 2929 1255 2982 καὶ
1297 2927 1467 2981 ταῦτα
1519 2927 1758 2999 Ἐμέσης

176 3023 320 3088 (ἔστι
346 3023 402 3075 δὲ
435 3024 468 3093 ἡ
502 3024 715 3093 Ἔμεσα
750 3021 903 3085 πόλις
929 3020 1199 3090 Φοινίκης)
1224 3019 1539 3086 ἐπίσκοπος,
1564 3018 1762 3073 πολλα-

1884 564 1960 624 εἰς
1985 562 2082 633 τὴν
2110 563 2427 634 τῶνψυχῶν
2459 566 2794 636 προῦπαρξιν
2822 569 2967 638 ἥκει.
3002 568 3158 638 δῆλός
3186 572 3302 624 ἐστι
3355 575 3455 645 τὴν

1883 650 2163 723 Πλάτωνος
2217 654 2311 707 καὶ
2372 655 2687 726 Πυθαγόρου
2740 656 2896 721 δόξαν
2944 660 3203 727 εἰσάγων,
3249 656 3359 714 οἷόν
3399 679 3455 716 τε

1882 742 1973 793 κα)⁸
2019 743 2296 813 Ὡριγένης
2341 746 2649 808 ἐπεπόνθει,
2685 748 2777 800 καί
2822 767 2967 813 τινες
3010 751 3158 805 ἄλλοι
3194 750 3303 805 τῶν
3333 756 3445 808 κατ’

1879 833 2053 884 ἐκεῖνο
2102 835 2290 905 καιροῦ
2324 838 2683 908 Χριστιανῶν,
2719 840 2891 904 ἄλλως
2920 860 2977 895 τε
3009 843 3116 897 τῶν
3144 844 3274 915 περὶ
3301 844 3447 913 φιλο-

1881 925 2070 992 σοφίαν
2099 926 2496 997 διατριϐόντων,
2529 929 2683 983 οὔπω
2722 930 2839 984 τότε
2886 933 2984 1003 τῆς
3022 934 3285 1006 αἱρέσεως
3312 935 3440 989 ταύ-

1878 1032 1978 1085 της
2002 1015 2165 1086 κοινῷ
2196 1017 2423 1088 δόγματι
2452 1021 2551 1090 τῆς
2587 1022 2908 1093 Ἐκκλησίας
2942 1025 3437 1097 κατεψηφισμένης·

1884 1123 1901 1156 ι
1938 1107 2026 1172 Ἐξ
2054 1103 2127 1160 ῶν
2157 1109 2249 1162 καὶ
2295 1110 2567 1165 δείκνυται
2602 1114 2633 1166 6
2674 1113 2960 1184 φιλόσοφος
3000 1112 3151 1182 οὗτος
3198 1120 3307 1190 πρὸ
3339 1121 3442 1172 τῶν

1876 1195 1969 1249 τοῦ
1995 1192 2371 1254 Ἰουστινιανοῦ
2402 1202 2607 1273 χρόνων
2648 1203 2946 1273 βεϐιωκὼς,
2979 1205 3091 1274 είγε
3125 1209 3215 1260 ἐπὶ
3255 1208 3440 1262 τούτο-ι

1878 1289 2091 1359 πρῶτον
2119 1292 2212 1345 τοῦ
2242 1292 2504 1364 βασιλέως
2533 1297 2590 1348 αἰ
2622 1295 2716 1349 τοῦ
2754 1298 3061 1368 Ὡριγένους
3095 1299 3271 1364 θέσεις
3312 1318 3441 1355 κατ.

1876 1380 2287 1452 εψηφίσθησαν,
2340 1387 2430 1437 ἐπὶ
2493 1385 2694 1457 τούτῳ,
2740 1389 2819 1451 εἰς
2882 1388 2943 1441 τὸ
3004 1390 3295 1454 Βυζάντιον
3345 1394 3442 1460 τῆς

1877 1472 2134 1542 πέμπτης
2158 1475 2540 1545 οἰκουμενικῆς
2569 1478 2922 1549 συναχθείσης
2942 1482 3179 1535 συνόδου.
3210 1502 3227 1533 ι
3257 1482 3442 1549 Ἔδοξε

1871 1563 1930 1616 δέ
1973 1582 2061 1634 μοι
2100 1565 2160 1617 τὸ
2198 1564 2398 1635 βιϐλίον
2430 1569 2509 1631 είς
2543 1569 2642 1639 τὴν
2682 1570 2790 1622 τῶν
2844 1573 3127 1643 Ῥωμαίων
3168 1575 3444 1632 διάλεκτον

1878 1657 2238 1728 μεταφράσαι,
2274 1657 2381 1710 τῶν
2416 1654 2739 1730 φιλομαθῶν
2769 1663 2926 1732 χάριν
2975 1663 3175 1735 διπλῆν
3219 1683 3438 1738 ποιησα-

1877 1747 2022 1819 μένῳ
2062 1748 2166 1820 τὴν
2216 1749 2444 1812 ἔκδοσιν,
2501 1752 2593 1804 καὶ
2643 1752 2776 1823 μηδέ
2822 1755 2920 1824 τὴν
2980 1755 3299 1830 Ἑλληνικὴν
3356 1760 3446 1812 ὑπ’

1876 1840 2227 1911 ἀρχαιότητος
2252 1841 2525 1896 διαπεσεῖν
2552 1843 2961 1900 κινδυνεύουσαν
2995 1848 3277 1920 περιιδετνο
3309 1862 3328 1901 t
3352 1848 3440 1920 p6~
3466 1910 3473 1918 .

1874 1930 1956 1992 λις
1983 1929 2090 2001 γάρ
2119 1946 2246 1982 ποτε
2266 1930 2415 1983 δυσὶν
2450 1933 2768 2004 ἐνετύχομεν
2796 1937 3167 2008 ἀντιγράφοις,
3202 1944 3296 1996 καὶ
3323 1943 3442 1997 τού·

1872 2038 1984 2083 τοις
2026 2020 2337 2092 ἀνηκέστως
2378 2021 2789 2094 διεφθαρμένοις
2825 2026 2921 2079 καὶ
2956 2029 3162 2098 μυρίων
3192 2031 3434 2104 ἁμαρτη-

1876 2110 2060 2180 μάτων
2103 2111 2425 2182 γέμουσινσο
2474 2108 2555 2177 οἷς
2613 2116 3027 2190 ἐπιμελέστερον
3075 2121 3435 2189 ἐπιϐαλόντες,

1872 2200 1965 2252 καὶ
2010 2199 2121 2252 τῶν
2156 2202 2216 2253 ἐν
2258 2201 2537 2272 ἑκατέροις
2591 2204 2997 2275 ἁμαρτημάτων
3050 2210 3115 2260 ἐκ
3158 2207 3266 2261 τῶν
3313 2226 3446 2279 ’παρ⁹

1869 2289 2150 2360 ἑκατέροις
2180 2290 2355 2360 ὀρθῶς
2383 2291 2527 2361 ἔχειν
2562 2292 2858 2347 δοκούντων
2885 2299 3438 2369 καταστοχασάμενοι,

1869 2383 1978 2435 κάκ
2003 2381 2111 2433 τῶν
2156 2382 2380 2434 ἐνόντων
2411 2382 2912 2453 ἐπιδιορθὼσαντες,
2940 2387 3259 2460 ὐγιεστέραν
3290 2392 3437 2463 παρᾶ

1870 2473 2003 2526 πολὺ
2032 2474 2130 2544 τῆς
2169 2474 2434 2544 προτέρας
2462 2474 2560 2545 τὴν
2605 2477 2986 2545 πραγματείαν
3026 2482 3432 2549 παρεσκεύασα·

1874 2581 1991 2633 μεν,
2034 2564 2091 2614 Ὀ
2127 2563 2308 2632 μέντοι
2338 2562 2529 2635 πρώην
2566 2565 2629 2618 τὸ
2655 2564 2855 2635 βιϐλίον
2882 2568 2960 2630 είς
3001 2567 3101 2640 τὴν
3152 2571 3435 2642 Ῥωμαίων

1867 2654 2144 2708 διάλεκτον
2190 2652 2532 2724 μετενεγκεῖν
2579 2656 2921 2728 ἐγχειρήσας,
2956 2658 3227 2730 Γεώργιος
3251 2664 3279 2712 6
3305 2662 3432 2716 Βάλ-

1868 2747 1986 2819 λης,
2020 2749 2081 2801 οὐ
2115 2748 2311 2819 μᾶλλον
2340 2749 2685 2819 ὴρμήνευσεν
2711 2749 2743 2821 ἢ
2774 2749 2993 2819 συνέχεε
3018 2752 3112 2804 καὶ
3135 2754 3437 2823 κατῄσχυνε

1866 2838 1957 2892 τὸν
1998 2838 2302 2908 φιλόσοφον,
2352 2838 2474 2892 καθ’
2522 2839 2758 2909 ἑκάστην
2812 2841 2996 2911 σχεδὸν
3044 2843 3288 2915 περίοδον
3339 2847 3435 2917 τῆς

1866 2928 1959 2984 τοῦ
1985 2931 2248 2999 Νεμεσίου
2285 2930 2518 2994 διανοίας
2552 2933 2898 3001 ἀποπίπτων,
2923 2932 3020 2988 κάν
3048 2938 3160 2998 τοῖς
3189 2953 3430 3008 κατημα-

1869 3019 2149 3091 ξευμὲνοις
2180 3020 2415 3073 τουτοισὶ
2454 3019 2563 3073 τῶν
2608 3019 2801 3085 λέξεων
2855 3025 3118 3095 σχήμασιν
3157 3026 3247 3080 ὑπ’
3287 3030 3434 3097 ἀμα-

174 3116 272 3187 χοῦ
292 3115 389 3169 τοῦ
420 3115 849 3186 συγγράμματος
875 3115 1002 3186 περὶ
1022 3112 1129 3167 τῶν
1152 3112 1489 3184 ἀρεσκόντων
1504 3112 1763 3181 Χριστια-
1791 3158 1831 3188 ρ
1869 3111 2018 3175 θείας
2064 3110 2286 3180 γελοίως
2338 3110 2711 3165 ἀπαλλάττων.
2780 3114 2843 3166 Ἦ
2906 3115 3004 3185 μὲν
3049 3112 3141 3170 οῦν
3195 3118 3433 3188 ἡμετέρα

174 3212 286 3273 νοῖς
321 3208 459 3280 πρὸς
486 3207 613 3270 τοὺς
640 3205 964 3275 φιλοσόφους
989 3204 1335 3274 ἀγωνίζεται,
1366 3200 1761 3264 ἀποδεικτικῶς
1793 3200 1832 3217 ⁸⁸
1866 3201 2089 3273 σπουδή
2125 3218 2185 3253 τε
2236 3201 2329 3253 καὶ
2388 3200 2705 3271 προαίρεσις
2754 3201 2892 3273 αὕτη
2928 3220 3029 3265 σοι,
3090 3202 3434 3277 λαμπρότατε

176 3302 324 3356 πάνυ
360 3301 457 3354 καὶ⁵
489 3299 792 3368 φιλοσόφως
828 3298 929 3368 τὴν
975 3296 1095 3351 καθ’
1150 3297 1299 3367 ἡμᾶς
1343 3293 1609 3348 συνιστῶν
1641 3292 1760 3345 θεο-
1865 3292 2177 3364 Καρδινάλι.
2212 3293 2284 3345 Σὺ
2310 3291 2366 3344 δέ
2391 3290 2592 3362 ταύτης
2612 3295 2759 3363 ἡμᾶς
2789 3295 3208 3379 ἀποδεξάμενος,
3230 3298 3433 3362 δίκαιος

173 3394 389 3462 λογίαν,
428 3385 541 3445 οἷον
580 3392 758 3443 ἐκεῖνο
790 3389 849 3442 τὸ
884 3387 1141 3459 περὶτῆς
1180 3386 1316 3459 πρὸς
1340 3386 1432 3439 τὸν
1469 3384 1756 3455 ἄνθρωπον
1864 3382 1932 3436 ἂν
1979 3383 2095 3452 είης
2144 3382 2253 3435 τῶν
2290 3383 2387 3451 μὲν
2434 3383 2880 3453 κατωρθωμένων
2922 3388 3183 3451 ἐπαινεῖν,
3228 3388 3339 3442 τῶν
3377 3390 3434 3443 δέ

174 3481 537 3547 ἑνώσεωςτοῦ
559 3480 693 3535 Θεοῦ
711 3473 909 3549 Λόγου,
928 3481 987 3532 τὸ
1008 3478 1136 3550 περὶ
1154 3476 1245 3531 τοῦ
1269 3477 1351 3545 ἐφ’
1375 3478 1528 3547 ἡμῖν,
1549 3475 1609 3527 τὸ
1631 3473 1759 3545 περὶ
1864 3475 2210 3545 παρειμένων
2250 3472 2577 3546 συγγνώμην
2623 3474 2783 3545 ἔχειν.
2820 3478 3086 3549 Ἔρῤωσο.
3134 3478 3228 3533 Ἐκ
3253 3480 3430 3532 Πατα-

173 3576 463 3646 Προνοίας.
510 3574 598 3626 Ἐν
636 3568 716 3636 οἷς
754 3572 958 3625 ἅπασιν
990 3569 1165 3641 ὀρθῶς
1214 3564 1765 3647 φαίνεταιθεολογῶν
1866 3565 2003 3628 ϐίου,
2040 3566 2224 3635 γαφξδκ
2258 3565 2723 3635 Μεταγειτνιῶνος
2757 3569 2924 3640 μηνὸς
2948 3570 3106 3643 τρίτῃ
3135 3571 3429 3639 φθίνοντος.

1275 3856 1564 3917 Nicasius
1622 3853 1989 3915 Ellebodius
2040 3853 2282 3917 lectori.

247 4017 381 4082 Qum
431 4028 516 4066 me
561 4012 699 4066 ratio
740 4011 807 4065 aii
855 4008 1091 4065 Nemesii
1138 4009 1430 4064 editionem
1468 4008 1752 4075 adhortata
1857 4008 2160 4077 prodidere.
2195 4004 2329 4059 Nam
2381 4020 2551 4075 neque
2594 4006 2936 4075 praestantius
2977 4022 3101 4063 esse
3133 4008 3425 4078 quidquam

170 4106 268 4165 sit,
312 4102 510 4156 Lector
553 4101 775 4169 Optime,
810 4100 1052 4167 pluribus
1084 4099 1213 4152 mihi
1248 4098 1427 4153 verbis
1474 4112 1754 4167 exponen-
1855 4098 2193 4169 philosophia
2217 4106 2413 4166 potest,
2449 4097 2647 4167 quippe
2674 4097 2826 4166 cujus
2850 4106 2903 4152 et
2931 4099 3213 4168 praeceptis
3246 4102 3424 4154 omnis

124 4194 136 4201 ’
172 4197 305 4251 dum
345 4208 464 4248 esse
504 4209 611 4266 non
642 4191 897 4246 arbitror.
924 4190 1056 4244 Nam
1078 4191 1123 4245 si
1153 4189 1276 4259 quis
1296 4196 1403 4252 est,
1430 4188 1519 4256 qui
1546 4195 1757 4241 veteres
1856 4192 1961 4243 vita
1990 4189 2055 4242 ad
2089 4189 2428 4243 honestatem
2462 4186 2781 4257 laudemque
2809 4187 3209 4254 conformatur;
3246 4202 3300 4245 et
3335 4208 3419 4245 ro.

170 4287 473 4354 scriptores
518 4299 548 4338 e
583 4284 1030 4338 bibliothecarum
1081 4280 1305 4335 latebris
1354 4278 1567 4334 evocari
1616 4286 1670 4332 et
1702 4279 1751 4330 in
1854 4280 1991 4350 gulis
2018 4280 2255 4331 omnium
2288 4274 2563 4333 artium'e‘t
2595 4280 2941 4333 scientiarum
2969 4282 3208 4335 rationes
3241 4284 3424 4337 nilun-

172 4385 460 4445 aspectum
498 4375 780 4443 lucemque
801 4372 1032 4442 proferri
1055 4372 1216 4437 nolit;
1247 4381 1341 4425 aut
1368 4383 1751 4435 nonmagnnm
1864 4381 1981 4436 tur;
2022 4380 2076 4424 et
2105 4385 2282 4425 sermo
2308 4369 2526 4425 Graecus
2556 4369 2696 4438 (ﬂeri
2726 4380 2929 4440 potest,
2960 4382 3019 4426 ut
3046 4373 3221 4437 fallar,
3248 4375 3422 4430 dicam

164 4468 377 4538 judicio
408 4481 505 4520 suo
534 4466 768 4520 fructum
796 4479 983 4519 eorum
1014 4464 1157 4517 laudi
1188 4462 1528 4532 tribuendum
1557 4461 1751 4517 existi-
1780 4488 1824 4542 υ
1855 4472 2029 4517 tamen
2098 4463 2238 4529 quod
2288 4461 2480 4528 sentio)
2515 4461 2772 4529 ejusmodi
2815 4471 2919 4527 est,
2956 4472 3014 4517 ut
3047 4465 3147 4518 hoc
3194 4481 3301 4519 uno
3333 4481 3421 4528 ea,

173 4570 306 4621 met,
358 4574 588 4628 quorum
642 4557 920 4612 industria
964 4555 1292 4610 cItrricuInm
1333 4556 1384 4608 in
1422 4556 1525 4609 hoc
1551 4569 1748 4623 genere
1854 4570 2017 4624 quam
2063 4553 2344 4621 probitatis
2380 4551 2691 4618 magistram
2726 4562 2779 4605 et
2825 4554 3064 4607 omnium
3094 4556 3291 4609 artium
3334 4574 3418 4610 rt:-

170 4652 478 4707 studiornm
523 4649 782 4711 elaboret,
834 4647 981 4711 huic,
1036 4661 1066 4699 a
1111 4645 1316 4712 judicio
1347 4656 1401 4700 et
1433 4645 1651 4698 omnino
1684 4646 1751 4697 ab
1854 4645 2031 4711 gulam
2060 4646 2314 4707 diximus,
2341 4644 2674 4713 ριιίιοεοριιίει
2706 4659 2762 4697 se
2793 4644 3106 4699 mortalibus
3132 4647 3418 4714 explicari,

172 4743 514 4799 humanitate
549 4739 827 4804 derelicto,
860 4739 1079 4792 studere
1112 4738 1343 4806 probare
1379 4751 1438 4790 se
1467 4749 1623 4789 nemo
1652 4736 1749 4790 ιιι)-
1853 4740 1919 4790 ad
1958 4752 2278 4803 omnemque
2313 4737 2678 4803 posteritatem
2732 4737 3020 4790 transmitti
3059 4737 3215 4799 velit;
3254 4751 3419 4792 αιτιοι

166 4837 285 4892 bet.
337 4833 431 4888 Sin
483 4831 783 4902 producere
816 4840 1055 4883 veterum
1096 4828 1427 4881 eruditorum
1477 4827 1661 4892 libros,
1697 4834 1752 4880 et
1854 4844 2030 4882 rarum
2066 4830 2305 4897 gentium
2342 4827 2540 4896 linguis
2573 4827 2795 4881 tractari
2844 4829 3001 4890 nolit.
3038 4830 3417 4882 vehementer-
3465 4862 3471 4868 -

166 4928 240 4982 ad
262 4927 526 4989 omnium,
554 4926 646 4993 qui
674 4922 865 4975 litteris
894 4921 1185 4979 ducuntur.
1212 4918 1575 4987 cognitionem
1617 4933 1743 4986 pro-

168 5030 375 5088 pagare
409 5026 615 5068 rectmn
663 5012 910 5081 inprimis
939 5020 995 5065 et
1054 5008 1359 5078 reipublicae
1412 5006 1744 5061 fructuosum

167 5121 362 5165 omnes
383 5105 645 5176 iudicant,
680 5104 886 5157 scilicet
912 5101 1190 5155 verbosius
1212 5101 1744 5153 commemorandum

168 5200 304 5257 mihi
343 5212 446 5251 non
480 5207 583 5258 est,
616 5210 716 5249 cur
737 5208 855 5247 eam
886 5208 995 5247 rem
1019 5191 1373 5259 susceperim,
1407 5190 1458 5243 in
1492 5204 1594 5257 qna
1624 5205 1746 5241 wr-

164 5292 279 5347 sari
316 5288 629 5359 prteclarum
672 5301 813 5351 esse,
846 5295 900 5339 et
938 5285 1211 5338 hominum
1244 5284 1367 5334 vitae
1399 5282 1746 5336 vehemedcr

166 5381 321 5445 utile,
362 5381 499 5432 inter
531 5393 719 5432 omnes
751 5385 985 5432 constat.
1039 5374 1358 5442 Quanquam
1394 5389 1493 5440 ego
1525 5373 1743 5442 quidem

166 5486 289 5527 cum
337 5470 575 5524 omnium
613 5470 891 5543 doctorum
928 5476 1292 5530 tnontttttenta,
1333 5479 1563 5533 quorum
1602 5466 1742 5514 tltttt-

166 5575 317 5618 taxat
372 5575 503 5619 tetas
561 5562 629 5615 ab
670 5569 848 5614 nostra
905 5562 1159 5614 memoria
1213 5561 1428 5628 longius
1483 5556 1737 5621 abfuerit,

161 5658 269 5711 emi
309 5668 365 5710 et
412 5655 667 5709 illustrari
727 5652 874 5714 volo;
917 5661 1027 5704 tttm
1071 5668 1199 5707 vero
1244 5666 1430 5705 eorum
1487 5648 1741 5712 maxime,

1850 4934 1954 4987 que
1988 4929 2215 4973 recuset.
2252 4918 2364 4971 Hoc
2396 4918 2447 4970 in
2495 4932 2691 4986 genere
2736 4932 2859 4971 cum
2896 4919 3134 4971 viderem
3160 4933 3281 4971 esse
3307 4918 3417 4973 Ne-

1852 5011 2099 5075 mesinm,
2132 5011 2219 5078 qui
2248 5009 2437 5065 Graece
2468 5011 2533 5062 de
2563 5010 2827 5079 prtecipna
2860 5025 2925 5063 ac
2952 5010 3260 5064 necessaria
3293 5012 3382 5078 plti
3402 5039 3419 5052 -

1851 5097 2107 5165 losophim
2143 5108 2312 5167 parte,
2350 5108 2403 5151 et
2443 5113 2561 5166 qum
2605 5098 2821 5167 proprie
2874 5100 2938 5152 ad
2990 5114 3087 5153 nos
3125 5101 3413 5168 pertineat.

1851 5190 1951 5241 hoc
1976 5200 2079 5253 est,
2120 5190 2184 5241 de
2214 5199 2401 5259 natura
2428 5190 2682 5256 hominis,
2718 5201 2862 5258 apte,
2897 5190 3150 5253 dilucide,
3178 5192 3410 5253 erudite,

1848 5288 1922 5341 et,
1950 5281 2000 5332 in
2045 5292 2149 5347 quo
2177 5279 2293 5346 plus
2320 5290 2401 5332 est
2427 5280 2679 5346 positum,
2708 5297 2866 5349 quam
2901 5282 2952 5332 in
2982 5281 3191 5335 caeteris
3228 5281 3409 5335 omni-

1847 5370 1965 5435 bus,
1995 5371 2078 5438 p‘e
2104 5371 2352 5433 disserat,
2382 5370 2498 5423 dedi
2522 5384 2760 5437 operam,
2796 5381 2852 5423 ut
2881 5378 2935 5425 et
2961 5368 3205 5425 Graecum
3230 5386 3416 5425 exem-

1828 5461 1963 5529 -p|ar
2008 5464 2245 5529 prodiret
2290 5462 2340 5514 in
2391 5461 2689 5530 publicum,
2736 5462 2879 5531 quod
2938 5463 3206 5516 sexcentis
3257 5462 3411 5523 locis,

1846 5555 1945 5605 etsi
1979 5552 2030 5604 in
2072 5562 2179 5605 tam
2227 5567 2393 5619 parvo
2425 5566 2590 5620 opere
2622 5552 2879 5606 credibile
2905 5553 2991 5606 vix
3033 5562 3135 5618 est,
3192 5552 3414 5605 mirahi.

1847 5646 1968 5697 liter
2016 5647 2220 5697 mendis
2270 5645 2602 5713 inquinatum
2639 5647 2864 5697 tlttorttm
2903 5654 3232 5698 vetustorum
3264 5646 3411 5700 codi-

158 5748 252 5818 qui
286 5746 358 5801 de
386 5740 727 5817 philosophia
756 5751 807 5795 et
833 5742 1047 5811 quidem
1077 5740 1278 5795 Graecis
1309 5741 1498 5794 litteris
1538 5738 1738 5807 aliquid
1770 5806 1773 5809 Α
1843 5752 1965 5789 eum
2018 5750 2118 5804 ope
2165 5738 2580 5804 espnrgavltnns
2608 5757 2621 5791 ;
2656 5746 2706 5790 et
2743 5735 2934 5789 Latina
2988 5750 3198 5815 quoque
3232 5738 3410 5791 inter-
