4216 6324
742 401 848 457 ‘95

1775 399 2078 457 NEMESIU
2090 401 2128 455 S
2167 400 2546 458 EPISCOI‘US
2592 401 2869 457 EMESEN
2882 403 2986 461 US.

3931 408 4040 465 696

742 523 995 591 pretatio,
1032 536 1137 591 quo
1168 520 1413 575 omnium
1448 518 1819 590 intelligentim
1848 521 2205 582 serviremus,
2236 519 2330 574 ad-
2362 529 2405 583 Α
2436 536 2598 587 quam
2629 523 2850 590 probari
2907 522 3000 577 tihi
3042 525 3222 593 cupio,
3273 526 3493 582 nescire
3523 534 3574 580 te
3611 524 3776 579 nolui.
3814 523 3891 580 De
3923 537 4039 576 ce-

741 611 1076 685 jungeretur.
1125 612 1249 667 llaec
1299 626 1467 683 pauca
1508 613 1575 667 de
1608 612 1839 667 consilio
1877 627 1997 666 meo
2048 620 2101 667 et
2142 626 2333 681 opera,

2449 616 2598 678 teris,
2654 630 2776 670 cum
2803 616 2974 686 leges,
2997 632 3095 687 pro
3120 619 3345 674 arbitrio
3366 630 3462 675 tuo
3495 618 3856 675 existimabis.
3883 611 4036 672 Vale.

1984 860 2053 922 C.
2101 859 2439 924 Plautinus
2480 864 2701 929 lectori
2747 885 2777 926 ε

814 977 930 1033 Non
982 977 1227 1033 inutilem
1295 978 1553 1035 studiosis
1604 979 1774 1042 viris,
1846 993 2021 1047 neque
2069 980 2336 1050 ingratam

744 1085 858 1126 rem
893 1068 1133 1126 facturus
1167 1070 1299 1125 mihi
1326 1070 1568 1135 videbar,
1598 1069 1663 1133 si,
1694 1069 1822 1139 quia
1858 1067 2168 1125 Nemesium
2196 1087 2338 1127 nunc

747 1164 990 1233 primum
1046 1162 1098 1218 in
1155 1163 1333 1217 lucem
1386 1161 1773 1231 producimus,
1831 1160 2056 1230 paucula
2106 1161 2173 1217 de
2223 1162 2340 1232 ipso

743 1251 995 1308 Nemesio
1017 1253 1302 1321 adderem;
1336 1267 1439 1307 non
1470 1260 1527 1305 ut
1552 1251 1697 1307 illum
1738 1251 1975 1317 laudem,
2019 1267 2142 1305 nam
2193 1252 2337 1307 bona

751 1359 927 1413 merx,
976 1355 1034 1401 ut
1079 1346 1297 1409 dicitur,
1343 1360 1596 1416 praecone
1643 1359 1750 1401 non
1798 1354 1959 1416 eget:
1992 1346 2120 1416 quid
2157 1356 2336 1401 autem

747 1433 853 1490 hoc
886 1437 1283 1490 commentario
1312 1434 1366 1489 in
1402 1434 1567 1491 simili
1616 1444 1940 1513 argumento
1966 1442 2146 1490 exstat
2178 1449 2337 1489 aecu-

745 1520 961 1582 ratius?
996 1527 1113 1590 sed,
1156 1536 1215 1581 ut
1260 1527 1383 1597 quis
1422 1526 1510 1582 ille
1551 1526 1771 1581 tandem
1824 1525 2010 1592 fuerit,
2048 1527 2217 1581 verbo
2250 1526 2333 1579 in-

752 1620 953 1675 dicem.
1004 1619 1391 1691 Philosophum
1442 1620 1605 1691 igitur
1664 1619 1835 1673 fuisse
1883 1627 1937 1675 et
1990 1619 2342 1687 episcopum,

756 1709 897 1766 liber
941 1710 1166 1781 ejusque
1213 1712 1375 1767 index
1425 1720 1732 1766 testantur:
1766 1720 1821 1765 et
1859 1724 1927 1764 ex
1971 1710 2199 1779 epistola
2244 1709 2346 1763 hac

752 1801 1086 1858 Nazianzeni
1113 1802 1213 1871 (ii),
1251 1816 1412 1872 quam
1438 1801 1528 1857 hic
1550 1802 1716 1857 etiam
1750 1801 2107 1872 adjiciendam
2138 1801 2345 1870 putavi,

818 1940 897 2011 (α)
939 1938 1182 2010 Epistoia
1229 1940 1477 2011 Gregorii
1525 1948 1610 1996 est
1654 1940 1745 2001 79.
1782 1953 1903 2009 quae
1929 1937 2118 2008 incipit
2143 1936 2340 2011 :Ei'AGOt

743 2009 887 2067 δοκῶ
922 2009 1200 2084 φορτικός.
1237 2011 1311 2065 Ea
1338 2009 1465 2067 vero
1490 2012 1562 2064 ita
1587 2020 1901 2079 comparata
1932 2018 2038 2075 est,
2072 2019 2130 2062 ιιι
2153 2009 2346 2063 eodem

2444 985 2606 1041 facile
2670 986 3031 1055 intelligitur,
3095 995 3313 1057 quanta:
3368 983 3533 1039 fuerit
3579 982 3921 1037 aucturitatis
3974 994 4041 1040 ac

2441 1078 2677 1132 nominis
2740 1076 3119 1149 philosophus.
3180 1078 3255 1132 Ex
3307 1079 3496 1132 eadem
3551 1079 3897 1145 perspicuum
3933 1087 4041 1138 est,

2439 1185 2563 1227 eum
2609 1170 2860 1227 ﬂoruisse
2913 1170 3243 1240 imperatore
3287 1169 3551 1225 Gratiano
3600 1183 3666 1222 ac
3708 1166 4042 1230 Theodosio,

2439 1283 2548 1338 quo
2621 1277 2865 1338 tempore
2932 1265 3199 1320 Maximus
3267 1265 3429 1319 etiam
3498 1262 3877 1331 philosophus,
3949 1258 4043 1312 Li-

2441 1359 2688 1427 banius,
2756 1357 3036 1424 Basilius,
3106 1356 3373 1427 multique
3445 1354 3533 1407 alii
3600 1352 4042 1424 praestantissimi

2438 1450 2541 1504 viri
2593 1451 2870 1505 vivebant.
2924 1449 3172 1503 Meminit
3231 1448 3343 1516 ipse
3369 1444 3620 1514 Origenis
3650 1457 3704 1497 et
3739 1442 4044 1512 Apolinarii

2442 1558 2579 1613 quos
2623 1542 2942 1597 adolescens
2994 1541 3196 1595 vidisse
3254 1538 3487 1593 fortasse
3542 1538 3737 1606 potuit.
3796 1534 3869 1588 De
3922 1534 4047 1585 loco

2444 1615 2751 1708 ὲτῖεισκοπῆς
2827 1634 2961 1691 nihil
3030 1636 3293 1701 comperi.
3361 1631 3515 1685 Nunc
3593 1630 3659 1684 ad
3731 1627 4043 1699 epistolam.

2452 1730 2599 1784 Vale.

2448 1936 2569 2006 jure
2610 1934 2973 2006 ad_quemvis
3027 1931 3193 1986 alium
3247 1930 3560 2005 Nemesium
3596 1926 3821 2006 scripta
3872 1922 4049 1980 videri

2458 2000 2644 2075 possit.
2684 2000 2946 2059 consulto
2978 2018 3107 2073 ergo
3131 2018 3253 2057 eam
3287 2000 3755 2072 praetermisimus.

754 2110 4038 2147 Μ

1222 2274 1872 2365 ΡιιλΕΡΑΤιΟ
1950 2271 2535 2366 EDITORIS
2607 2271 3373 2367 OXONIENSIS
3445 2254 3525 2334 (α)

820 2606 1115 2661 Auctorem
1152 2605 1240 2660 hic
1283 2605 1475 2660 damus
1506 2612 1777 2668 veterem,
1826 2600 2121 2668 eruditum,
2169 2602 2345 2671 pium,
2380 2606 2423 2665 Β
2459 2602 2647 2657 sertim
2679 2601 2821 2670 apud
2852 2599 3131 2665 librarios,
3176 2599 3266 2672 qui
3309 2599 3360 2655 id
3394 2614 3608 2672 semper
3632 2609 3821 2671 agunt,
3857 2611 3909 2656 ut
3949 2617 4052 2660 no-

750 2700 839 2770 qui
889 2700 942 2754 in
990 2698 1168 2769 Lyieo
1208 2697 1414 2767 pariter
1444 2706 1498 2753 et
1527 2696 1775 2753 Ecclesia
1804 2695 2135 2751 dictaturam
2183 2708 2343 2748 exer-

751 2795 901 2859 cuit;
941 2803 1151 2845 naturie
1190 2790 1345 2860 juxta
1392 2800 1446 2845 et
1486 2790 1703 2860 pietatis
1732 2791 1985 2855 antistes,
2020 2790 2073 2842 in
2102 2787 2346 2856 philoso-

752 2882 892 2950 phia:
932 2879 1206 2950 mysteriis
1243 2889 1462 2949 epopta,
1517 2878 1638 2934 fidei
1681 2879 1988 2947 episcopus.
2025 2876 2132 2931 Sed
2162 2875 2345 2930 nescio

751 2988 859 3042 quo
914 2971 1044 3032 fato,
1099 2972 1351 3024 hmnome
1399 2971 1593 3025 animae.
1642 2969 1775 3035 ritu,
1825 2983 1989 3039 quam
2036 2966 2347 3022 felicissime

753 3070 997 3119 enarrat.
1036 3060 1238 3128 reliqua
1274 3067 1467 3113 cuncta
1501 3060 1625 3113 dum
1658 3057 1907 3127 intelligit
1936 3066 1990 3112 et
2014 3068 2342 3127 perscruta-

754 3163 862 3215 tur,
911 3133 1044 3204 latet
1081 3154 1214 3218 ipse,
1264 3165 1363 3204 nec
1409 3151 1541 3204 satis
1589 3150 1947 3219 dignoscitur.
2000 3147 2346 3203 Dissimulato

751 3246 870 3315 ejus
899 3260 997 3315 per
1027 3258 1186 3313 quem
1232 3242 1526 3311 plurimum
1561 3243 1902 3310 profecerunt
1932 3242 2168 3301 nomine,
2206 3240 2346 3295 cele-

756 3338 887 3392 bres
914 3338 1117 3406 aliquot
1146 3338 1307 3404 prisci
1353 3335 1453 3389 δινὶ
1499 3338 1816 3404 scriptores,
1862 3332 2109 3388 Julianus
2148 3330 2343 3385 Pome-

773 3435 887 3486 r‘ns
928 3432 1025 3499 (b),
1053 3428 1210 3483 Joan.
1260 3426 1648 3491 Damascenus,
1688 3426 1830 3481 Elius
1858 3424 2154 3491 Cretensis,
2187 3423 2348 3478 Mele-

769 3526 897 3587 tius,
927 3524 1172 3577 Eretrius
1198 3522 1293 3592 (c),
1327 3535 1432 3574 non
1469 3519 1627 3573 modo
1661 3518 1910 3586 periodos
1930 3517 2211 3587 plurimas,
2250 3516 2345 3570 sed

753 3615 957 3671 stihdas
984 3618 1210 3683 paginas
1249 3614 1589 3680 schcdasque
1631 3609 1997 3663 voluminibus
2044 3613 2157 3662 suis
2202 3607 2348 3659 inse-

757 3721 932 3761 ruere.
970 3706 1106 3772 Quin
1147 3705 1347 3759 leviora
1392 3703 1505 3758 lucc
1551 3701 1756 3756 fuerint
1786 3718 1801 3765 ;
1836 3716 1931 3771 per
1961 3702 2112 3770 plura
2149 3701 2344 3754 saecula

759 3815 897 3869 opus
945 3800 1215 3868 integrum
1247 3797 1400 3851 titulo
1438 3809 1593 3851 tenus
1634 3796 1999 3859 immutatum,
2032 3804 2086 3849 et
2112 3793 2347 3863 philoso—

756 3895 899 3961 phia:
954 3891 1128 3959 elogio
1181 3901 1423 3955 auctum,
1457 3887 1723 3959 Gregorio
1775 3890 2043 3953 accessit;
2104 3897 2158 3939 et
2208 3886 2349 3939 inter

2453 2693 2695 2747 minibus
2740 2691 3192 2747 celebratissimis
3228 2705 3441 2746 merces
3470 2706 3598 2746 suas
3642 2692 4053 2759 commendent,

2451 2784 2736 2840 Nemesius
2769 2783 2913 2838 illico
2943 2784 2995 2837 in
3046 2782 3369 2854 Gregorium
3414 2785 3653 2845 transiit,
3693 2794 3747 2839 et
3772 2783 4054 2855 Nyssenus

2451 2876 2504 2930 in
2536 2875 2863 2931 Emesenum
2894 2877 3326 2944 permutabatur.

2524 2966 2593 3021 Ut
2643 2966 2814 3021 verbo
2848 2967 3055 3029 dicam,
3099 2981 3412 3036 quanquam
3465 2967 3553 3020 vix
3602 2969 3893 3037 quisquam
3946 2978 4053 3030 est,

2450 3058 2604 3127 cujus
2654 3058 2815 3112 elfala
2869 3058 3053 3128 plures
3107 3059 3337 3113 subinde
3388 3059 3560 3113 citant
3604 3071 3656 3114 et
3712 3070 4051 3123 mutuantur,

2457 3152 2645 3206 videre
2682 3152 2922 3206 nondum
2960 3152 3188 3219 contigit
3222 3165 3285 3203 ex
3323 3151 3599 3205 veteribus
3626 3150 3891 3219 aliquem,
3915 3166 4059 3220 prte-

2450 3251 2535 3298 ter
2579 3244 2928 3298 Anastasium
2972 3241 3249 3296 Nieaanum
3296 3242 3348 3295 in
3389 3240 3589 3305 Quazst.
3625 3242 3677 3293 in
3716 3239 3779 3295 S.
3824 3239 4055 3302 Script,

2450 3345 2506 3393 et
2551 3337 2739 3392 Mosen
2791 3335 3163 3404 BarcCeplmm
3213 3338 3263 3388 in
3314 3333 3454 3388 libro
3509 3331 3584 3386 De
3637 3334 3913 3401 paradiso,
3960 3335 4057 3400 qui

2459 3430 2635 3499 ipsum
2690 3430 3011 3484 nominatim
3077 3427 3400 3480 laudaverit.
3476 3425 3758 3492 Superiori
3830 3426 4057 3495 quidem

2449 3522 2669 3587 siticuln,
2700 3536 2821 3576 cum
2853 3520 3058 3576 Greca:
3093 3518 3288 3573 litterae
3334 3518 3493 3587 pulsa
3528 3518 3781 3571 barbaric
3823 3518 4060 3585 Europae

2453 3614 2789 3683 postliminio
2833 3613 3211 3674 redderentur,
3260 3609 3425 3663 Valla
3480 3620 3533 3664 et
3598 3610 3866 3665 Ellebodii
3908 3611 4056 3665 iudi-

2448 3708 2572 3769 ciis,
2617 3713 2671 3758 et
2714 3719 2845 3759 mss.
2887 3702 3245 3773 plurimorum
3274 3688 3558 3771 suilragio,
3589 3705 3851 3771 appositis
3887 3705 4057 3757 etiam

2451 3797 2770 3851 criticorum
2820 3794 3070 3859 calculis,
3131 3795 3221 3848 diu
3272 3785 3566 3864 oppressus
3639 3794 3930 3849 Nemesius
4002 3796 4056 3847 in

2450 3891 2720 3960 integrum
2773 3890 3178 3943 restituebatur.
3229 3888 3369 3955 Quin
3414 3899 3467 3942 et
3501 3888 3647 3941 card.
3686 3887 4061 3941 Bi-llarininus

760 3984 1016 4038 l’raisnlis
1056 3981 1285 4053 Nysscni
1325 3982 1527 4050 scripta
1560 3980 1757 4050 passim
1788 3977 2176 4047 evulgabatur:
2207 3976 2351 4047 quod
2380 3973 2420 4029 C
2462 3982 2534 4036 De
2576 3988 2759 4051 script.
2796 3981 2983 4036 ei-cles.
3019 3982 3081 4035 ad
3113 3997 3310 4035 annum
3344 3981 3467 4043 500,
3506 3993 3636 4045 etc,,
3667 3982 4058 4036 observatione

757 4078 831 4129 ita
872 4075 1098 4138 factum,
1136 4086 1195 4127 ut
1239 4072 1535 4142 Gregorius
1577 4072 1837 4139 deinceps
1880 4071 2019 4139 apud
2065 4069 2350 4138 pleresque

757 4174 865 4212 non
913 4157 1189 4229 Nyssenus
1234 4156 1397 4223 ultra,
1438 4157 1531 4210 sed
1563 4155 1864 4209 Emesenus
1895 4156 2142 4219 audiret;
2192 4157 2345 4223 quasi

758 4262 856 4305 ista
902 4249 1243 4320 cognominis
1290 4248 1689 4317 permutatione
1730 4261 1852 4300 cum
1904 4258 2089 4301 nostro
2132 4247 2348 4301 decide-

759 4353 944 4406 retur,
997 4351 1052 4397 et
1118 4343 1185 4395 de
1238 4339 1396 4409 plagii
1452 4338 1648 4407 injuria
1704 4338 2012 4393 satisfieret.
2066 4337 2141 4391 Ita
2199 4352 2343 4391 enim

754 4434 1080 4503 Gregorium
1132 4432 1461 4502 appellatum
1508 4446 1652 4495 esse,
1704 4440 1918 4485 constat
1965 4445 2067 4485 non
2124 4429 2281 4482 modo
2319 4444 2349 4481 e

755 4524 1041 4581 Tritheniii
1086 4524 1178 4578 ιιι).
1224 4522 1299 4576 De
1336 4525 1569 4592 imagine
1617 4532 1667 4577 et
1722 4523 2021 4576 conditione
2079 4522 2343 4585 hominis,

756 4614 983 4671 Honorii
1035 4617 1129 4669 lih.
1172 4615 1247 4668 De
1288 4615 1653 4670 ecclesiasticis
1690 4616 2079 4684 scriptmibus;
2114 4614 2346 4667 Vincen-

764 4713 838 4762 tio
883 4710 934 4761 in
970 4707 1122 4775 Spec.
1167 4707 1290 4762 hist.
1339 4708 1432 4760 lib.
1467 4722 1577 4768 XIV,
1613 4722 1661 4761 c.
1694 4706 1796 4772 28;
1831 4705 2068 4761 Bustono
2101 4705 2345 4759 Btiriensi

758 4806 812 4856 in
858 4817 957 4856 suo
1000 4801 1214 4865 CataL;
1258 4799 1567 4867 Leunclavti
1612 4798 1895 4853 Pandectis
1935 4798 2076 4853 Hist.
2112 4798 2346 4865 't'urcic.,

758 4898 852 4953 sed
883 4898 1048 4952 etiam
1086 4894 1361 4949 nonnullis
1404 4892 1716 4960 Hieronymi
1748 4891 2027 4945 codicibus
2069 4893 2210 4961 typis
2253 4893 2352 4945 im-

760 4988 990 5060 pressis,
1034 4998 1089 5041 et
1135 4985 1410 5056 plerisque
1438 5000 1568 5041 mss.
1604 4983 1812 5039 Revera
1848 4994 2137 5038 ttactatum
2183 4986 2351 5039 edidit

760 5080 831 5135 Μ.
862 5079 1045 5133 Basilii
1078 5078 1249 5132 frater
1278 5076 1575 5148 Nyssenus,
1609 5074 1688 5130 De
1718 5076 1927 5145 opiﬁcio
1975 5077 2229 5141 hominis,
2256 5078 2347 5146 qui

760 5186 885 5227 cum
924 5172 1064 5225 idem
1108 5169 1387 5223 videretur
1435 5184 1559 5221 cum
1612 5168 1714 5223 hoc
1760 5179 1968 5232 nostro,
2014 5168 2103 5237 qui
2147 5167 2223 5221 De
2254 5185 2349 5220 na-

764 5272 886 5315 tura
919 5261 1148 5314 hominis
1180 5261 1498 5315 inscribitur
1524 5298 1540 5325 ,
1572 5260 1979 5329 promptissimo
2011 5259 2185 5327 lapsu,
2216 5276 2350 5329 pra:-

2460 4076 2617 4129 tertia
2650 4079 2705 4128 in
2730 4072 3039 4143 Gregorium
3080 4074 3383 4128 ait:libros
3424 4084 3541 4127 octo
3593 4075 3666 4127 Dc
3708 4074 4057 4143 philosophia

2458 4183 2561 4220 non
2590 4166 2759 4232 pideri
2798 4182 2911 4220 esse
2949 4165 3008 4220 S.
3041 4163 3291 4236 Gregorii
3344 4165 3594 4236 Nysseni,
3646 4169 3915 4221 rationem
3954 4168 4059 4221 ad-

2459 4250 2623 4324 dens,
2649 4258 2784 4312 satis
2842 4256 3051 4311 futilcm
3086 4258 3229 4311 illam
3267 4260 3507 4327 quidem,
3536 4259 3653 4312 sed.
3691 4257 3845 4322 Quod
3878 4261 3931 4312 in
3958 4259 4058 4317 lib.

2456 4351 2682 4403 secundo
2722 4349 2869 4401 docet
2912 4351 3145 4402 animam
3202 4366 3309 4403 non
3349 4352 3518 4403 creari
3567 4368 3619 4404 ιιι
3671 4366 3913 4419 corpore,
3961 4351 4057 4404 sed

2454 4452 2576 4494 ante
2596 4457 2785 4507 Corpus
2826 4440 2987 4509 fuisse
3028 4453 3295 4505 creatam;
3341 4446 3429 4504 qui
3472 4450 3545 4494 est
3591 4458 3737 4494 error
3772 4440 4051 4512 Origems.

2454 4532 2619 4599 Quasi
2667 4532 2794 4588 véro
2839 4549 2943 4588 non
2997 4536 3095 4588 sub
3144 4536 3334 4589 eadem
3370 4535 3567 4587 invidia
3608 4533 3881 4589 laboraret
3919 4534 4059 4604 Nys-

2456 4643 2639 4691 scnns,
2664 4627 2820 4697 cujus
2854 4628 3051 4695 scripta
3082 4630 3149 4680 ab
3174 4628 3497 4696 Origenistis
3526 4629 3849 4697 interpolata
3880 4630 4054 4684 fuisse

2453 4728 2646 4771 auctor
2675 4730 2757 4772 est
2803 4718 3172 4787 Nicephorus;
3228 4720 3335 4773 imo
3369 4720 3505 4772 adeo
3549 4721 3767 4787 penitus
3804 4720 4058 4791 Νῖδεετιιο

2454 4810 2742 4865 calumnia:
2778 4809 2928 4865 labes
2972 4812 3072 4865 ista
3126 4812 3376 4875 adhaesit,
3412 4820 3468 4864 ιιι
3508 4810 3783 4865 Germano
3819 4812 4057 4878 patriar.

2453 4902 2570 4956 clue
2614 4917 2832 4956 necesse
2854 4916 2998 4957 esset
3034 4902 3229 4956 librum
3283 4905 3552 4971 integrum
3588 4904 3960 4965 conscribere.
3998 4918 4055 4958 ιιι

2456 4991 2629 5057 ipsum
2668 5006 2731 5045 ea
2768 4990 2834 5045 de
2898 5006 2954 5045 re
3013 5000 3340 5055 excusaret;
3382 4992 3522 5058 quod
3573 4991 3759 5043 videre
3801 5000 3886 5043 est
3936 5000 4053 5043 tum

2453 5082 2603 5146 alibi,
2635 5092 2746 5134 tum
2781 5082 2830 5134 in
2857 5080 3032 5136 Phatii
3062 5080 3406 5151 Myriohiblo.
3438 5083 3504 5135 At
3534 5095 3664 5135 vero
3691 5081 3734 5133 si
3768 5080 3891 5134 libri
3924 5091 4055 5136 octo

2451 5173 2529 5227 De
2566 5174 2898 5244 philosophia
2946 5188 3052 5226 non
3100 5186 3227 5226 sunt
3258 5174 3527 5242 Gregorii,
3576 5175 3718 5227 hanc
3752 5174 3954 5226 saltem
3983 5174 4054 5227 ob

2448 5278 2688 5325 causam,
2718 5264 2859 5332 quod
2890 5264 3045 5319 docet
3074 5264 3312 5317 animam
3350 5280 3455 5318 non
3492 5265 3667 5318 creari
3705 5265 3755 5316 in
3788 5278 4054 5332 corpore,

834 5416 909 5497 (_a)
943 5414 1225 5497 Fabricius
1270 5413 1324 5497 in
1373 5412 1703 5497 Bibliotheca.
1745 5410 1841 5467 Gr.
1888 5414 2022 5497 vol;
2050 5414 2162 5497 ΥΠ,
2213 5431 2332 5497 pag.
2372 5421 2415 5475 D
2450 5427 2612 5497 catur
2646 5419 2912 5497 expiscari
2963 5434 3066 5497 non
3113 5418 3431 5497 potui,_elsi
3478 5416 3629 5486 plura
3662 5417 3788 5471 Elia:
3816 5420 4011 5480 srript'

762 5482 901 5550 55'1,
940 5486 1259 5545 arbitratur,
1308 5486 1450 5536 hunc
1481 5482 1939 5555 fuisse_.|oaiinem
1984 5482 2337 5555 Felluni,‘qni

764 5564 1300 5625 postea_creatus_est
1328 5556 1611 5625 episcOpus
1632 5551 1977 5625 0.\joniensis.

838 5628 910 5694 (ὁ)
948 5622 1149 5677 Juliani
1202 5622 1438 5677 Pomerii
1480 5625 1646 5677 libros
1681 5623 1868 5694 ihabeo
1917 5624 1968 5677 iu
2016 5622 2341 5679 Bibliotheca

766 5693 1013 5750 l’utrum.
1058 5695 1328 5748 Melctium
1383 5693 1904 5762 beiielicioipangeri
1951 5709 2132 5762 aCU'pl
2167 5710 2227 5748 et
2261 5698 2343 5751 bi-

765 5767 1034 5823 bliotheca
1097 5764 1590 5835 Gnelpherbytana.
1651 5761 1729 5835 Ex
1792 5774 1985 5818 neutro
2044 5761 2340 5834 quidquam
2394 5824 2397 5827 _

768 5836 990 5897 profeci.
1026 5835 1097 5887 De
1125 5833 1435 5903 quo’auteiii
1478 5835 1617 5887 libro
1662 5833 1787 5885 Elia:
1814 5835 2091 5888 Cretensrs
2127 5833 2214 5889 hic
2254 5838 2336 5889 di-

2449 5502 2572 5567 qUte
2603 5488 2652 5540 in
2682 5488 2960 5542 codicibus
2991 5488 3403 5557 MusquenSibus
3433 5500 3795 5556 reperiuntur,
3835 5496 3870 5539 ιι
3891 5500 4051 5542 ..ειδ-

2455 5572 2643 5611 \Cl'llll.

2526 5628 2595 5697 (τ)
2640 5628 2884 5682 Eretrius
2936 5643 3130 5682 nomen
3182 5638 3265 5683 est
3318 5628 3537 5697 gentile,
3602 5642 3706 5680 non
3763 5630 4053 5695 proprium

2454 5699 2571 5750 νίιιΔ
2630 5698 2767 5752 Puto
2805 5716 2936 5765 ergo
2966 5700 3163 5768 corrigi
3187 5703 3351 5752 udum
3390 5714 3515 5753 esse
3548 5716 3559 5751 :
3597 5698 3838 5768 Meletins
3876 5712 4050 5753 ι.ιιι“‹ι·

2456 5770 2723 5834 sophista,
2766 5788 2857 5837 qni
2894 5771 3089 5821 lthruin
3125 5767 3197 5821 De
3228 5770 3438 5823 homine
3467 5770 3705 5837 Scripsit.
3733 5767 3851 5822 για.
3878 5768 4050 5825 Fabi”.

2457 5837 2591 5891 ιιιω.
2629 5841 2719 5894 Gr.
2758 5842 2862 5893 Vol.
2904 5838 3033 5902 VIII,
3070 5856 3115 5900 ι).
3151 5841 3274 5893 405.
