4216 6324
168 396 255 450 i'l7
1512 400 2046 458 PROLEGOMENA.

3313 405 3419 459 498

164 514 337 567 mirari
375 517 513 569 satis
546 530 655 568 non
700 529 945 583 possunt,
996 516 1123 585 quid
1165 518 1218 569 in
1264 526 1498 573 mentem
1536 521 1743 574 venerit
1774 525 1817 579 Α
1850 518 2058 572 niorum
2086 514 2483 570 feracissimum
2510 512 2638 568 illud
2661 514 2915 568 stne-tilum
2946 512 3106 579 sapit.
3126 513 3213 568 ubi
3239 516 3419 569 ethni-

164 605 373 673 nuperis
420 606 676 661 omnibus
719 604 950 677 Nysseni
995 608 1313 672 editmibtts,
1362 618 1419 664 ut
1472 611 1738 682 integrum

165 698 457 751 secundum
486 710 670 769 caput,
706 701 846 769 quod
875 702 1055 771 operis
1082 700 1319 757 Nemesii
1343 718 1445 759 non
1494 714 1740 760 contem-

165 790 390 842 nendam
421 799 629 858 partem
653 790 833 856 eﬂicit,
861 803 915 846 et
938 792 1084 845 illum
1114 793 1301 861 ipsum
1327 796 1393 850 de
1430 796 1738 850 animarum

165 881 590 948 praeexsistentia
623 896 861 937 errorem
900 883 953 937 in
998 898 1057 937 se
1096 884 1278 963 habet,
1333 895 1617 956 postquam
1660 896 1741 942 to-

168 982 269 1024 tum
291 987 431 1039 opus
454 971 716 1044 Gregorio
733 976 1035 1045 justissima
1047 976 1257 1048 judicio
1272 979 1470 1032 dudum
1496 988 1741 1047 ereptum

172 1062 436 1121 Emeseno
475 1077 663 1121 nostro
706 1068 982 1122 addictttm
1024 1068 1236 1136 fuisset,
1281 1070 1579 1126 etiamnum
1619 1081 1742 1126 tan-

165 1166 319 1219 quam
364 1151 610 1224 Gregorii
662 1156 953 1226 genuinum
1013 1155 1180 1213 fetum
1236 1159 1378 1213 inter
1415 1174 1578 1229 opera
1630 1162 1746 1230 ejus

164 1242 501 1309 erulgarent.
560 1245 698 1312 Quin
750 1256 806 1301 et
866 1250 1069 1318 pariter
1124 1250 1309 1304 mirari
1367 1252 1529 1311 subit.
1579 1268 1747 1320 quare

170 1347 458 1389 tractatum
496 1340 816 1407 praedictum
846 1352 1010 1412 caput
1034 1344 1405 1398 continentem
1446 1359 1476 1399 a
1507 1344 1749 1416 Burgun-

167 1425 320 1480 dione
375 1425 565 1481 Latine
608 1428 837 1494 editum,
887 1447 986 1487 nec
1032 1449 1137 1487 non
1174 1433 1437 1499 Cononis,
1476 1435 1744 1506 Rhenani,

170 1515 350 1578 Vallzp,
384 1516 646 1574 Ellebodii
676 1524 823 1577 curis
846 1524 1243 1592 elucubratum,
1277 1527 1455 1582 denuo
1498 1528 1750 1586 Frederi-

169 1623 259 1664 cus
290 1609 547 1666 Murellus
587 1615 1059 1685 interpretaretur,
1106 1618 1249 1672 nulla
1287 1619 1485 1676 laboris
1531 1632 1639 1678 tam
1668 1640 1751 1681 su-

168 1704 416 1769 pervacui
453 1706 662 1760 ratione
688 1709 917 1762 reddita.

234 1791 289 1846 In
331 1793 571 1848 editione
626 1796 906 1863 Ellebodii,
955 1808 1013 1853 ut
1069 1807 1124 1855 et
1188 1800 1384 1873 Bignmi
1454 1806 1656 1873 etiam,
1695 1807 1747 1862 in

1843 611 2045 663 cismus
2078 606 2189 674 jam
2220 606 2591 675 exspiraturus
2614 604 2829 658 ultimos
2856 618 2983 658 suos
3016 613 3245 659 conatus
3269 605 3420 660 vide-

1849 707 1935 751 tur
1963 698 2218 765 edidisse,
2255 707 2308 752 et
2352 698 2454 752 sub
2493 694 2780 760 Hieroclis,
2814 694 3033 760 Plotini,
3075 694 3405 759 Jamblichii,

1847 789 2129 861 Porphyrii
2153 799 2208 843 et
2238 788 2588 858 reliquormn,
2620 788 2709 858 qui
2746 786 2813 840 ab
2845 786 3085 854 Eunapio
3110 801 3419 841 memoran-

1851 889 1960 942 tur.
2003 880 2287 951 prasidiis,
2350 879 2743 951 philosophiam
2792 878 3206 935 Cltristianismo
3259 895 3422 949 oppo-

1849 976 1982 1036 suit,
2012 984 2070 1029 ut
2101 990 2164 1030 ex
2192 974 2359 1029 altera
2401 982 2552 1042 parte
2580 973 2767 1027 eadem
2811 981 3127 1041 tempestate
3159 972 3416 1041 auspiciis

1852 1080 1960 1120 nou
2023 1064 2344 1129 minoribus,
2392 1063 2460 1117 ab
2516 1062 2831 1125 Athanasio,
2885 1061 3105 1126 Basilio,
3151 1061 3422 1131 Ephremu

1851 1158 2009 1229 Syro,
2048 1156 2314 1228 Nysscno,
2360 1153 2722 1216 Nazianzeno.
2766 1151 3065 1222 Epiphanio
3093 1154 3231 1208 idem
3265 1154 3422 1208 Chri-

1850 1250 2163 1305 stianismus
2216 1248 2567 1319 phiIOSOphiaa
2620 1246 2782 1300 etiam
2815 1246 3079 1315 Suppetiis
3108 1246 3421 1300 defemleba-

1851 1351 1958 1396 tur.
2006 1338 2112 1394 Sed
2169 1341 2221 1393 in
2270 1355 2326 1393 re
2362 1350 2466 1391 tam
2502 1337 2705 1391 lubrica
2742 1337 2875 1392 certi
2909 1337 3112 1405 aliquid
3159 1345 3420 1398 statuere,

1853 1432 2041 1488 nimiae
2071 1442 2219 1487 esset
2246 1430 2523 1494 audaciae;
2556 1430 2857 1498 pra'scrtim
2889 1429 3104 1499 quando
3134 1428 3264 1482 nihil
3296 1442 3423 1498 pro-

1850 1526 2021 1589 hibet,
2070 1525 2251 1594 plures
2284 1522 2449 1577 fuisse
2484 1518 2785 1583 Nemesios,
2831 1533 3030 1590 eosque
3071 1520 3427 1591 philosophos

1849 1628 1905 1672 et
1935 1616 2273 1672 Christianos
2321 1615 2464 1669 circa
2505 1613 2831 1667 Nazianzeni
2884 1624 3140 1683 tempora.
3174 1614 3334 1668 Certe
3368 1612 3423 1667 ir.

1849 1708 2041 1765 lsidori
2086 1709 2374 1764 Pelusiotae
2416 1708 2635 1777 scriptis
2673 1704 2911 1761 Nemesii
2955 1706 3116 1763 etiam
3145 1705 3423 1775 cujusdam

1857 1801 2186 1855 mentionem
2218 1814 2529 1861 occurrere,
2559 1806 2616 1852 et
2662 1798 2903 1866 quinque
2934 1796 3191 1866 epistolas
3223 1797 3424 1850 nmnini

172 1878 417 1935 Biblioth.
459 1881 613 1935 Patr.
648 1885 752 1939 vol.
790 1885 904 1953 XII,
940 1889 1024 1943 hic
1065 1900 1247 1945 noster
1282 1892 1570 1950 Netnesius
1604 1895 1758 1959 Gre-,

1863 1890 1949 1945 isti
2001 1890 2205 1947 dicatas
2256 1888 2499 1958 reperiri,
2531 1889 2666 1944 satis
2713 1896 2958 1953 constat;
2993 1886 3109 1943 scil.
3145 1887 3423 1958 Νεμεσιῳ,

171 1972 304 2039 gurii
330 1972 656 2030 Nazianzeni
684 1978 969 2035 familiaris
991 1994 1042 2035 et
1076 1982 1426 2053 Cappadocia.-
1459 1988 1747 2057 praefectus

174 2061 337 2150 fuisse
393 2065 625 2131 dicitur;
689 2069 740 2122 in
794 2069 947 2139 cujus
1007 2074 1293 2131 sententia:
1348 2078 1749 2138 ﬁrmamentum

171 2155 393 2223 cpistola
437 2157 509 2211 79
542 2172 571 2211 a
604 2157 945 2217 Nazianzeno
1012 2165 1079 2219 ad
1135 2167 1381 2222 eumdem
1435 2171 1633 2241 scripta
1692 2174 1745 2229 in

173 2246 405 2301 medium
444 2250 783 2318 producitur.
815 2253 1136 2312 Debuissent
1182 2259 1397 2329 quidem
1426 2263 1540 2331 pari
1573 2266 1750 2320 omni-

176 2350 240 2389 no
264 2337 389 2406 jure
425 2347 537 2393 tres
570 2339 687 2395 alia:
716 2343 980 2411 epistolaa,
1012 2346 1270 2402 nimirum
1318 2348 1438 2415 185,
1469 2352 1592 2418 184,
1624 2355 1745 2423 185,

175 2442 268 2482 nec
313 2444 421 2483 non
481 2441 535 2484 et
588 2446 808 2487 carmen
850 2438 981 2491 satis
1021 2437 1312 2505 prolixum,
1374 2446 1447 2496 ad
1498 2447 1747 2502 eumdem

178 2521 398 2587 scripta,
448 2524 504 2574 iu
555 2524 921 2579 testimonium
973 2527 1155 2581 citari.
1204 2529 1392 2585 Billius
1419 2535 1659 2601 quidem,
1692 2547 1752 2592 ut

175 2619 225 2662 et
247 2608 332 2665 alii
352 2611 622 2677 ttOunulli,
656 2616 878 2670 minime
915 2619 1206 2674 verisimile
1233 2633 1445 2690 putant,
1471 2624 1752 2698 Cappado-

176 2717 268 2755 cia:
300 2703 642 2773 praefectorii,
676 2708 952 2765 hominem
1002 2711 1184 2767 sweuli
1216 2715 1363 2770 curis
1390 2718 1663 2775 addictum
1698 2730 1755 2776 et

178 2809 207 2847 a
236 2791 544 2850 Christiana
577 2798 775 2865 pietate
820 2800 1078 2869 alienttm,
1124 2816 1218 2859 aut
1263 2806 1574 2878 episcopum
1613 2811 1753 2879 ﬁeri,

178 2896 267 2938 aut
313 2883 513 2942 librum
561 2890 892 2958 istiusmodi,
927 2893 1106 2961 qualis
1158 2896 1247 2950 hic
1302 2908 1487 2955 noster
1518 2911 1621 2969 est,
1662 2907 1753 2976 qui

181 2991 286 3047 prae
316 2980 572 3035 manibus
609 2980 859 3047 habetur,
901 2986 1210 3054 scripsisse.
1234 2980 1401 3056 'Quod
1452 3001 1634 3048 autem
1687 2998 1757 3051 ad

182 3067 552 3137 przefecturam
627 3073 843 3139 attinet,
893 3085 947 3129 et
997 3092 1192 3132 nomen
1256 3082 1470 3138 Christo
1518 3085 1754 3141 nondum

179 3160 380 3225 datum,
416 3162 576 3220 facile
604 3166 708 3220 erit
740 3181 1035 3237 reponere:
1081 3186 1193 3225 rem
1221 3187 1341 3228 eam
1376 3189 1484 3230 non
1506 3179 1641 3233 adeo
1672 3179 1756 3232 in-

1855 1981 1947 2035 lib.
1979 1997 2043 2045 ll,
2077 1981 2241 2050 epist.
2271 1980 2395 2046 154,
2435 1980 2631 2044 lib.-tv,
2666 1980 2825 2049 epist.
2852 1978 2942 2040 33,
2968 1987 3021 2032 et
3056 1979 3148 2033 lib.
3178 1994 3230 2044 v,
3266 1978 3424 2048 epist.

1854 2074 1943 2139 56;
1977 2072 2231 2144 Νεμεσίῳ
2262 2072 2561 2144 Πραίτωρι,
2595 2071 2688 2127 lib.
2722 2086 2762 2135 ι,
2804 2070 2961 2140 epist.
3011 2069 3103 2135 44,
3132 2080 3186 2125 et
3214 2070 3427 2124 demum

1854 2164 2111 2236 Νεμεσίῳ
2132 2163 2486 2236 Μαστριανῷ,
2522 2163 2613 2217 lib.
2644 2177 2717 2225 tv,
2744 2162 2903 2229 epist.
2930 2160 3017 2216 81.
3052 2162 3179 2228 Quae
3212 2162 3428 2231 quldem

1856 2246 2033 2311 utrum
2067 2271 2231 2309 unum
2262 2255 2519 2325 aliquem,
2549 2269 2613 2307 an
2642 2254 2889 2309 diversos
2921 2254 3227 2323 designent,
3258 2268 3325 2307 an
3359 2253 3431 2306 ad

1856 2358 2133 2403 auctorem
2173 2356 2415 2401 nostrum
2462 2346 2729 2409 ullatenus
2779 2354 3042 2416 spectent,
3095 2344 3323 2399 aliorum
3360 2345 3432 2398 sit

1853 2442 2136 2511 judicium.
2199 2441 2327 2495 Mihi
2384 2441 2625 2510 quidem,
2669 2450 2747 2505 ut,
2804 2455 2923 2508 qua:
2972 2439 3224 2505 sentiam,
3260 2438 3433 2494 libere

1865 2534 2111 2603 eloquar,
2149 2532 2598 2587 verisimillimnm
2623 2546 2845 2602 prorsus
2876 2531 3107 2593 videtur,
3126 2530 3431 2585 Netiicsium

1860 2627 2003 2681 hunc
2030 2634 2273 2695 nostrum
2308 2624 2511 2679 vixisse
2553 2623 2769 2679 demum
2801 2634 3084 2693 appetente
3110 2635 3302 2692 quarto
3333 2639 3435 2680 sas.

1861 2717 2005 2781 culo,
2029 2716 2149 2772 scil.
2178 2717 2318 2771 ante
2346 2727 2437 2772 aut
2468 2715 2721 2778 Nestorii,
2757 2725 2851 2771 aut
2884 2715 3195 2787 Eutychetis
3222 2724 3431 2787 tempo-

1864 2822 1954 2873 ra,
1984 2807 2085 2862 hoc
2111 2816 2213 2872 est,
2246 2816 2535 2877 antequam
2569 2805 2769 2859 Paulus
2804 2804 2980 2859 Emesi
3021 2804 3276 2869 sedisset,
3308 2819 3432 2859 eum

1863 2900 2127 2970 intelligo,
2158 2900 2249 2969 qui
2295 2901 2556 2954 adversus
2597 2899 2903 2953 Nestorium
2932 2913 2990 2952 re
3015 2908 3235 2952 strenue
3282 2904 3434 2963 gesta

1862 3006 1928 3046 eo
1960 2992 2180 3046 nomine
2242 3006 2270 3042 a
2325 2988 2527 3060 Cyrillo
2577 2988 2942 3042 Alexandrino
3010 2986 3436 3041 cumulatissime

1865 3082 2072 3138 laudari
2112 3082 2331 3146 meruit,
2359 3091 2409 3135 et
2443 3079 2512 3135 ab
2555 3079 2830 3134 hismricis
2887 3077 3276 3133 ecclesiasdcis
3309 3092 3435 3147 pas-

1865 3175 1966 3230 sim
1998 3172 2283 3229 celcbrari.
2323 3170 2491 3240 llujus
2534 3174 2607 3227 rei
2651 3171 2905 3225 indicium
2948 3184 3051 3223 non
3089 3169 3204 3224 lere
3234 3178 3433 3232 statuo,

178 3252 491 3335 credibilem
522 3256 690 3311 \ideri
730 3236 811 3312 iis,
827 3260 918 3328 qui
942 3264 1210 3328 noverint,
1242 3265 1433 3333 quales
1465 3281 1530 3323 eo
1557 3270 1671 3337 ipso
1703 3269 1757 3325 in

1867 3267 2009 3334 quod
2040 3279 2160 3319 cum
2185 3278 2304 3333 cap.
2334 3236 2416 3328 3,
2434 3262 2571 3331 Περὶ
2600 3261 2866 3327 ἐνώσεως
2882 3259 3087 3330 ψυχῆς
3115 3259 3436 3329 καὶσῶμα-

181 3348 373 3401 saiculo
412 3348 628 3407 fuerunt
667 3352 1009 3420 Ambrosius,
1046 3353 1325 3412 Nectarius
1375 3369 1426 3413 et
1474 3359 1757 3431 Synesius,

182 3450 300 3490 cum
324 3439 390 3493 ad
432 3443 591 3498 sedes
634 3458 760 3498 suas
795 3459 1265 3515 promoverentur.
1314 3448 1423 3505 Nec
1468 3440 1761 3508 certeNe-

188 3530 384 3584 mesius
414 3541 600 3586 noster
631 3535 805 3588 sacris
836 3535 1022 3590 infulis
1052 3537 1306 3605 indignus
1334 3553 1556 3607 prorsus
1593 3538 1760 3594 habe-

185 3619 347 3689 bitur,
375 3624 467 3691 qui
498 3640 527 3676 a
561 3624 834 3695 Theologo
867 3626 1133 3698 Gregorio
1181 3628 1553 3699 philosophiae,
1579 3630 1767 3700 probié

185 3712 342 3779 batis,
367 3715 612 3783 justitie,
643 3720 900 3773 amicitiae
928 3721 1143 3777 demum
1188 3725 1428 3789 nomine,
1464 3739 1569 3779 non
1605 3728 1763 3780 modo

186 3805 413 3873 laudari,
452 3810 543 3863 sed
578 3826 701 3865 cum
729 3813 1078 3868 veneratione
1100 3814 1331 3883 quadam
1369 3818 1570 3885 suspici
1604 3828 1764 3887 atque

184 3902 284 3953 coli
321 3914 625 3967 meruerat;
662 3920 820 3972 quem
859 3908 1025 3960 etiam
1068 3916 1343 3977 utcunque
1386 3910 1513 3965 olim
1551 3912 1762 3966 charis-

185 3992 402 4058 simam,
433 3993 604 4060 inagis
637 3995 933 4050 etiamnum
971 3999 1196 4053 charum
1241 3998 1505 4066 futurum,
1536 4002 1765 4072 ejuSque

184 4086 369 4139 animo
420 4089 637 4156 penitus
690 4102 789 4142 ceu
838 4088 1087 4144 columna
1153 4106 1293 4147 aerea
1355 4093 1762 4148 inscribendum

184 4180 430 4245 θροηάθι.
464 4179 653 4251 ἐπειδὴ
682 4180 749 4234 ἂν
778 4180 911 4253 γένῃ
945 4181 1081 4236 Θεοῦ
1114 4184 1207 4237 καὶ
1244 4183 1429 4254 σαφῶς
1463 4180 1727 4259 ἡμέτερος
1748 4201 1762 4215 ο

185 4274 301 4327 scil.
353 4274 537 4339 pietati
591 4274 916 4333 Christianae
948 4292 1007 4331 se
1050 4287 1219 4333 totum
1257 4281 1574 4345 tradiderit;
1623 4280 1764 4349 quod

188 4364 238 4419 in
298 4368 638 4423 carminibus
699 4370 877 4424 denuo
935 4370 1282 4434 vaticinatur,
1339 4382 1394 4426 et
1438 4388 1536 4427 ceu
1570 4374 1767 4428 entheo

185 4455 417 4523 quodam
448 4456 629 4513 furore
654 4460 910 4527 percitus,
941 4476 1127 4528 poema
1161 4475 1315 4515 sumn
1349 4460 1548 4516 claudit
1581 4479 1596 4517 :

826 4595 1129 4670 Nspée‘oto;
1151 4597 1519 4670 ὀϐριμόθυμος

186 4661 587 4736 Καππαδᾷκῃσο
612 4664 852 4736 τάλαντα
888 4661 1044 4736 δίκης
1069 4661 1532 4731 ἰϐεἶα’τανύσσας,

292 4732 763 4809 χριρσὸνδολόενῖα
792 4736 885 4789 καὶ
923 4732 1180 4809 ᾄρῖυρον,
1215 4738 1333 4809 «gas:
1364 4738 1462 4809 μὲν
1500 4739 1697 4803 ἵππους

185 4801 509 4879 {ig-reﬁce;
551 4821 645 4879 πτξ
654 4804 895 4879 ρρεντας,
930 4801 1352 4879 αὀἶδιμονοεῦχος
1365 4801 1624 4879 Ἑχογξτας,

188 4873 373 4996 ᾫᾸοετν
392 4876 534 4942 ἄγων
561 4873 819 4937 ’πλοῦτος
835 4876 944 4946 γὰρ
972 4873 1295 4940 ἀνοῦτατοέί
1328 4873 1449 4933 ἀν’ἑὶ
1468 4878 1523 4931 δὲ
1551 4873 1766 4934 πάντων

188 4941 233 4995 Μ
277 4960 486 4996 ογαοον
525 4944 820 4996 αἰγλήεντα
847 4946 1019 4996 μέγαν
1047 4946 1273 4996 ληῖσατο
1296 4949 1551 4996 Χριστόν-

183 4941 486 5015 Μάργαρον
525 4944 820 5016 αἰγλήεντα
844 4941 1019 5016 tte-vati
1047 4946 1273 5017 ληῖσατο
1295 4949 1551 5021 Χριστόν.

254 5076 352 5133 His
402 5080 599 5135 addere
660 5081 864 5148 licebit,
918 5081 1149 5152 plurima
1198 5098 1321 5140 csse
1350 5085 1547 5140 indicia
1594 5100 1764 5155 eaque

186 5186 288 5224 nan
340 5174 759 5240 contemnenda,
802 5190 921 5243 qua:
954 5176 1278 5244 scriptorem
1332 5178 1476 5231 hunc
1531 5177 1763 5233 Nasian-

187 5261 299 5313 zeni
332 5260 532 5315 smeulo
568 5262 917 5319 addixerint:
952 5264 1207 5320 nimirum
1235 5268 1409 5335 primo
1436 5269 1488 5323 in
1521 5269 1644 5324 loco
1680 5279 1760 5325 to-

189 5364 266 5406 tus
317 5354 433 5407 fere
476 5364 561 5408 est
614 5355 667 5408 in
702 5358 1114 5425 controversiis,
1148 5374 1269 5429 qua:
1322 5374 1386 5414 ea
1442 5370 1759 5431 tempestate

186 5445 235 5495 in
291 5444 535 5498 Etclesia
586 5444 976 5513 versabantur,
1027 5444 1451 5517 Origenistarum
1500 5449 1762 5521 intelligo,

186 5536 642 5605 Apollinariotnm
686 5548 741 5593 et
778 5538 1235 5595 Eunomianorum
1272 5541 1566 5596 haeresibus
1608 5543 1765 5595 refel-

185 5626 381 5682 lendis.
406 5629 656 5685 Secundo
682 5642 936 5687 auctores
961 5633 1135 5688 solum
1161 5638 1313 5697 citat,
1354 5635 1444 5701 qui
1480 5644 1606 5690 ante
1636 5652 1769 5705 qua-

187 5715 672 5785 dringentesimmn
725 5735 984 5774 annuma
1023 5720 1244 5778 Christo
1295 5725 1617 5777 inclaruere.
1677 5726 1768 5779 Dc-

187 5825 331 5863 tuum
369 5811 560 5875 setipti
598 5814 762 5877 ipsius
799 5818 1078 5869 (‘llal'lthl’
1109 5820 1561 5871 nobilissiuuirezm
1616 5820 1763 5886 inge-

1863 3375 1966 3423 τος
2002 3354 2160 3411 verba
2200 3356 2431 3418 facturo,
2472 3354 2539 3408 de
2585 3354 2927 3425 hypostatica
2975 3353 3174 3407 unione
3220 3351 3438 3407 deitatis
3504 3392 3509 3397 -

1864 3462 1985 3502 cum
2016 3444 2355 3500 humanitate
2388 3444 2439 3497 in
2475 3458 2703 3512 persona
2751 3443 3057 3498 Servaturis
3087 3442 3257 3497 nostri
3288 3457 3439 3497 men-

1864 3538 1940 3591 tio
1986 3536 2287 3600 incidisset,
2334 3545 2524 3590 contra
2585 3533 2909 3589 Eunomium
2965 3546 3149 3604 aperte
3204 3534 3440 3603 disputat

1865 3627 1951 3683 his
1994 3628 2220 3682 verbis:
2262 3624 2535 3696 Καθαρῶς
2576 3625 2865 3695 ἀσώματος
2908 3625 3069 3694 φύσις
3126 3628 3295 3696 χωρεῖ
3341 3624 3441 3695 μὲν

1866 3717 2158 3781 ἀκωλύτως
2192 3717 2280 3771 διὰ
2326 3716 2562 3783 πάντων,
2591 3717 2656 3769 δι’
2678 3717 2850 3787 αὐτῆς
2890 3717 2946 3769 δὲ
2992 3718 3165 3781 οὐδὲν,
3197 3717 3335 3770 ὥστε
3364 3715 3441 3786 τῷ

1870 3812 1965 3882 μὲν
1997 3813 2191 3882 χωρεῖν
2218 3809 2305 3864 διὰ
2336 3810 2551 3864 πάντων
2573 3808 2833 3881 ἡνῶσθαι,
2861 3806 2939 3877 τῷ
2966 3808 3020 3861 δὲ
3051 3809 3216 3879 μηδὲν
3247 3809 3313 3861 δι’
3346 3811 3440 3863 αὑ-

1866 3901 1986 3971 τῆς,
2025 3901 2206 3973 μένειν
2245 3902 2473 3972 ἄμικτον
2529 3902 2623 3953 καὶ
2664 3902 2995 3972 ἀσύγχυτον·
3032 3916 3151 3968 qum
3200 3900 3440 3967 quidem,

1867 3998 1909 4050 si
1938 4010 1999 4050 ea
2047 4000 2371 4063 tempestate
2424 3990 2705 4046 Nestorius
2751 4000 2843 4045 aut
2880 3990 3150 4062 Eutyclies
3190 3990 3441 4061 dogmata

1866 4100 1961 4139 sua
1990 4083 2351 4153 evulgassent,
2388 4081 2555 4136 multo
2586 4080 2943 4151 opportunius
2997 4082 3256 4135 adversus
3293 4081 3441 4150 ipsus

1866 4174 2097 4230 fuissent
2152 4176 2445 4240 intentata;
2483 4172 2681 4242 quippe
2731 4172 2822 4241 qui
2872 4171 3084 4226 altioris
3126 4171 3283 4243 longe
3325 4173 3443 4225 sub-

1868 4267 2002 4325 sellii
2054 4265 2455 4327 hmrcsiarchze,
2484 4272 2539 4319 et
2591 4262 2913 4318 Eunomium
2955 4261 3140 4316 multis
3171 4276 3443 4331 parasan-

1867 4358 1949 4427 gis
1994 4358 2320 4427 antegressi,
2373 4366 2541 4410 totum
2574 4354 2686 4410 fere
2732 4355 3101 4409 Christianum
3134 4356 3345 4419 orbem,
3379 4369 3443 4409 o-

1878 4452 2107 4504 rientem
2142 4448 2462 4515 praesertim,
2498 4447 2805 4502 turbavere.
2849 4447 2913 4500 Et
2945 4445 3159 4517 quidem
3202 4445 3446 4514 pauculis

1877 4542 2013 4607 istis,
2057 4555 2177 4611 qua:
2205 4539 2444 4606 laudavi,
2477 4538 2675 4602 verbis,
2712 4537 2993 4606 utriusque
3041 4520 3197 4590 istius
3226 4536 3446 4592 nefaria:

1879 4634 2150 4687 haereseos
2202 4629 2448 4701 jugulum
2503 4631 2678 4699 ipsum
2734 4626 3021 4683 manifeste
3056 4628 3275 4698 petitur.
3312 4629 3445 4684 Cum

1878 4722 2019 4777 enim
2051 4720 2283 4777 Nestorii
2318 4735 2578 4775 venenum
2619 4718 2670 4772 in
2703 4719 2804 4773 hoc
2828 4718 2951 4788 poni
2981 4719 3256 4774 asserebat
3280 4719 3445 4787 Ephe-

1876 4814 1994 4868 sina
2034 4816 2294 4884 synodus,
2354 4812 2494 4881 quod
2556 4822 2804 4865 naturam
2881 4812 3173 4864 humanam
3254 4812 3446 4866 divinze

1874 4904 2138 4974 ὲνωθῆναι
2185 4903 2327 4957 κατὰ
2388 4902 2571 4973 σχέσιν
2610 4902 2827 4965 dixerit,
2861 4903 2937 4956 ait
2975 4901 3275 4967 Nemesins,
3316 4904 3445 4958 re:.li

1872 4996 2168 5065 intimoquc
2200 5010 2337 5051 nexu
2359 4994 2629 5065 conjungi,
2648 4992 2733 5064 τῷι
2758 4992 2855 5064 μὲν
2882 4996 3079 5064 χωρεῖν
3107 4991 3203 5047 διὰ
3231 4994 3447 5046 πάντων

1871 5086 2130 5157 ἡνῶσθαι.
2179 5086 2433 5153 Quinimo
2477 5086 2692 5154 quando
2723 5100 2753 5139 e
2790 5094 2981 5139 contra
3020 5084 3284 5154 Eutyches
3339 5083 3447 5139 Do-

1872 5178 2002 5233 mini
2033 5178 2200 5233 nostri
2234 5186 2458 5232 naturas
2484 5176 2705 5231 omnino
2732 5174 3117 5242 confunderet,
3155 5175 3446 5243 ipsissimis

1873 5268 2111 5325 Nemesii
2164 5269 2341 5324 verbis
2393 5269 2633 5339 synodus
2687 5264 3146 5322 Chalcedonensis
3176 5265 3441 5328 decernit,

1872 5363 2013 5433 quod
2066 5363 2135 5417 sit
2183 5362 2413 5433 ἄμικτος
2445 5364 2536 5415 καὶ
2566 5360 2905 5430 ἀσύγχυτος·
2945 5358 3085 5426 quod
3126 5357 3327 5426 pariter
3363 5358 3446 5411 di-

1874 5452 2103 5505 cendum
2133 5451 2197 5506 de
2226 5453 2427 5506 omissa
2470 5452 2683 5519 penitus
2712 5456 2765 5504 in
2816 5450 2971 5518 longa
3004 5446 3269 5502 delibero
3303 5450 3448 5501 arbi-

1873 5542 1976 5596 tiio
1997 5542 2357 5612 diSputatione
2388 5540 2769 5612 Pelagianismi
2806 5540 3092 5595 mentione.
3126 5538 3443 5607 Quanquam

1872 5633 2020 5685 enim
2088 5634 2139 5687 in
2166 5632 2452 5688 Occidente
2526 5636 2861 5703 potissimum
2912 5639 3152 5699 grassata
3216 5639 3295 5684 est
3360 5630 3443 5683 illa

1872 5724 2057 5791 pestis,
2103 5724 2332 5792 reliquas
2392 5733 2568 5777 tamen
2633 5722 2780 5777 orbis
2830 5720 3119 5775 Christiani
3199 5719 3445 5787 regiones

1876 5820 2057 5885 utique
2085 5817 2395 5878 atllavcrat;
2436 5816 2698 5886 siquidem
2727 5829 2866 5867 anno
2896 5813 3100 5869 Christi
3133 5811 3257 5878 415,
3290 5826 3445 5881 syno-
