4216 6324
747 408 844 467 439

1766 404 2116 462 NEMESIUS
2153 402 2539 462 EPISCOPUS
2576 404 2965 461 EMESENUS.

3925 403 4033 459 580

745 520 919 575 tinsin
968 518 1169 589 Pelagii
1196 525 1250 572 et
1284 516 1517 572 leestii
1563 532 1727 571 causa
1763 518 2000 589 Diospnli
2032 519 2335 574 Palaestina:
2369 529 2411 582 Α
2520 521 2673 587 Quod
2715 520 2781 574 ad
2817 516 3109 571 editionem
3146 517 3315 586 ipsmn
3358 518 3586 583 attinet,
3632 518 3856 573 breviter
3904 536 4035 589 pro-

745 609 1125 665 relebrabatur
1187 625 1200 661 :
1255 608 1525 662 maturius
1588 609 1754 663 etiam
1818 611 2226 681 Hierosolymis,
2290 612 2333 665 si

746 702 936 757 Drosio
971 702 1104 757 lides
1169 701 1221 754 in
1280 700 1463 755 libello
1500 699 1578 755 De
1607 703 1820 756 arbitrii
1848 703 2091 757 libertate
2131 704 2203 757 ita
2262 713 2338 757 te-

746 794 931 847 stanti.

815 886 953 952 Quin
984 895 1041 941 et
1080 888 1359 941 mantissa:
1407 886 1525 942 loco
1560 888 1760 943 addere
1818 889 2026 955 licebit,
2068 889 2339 959 siquidem

747 993 869 1043 post
901 988 1155 1046 quartum
1211 977 1470 1034 saeculum
1507 981 1908 1052 προῦπάρξεως
1955 980 2148 1051 dogma
2202 980 2342 1035 male

749 1070 799 1123 iu
836 1067 1085 1125 Ecclesia
1112 1068 1303 1125 audire
1327 1071 1517 1140 coepit,
1552 1080 1607 1125 et
1644 1073 1860 1126 tandem
1897 1069 2192 1126 Justiniaui
2224 1085 2340 1124 aevo

746 1180 774 1214 a
824 1162 1035 1233 synodo
1064 1162 1661 1232 Constantinopolitana
1710 1178 1935 1233 prorsus
1957 1163 2340 1229 damnabatur,

750 1256 865 1310 lieri
899 1271 1005 1309 non
1043 1266 1246 1323 potest,
1278 1264 1335 1310 ut
1365 1256 1440 1310 ita
1468 1270 1663 1311 secure
1693 1256 1760 1309 de
1801 1257 1890 1311 illo
1926 1256 2341 1327 philosophare-

750 1360 840 1400 tur
867 1345 1175 1413 Nemesius,
1207 1348 1250 1402 si
1288 1346 1582 1416 quidquam
1608 1361 1672 1401 ea
1700 1361 1765 1402 ex
1804 1359 1980 1417 parte,
2014 1348 2101 1403 illa
2132 1357 2341 1420 tempe-

746 1450 911 1505 state,
935 1456 1039 1510 qua
1066 1442 1112 1495 is
1142 1440 1459 1509 scripserat,
1496 1440 1687 1495 fuisset
1725 1441 2034 1496 definitum.

821 1531 930 1586 Sed
977 1518 1044 1586 de
1084 1541 1307 1585 auctore
1339 1541 1526 1585 nostro
1553 1530 1822 1586 hactenus
1852 1549 1867 1598 ;
1897 1532 1963 1587 de
1988 1533 2195 1602 scripto
2227 1533 2346 1601 ipso

751 1622 1004 1677 tmmtulla
1034 1632 1331 1692 supersunt
1361 1623 1613 1678 dicenda.
1648 1620 1715 1676 Et
1745 1624 1965 1692 quidem
1998 1624 2042 1679 si
2091 1623 2344 1678 lectionis

752 1717 1013 1780 varietas,
1049 1719 1342 1772 verborum
1378 1716 1639 1778 delectus,
1680 1715 1950 1770 rationum
2000 1719 2232 1785 pondus,
2256 1715 2345 1783 ju-

751 1809 873 1862 dirii
905 1821 1087 1874 tenor,
1137 1808 1377 1863 methodi
1432 1809 1591 1872 ordo,
1618 1809 1926 1878 disputandi
1971 1822 2222 1870 acumen,
2252 1822 2344 1860 ar—

753 1900 992 1968 gumenti
1044 1899 1260 1953 demum
1311 1896 1571 1967 dignitas,
1601 1909 1655 1953 et
1688 1899 1854 1967 (quod
1901 1897 1969 1951 ad
1998 1896 2228 1968 gratiam
2255 1895 2341 1949 in-
2377 1880 2420 1933 Β

752 1992 980 2045 eundam
1026 2005 1133 2045 non
1177 1988 1314 2044 levis
1342 1997 1427 2044 est
1463 1990 1748 2060 momenti)
1783 2004 1997 2044 summa
2028 2002 2151 2042 cum
2180 1987 2343 2042 rebus

754 2082 955 2137 nostris
1007 2081 1377 2144 necessitudo,
1434 2092 1723 2136 traCtatum
1760 2080 1997 2150 aliquem
2048 2078 2344 2134 lectoribus

753 2176 866 2229 suis
891 2175 1183 2230 conciliare
1210 2175 1443 2244 poterit;
1482 2178 1668 2244 utique
1695 2174 1782 2229 hic
1807 2173 1972 2228 fuerit
2004 2173 2159 2243 longe
2197 2186 2345 2226 com-

756 2268 1214 2324 mendatissimus.

830 2363 1061 2419 Unicum
1116 2362 1198 2415 vel
1257 2362 1436 2417 adhuc
1490 2361 1685 2424 omisi,
1745 2360 1849 2415 hoc
1901 2369 2079 2412 tamen
2145 2356 2347 2411 saeculo

757 2455 981 2509 minime
1009 2453 1447 2525 praetereundum
1480 2472 1493 2507 :
1531 2451 1575 2507 si
1609 2453 1660 2506 iu
1696 2449 2036 2521 philosophia
2074 2447 2344 2512 naturali,

758 2547 1026 2602 medicina
1085 2557 1140 2602 et
1193 2554 1450 2601 anatome
1504 2526 1722 2599 inventa
1769 2558 1907 2598 nova
1991 2542 2056 2596 ad
2110 2542 2347 2610 palatum

759 2637 1002 2702 iaciant,
1051 2651 1152 2691 nec
1189 2635 1292 2691 bac
1343 2650 1409 2690 ex
1448 2642 1603 2704 parte
1641 2633 2013 2689 destituimnr.
2068 2631 2345 2685 Habemus

763 2728 855 2782 hic
905 2737 1142 2796 praesto,
1178 2734 1231 2779 et
1258 2725 1383 2795 jure
1415 2721 1615 2776 merito
1651 2720 1978 2789 pronostris
2011 2718 2350 2773 vindicamus

762 2836 826 2872 ea
855 2858 873 2881 ,
904 2828 1129 2888 propter
1164 2832 1285 2888 qua;
1318 2814 1553 2887 pridiani
1604 2812 1814 2883 aliquot
1864 2813 1918 2866 iu
1972 2826 2030 2867 re
2085 2810 2351 2865 litteraria

764 2915 956 2965 heroes
995 2909 1194 2964 cristas
1227 2909 1483 2979 erigunt,
1534 2915 1590 2961 et
1630 2905 1993 2958 aeternitatem
2031 2900 2351 2955 nominibus

763 3001 875 3055 suis
928 2998 1199 3070 spondent
1241 2997 1647 3069 postulantquc.
1678 2991 2039 3049 Doctissimus
2088 2987 2333 3059 Sylvius,

766 3109 817 3146 ιιι
847 3092 1311 3161 disputationibus
1342 3089 1572 3143 medicis
1625 3101 1730 3141 non
1769 3085 1843 3138 ita
1887 3080 2096 3152 pridem
2148 3079 2346 3141 editis,

765 3202 888 3241 cum
926 3183 1257 3240 adversariis
1287 3182 1611 3252 quibusdam
1642 3178 1778 3233 satis
1804 3176 2007 3230 acriter
2037 3171 2351 3236 contendit,

2446 614 2626 679 liteor,
2675 626 2761 666 me
2818 610 2868 664 id
2917 610 3129 679 egisse,
3186 620 3244 664 ut
3289 610 3489 665 librum
3533 612 3843 680 egregium,
3896 627 4037 680 pau-

2446 705 2528 760 cis
2593 702 2884 758 admodum
2933 701 3242 772 cognitum,
3296 711 3351 755 et
3390 710 3482 753 aut
3536 702 3643 757 situ
3688 703 4038 773 tenebrisque

2445 798 2721 861 obsitum,
2776 805 2869 850 aut
2919 795 3112 850 saltem
3165 795 3216 848 in
3282 793 3503 847 Patrum
3554 794 3877 850 Bibliotheca
3933 798 4037 853 Sltb

2447 897 2597 942 arcta
2656 886 2903 943 custodia
2962 886 3242 951 habitum,
3303 894 3358 940 et
3416 888 3666 941 servilem
3722 889 3773 942 iu
3823 904 4035 943 morem

2445 990 2757 1036 cntenatum
2781 1021 2797 1046 ,
2832 979 3083 1035 libertate
3126 982 3383 1032 donarem
3413 1019 3428 1043 ,
3470 990 3524 1033 et
3564 981 4031 1048 Studioszejuven-

2450 1074 2582 1127 tutis
2620 1072 2876 1127 familiari
2919 1072 3194 1127 convictui
3241 1072 3679 1126 commendatum
3729 1074 4034 1128 redderem.

2450 1162 2710 1231 Quinimo
2738 1163 2985 1217 laxatum
3016 1176 3179 1225 eum,
3212 1162 3521 1233 saepiusque
3564 1161 3848 1229 mutilum,
3896 1167 4035 1218 duo-

2447 1271 2568 1330 rum
2618 1270 2750 1311 mss.
2781 1268 2883 1325 cpe
2908 1294 2923 1319 ,
2960 1267 3060 1308 nec
3093 1268 3200 1307 non
3238 1265 3521 1308 auctorum
3551 1254 3867 1321 collatione,
3902 1272 4041 1325 quos

2452 1359 2543 1403 aut
2575 1349 2691 1418 ipse
2719 1346 2923 1417 patsim
2954 1346 3171 1410 laudat,
3202 1354 3292 1400 aut
3322 1346 3412 1415 qui
3442 1347 3615 1416 ipsum
3644 1348 4002 1417 compilarunt
4025 1389 4037 1410 ,

2450 1439 2683 1495 subinde
2715 1439 3058 1494 restituerem
3090 1454 3105 1503 ;
3158 1436 3430 1491 recensita
3466 1437 3758 1505 aliquando
3780 1478 3794 1503 ,
3831 1437 3917 1491 ubi
3954 1452 4043 1491 ros

2451 1531 2501 1585 id
2530 1531 2771 1585 maxime
2808 1528 3148 1599 postulabat,
3183 1538 3238 1583 et
3270 1543 3367 1597 per
3409 1528 3580 1583 otium
3614 1529 3802 1595 licuit,
3850 1529 4041 1583 Latina

2450 1625 2734 1690 versione,
2801 1620 3027 1690 adjectis
3080 1622 3243 1675 etiam
3294 1620 3617 1691 quibusdam
3671 1622 4042 1676 annotationi-

2452 1718 2557 1772 bus
2591 1733 2607 1780 ;
2642 1731 2765 1785 qua:
2788 1715 2969 1769 omnia
3022 1714 3212 1783 quanti
3253 1713 3365 1767 sint
3415 1700 3601 1783 pretii,
3656 1724 3896 1769 nostrum
3935 1729 4043 1768 nou

2459 1809 2625 1866 fuerit
2660 1807 3038 1879 pronuntiare.

2529 1922 2583 1977 Is
2625 1935 2764 1977 certe
2795 1933 2905 1976 erat
2945 1931 3131 1975 auctor
3164 1930 3359 1985 noster,
3390 1922 3481 1991 qui
3506 1921 3725 1975 edituri:
3759 1921 4047 1989 diligentis-

2460 2016 2581 2069 simi
2611 2030 2767 2067 curas
2794 2014 3021 2083 exigeret
3048 2031 3069 2064 :
3101 2028 3202 2064 non
3244 2012 3425 2081 quales
3457 2028 3585 2065 mea:
3625 2011 3836 2080 fuerant
3858 2051 3873 2076 ,
3907 2011 4047 2064 alio-

2458 2122 2572 2158 rum
2598 2106 2836 2158 arbitriis
2860 2112 3109 2173 perpetuo
3144 2102 3385 2156 obnoxia:
3406 2146 3421 2171 ,
3454 2112 3501 2155 et
3526 2092 3755 2171 proinde
3788 2102 4049 2156 intercisa:

2456 2215 2677 2267 semper,
2709 2208 2757 2251 et
2790 2196 3117 2250 desultorim.

2527 2337 2614 2405 At.
2637 2334 2775 2403 inqui
2812 2334 3048 2400 bonique
3083 2331 3332 2387 consulat
3365 2332 3574 2386 amicus
3602 2331 3793 2397 lector,
3822 2341 3879 2385 ct
3909 2331 4053 2385 inter

2460 2427 2745 2497 legendum
2782 2423 2981 2493 smpius
3015 2421 3359 2486 meminerit,
3390 2435 3545 2474 suam
3578 2420 3666 2474 hic
3698 2420 3899 2489 ubique
3936 2434 4050 2473 rem

2459 2519 2542 2589 agi
2577 2536 2591 2586 ;
2630 2517 2749 2572 scil.
2786 2516 2875 2569 hic
2902 2515 3003 2570 loci
3052 2513 3336 2579 exhiberi,
3366 2527 3474 2566 non
3522 2511 3904 2566 Cartesianum
3948 2527 4049 2564 au-

2459 2620 2731 2674 tomaton,
2780 2607 2999 2662 lictilem
3056 2614 3279 2669 testam,
3335 2603 3640 2674 ligueamve
3703 2604 4050 2662 machinam,

2461 2718 2580 2773 qua:
2609 2700 2790 2756 saeculi
2826 2698 2986 2767 hujus
3038 2696 3348 2753 Promethei
3384 2704 3438 2751 et
3464 2695 3686 2751 fabriles
3716 2695 3917 2750 Daedali
3956 2695 4053 2747 tiu-

2461 2809 2633 2861 xere;
2681 2793 2775 2847 sed
2813 2791 2989 2843 vivam
3037 2789 3129 2842 Dei
3166 2788 3401 2842 viventis
3434 2787 3767 2858 imaginem,
3814 2786 4053 2840 numinis

2460 2884 2851 2954 omnipotentis
2900 2895 3198 2953 ectypum;
3258 2894 3377 2947 qua:
3441 2880 3624 2933 mundi
3687 2877 4052 2933 architectum

2465 2978 2738 3043 condere,
2794 2976 3087 3045 virumque
3129 2974 3501 3029 Christianum
3542 2972 3860 3027 describere
3888 3009 3905 3034 ,
3948 2984 4055 3023 non

2464 3075 2767 3128 dedeceret.
2802 3070 2904 3124 Alii
2932 3071 2998 3122 ad
3029 3069 3307 3138 speculum
3341 3081 3400 3121 se
3434 3064 3897 3133 contempleutur,
3942 3062 4057 3133 pal-

2466 3168 2662 3236 pebras
2696 3163 3002 3233 intingant,
3040 3164 3232 3216 dentes
3270 3161 3603 3222 iustaureut,
3644 3157 3841 3212 l’aeiem
3888 3155 4062 3209 metti-

769 3279 876 3332 utri
914 3295 977 3331 ex
1014 3278 1079 3331 iis
1115 3275 1475 3347 hypotheseos
1504 3271 1789 3341 cujusdam
1820 3268 1944 3323 laus
1977 3275 2032 3321 et
2064 3267 2257 3329 decus,
2292 3263 2358 3316 de
2387 3240 2430 3298 (ἶ
2466 3270 2681 3325 centur,
2723 3241 3040 3327 capillitium
3065 3295 3080 3319 ,
3120 3253 3320 3323 duplici
3362 3253 3583 3307 nomine
3634 3249 3873 3303 alienmn
3898 3290 3914 3316 ,
3962 3262 4060 3300 vc-

775 3387 874 3424 usn
906 3368 1030 3425 bilis
1059 3369 1113 3422 in
1146 3366 1473 3436 corporibus
1508 3362 1903 3427 animantium,
1948 3359 2234 3413 debeatur.
2288 3352 2359 3408 Ut

770 3480 871 3532 pax
922 3462 1180 3531 deinceps
1235 3460 1376 3515 inter
1435 3473 1529 3514 eos
1583 3455 1835 3526 componi
1888 3453 2096 3524 possit,
2151 3452 2359 3513 sciant,

775 3557 929 3610 \‘clittt
951 3596 968 3622 ,
996 3570 1111 3609 rem
1150 3563 1318 3608 totam
1351 3551 1420 3606 ab
1452 3532 1677 3605 auctore
1709 3558 1930 3613 nostro,
1965 3556 2092 3601 ante
2121 3544 2267 3599 mille
2312 3552 2366 3595 et

776 3658 1077 3703 tercentum
1115 3649 1226 3701 lere
1258 3660 1466 3709 annos,
1497 3658 1602 3696 non
1640 3641 1975 3712 propesitam
2026 3638 2185 3692 modo
2218 3677 2231 3697 ,
2268 3633 2363 3689 sed

772 3754 823 3796 et
853 3750 1113 3797 accurate
1138 3747 1449 3793 enarratam
1480 3778 1495 3801 ,
1525 3736 1702 3804 capite
1733 3734 1991 3788 nimirum
2018 3730 2119 3793 28,
2147 3744 2201 3800 p.
2238 3727 2365 3781 225.

777 3836 833 3890 Si
872 3836 986 3888 haec
1021 3838 1203 3886 autem
1235 3829 1441 3883 leviora
1474 3828 1779 3892 videantur,
1814 3824 1944 3893 quid
1977 3822 2191 3877 demum
2226 3819 2368 3872 dice-

781 3942 939 3989 unus,
978 3925 1022 3979 si
1073 3925 1211 3978 ratio
1257 3920 1632 3977 circulationis
1668 3916 1986 3987 sanguinis,
2028 3915 2078 3967 in
2114 3926 2225 3981 quo
2259 3924 2367 3963 uno

782 4024 1001 4073 intento
1030 4016 1289 4071 saeculum
1323 4016 1426 4068 hoc
1457 4020 1740 4080 tantopere
1772 4024 1831 4064 se
1876 4007 2027 4062 elIert
2056 4047 2070 4070 ,
2122 4002 2372 4058 Nemesio

782 4113 983 4163 dudum
1010 4108 1082 4161 sit
1102 4107 1305 4176 agnita,
1333 4104 1624 4172 verbisque
1653 4100 1786 4154 satis
1814 4096 2157 4168 signantihus
2184 4093 2373 4145 adum-

784 4207 936 4257 brata
961 4201 985 4254 ?
1015 4198 1277 4255 Consulat
1325 4198 1497 4251 lector
1525 4211 1644 4263 cap.
1680 4191 1752 4246 24
1775 4234 1790 4257 ,
1824 4206 1876 4260 p.
1908 4188 2046 4250 9.09,
2080 4198 2134 4241 et
2176 4184 2376 4254 dijudi—

786 4304 900 4357 rel,
941 4307 1069 4347 num
1106 4301 1310 4345 temere
1342 4288 1460 4343 haec
1489 4288 1763 4343 dicantur.
1810 4285 1855 4339 A
1909 4281 2153 4353 pluribus
2191 4291 2378 4331 recen-

788 4388 971 4443 srudis
1004 4386 1370 4454 supersedeo;
1407 4386 1511 4439 hoc
1544 4393 1750 4437 tantum
1787 4394 1930 4434 nunc
1957 4378 2167 4446 agimus
2188 4414 2203 4439 ,
2236 4374 2377 4442 quod

788 4480 1024 4549 propolae
1050 4478 1290 4544 faciunt,
1328 4479 1421 4548 qui
1448 4477 1714 4530 Attalicas
1745 4482 1923 4528 vestes
1960 4482 2009 4525 et
2046 4468 2251 4523 Milesia
2284 4481 2378 4535 pe-

792 4574 1103 4627 ristromata
1139 4572 1347 4625 venalia
1380 4578 1687 4637 proponunt
1718 4585 1733 4622 :
1776 4564 1967 4633 tapetis
2004 4560 2231 4630 alicujus
2258 4572 2383 4611 oras

2470 3361 2589 3405 xent
2630 3352 3066 3420 torqueantque';
3108 3356 3160 3400 tu
3211 3347 3457 3409 interim,
3489 3345 3643 3399 bonae
3679 3342 3883 3396 mentis
3919 3340 4065 3395 Cart-

2467 3443 2670 3510 didate,
2697 3444 2762 3495 ad
2792 3442 3175 3511 politissimum
3209 3441 3312 3493 hoc
3344 3439 3655 3507 κάτοπτρον
3679 3435 3915 3503 teipsum
3950 3432 4065 3487 exi-

2471 3551 2601 3605 gas,
2644 3535 2893 3604 corporis
2931 3547 3100 3600 opes,
3144 3531 3339 3586 anima:
3375 3529 3802 3599 prmrogativas,
3846 3535 4068 3580 natura:

2452 3628 2741 3682 "universm
2771 3626 2950 3679 dotem
2980 3664 2994 3689 ,
3030 3625 3083 3677 in
3116 3623 3328 3677 tabulas
3356 3634 3519 3691 atque
3553 3636 3776 3674 censum
3813 3618 4024 3673 referas
4051 3635 4065 3670 :

2472 3719 2779 3789 pudeatque
2804 3717 3046 3771 divinum
3074 3715 3275 3771 animal
3300 3757 3313 3777 ,
3338 3713 3537 3769 summi
3568 3710 3805 3765 untuinis
3828 3752 3841 3774 ,
3878 3710 4069 3764 mundi

2474 3812 2744 3876 universi,
2779 3811 3035 3882 quodque
3066 3809 3174 3864 illis
3214 3807 3566 3877 proximum,
3603 3805 3682 3860 sui
3714 3804 3890 3871 ipsius
3935 3816 4069 3856 cou-

2477 3903 2810 3973 templationi
2851 3912 3060 3966 uatum,
3116 3900 3182 3953 ad
3217 3901 3498 3953 brutorum
3532 3895 3711 3952 studia
3740 3904 3795 3949 et
3825 3894 4072 3948 delecta.

2478 4004 2659 4049 menta
2717 3994 3073 4047 descendere.
3130 3990 3271 4057 Quin
3312 3991 3529 4057 dignam
3570 3986 3845 4040 natalibus
3888 3998 4074 4038 sumas

2472 4074 2787 4156 Superbiam
2819 4101 2833 4148 ;
2880 4083 3105 4144 divitiis,
3149 4081 3469 4143 honoribus,
3504 4076 3912 4146 voluptatibus,
3950 4092 4075 4129 cor-

2482 4177 2740 4247 porisque
2782 4173 3055 4229 illecebris
3094 4171 3511 4240 quibuscunque
3552 4169 3779 4237 insuper
3820 4167 4065 4232 habitis,

2483 4270 2768 4323 veritatem
2801 4276 2856 4321 et
2892 4266 3146 4319 virtutem
3181 4262 3394 4316 ambias
3429 4260 3588 4314 unice
3626 4268 3682 4312 et
3714 4259 4074 4313 consceleris.

2484 4360 2716 4413 Tantum
2754 4370 2803 4411 te
2836 4357 2887 4409 in
2925 4354 3152 4409 scientia
3188 4351 3487 4422 proiecisse
3526 4349 3719 4403 credas
3744 4390 3758 4413 ,
3805 4360 4072 4414 quantum

2485 4453 2538 4504 in
2573 4451 2818 4504 moribus
2857 4447 3027 4500 lueris
3066 4445 3446 4510 emendatior;
3489 4458 3554 4497 eo
3595 4455 3766 4509 usque
3808 4441 4072 4501 doctum,

2490 4548 2539 4597 in
2580 4553 2840 4614 quantum
2884 4528 3085 4595 bonum
3116 4583 3131 4607 ,
3174 4539 3247 4593 ita
3281 4535 3690 4607 philosotihum,
3727 4542 3785 4587 ttt
3814 4532 4077 4586 Christia-

795 4662 1175 4731 liudn-iamque
1204 4661 1582 4721 ostendimus,
1618 4674 1721 4711 non
1760 4655 2034 4710 volumina
2066 4650 2249 4705 omnia
2285 4649 2358 4702 ob

2493 4652 2641 4689 nutu.
2703 4633 2965 4687 Parentes
3016 4629 3233 4699 quidem
3295 4627 3463 4682 nostri
3524 4631 3859 4692 praepostera
3914 4621 4077 4689 gula,

788 4754 1009 4827 iit-imus
1041 4764 1095 4808 et
1128 4752 1482 4819 cxplicamns.

870 4847 1137 4899 Audacter
1167 4846 1429 4910 dixerim,
1469 4843 1705 4913 quisquis
1748 4841 2092 4910 hypomnema
2140 4837 2235 4887 hoc
2282 4848 2382 4884 non

797 4956 1015 5012 prorsus
1053 4939 1375 5009 negligenter
1408 4938 1649 4991 evolucrit
1678 4976 1691 4999 ,
1728 4951 1846 4988 eum
1880 4932 2111 5001 plurima
2148 4936 2383 4995 repertu-

801 5049 951 5097 rum,
984 5048 1147 5101 caque
1181 5047 1281 5083 non
1313 5030 1439 5085 levis
1468 5030 1713 5083 momenti
1735 5070 1747 5092 ,
1781 5042 1897 5097 qum
1928 5024 2068 5091 apud
2101 5020 2387 5073 neotericos

802 5125 1081 5193 Magistros
1105 5164 1117 5185 ,
1171 5122 1358 5190 quibus
1388 5120 1616 5174 solemne
1645 5119 1869 5171 habetur
1906 5114 2134 5168 scribere
2164 5124 2385 5179 semper,

806 5231 1072 5278 nunquam
1109 5214 1279 5284 legere
1305 5256 1317 5279 ,
1352 5214 1564 5266 omnino
1608 5228 1736 5263 nom
1772 5208 2106 5262 ritlcbtttttttr.

2494 4729 2805 4798 priusquam
2886 4725 3007 4777 vita:
3087 4721 3336 4776 arborem
3397 4715 3762 4778 delibassent,
3839 4712 4101 4767 scientiae.

2497 4826 2706 4874 l‘ructus
2747 4819 3069 4871 devorantes
3094 4854 3109 4879 ,
3152 4821 3381 4867 mortem
3422 4810 3522 4863 sibi
3577 4805 3927 4878 posterisque
3974 4802 4083 4857 suis

2496 4914 2867 4973 arceSsivcrc;
2912 4923 3007 4963 nos
3060 4908 3176 4961 vice
3226 4918 3379 4959 versa
3431 4900 3786 4958 scientiarum
3840 4895 4086 4953 surculos

2498 5010 2622 5061 vitae
2682 5005 2858 5059 arbori
2921 5005 3256 5063 inserentes,
3304 5013 3407 5051 non
3449 4997 3712 5049 innocuas
3752 4991 3949 5053 modo,
3989 4989 4078 5041 sed

2497 5112 2546 5155 ct
2608 5099 2872 5153 salutares
2914 5099 3108 5165 dapes,
3154 5094 3262 5146 imo
3319 5090 3677 5145 aeternitatem
3710 5085 3893 5152 ipsam
3952 5094 4079 5149 epu—

2500 5196 2745 5246 labimur.
