4236 6320
659 372 763 432 575

2066 383 2125 440 Β.
2170 383 2520 441 EPIPllANll

3865 388 3978 444 576

657 499 1002 571 singulorum
1037 517 1097 556 se
1133 508 1322 558 mtatcs
1354 505 1784 560 accommodans
1823 503 2090 575 paulatim
2138 523 2264 562 eru-

2377 509 2464 562 καὶ
2491 507 2698 582 ἑκάστῃ
2725 506 2913 580 ἡλικίᾳ
2936 507 3313 580 ἁρμοζόμενος
3341 508 3630 581 προϐαίνει
3655 510 3720 581 τῇ
3746 511 3980 584 παιδεία

656 587 792 653 diat,
831 605 931 646 nec
963 591 1230 647 infantem
1274 591 1467 648 eadem
1517 610 1626 665 qua
1672 593 2144 651 adolescentulum
2175 597 2259 651 di-

656 681 945 750 sciplinam
997 684 1316 748 contineat,
1367 701 1468 741 nec
1520 687 1996 742 adolescentulum
2033 690 2263 760 perinde

657 789 721 826 ac
774 772 1068 841 juvenem,
1120 785 1214 829 aut
1274 777 1422 831 hunc
1474 787 1532 832 ut
1594 781 1818 835 robusta
1851 780 1966 848 jam
2007 797 2072 835 ac
2119 782 2263 837 virili

659 873 815 920 :rtate
862 877 1135 922 coerceat.
1165 869 1425 934 Quinimo
1487 873 1745 927 tenellum
1780 873 1995 937 adhuc,
2021 891 2084 928 ac
2126 891 2267 945 pene

659 952 951 1012 lactentem
1005 960 1177 1028 digito
1229 963 1499 1031 castigat;
1562 964 1853 1034 puerulum
1922 981 2053 1020 vero
2100 968 2264 1036 paulo

659 1049 1013 1122 grandiorem
1062 1054 1323 1125 colapho,
1374 1056 1508 1109 loris
1565 1056 2077 1125 adolescentulum,
2106 1061 2266 1130 juve-

659 1160 784 1199 nem
817 1144 990 1216 virgis
1021 1147 1296 1218 objurgat.
1341 1147 1515 1202 Porro
1545 1149 1637 1203 ubi
1679 1151 1764 1204 vir
1795 1151 1938 1207 inter
1968 1153 2114 1208 viros
2143 1169 2267 1209 esse

659 1238 850 1308 coepit,
881 1239 928 1292 si
953 1241 1177 1309 gravius
1205 1241 1470 1310 quiddam
1504 1240 1823 1313 deliquerit,
1848 1244 2032 1315 gladio
2053 1261 2118 1300 ex
2152 1245 2267 1315 lege

659 1331 1059 1402 plectetur.lta
1108 1331 1380 1390 Dominus
1429 1336 1734 1408 unicuique
1783 1338 2068 1394 hominum
2115 1340 2266 1395 aetati

660 1429 1032 1504 consentanea
1063 1428 1418 1496 praescripsit.
1452 1427 1665 1498 Quippe
1701 1437 1909 1486 veteres
1941 1432 2099 1496 illos,
2143 1439 2268 1486 tan-

658 1529 825 1583 quam
864 1529 989 1569 eum
1024 1519 1298 1586 puerulis,
1347 1535 1410 1575 ac
1445 1521 1551 1574 vim
1601 1524 1779 1578 sancti
1825 1521 2067 1594 Spiritus
2108 1527 2268 1595 igno-

659 1607 915 1662 rantibus
958 1618 1178 1679 ageret,
1222 1621 1369 1666 metu
1404 1627 1469 1666 ac
1510 1623 1722 1669 terrore
1764 1615 2091 1686 castigabat.
2125 1615 2266 1670 Tum

661 1699 1091 1770 perfectioribus
1121 1704 1451 1774 perfectiora
1486 1709 1746 1780 mysteria
1780 1711 2092 1780 proposuit.
2130 1709 2267 1765 Nam

661 1793 716 1847 in
743 1795 908 1865 227
933 1795 1229 1867 Evangelio
1253 1799 1459 1868 passim
1489 1801 1562 1854 ita
1583 1802 1887 1872 discipulos
1905 1804 2269 1874 compellasse

2375 603 2469 654 καὶ
2507 602 2607 654 οὐκ
2643 601 2773 665 ἴσως
2800 602 2860 654 τὸ
2904 603 3102 674 μικρὸν
3147 602 3348 676 βρέφος
3387 603 3631 657 παιδεύει
3663 604 3741 675 τῷ
3780 622 3982 677 μειρα-

2371 693 2494 765 κίῳ,
2526 693 2650 747 οὐδὲ
2679 693 2740 746 τὸ
2776 693 3064 765 μειράκιον
3113 694 3377 759 ὡσαύτως
3408 693 3486 765 τῷ
3524 696 3814 767 νεανίσκῳ,
3853 697 3982 751 οὐδε

2368 785 2461 839 τὸν
2535 785 2753 840 νεανίαν
2809 785 2889 856 τῷ
2943 785 3135 857 τελείῳ
3171 787 3346 857 ἀνδρί.
3392 787 3552 841 Ἀλλὰ
3589 789 3668 859 τῷ
3704 790 3806 859 μὲν
3843 790 3983 843 ὑπο-

2369 877 2560 946 τιτθίῳ
2592 876 2680 930 διὰ
2709 877 2976 931 δακτύλου
3016 877 3234 931 παιδεία
3261 880 3496 948 γίνεται,
3531 880 3730 951 παιδίῳ
3762 880 3820 934 δὲ
3849 881 3981 952 μεί-

2371 966 2487 1031 ξονι
2512 967 2602 1022 διὰ
2631 968 2814 1040 χειρὸς
2848 967 3215 1040 ῥαπίσματος,
3243 970 3519 1042 μειρακίῳ
3543 969 3598 1024 δὲ
3631 970 3720 1024 διὰ
3752 970 3986 1040 ἱμάντος

2371 1063 2641 1133 νεανίσκῳ
2700 1062 2788 1115 διὰ
2835 1062 3057 1133 ῥάϐδου,
3095 1063 3257 1132 ἀνδρὶ
3292 1062 3350 1116 δὲ
3387 1063 3669 1133 ἐκδίκησις
3701 1061 3812 1115 τῶν
3854 1079 3986 1133 μει-

2372 1154 2541 1219 ζόνων
2607 1156 3077 1226 παραπτωμάτων
3134 1155 3384 1227 μάχαιρα
3435 1155 3525 1210 διὰ
3567 1156 3769 1226 νόμου·
3832 1154 3986 1210 οὕτω

2371 1246 2468 1299 καὶ
2522 1249 2550 1300 ὁ
2603 1247 2810 1318 Κύριος
2845 1246 2975 1318 ἐξῆς
3011 1249 3324 1320 ἐνομοθέτει
3355 1250 3562 1320 ἑκάστῃ
3597 1250 3760 1320 γενεᾷ
3807 1248 3989 1320 ἁρμό-

2372 1337 2556 1402 ζοντα.
2625 1335 2899 1403 Ἐκείνους
2951 1341 3050 1411 μὲν
3109 1341 3218 1414 γὰρ
3274 1341 3427 1412 φόϐῳ
3478 1339 3864 1413 ἐσωφρόνιζεν,
3907 1340 3989 1404 ὡς

2371 1430 2608 1494 παιδίοις
2653 1434 2870 1503 μικροῖς
2908 1431 3315 1504 διαλεγόμενος,
3353 1434 3450 1487 καὶ
3482 1432 3738 1503 ἀγνοοῦσι
3767 1433 3866 1506 την
3888 1431 3991 1486 δύο

2373 1541 2538 1594 ναμιν
2593 1524 2687 1577 τοῦ
2727 1524 2884 1592 ἁγίου
2927 1525 3287 1597 Πνεύματος·
3318 1527 3447 1590 τοὺς
3496 1525 3553 1579 δὲ
3599 1525 3860 1589 τελείους,
3896 1540 3994 1577 τε-

2371 1615 2533 1669 λείων
2592 1615 2747 1685 ἡξίου
2792 1619 3134 1690 μυστηρίων.
3170 1620 3281 1673 Καὶ
3310 1619 3368 1671 ἐν
3401 1618 3480 1689 τῷ
3521 1616 3842 1688 Εὑαγγελίῳ
3871 1616 3994 1686 γὰρ

2373 1705 2518 1761 οὓτω
2575 1723 2694 1770 πως
2752 1707 2899 1777 λέγει
2946 1713 3062 1773 τοῖς
3105 1710 3374 1781 μαθηταῖς
3415 1711 3474 1764 ὲν
3515 1709 3730 1774 πολλοῖς
3758 1709 3988 1772 τόποις·

2386 1802 2509 1854 Οὐκ
2541 1799 2742 1854 οἴδατε
2776 1801 2834 1854 τι
2878 1801 3060 1855 ποιῶ·
3089 1802 3437 1872 ὕστερονδὲ
3464 1800 3795 1872 γνώσεσθε,
3828 1816 3997 1854 τουτο

661 1884 863 1956 legitur
890 1907 903 1941 :
932 1887 1167 1944 Nescitis
1197 1891 1325 1960 quid
1355 1893 1520 1961 facio,
1555 1894 1738 1947 scietis
1781 1905 1957 1950 autem
1997 1905 2179 1965 postea
2211 1896 2227 1927 ⁸
2251 1934 2268 1959 ,

2377 1893 2520 1948 ἐστιν
2569 1891 2701 1948 ὅταν
2734 1894 2931 1950 τέλειοι
2974 1895 3209 1966 γένησθε
3232 1909 3248 1926 ·
3290 1896 3388 1948 καί⁵
3423 1894 3622 1948 πάλιν·
3664 1896 3786 1947 Οὐκ
3820 1891 3993 1961 ᾕδει-

660 1976 925 2033 nimirum
961 1996 1086 2035 cum
1137 1980 1499 2051 perfectiores
1536 1986 1713 2040 eritis.
1748 1984 1879 2041 ltem
1928 1988 2063 2042 illud
2105 2007 2116 2042 :
2154 1986 2265 2042 Ne-

659 2071 934 2135 sciebant,
965 2072 1129 2128 donec
1166 2092 1198 2128 a
1237 2077 1461 2130 mortuis
1495 2089 1788 2148 resurgeret
1814 2082 1857 2134 ³.
1899 2077 1990 2134 Sic
2036 2087 2090 2135 et
2121 2078 2267 2134 Pau-

660 2163 750 2218 lus
789 2183 800 2217 :
837 2161 1091 2218 Nondum
1132 2169 1275 2221 enim
1325 2171 1582 2234 poteratis
1610 2210 1624 2232 ,
1681 2171 1772 2224 sed
1823 2187 1914 2245 nec
1969 2171 2142 2227 adhuc
2172 2190 2267 2243 po-

667 2257 817 2310 testis
855 2255 918 2310 ³ι
970 2268 1029 2311 ιιι
1067 2260 1413 2326 ostenderet,
1463 2247 1889 2332 procedentibus
1923 2268 2268 2336 temporibus

668 2347 1001 2416 perfectiora
1051 2349 1171 2405 dari
1218 2365 1525 2422 praecepta;
1561 2371 1684 2425 qua:
1739 2355 1866 2411 licet
1913 2357 2104 2414 eadem
2157 2361 2271 2414 sint

669 2455 909 2511 semper,
951 2444 1113 2498 aliam
1142 2446 1505 2503 nihilominus
1558 2451 1826 2506 rationem
1862 2451 2128 2516 induunt,
2169 2467 2271 2508 nec

662 2536 859 2594 eodem
931 2538 1254 2607 junioribus
1320 2558 1429 2612 quo
1469 2543 1714 2600 robustis
1756 2545 1918 2600 modo
1960 2554 2273 2615 temperatio

665 2637 774 2685 tur.
823 2631 958 2687 Cum
1008 2635 1154 2688 enim
1201 2635 1338 2705 legis
1384 2637 1498 2691 haec
1532 2647 1682 2694 esset
1717 2640 1954 2694 formula
1992 2659 2005 2693 :
2043 2639 2271 2695 Oculum

663 2737 760 2790 pro
808 2722 996 2788 oculo,
1048 2737 1158 2777 non
1212 2723 1352 2778 dixit
1386 2744 1397 2778 :
1429 2725 1622 2781 Eruitc
1657 2727 1879 2781 oculum
1930 2743 2032 2798 pro
2070 2731 2268 2796 oculo;

667 2812 798 2876 scd,
843 2814 890 2869 si
943 2814 1070 2885 quis
1121 2816 1345 2869 oculum
1387 2818 1628 2882 eruerit,
1677 2820 1728 2874 ei
1776 2820 1971 2875 oculus
2023 2832 2268 2876 eruetur.

668 2902 793 2960 Ideo
829 2906 1062 2976 quilibet
1111 2915 1170 2961 ut
1216 2909 1437 2980 corpori
1467 2926 1570 2965 suo
1603 2911 1954 2978 consuleret,
1991 2915 2273 2969 maxillam

665 2999 976 3054 verberanti
1008 3001 1284 3069 praebebat
1304 3043 1319 3066 ,
1352 3018 1460 3058 non
1493 3003 1611 3073 ipse
1636 3005 1984 3061 verberabat.

740 3088 860 3155 Qua
897 3091 1110 3147 ratione
1162 3092 1279 3162 jam
1315 3101 1430 3148 tum
1478 3109 1542 3149 ca
1598 3096 1988 3163 servabantur,
2039 3113 2163 3169 quae
2217 3099 2271 3153 in

670 3176 967 3250 Evangelio
999 3181 1164 3236 modo
1194 3189 1303 3236 tam
1334 3185 1540 3254 apertis
1570 3186 1750 3241 verbis
1789 3196 2058 3259 concepta
2089 3199 2221 3244 sunt
2255 3210 2268 3246 :

2368 2012 2510 2060 σαν,
2548 1995 2660 2061 ἓως
2713 1988 2941 2056 ἀνέστη
2983 1989 3052 2043 ὲκ
3086 1987 3207 2042 τῶν
3247 1986 3514 2056 νεκρῶν·
3553 1988 3582 2041 ὁ
3626 1986 3686 2040 δὲ
3729 1985 3947 2048 Παῦλος
3975 2004 3990 2017 ·

2372 2088 2549 2142 Οὔπω
2601 2087 2715 2158 γὰρ
2778 2082 3114 2152 ἠδύνασθε,
3163 2082 3300 2136 ἀλλ’
3359 2080 3503 2136 οὐδὲ
3545 2081 3634 2134 ἔτι
3683 2078 3991 2134 δύνασθε·

2375 2178 2615 2241 δεικνὺς,
2661 2177 2744 2229 ὅτι
2796 2173 3005 2245 καιρῶν
3034 2173 3336 2243 προϊόντων
3377 2171 3716 2245 τελειότεραι
3747 2170 3994 2236 ἐντολαὶ,

2370 2265 2528 2323 οὖσαι
2580 2269 2680 2340 μὲν
2728 2269 2785 2322 αἱ
2844 2266 3028 2328 αὑταὶ,
3069 2264 3544 2337 μεταϐαλλόμεναι
3589 2264 3646 2318 δὲ
3677 2266 3758 2327 εἰς
3787 2264 3997 2334 ἑτέραν

2373 2360 2597 2432 σχέσιν·
2628 2359 2764 2414 ἀλλὰ
2804 2361 2917 2421 τοῖς
2961 2358 3103 2420 νέοις
3140 2357 3241 2428 μὲν
3279 2355 3457 2420 ἄλλως
3484 2354 3994 2427 σχηματιζόμεναι,

2373 2452 2580 2522 ἑτέρως
2629 2451 2687 2505 δὲ
2739 2453 2851 2514 τοῖς
2883 2449 3306 2520 ἐντελεστέροις.
3351 2449 3749 2518 Νομοθετήσας
3800 2446 3911 2518 γὰρ
3961 2447 3997 2500 ὁ

2371 2545 2535 2615 νόμος
2568 2545 2670 2615 (7),
2711 2543 3056 2620 Ὀφθαλμὸν
3083 2542 3220 2596 ἀντὶ
3241 2540 3579 2611 ὀφθαλμοῦ,
3599 2541 3699 2595 οὐκ
3718 2535 3872 2593 εἶπεν
3890 2537 4000 2593 αὑ-

2373 2640 2519 2701 τοῖς·
2586 2634 2910 2689 Ἑκϐἀλλετε
2955 2633 3234 2706 ὀφθαλμὸν
3287 2634 3409 2688 ἀντὶ
3459 2630 3776 2703 ὀφθαλμοῦ·
3829 2630 3978 2694 ἀλλ’,

2389 2730 2517 2782 ’Ἐὰν
2551 2727 2762 2800 ἐκϐάλῃ
2795 2744 2878 2789 τις
2892 2723 3618 2796 ὁφθαλμδν,ἐκϐληθήσεται
3650 2725 3679 2776 ὁ
3707 2721 4000 2792 ὀφθαλμὸς

2373 2822 2471 2876 τοῦ
2516 2820 2866 2885 ἐκϐαλόντος.
2921 2820 3192 2882 Ἕκαστος
3239 2817 3316 2884 δὲ,
3361 2815 3677 2887 φειδόμενος
3718 2813 3812 2868 τοῦ
3853 2813 3997 2867 ἰδίου

2379 2915 2656 2986 σώματος,
2693 2911 2989 2983 παρεδίδου
3019 2909 3119 2980 τὴν
3149 2909 3378 2980 σιαγόνα
3405 2907 3726 2974 τύπτεσθαι,
3759 2907 3854 2960 καὶ
3883 2906 4001 2960 οὐκ

2378 3008 2601 3061 ἔτυπτε.

2450 3094 2563 3154 Καὶ
2602 3098 2712 3154 ἀπὸ
2732 3098 2855 3152 τότε
2882 3097 3218 3167 ἐφυλάττετο
3251 3096 3319 3152 τὰ
3335 3096 3523 3184 νῦνὶὲν
3559 3095 3639 3167 τῷ
3668 3091 4004 3165 Εὑαγγελίῳ

2379 3191 2670 3264 τηλαυγῶς
2732 3189 3023 3262 εἰρημένα,
3061 3189 3184 3243 τότε
3220 3189 3316 3261 μὲν
3356 3189 3596 3259 ἀνάγκῃ,
3618 3186 3693 3249 ὼς
3719 3185 3855 3239 νέων
3883 3201 4003 3238 σω-

669 3287 795 3327 cum
827 3289 893 3328 eo
923 3282 1106 3330 tamen
1138 3275 1480 3342 discrimine,
1518 3283 1663 3350 quod
1699 3283 1773 3335 illi
1805 3293 1952 3337 metu
1987 3298 2052 3336 ac
2082 3299 2272 3339 ncces-

2382 3252 2810 3355 φρονιζομένων,
2845 3252 2957 3335 ’νῦν
3005 3279 3065 3333 δὲ
3121 3252 3610 3351 πρόαιρέσειίᾶτε
3653 3277 3718 3350 δὴ
3761 3275 4003 3330 τελείων

673 3366 834 3421 sitate
871 3367 1017 3421 velut
1059 3366 1443 3439 adolescentes
1489 3371 1544 3424 in
1585 3372 1763 3428 oflicio
1802 3376 2190 3442 continentur,
2221 3377 2273 3430 lii

674 3465 864 3528 utpote
897 3458 1223 3516 confirmata
1267 3462 1382 3530 jam
1415 3470 1576 3520 :ctate
1623 3474 1817 3536 sponte
1849 3482 1950 3521 sua
1980 3483 2044 3522 ac
2083 3469 2275 3523 volun-

674 3558 786 3605 tate
817 3553 1222 3623 obtemperent.
1255 3555 1326 3609 At
1354 3558 1500 3612 enim
1532 3560 1814 3613 contraria
1843 3560 1949 3616 ista
1972 3561 2232 3615 videntur
2257 3579 2270 3615 :

675 3643 904 3700 Oculum
935 3661 1032 3714 pro
1053 3647 1206 3702 oculo
1228 3689 1242 3714 ,
1270 3657 1322 3704 et
1347 3649 1755 3708 interfectorem
1787 3655 2020 3710 interﬁci
2057 3655 2272 3724 jubere.

674 3736 780 3794 Sed
818 3739 887 3796 dc
919 3742 1247 3813 illajudicii
1290 3743 1380 3799 die
1424 3745 1506 3800 sic
1531 3745 1844 3816 loquentem
1883 3748 2164 3804 Christum
2194 3753 2278 3806 vi-

671 3830 868 3888 demus
903 3851 915 3887 :
954 3831 1168 3900 Veniet,
1197 3834 1396 3904 inquit,
1421 3838 1537 3906 ejus
1581 3837 1869 3904 Dominus,
1903 3841 2145 3910 seipsum
2180 3857 2278 3897 au-

673 3931 782 3980 tem
823 3927 1100 3998 intelligit,
1139 3928 1232 3997 qui
1260 3929 1332 3983 sit
1375 3929 1625 3983 omnium
1663 3930 2038 3998 Dominus,et
2067 3950 2277 3988 servum

673 4019 846 4088 ipsum
877 4021 932 4073 in
972 4019 1107 4075 duas
1148 4029 1326 4090 partes
1368 4020 1600 4086 secubit;
1641 4033 1690 4078 et
1733 4035 1936 4092 partem
1986 4026 2103 4096 ejus
2153 4044 2276 4081 cum

675 4110 984 4181 inﬁdelibus
1034 4113 1254 4181 pouet‘.
1291 4111 1482 4169 ltestat
1532 4116 1699 4186 igitur
1742 4126 1800 4170 ut
1845 4125 2038 4172 contra
2083 4119 2277 4174 Salva-

675 4215 852 4260 torem
911 4205 1089 4276 ipsum
1126 4207 1433 4264 calumnias
1467 4218 1592 4265 tuas
1624 4225 1688 4264 ac
1720 4211 2010 4266 maledicta
2045 4227 2280 4268 conver-

676 4303 785 4361 tas,
815 4313 1055 4368 eumque
1086 4312 1211 4354 esse
1257 4298 1466 4354 bonum
1523 4300 1816 4368 infi‘cieris,
1849 4303 2065 4357 tametsi
2100 4304 2278 4359 bonus

675 4403 800 4442 cum
838 4386 998 4444 Pater
1025 4391 1307 4460 genuerit,
1340 4389 1630 4461 bonusque
1666 4392 1739 4446 sit
1771 4406 1835 4447 ac
1864 4393 2078 4463 justus,
2112 4410 2212 4449 nec
2248 4412 2278 4450 a

677 4477 838 4533 Patre
869 4480 1142 4536 diversus.
1176 4481 1450 4549 Quocirca
1494 4492 1550 4537 tu
1580 4484 1673 4553 qui
1714 4484 1893 4554 legum
1918 4485 2078 4541 nobis
2105 4487 2278 4556 parti-

2382 3375 2741 3446 πειθομένων.
2770 3374 2836 3427 Et
2862 3373 2918 3426 δὲ
2945 3372 3179 3442 φάσκεις
3211 3370 3553 3443 περιπλοκὴν
3584 3365 3724 3425 εἶναι
3756 3367 4002 3438 ταύτην,

2378 3467 2440 3522 τὸ
2475 3467 2679 3535 λέγειν,
2728 3464 3068 3534 Ὀφθαλμὸν
3122 3463 3256 3518 ἀντὶ
3304 3460 3641 3532 ὀφθαλμοῦ,
3683 3460 3777 3514 καὶ
3807 3461 3868 3513 τὸ
3894 3459 4004 3514 τδν

2380 3559 2547 3630 φονέα
2575 3555 2922 3627 φονεύεσθαι,
2964 3555 3076 3609 ἰδοὺ
3107 3553 3205 3608 καὶ
3234 3554 3364 3625 περὶ
3383 3553 3482 3624 τῆς
3499 3551 3712 3624 ἡμέρας
3736 3551 3834 3621 τῆς
3861 3549 4003 3622 κρίο

2381 3670 2518 3716 σεως
2549 3650 2822 3722 βλέπομεν
2836 3649 2928 3702 τὸν
2969 3647 3200 3719 Σωτῆρα
3230 3645 3481 3716 λέγοντα,
3516 3645 3599 3698 ὃτι
3648 3645 4006 3698 Ἐλεύσεται

2380 3749 2414 3800 ὀ
2477 3743 2666 3805 αὑτοῦ
2719 3742 3074 3809 Δεσπότης·
3122 3738 3282 3792 τοῦτο
3323 3736 3380 3818 δέ
3404 3734 3536 3807 περὶ
3576 3732 3768 3788 ἐαυτοῦ
3802 3734 4006 3802 ἐλεγεν

2380 3835 2544 3899 αὐτὸς
2569 3833 2791 3888 πάντων
2824 3832 2900 3885 ὢν
2931 3831 3232 3902 Δεσπότης,
3272 3827 3368 3882 καί
3402 3843 3538 3898 φησι
3557 3842 3572 3856 ·
3602 3825 3712 3880 Καὶ
3757 3823 4005 3894 διχοτο-

2380 3928 2563 3997 μήσει
2591 3925 2781 3991 αὐτὸν
2795 3925 2904 3979 τὸν
2930 3923 3158 3979 δοῦλον
3177 3940 3189 3954 ο
3213 3920 3315 3976 καὶ
3346 3922 3412 3974 τὸ
3433 3918 3618 3990 μέρος
3633 3917 3819 3972 αὑτοῦ
3836 3916 4006 3986 μετὰ

2381 4020 2499 4074 τῶν
2515 4020 2791 4074 ἀπίστων
2820 4018 3015 4086 θήσει.
3047 4014 3257 4070 Οὐκοῦν
3279 4016 3300 4046 ⁸
3333 4015 3431 4068 καὶ
3458 4013 3585 4086 περὶ
3619 4011 3712 4066 τοῦ
3736 4009 4006 4082 Σωτῆρος

2384 4109 2649 4184 ἐξοπλίζῃ
2707 4110 3066 4179 συκοφαντεῖν
3105 4107 3268 4161 πάλιν
3300 4107 3545 4177 ῥήματα,
3581 4103 3677 4158 καὶ
3707 4105 3884 4167 εἴποις
3927 4100 4010 4157 ἂν

2380 4205 2569 4261 τοῦτον
2605 4207 2679 4277 μὴ
2707 4200 2846 4258 εἶναι
2872 4202 3100 4272 ἀγαθὸν,
3119 4201 3299 4254 καίτοι
3333 4215 3397 4268 γε
3429 4201 3496 4251 ἐκ
3525 4197 3743 4268 Πατρδς
3778 4192 4003 4264 ἀγαθοῦ

2380 4298 2804 4370 γεγεννημένον,
2851 4295 2947 4349 καὶ¹
3005 4293 3212 4362 ἀγαθὸν
3261 4291 3413 4355 ὄντα,
3457 4289 3592 4344 ἀλλὰ
3639 4288 3871 4352 δίκαιον,
3895 4287 4006 4340 καὶ

2381 4393 2495 4448 οὗθ’
2525 4393 2714 4463 ἕτερον
2745 4389 2898 4462 παρὰ
2929 4387 3021 4442 τὸν
3054 4385 3298 4456 Πατέρα.
3341 4383 3582 4436 Δύνασαι
3627 4381 3736 4452 ἄρα
3766 4379 3862 4434 καὶ
3894 4378 4006 4431 αὖ-

2381 4485 2471 4538 τὸν
2534 4479 2933 4555 ἀπαλλοτριοῦν
2971 4479 3073 4549 τῆς
3119 4477 3213 4532 τοῦ
3248 4475 3466 4547 Πατρὸς
3511 4474 3720 4536 οὐσίας,
3745 4466 4000 4536 ὦοῦτος,

677 4583 764 4625 tor
792 4586 856 4626 ac
879 4581 1160 4643 geometra
1200 4582 1424 4644 repente
1453 4573 1729 4644 prodiisti,
1757 4590 1820 4631 ac
1851 4577 2123 4631 trifariam
2156 4578 2272 4631 uni-

2382 4579 2409 4630 ὁ
2463 4574 2744 4647 προελθὼν
2798 4575 2932 4646 ἡμῖν
2980 4573 3144 4627 πάλιν
3189 4571 3491 4642 διαιρέτης,
3535 4567 3629 4621 καὶ
3663 4565 4004 4637 γεωμέτρης

677 4681 836 4722 versa
864 4665 1096 4733 dividis,
1132 4675 1288 4738 potes
1318 4668 1470 4722 illum
1512 4684 1543 4722 a
1579 4668 1759 4726 Patris
1805 4670 2125 4726 abalienare
2171 4687 2273 4725 na-

678 4767 822 4814 tura.
885 4758 1043 4827 Quod
1093 4770 1271 4816 autem
1312 4763 1578 4817 nonnulla
1639 4761 1832 4819 definis
1887 4765 1938 4816 in
1986 4765 2103 4835 leg‘e
2155 4780 2278 4821 esse

676 4850 1047 4906 adumbrandi
1079 4852 1541 4925 significandique
1567 4870 1733 4909 causa
1765 4858 1995 4927 scripta,
2029 4858 2279 4914 veritatis

676 4945 933 5000 nonnihil
962 4945 1216 5016 attigisti,
1256 4955 1315 5000 ut
1355 4948 1546 5017 paucis
1579 4948 1648 5004 iis
1692 4952 1936 5020 aspersis
1959 4991 1972 5015 ,
2007 4953 2151 5006 viam
2181 4953 2280 5007 tibi

679 5035 736 5091 in
776 5037 991 5092 caneris
1031 5036 1097 5091 ad
1147 5037 1422 5092 fallaciam
1463 5038 1820 5111 fraudemque
1864 5044 2133 5099 munires.
2169 5040 2281 5097 Nec

680 5129 828 5185 enim
863 5128 1201 5185 diffitendum
1230 5139 1335 5197 est,
1369 5131 1502 5202 quin
1527 5133 1646 5188 lucc
1685 5133 1792 5187 illis
1839 5133 1893 5187 in
1928 5133 2100 5204 figura
2146 5149 2284 5189 con-

683 5221 935 5292 tigerint,
974 5222 1179 5292 scripta
1217 5223 1328 5279 sint
1377 5230 1559 5277 autem
1613 5223 1680 5277 ad
1721 5223 2128 5294 correptionem
2181 5240 2282 5278 no-

683 5321 886 5376 stram,
934 5313 988 5366 in
1031 5329 1173 5384 quos
1225 5313 1358 5368 lines
1407 5313 1734 5368 smculorum
1785 5313 2160 5376 devenerunt,
2207 5317 2285 5368 ait

681 5415 909 5463 sanctus
941 5406 1238 5476 Apostolus
1274 5407 1314 5474 ',
1340 5421 1465 5462 cum
1497 5405 1563 5461 de
1587 5408 2032 5474 circumcisione,
2055 5423 2118 5462 ac
2145 5406 2285 5464 Sab-

759 5590 775 5622 ³
807 5588 967 5644 Joan.
996 5604 1119 5647 χιιι.
1147 5589 1200 5643 7.
1275 5586 1473 5643 'Joan.
1509 5602 1568 5647 ιι.
1604 5587 1694 5644 22.
1773 5589 1793 5620 ³
1823 5587 1841 5642 l
1870 5589 2000 5644 Cor.
2038 5606 2118 5656 ιιι,
2149 5589 2204 5644 2.

685 5662 926 5718 tollenda
950 5661 1329 5730 interrogatio.

2301 5590 2322 5621 ⁸
2346 5589 2538 5658 Matth,
2573 5607 2722 5658 xxiv,
2760 5591 2850 5659 50,
2877 5591 2970 5647 5t.

2380 4673 2490 4727 τῶν
2540 4673 2744 4743 νόμων,
2791 4669 2994 4741 τριχῶς
3029 4670 3099 4725 τὰ
3146 4668 3325 4722 πάντα
3356 4663 3601 4737 διαιρῶν.
3634 4662 3746 4716 Καὶ
3782 4659 3860 4731 τῷ
3890 4659 4003 4732 μὲν

2382 4765 2579 4828 εἰπεῖν,
2607 4763 2690 4816 ὅτι
2724 4763 2805 4826 είς
2830 4760 3039 4825 τύπους
3085 4757 3431 4832 συμϐολικῶς
3471 4773 3596 4809 τινα
3626 4757 3686 4807 ἐν
3733 4752 3811 4823 τῷ
3837 4751 4004 4824 νόμῳ

2381 4856 2721 4928 γέγραπται,
2750 4854 2910 4923 ὀλίγα
2940 4853 3182 4925 παρήψω
3209 4852 3306 4921 τῆς
3337 4847 3621 4919 ἀληθείας,
3646 4846 3734 4898 ἵνα
3761 4843 3850 4896 διὰ
3877 4843 4002 4897 τῶν

2382 4947 2580 5017 ὀλίγων
2607 4944 2843 5017 δυνηθῇς
2885 4945 2982 4999 καὶ
3024 4947 3104 5008 είς
3135 4943 3204 4996 τὰ
3236 4941 3373 4995 ἄλλα
3410 4937 3710 5008 ἀπατῆσαι.
3741 4933 3845 4988 Καὶ
3876 4932 3999 5007 γὰρ

2383 5040 2464 5110 τῷ
2495 5039 2605 5093 δντι
2624 5037 2857 5100 ἐκείνοις
2876 5034 3123 5097 τυπικῶς
3147 5030 3462 5085 συνέϐαινεν
3485 5048 3496 5060 ν
3522 5026 3740 5100 ἐγράφη
3769 5025 3826 5079 δὲ
3854 5026 4001 5097 ἡμῖν

2380 5134 2460 5197 είς
2488 5130 2792 5197 νουθεσίαν,
2822 5133 2905 5194 εἰς
2927 5128 3022 5193 οὓς
3046 5126 3115 5180 τὰ
3136 5125 3266 5196 τέλη
3284 5123 3394 5176 τῶν
3416 5119 3631 5176 αἰώνων
3652 5120 4000 5190 κατήντησε,

2383 5224 2548 5296 φησὶν
2576 5225 2604 5278 ὀ
2648 5223 2955 5293 ἀγιὼτατος
3007 5216 3370 5283 Ἀπόστολος,
3411 5213 3540 5286 περί
3579 5230 3639 5266 τε
3685 5209 4004 5281 περιτομῆς

2383 5315 2578 5385 λέγων,
2613 5318 2706 5370 καὶ
2730 5317 3033 5378 Σαϐϐἁτου,
3068 5312 3162 5365 καὶ
3188 5309 3297 5363 τῶν
3328 5306 3530 5362 ἄλλων.
3558 5305 3685 5358 Είθε
3717 5301 3773 5356 δὲ
3806 5299 4002 5356 πάντα

2385 5409 2677 5482 ἡλήθευες,
2712 5412 2806 5464 καὶ
2835 5406 3022 5462 οὐκέτι
3053 5406 3235 5479 τρίτον
3269 5402 3435 5476 μέσον
3465 5399 3584 5455 θεὸν
3619 5399 3708 5454 τὸν
3748 5398 3824 5470 μὴ
3856 5395 4002 5450 ὄντα

3047 5592 3067 5624 ⁸
3099 5587 3119 5642 l
3158 5588 3283 5645 Cor.
3326 5604 3382 5656 ιι,
3412 5589 3496 5644 tt.
3576 5588 3596 5622 θ
3622 5586 3780 5643 Deest
3814 5584 3890 5652 εί,
3924 5591 3986 5640 et

760 5838 839 5909 f7)
883 5836 1307 5909 Νομοθετήσας
1342 5835 1453 5906 γὰρ
1511 5838 1542 5892 o'
1571 5839 1774 5909 νόμος.
1809 5839 2041 5913 August.
2093 5849 2272 5895 contra

2377 5839 2526 5904 dum,
2564 5857 2683 5911 cup.
2716 5840 2768 5898 S.
