4236 6320
211 397 312 459 653
1453 401 1540 455 DE
1575 399 1860 456 NATURA
1896 398 2198 455 HOMINIS.
3323 403 3430 460 6ὸῦ

209 516 296 580 θος
323 515 457 587 (69),
484 517 610 571 ὅταν
639 511 673 585 ἦ
698 509 935 567 τοιοῦτον
956 553 970 577 ,
1011 511 1087 577 ὡς
1131 513 1271 569 κατὰ
1307 512 1434 586 μίαν
1466 514 1768 586 προσϐολὴν
1797 521 1843 577 Α
1873 513 1882 568 i

1758 533 1768 565 ι
1797 521 1843 577 Α
1873 513 2000 570 item
2023 514 2328 571 accedentis
2363 510 2604 583 corporis
2629 513 2871 582 percipit,
2896 512 3142 586 adptncta
3176 518 3431 572 memoria

206 605 302 677 τῆς
330 606 473 676 ἁφῆς
504 602 1023 675 περιλαμϐάνεσθαι,
1058 601 1228 656 καὶτὸ
1273 603 1474 657 πυκνὸν
1498 601 1554 656 δὲ
1579 602 1673 656 καὶ
1704 602 1770 655 τὸ
1875 626 1879 648 ι

1756 616 1770 655 ι
1875 614 1928 658 et
1951 605 2292 674 cogitatione.
2330 603 2623 658 Numerum
2648 618 2878 673 quoque,
2896 605 2989 660 sed
3024 620 3191 674 usque
3217 607 3283 662 ad
3306 607 3429 670 duo.

210 695 373 764 μανὸν
393 697 487 749 καὶ
515 693 576 747 τὸ
603 693 953 765 στρογγύλον,
974 693 1098 745 ὅταν
1195 693 1407 763 μικρὸν,
1424 691 1499 755 ὼς
1513 693 1604 746 καὶ
1637 691 1771 747 ἄλλα
1878 712 1883 746 :

1761 709 1771 745 t
1878 703 1969 746 aut
1999 693 2124 757 tria,
2163 709 2330 763 eaque
2380 697 2602 768 exigua,
2639 704 2693 750 et
2723 711 2841 767 quae
2879 695 3033 752 facile
3082 698 3434 769 comprehen-

204 787 326 840 τινὰ
349 791 623 857 σχήματα.
640 785 868 856 Ὁμοίως
888 786 945 839 δὲ
973 785 1184 857 καὶτῆς
1213 786 1480 856 κινήσεως
1508 782 1601 838 τοῦ
1632 783 1768 852 πλη·
1875 811 1877 826 ι

1756 811 1768 822 -
1875 782 2088 837 dantur.
2122 782 2225 839 Sed
2251 785 2362 840 haec
2391 795 2642 855 aspectus
2681 787 2870 855 magis,
2904 801 3062 856 quam
3096 797 3269 843 tactus
3302 801 3429 856 per-

207 877 481 942 σιάζοντυς
533 876 668 947 αὐτῇ
727 876 974 948 σώματος
1022 877 1336 933 αἰσθάνεται
1389 874 1500 947 (70)
1557 874 1652 927 σὺν
1699 876 1766 944 τῇ
1876 895 1880 918 ‹

1758 876 1766 943 ι
1876 871 2024 941 cipit,
2054 882 2112 927 ut
2142 873 2302 929 etiam
2349 875 2612 945 aequabile
2655 885 2710 930 et
2753 877 3084 945 inaequabile.
3116 877 3252 933 Sunt
3287 878 3431 933 enim

208 968 398 1038 μνήμῃ
432 968 525 1020 καὶ
566 970 632 1038 τῇ
672 966 898 1038 διανοίᾳ.
944 968 1220 1030 Ὡσαύτως
1267 965 1324 1020 δὲ
1365 963 1458 1018 κα)⁵
1504 960 1766 1033 ἀριθμοῦο
1880 991 1881 999 η

1760 977 1766 991 ι
1880 962 1946 1016 de
1977 962 2190 1018 laevium
2223 972 2277 1019 et
2304 980 2616 1034 asperorum
2648 979 2865 1035 genere.
2893 964 3023 1019 Nam
3058 967 3124 1022 ad
3157 968 3433 1032 duritiem,

206 1056 341 1112 ἀλλά
372 1059 530 1130 μέχρι
574 1059 716 1112 δυοῖν
759 1059 793 1129 ἢ
843 1057 1011 1133 τριῶν
1050 1060 1144 1112 καὶ
1179 1057 1382 1110 τούτων
1427 1053 1639 1126 μικρῶν
1678 1053 1772 1106 καὶ

1760 1061 1772 1106 t
1885 1052 2115 1108 admista
2144 1068 2248 1108 non
2277 1054 2627 1123 aequabilitas,
2657 1055 3002 1126 asperitatem
3021 1097 3036 1123 ,
3078 1057 3433 1126 aequabilitas,

209 1149 406 1220 ῥᾳδίως
436 1148 1020 1221 περιλαμϐανομένων
1060 1147 1259 1219 μᾶλλον
1300 1145 1357 1200 δὲ
1399 1147 1498 1216 τῆς
1548 1141 1692 1212 ἁφῆς
1735 1143 1770 1212 ἡ

1884 1141 2064 1208 juncta
2105 1146 2170 1199 ad
2204 1147 2631 1213 spissitudinem,
2665 1147 2952 1202 lavitatem
2982 1148 3166 1217 gignit.

207 1237 563 1311 ὁψιςτούτων
602 1239 1094 1310 ἀντιλαμϐάνεται,
1128 1238 1315 1310 ῶσπερ
1360 1235 1453 1289 κα).
1496 1231 1590 1287 τοῦ
1648 1231 1852 1303 ὁμαλοῦ
1881 1231 1994 1312 (71)
2030 1234 2126 1287 καὶ
2161 1234 2252 1288 τοῦ
2286 1235 2594 1306 ἀνωμάλου.
2625 1237 2731 1291 Τοῦ
2793 1238 2901 1310 γὰρ
2953 1238 3144 1306 γένους
3198 1238 3317 1291 ἐστὶ
3342 1239 3436 1293 τοῦ

207 1350 265 1389 τι
293 1335 440 1390 λείου
475 1333 570 1387 καὶ
589 1334 815 1405 τραχέος
844 1333 976 1404 (72).
1011 1331 1344 1403 Σκληρότητι
1379 1330 1474 1400 μὲν
1528 1328 1637 1398 γὰρ
1674 1325 1955 1397 ἀνωμαλία
1999 1328 2109 1400 (75)
2148 1329 2397 1400 μιχθεῖσα
2457 1331 2789 1403 τραχύτητα,
2848 1333 3116 1404 ὁμαλότης
3157 1335 3214 1388 δὲ
3243 1335 3440 1389 πυκνό-

207 1442 350 1498 τητι,
377 1426 625 1496 λειότητα
658 1427 818 1479 ποιεῖ.

275 1518 446 1588 Δῆλον
471 1512 563 1570 οὗν
595 1519 660 1570 ὲκ
684 1515 789 1570 τῶν
818 1515 1141 1587 εἰρημένων,
1169 1515 1244 1578 ὡς
1267 1516 1464 1586 πολλὴν
1494 1515 1774 1569 κοινωνίαν

209 1605 262 1658 al.
297 1605 575 1675 αἰσθήσεις
607 1597 762 1657 αὗται
789 1603 900 1673 (74)
936 1604 1072 1674 πρὸς
1124 1604 1354 1675 ἀλλήλας
1405 1603 1606 1676 ἔχουσι.
1665 1605 1775 1658 Καὶ

209 1695 317 1765 γὰρ
347 1693 416 1748 τὰ
451 1695 549 1763 τῆς
597 1694 790 1763 ἑτέρας
812 1693 1231 1765 διαμαρτήματα
1261 1695 1372 1766 (75)
1401 1697 1432 1765 ή
1467 1696 1627 1765 ἑτέρα
1657 1695 1775 1750 δια-

1957 1507 2134 1574 Quare
2157 1521 2222 1561 cx
2260 1507 2364 1572 bis,
2397 1523 2513 1578 qum
2541 1507 2794 1576 diximus,
2827 1525 3071 1580 magnam
3095 1525 3214 1566 esse
3248 1512 3441 1567 horum

1882 1613 2141 1653 sensuum
2179 1598 2320 1654 inter
2344 1613 2403 1654 se
2423 1600 2883 1668 communitatem,
2915 1601 3069 1657 facile
3094 1603 3438 1672 perspicitur.

1882 1688 2014 1744 Nam
2037 1688 2261 1745 alterius
2299 1704 2537 1745 errorem
2576 1690 2945 1746 alterindicat.
2975 1691 3029 1745 In
3056 1692 3265 1761 pictura
3295 1694 3438 1747 enim

211 1784 392 1851 σαφεῖ·
439 1782 557 1834 Ἐπὶ
590 1781 718 1850 γοῦν
752 1780 850 1850 τῆς
881 1781 1098 1850 γραφῆς
1118 1782 1151 1850 ἡ
1185 1782 1280 1851 μὲν
1308 1782 1428 1852 ὄψις
1459 1780 1648 1852 ἐξοχάς
1668 1784 1778 1855 (76)
1814 1794 1884 1855 ut

1767 1787 1778 1854 )
1814 1794 1857 1855 Β
1883 1780 2023 1835 oculi
2060 1780 2277 1848 quidem
2320 1780 2644 1836 eminentiae
2675 1782 2932 1850 quasdam
2963 1791 3191 1838 cernunt
3233 1785 3440 1837 narium

207 1893 356 1939 τινας
383 1877 502 1947 ὁρᾷ,
549 1874 693 1944 ῥινός
723 1890 782 1926 τε
823 1873 1047 1927 καὶτῶν
1078 1872 1280 1927 ἄλλων·
1314 1875 1346 1943 ή
1377 1872 1431 1925 δὲ
1467 1872 1576 1944 ἁφὴ
1610 1891 1779 1945 προσ-

210 1965 440 2020 ελθοῦσα
490 1963 766 2035 διήλεγξεν
814 1964 982 2032 αὐτῆς
1009 1964 1070 2017 τὸ
1098 1963 1471 2034 διαμάρτημα.
1502 1964 1708 2037 Ὥσπερ
1727 1967 1782 2020 δὲ

209 2055 390 2128 ήὸψις
412 2056 523 2127 (77)
549 2056 638 2108 ἀεὶ
674 2055 768 2109 καὶ
811 2053 987 2108 πάντα
1013 2053 1127 2123 (78)
1152 2052 1240 2106 διὰ
1273 2053 1436 2125 μέσου
1485 2053 1576 2107 τοῦ
1623 2055 1782 2127 ἀέρος

207 2149 342 2217 ὁρᾷ·
367 2144 514 2199 ,οῦτω
556 2147 649 2198 καὶ
679 2149 712 2216 ὴ
741 2144 850 2215 ἁφὴ
885 2143 971 2197 διὰ
1004 2142 1168 2213 μέσου
1205 2143 1319 2214 88
1375 2143 1472 2214 τῆς
1516 2144 1626 2214 (79)
1686 2145 1782 2214 βα-

211 2237 442 2308 κτηρίας
463 2235 572 2290 τῶν
594 2235 844 2306 σκληρῶν
869 2233 962 2287 κα)⁵
987 2233 1244 2305 μαλακῶν
1273 2234 1366 2286 καὶ
1393 2233 1573 2305 ὑγρῶν
1596 2236 1781 2290 αἰσθά-

211 2341 380 2390 νεται,
413 2325 546 2381 ἀλλὰ
594 2320 1012 2392 συλλογιστικῶς
1035 2321 1146 2395 (80)
1194 2324 1289 2376 καὶ
1321 2324 1456 2394 μετὰ
1502 2325 1776 2390 διανοίας·

219 2414 620 2488 ἀκριϐεστάτην
642 2414 750 2486 γὰρ
776 2412 887 2483 ἔχει
911 2411 1114 2483 ταύτην
1140 2412 1239 2482 τὴν
1260 2413 1509 2484 αἴσθησιν
1529 2417 1557 2468 ὁ
1582 2415 1782 2485 ἄνθρω-

209 2523 328 2569 πος.
363 2505 543 2577 Ταύτῃ
573 2504 702 2574 γοῦν
730 2504 824 2556 καὶ
851 2505 916 2573 τῇ
952 2501 1136 2569 γεύσει
1180 2501 1340 2555 πλέον
1389 2502 1501 2572 ἔχει
1533 2503 1641 2555 τῶν
1688 2501 1776 2556 ἀλα

210 2595 312 2650 λων
363 2593 538 2660 ζώων,
596 2594 770 2647 καίτοι
825 2596 944 2655 ταῖς
985 2592 1172 2655 ἄλλαις
1228 2592 1405 2663 τρισὶν
1453 2591 1778 2663 ἡττώμενος.

213 2685 372 2738 Ἀλλο
405 2685 502 2754 μὲν
527 2683 636 2754 γὰρ
663 2681 800 2747 ζῶον
830 2683 950 2736 κατ’
976 2681 1142 2752 ἀλλην
1179 2681 1427 2751 αἴσθησιν
1467 2681 1574 2735 τῶν
1617 2682 1780 2755 τριῶν

210 2773 519 2828 πλεονεκτεί
551 2771 662 2843 (81)
697 2771 789 2825 τὸν
827 2771 1140 2842 ἄνθρωπονο
1181 2772 1210 2822 ὁ
1254 2772 1316 2824 δὲ.
1361 2770 1522 2836 κύων,
1569 2774 1624 2825 ὲν
1661 2775 1781 2836 τατς

207 2865 385 2936 τρισὶν
408 2865 524 2935 ἆμα
543 2880 556 2894 ·
584 2863 836 2934 ὀξύτερον
869 2863 976 2933 γὰρ
1000 2863 1094 2916 καὶ
1132 2863 1317 2916 ἀκούει
1357 2863 1450 2918 καὶ
1478 2865 1661 2934 βλέπει
1689 2867 1782 2919 καὶ

209 2955 581 3028 ὁσφραίνεται,
627 2956 702 3018 ὡς
735 2955 892 3026 δῆλον
943 2956 1007 3008 ὲκ
1065 2954 1173 3008 τῶν
1226 2956 1541 3025 ἰχνευόντων
1579 2957 1773 3010 κυνῶν.

209 3045 319 3099 Καὶ
351 3048 462 3100 πᾶν
511 3048 607 3117 μὲν
636 3047 695 3098 τὸ
723 3045 879 3116 σῶμα
909 3044 1006 3112 τῆς
1044 3046 1184 3116 ἁφῆς
1221 3048 1365 3097 ἐστιν
1413 3045 1777 3118 αἰσθητήριον,

1887 1881 1942 1926 et
1977 1879 2292 1926 cancrorum
2325 1888 2339 1925 :
2385 1879 2440 1925 at
2473 1871 2736 1927 accedens
2769 1875 3014 1942 tangendi
3063 1874 3142 1929 vis
3163 1914 3177 1938 ,
3205 1874 3321 1942 ejus
3360 1888 3440 1928 er-

1889 1977 2066 2017 rorem
2099 1961 2364 2031 coarguit.
2409 1962 2583 2030 Atque
2626 1970 2688 2016 ut
2723 1972 2970 2032 aspectus
3009 1965 3188 2018 omnia
3211 1978 3442 2034 semper,

1888 2066 2014 2107 aere
2049 2051 2351 2119 interiecto,
2398 2051 2672 2120 intuetur;
2710 2054 2784 2108 ita
2821 2063 2995 2112 tactus
3032 2069 3126 2124 per
3175 2053 3439 2117 baculum,

1887 2149 1941 2196 et
1981 2143 2113 2196 dura
2142 2182 2156 2207 ,
2190 2151 2244 2197 et
2275 2142 2452 2198 mollia
2482 2183 2496 2208 ,
2527 2153 2581 2198 et
2607 2144 2822 2199 humida
2851 2144 3048 2210 sentit,
3076 2145 3123 2198 si
3159 2143 3434 2198 ratiocina-

1889 2233 2087 2287 tionem
2113 2242 2166 2287 et
2194 2233 2574 2305 cogitationem
2598 2235 2861 2289 adhibeat.
2889 2234 3043 2289 Hunc
3064 2236 3206 2289 enim
3228 2249 3442 2290 sensum

1891 2322 2050 2375 homo
2069 2320 2229 2376 habet
2258 2323 2598 2376 acerrimum.
2636 2321 2766 2376 Nam
2804 2333 2943 2378 tactu
2974 2334 3027 2379 et
3053 2333 3208 2394 gustu
3241 2323 3444 2393 reliqua

1889 2410 2055 2465 vincit
2073 2409 2344 2473 animalia,
2361 2412 2570 2466 caeteris
2593 2412 2765 2467 tribus
2782 2414 3026 2469 sensibus
3048 2414 3294 2469 vincitur.
3311 2412 3444 2468 Cum

1886 2499 2028 2554 enim
2056 2498 2198 2552 aliud
2246 2499 2446 2553 animal
2483 2500 2588 2554 alio
2637 2515 2797 2555 sensu
2844 2501 2910 2557 de
2968 2502 3139 2558 tribus
3170 2503 3444 2557 hominem

1892 2598 2145 2660 superet,
2191 2589 2340 2644 canis
2366 2590 2535 2646 tribus
2563 2590 2765 2660 pariter
2800 2592 3027 2648 excellit.
3057 2592 3191 2648 Nam
3223 2601 3278 2647 et
3301 2593 3448 2648 audit

1887 2683 2112 2747 acutius,
2141 2690 2195 2736 et
2226 2681 2387 2749 videt,
2420 2693 2474 2737 et
2503 2683 2755 2738 odoratur
2785 2701 2803 2740 :
2836 2687 2985 2754 quod
3010 2686 3045 2740 ii
3069 2700 3234 2741 canes
3262 2696 3446 2742 osten-

1887 2773 2055 2840 dunt,
2112 2787 2248 2842 quos
2302 2775 2369 2827 ad
2435 2773 2836 2844 investigandas
2899 2775 3040 2830 feras
3104 2777 3444 2832 adhibemus.

1887 2862 2209 2933 Quanquam
2252 2873 2427 2917 autem
2461 2865 2770 2925 universum
2803 2880 3002 2936 corpus
3044 2875 3214 2921 tactus
3241 2875 3320 2921 est
3359 2866 3446 2922 in-

1886 2962 2279 3021 strumentutn,
2307 2964 2549 3024 ut-supra
2577 2965 2661 3011 est
2707 2956 3035 3012 declaratum
3057 2999 3072 3025 ,
3096 2959 3325 3013 maxime
3363 2967 3450 3014 ta-

1889 3059 2010 3099 men
2061 3044 2346 3099 interiores
2391 3059 2581 3101 manus
2627 3054 2684 3099 et
2724 3047 2912 3100 barum
2939 3047 2991 3100 in
3017 3047 3208 3117 primis
3249 3048 3447 3102 summi

209 3140 284 3201 ὡς
315 3139 410 3191 καὶ
435 3136 664 3208 πρόσθεν
693 3136 806 3207 (82)
833 3135 1077 3208 εἴρηται·
1114 3135 1346 3205 μάλιστα
1367 3135 1424 3188 δὲ
1451 3135 1559 3188 τῶν
1583 3137 1780 3208 χειρῶν
1808 3141 1852 3200 C

1772 3155 1780 3186 ι
1808 3141 1852 3200 c
1886 3135 2059 3204 digiti.
2091 3134 2198 3190 Hos
2223 3135 2365 3190 enim
2399 3145 2456 3188 ut
2477 3134 2681 3190 indices
2713 3135 2974 3191 habemus
3004 3146 3178 3192 tactus
3209 3137 3445 3208 certissi-

207 3230 275 3284 τά
302 3228 528 3292 ἔσωθεν,
561 3228 654 3280 και)⁷
685 3226 889 3280 τούτων
917 3226 998 3280 ἔτι
1039 3225 1237 3296 μᾶλλον
1274 3228 1342 3280 τὰ
1363 3227 1506 3298 ἄκρα
1531 3227 1637 3281 τῶν
1659 3228 1783 3282 δακ-

206 3321 410 3375 τύλων·
441 3316 610 3374 ταῦτα
648 3319 755 3390 γὰρ
801 3317 987 3386 ὥσπερ
1019 3315 1301 3386 γνώμονας
1326 3317 1600 3387 τιναςιτῆς
1641 3317 1782 3387 ἁφῆς

208 3411 456 3482 ἀκριϐεῖς
488 3409 597 3478 (85)
642 3407 857 3478 ἔχομεν.
917 3408 990 3460 Οὐ
1038 3407 1146 3477 γὰρ
1191 3406 1351 3476 μόνον
1399 3407 1783 3477 ἀντιληπτικὴν

205 3501 440 3574 ὄργανον
467 3501 494 3552 ὁ
518 3497 854 3568 Δημιουργὸς
883 3495 980 3558 τὰς
1006 3498 1192 3565 χεῖρας
1211 3495 1624 3560 κατεσκεύασεν,
1651 3495 1782 3549 ἀλλά

208 3596 302 3647 καὶ
342 3590 596 3645 ἁπτικόν*
630 3588 716 3641 διὰ
745 3587 900 3640 τοῦτο
919 3587 1089 3640 καὶτὸ
1125 3586 1298 3657 δέρμα
1334 3586 1445 3657 (84)
1466 3587 1782 3658 λεπτότερον

205 3682 414 3754 ιχουσι,
445 3681 539 3734 καὶ
559 3679 660 3751 μῦς
684 3680 875 3740 αύταῖς
894 3680 1045 3740 ὅλαις
1081 3677 1278 3730 ἔσωθεν
1296 3677 1658 3749 ὑπέστρωται,
1688 3677 1780 3732 κα)¹

206 3772 412 3847 τριχῶν
429 3769 764 3843 ἀμοιροῦσιν,
780 3771 883 3822 ιῖνα
902 3768 1099 3839 μᾶλλον
1123 3771 1228 3824 τῶν
1249 3770 1433 3824 ἁπτῶν
1453 3769 1783 3840 ἀντιλαμϐά-

206 3883 408 3921 νωνται
437 3862 570 3934 (85).
607 3860 713 3914 Τοῦ
751 3861 808 3913 δὲ
853 3860 1044 3932 τρίχας
1090 3862 1257 3924 αὺτάς
1301 3863 1374 3932 μὴ
1413 3862 1566 3931 φύειν
1594 3862 1725 3933 (86),
1753 3864 1782 3915 ὁ

1886 3241 2020 3281 mos.
2051 3225 2180 3279 Nam
2200 3241 2305 3280 non
2339 3227 2494 3281 modo
2519 3227 2584 3282 ad
2611 3227 3170 3298 comprehendendum
3195 3229 3443 3283 idoneum

1886 3317 2302 3371 instrumentum
2330 3331 2358 3370 a
2394 3317 2505 3371 Deo
2529 3332 2720 3372 manus
2750 3317 2956 3373 eﬂ'ectae
2983 3328 3131 3383 sunt,
3157 3320 3251 3374 sed
3279 3320 3443 3374 etiam

1884 3411 1950 3461 ad
2009 3408 2357 3479 tangendum.
2402 3407 2572 3475 Quam
2603 3409 2777 3473 etiam
2820 3410 2889 3464 ob
2924 3423 3141 3464 causam
3190 3418 3313 3466 cute
3367 3420 3445 3467 te-

1885 3500 2100 3553 nuiores
2123 3508 2285 3564 sunt,
2320 3509 2372 3554 et
2399 3494 2626 3554 musculi
2654 3501 2918 3555 universa:
2956 3501 3144 3569 palma:
3184 3501 3444 3556 substrati

1889 3599 2032 3655 sunt,
2061 3601 2114 3644 et
2145 3591 2266 3660 pilis
2306 3599 2518 3656 carent,
2553 3599 2610 3645 ut
2643 3591 2833 3660 magis,
2863 3607 2985 3663 qua:
3019 3593 3158 3662 tangi
3193 3601 3443 3661 possunt,

1878 3680 2208 3750 percipiant.
2236 3679 2346 3735 Cur
2390 3689 2569 3735 autem
2614 3681 2750 3750 pilos
2778 3696 2842 3736 ex
2873 3668 2992 3738 sese
3033 3697 3135 3736 non
3181 3680 3442 3745 efferant.

1889 3771 2162 3826 musculus
2192 3772 2496 3826 substratus
2525 3785 2687 3825 causa
2719 3780 2819 3826 est.
2858 3770 3042 3824 Manus
3081 3781 3252 3825 autem
3276 3810 3290 3836 ,
3324 3785 3447 3841 qua

1889 3863 2133 3928 duriores
2157 3871 2305 3927 sunt,
2343 3863 2409 3917 ad
2437 3859 3099 3930 capiendumvalcntiores
3138 3869 3294 3926 sunt;
3323 3877 3443 3932 qua!

1370 3956 1528 4009 VAB.
1572 3955 1768 4010 LECT.
1809 3954 1896 4010 ET
1936 3954 2268 4009 ANIMADV.

207 4050 529 4116 scripserat,
556 4049 754 4118 ὁμοίως
778 4047 835 4099 δὲ
885 4046 978 4099 καὶ
1006 4048 1033 4099 ὁ
1057 4046 1221 4108 τόπος
1241 4048 1302 4099 τό
1327 4063 1386 4098 τε
1414 4046 1664 4117 μέγεθος,
1703 4049 1782 4100 in-

208 4119 412 4188 tellige,
441 4118 778 4188 xowdfcntv
831 4114 974 4188 ἀφῆς
1007 4115 1098 4168 καὶ
1129 4115 1321 4184 ὅψεως.
1358 4116 1525 4188 Valla,
1568 4131 1781 4188 sursum

206 4199 258 4244 et
284 4184 568 4242 deorsum.
598 4185 732 4240 Nam
768 4194 822 4239 et
854 4184 1003 4238 locus
1026 4194 1079 4236 et
1114 4187 1424 4252 magnitudo
1468 4196 1588 4237 sunt
1640 4186 1782 4252 ejus-

203 4258 376 4319 modi,
418 4265 601 4309 utuna
631 4255 1040 4320 rep'ercussioue
1098 4261 1272 4321 tactus
1328 4253 1778 4321 deprehendatur.

273 4325 398 4450 (69A
429 4327 638 4447 Τξπος.
677 4323 748 4378 Τό
795 4338 857 4376 τε
883 4321 1152 4390 μέγεθος.
1182 4320 1357 4384 Τόπος
1394 4320 1489 4375 καὶ
1527 4321 1587 4374 τὸ
1629 4321 1785 4394 μέγε-

203 4396 696 4535 ΫῗέοῗοΣὲξματος
717 4458 1078 4535 αίσθᾴζετιςι.
1110 4459 1366 4535 Σῶματος
1404 4458 1767 4535 αξσθᾴνεσθαι,

201 4529 380 4594 Μ.’1,’
403 4543 459 4585 et
498 4529 633 4584 idem
667 4545 785 4583 mox
822 4529 1152 4599 :_'Oaadatog
1177 4529 1235 4583 δὲ
1273 4531 1365 4583 καὶ
1393 4529 1486 4582 τοῦ
1503 4529 1766 4599 (ἀριθμοῦ,

201 4611 274 4666 et,
311 4601 430 4664 δύο,
465 4600 580 4652 loco
623 4599 784 4668 δυοῖν.
841 4596 1072 4668 Deinde:
1121 4597 1184 4651 Ἡ
1227 4600 1349 4666 ὁψις
1379 4596 1764 4668 ἀντιλαμϐάνε-

198 4685 309 4732 ται,
344 4670 554 4724 omisso
578 4667 799 4731 τούτων,
829 4667 894 4718 Α.
931 4667 983 4720 5.

271 4740 388 4810 (71)
423 4737 647 4805 Ὥσπερ
829 4734 1230 4810 τοῦ-ὁμαλοῦ.
1277 4735 1507 4810 'Qpakofi
1537 4749 1600 4810 εξ
1649 4750 1772 4810 φτ..

199 4802 528 4928 ηόξίιξῖεϊ,
556 4802 722 4928 Sulca
757 4802 1023 4875 ὠμαλοῦί
1053 4816 1110 4860 ιιι
1157 4802 1424 4875 superius,
1460 4805 1522 4858 Ι).
1574 4806 1624 4858 1.
1659 4802 1768 4857 Καὶ

199 4890 284 4928 om
357 4893 372 4928 ι
408 4915 425 4928 .
517 4914 527 4924 .
599 4917 610 4928 .

199 4877 425 4933 omittit.
466 4877 527 4928 A.
556 4877 610 4930 2.

267 4915 535 5016 ’Τᾶᾇ
560 4915 654 5016 ’ξε
681 4943 860 5016 Ῠλεέρυ
1031 4944 1297 5016 τραχέος.
1356 4945 1463 4999 Τοῦ
1499 4943 1638 4999 λείου
1678 4942 1770 4994 καί

198 5013 470 5086 τραχέος,
504 5013 569 5066 A.
597 5014 650 5078 2,
679 5015 730 5086 5.
764 5013 852 5067 Sic
891 5022 946 5065 et
984 5014 1045 5069 D.
1078 5015 1131 5066 1.
1164 5016 1268 5068 Sed
1302 5030 1368 5071 ex
1415 5031 1580 5077 corr.,
1612 5022 1770 5065 antea

199 5083 373 5153 credo
389 5091 511 5153 erat
539 5083 800 5153 τραχέως.

266 5151 388 5226 (73).
419 5151 790 5226 Σκλήρδεητι
817 5153 1062 5226 μὲνγὰρ
1100 5154 1426 5226 ἀνωμαςέίρ·
1457 5153 1767 5226 Σκληρότης

200 5220 300 5294 μξν
329 5220 448 5292 γὰρ
487 5221 790 5292 ἀνωμαλίᾳ,
818 5220 888 5278 ⁷1).
923 5220 973 5289 1,
1021 5220 1087 5277 Ἀ.
1119 5226 1170 5290 1,
1203 5220 1265 5294 3,
1294 5221 1422 5275 Vall.
1461 5220 1767 5294 Μοχῖτρα-

233 5289 394 5363 ύτητι
414 5289 504 5343 'ex
532 5289 762 5363 correct.
795 5309 930 5363 rec.,
957 5303 1112 5348 antea
1145 5289 1305 5347 credo
1329 5289 1685 5363 τραχύτητα,⁷
1706 5293 1764 5345 ι).

233 5307 394 5360 υτητι
434 5306 504 5343 ex
532 5306 762 5344 correct.
795 5309 930 5356 rec.,
957 5306 1112 5348 antea
1145 5306 1305 5347 creuo
1329 5308 1672 5363 τραχυτητα,
1706 5306 1764 5345 υ.

198 5306 250 5434 ξ.
308 5361 436 5434 μοι
494 5373 679 5434 rursus
715 5361 985 5434 ὁμαλότης
1031 5377 1093 5415 cx
1139 5369 1369 5416 correct.
1422 5377 1558 5428 rec.,
1611 5371 1765 5414 antea

198 5429 514 5502 ὠμαλότηςο
552 5428 710 5502 idet!»

267 5500 384 5569 (74)
421 5493 847 5569 Ᾱίαισθήσεις
884 5501 1076 5554 αὐταί.
1120 5499 1296 5552 Malim
1350 5493 1530 5564 αὗται,
1571 5499 1622 5555 id
1647 5508 1763 5569 _est,

200 5563 316 5639 uti;
357 5563 459 5622 καὶ.
499 5568 640 5637 ἁφή.¹
671 5563 840 5622 Αύταί
893 5584 1109 5638 prorsus
1161 5571 1360 5623 omittit
1411 5563 1541 5624 Vall.
1598 5563 1765 5624 Αὗται

199 5638 356 5693 habet
388 5643 459 5692 A.
492 5639 544 5690 5.
570 5639 744 5704 Atque
775 5641 843 5693 ita
870 5639 1098 5698 correxi.

265 5707 378 5776 (75)
409 5703 881 5778 Διαμαρτήματα.
920 5707 1333 5777 Ἀμαρτήματα,
1372 5709 1436 5760 Α.
1486 5709 1539 5762 ‘2.
1577 5709 1637 5762 Et
1684 5707 1764 5761 sic

202 5790 342 5842 mox,
376 5777 719 5847 ἁμάρτημα.
743 5779 883 5843 Mox,
918 5778 1275 5843 διασαφεῖται,
1315 5780 1380 5830 Α.
1415 5780 1464 5831 5.

1956 4045 2063 4116 (76)
2098 4047 2268 4116 {op-ac
2309 4044 2546 4116 ἐξοχὰς,
2582 4065 2634 4100 κ.
2669 4066 2718 4100 τ.
2751 4048 2800 4100 λ.
2847 4046 2973 4101 Haec
3014 4061 3133 4100 cum
3173 4047 3443 4116 proximis

1887 4114 1972 4186 ita
1995 4114 2269 4186 confundit
2305 4116 2372 4170 Μ.
2406 4114 2448 4170 1⁷
2479 4132 2491 4170 :
2530 4117 2650 4186 ὁψις
2680 4116 2766 4186 ἀεὶ
2793 4116 2884 4168 καὶ
2915 4115 3108 4186 πάντα.
3145 4114 3240 4186 Διά
3270 4117 3440 4186 μέσου

1978 4184 2069 4237 τοῦ
2121 4184 2279 4256 ἀέρος
2317 4186 2436 4256 ὁρᾷ.
2473 4183 2627 4239 Οὕτω
2658 4184 2801 4254 ῥινὸς
2834 4185 3054 4256 καὶ-τῶν
3083 4183 3281 4256 ἀλλων.
3316 4187 3437 4256 Mox

1886 4253 2026 4326 idem
2078 4252 2150 4326 τᾲ
2187 4252 2630 4326 διαμαρτήματα,
2659 4252 2784 4308 loco
2831 4253 2896 4305 τὸ
2933 4254 3304 4325 διαμάρτημα.
3333 4254 3440 4309 Po-

1885 4323 2084 4376 sterius
2114 4322 2478 4382 habet’eti’am',
2512 4326 2573 4376 A.
2605 4325 2657 4376 5.

1958 4388 2081 4463 (77)
2102 4389 2401 4463 'QO'JFEp_17
2449 4391 2609 4463 ὄψις.
2640 4393 2724 4457 Δέ,
2764 4401 2880 4461 post
2907 4391 3115 4463 ῶσπερ,
3143 4393 3343 4448 addunt
3373 4394 3436 4449 D.

1887 4459 1934 4525 1,
1965 4461 2029 4513 A.
2063 4461 2111 4523 1,
2137 4459 2190 4519 2,
2227 4459 2466 4524 5.Ὁοιι.,
2501 4461 2631 4514 Vall.

1950 4527 2059 4601 (78)
2112 4528 2217 4601 Ἀεὶ
2255 4529 2352 4583 καὶ
2397 4529 2610 4601 πάντα.
2652 4530 2761 4582 Ἀεὶ
2791 4529 2898 4601 ᾐκα).
2946 4529 3118 4601 πάντῃ
3151 4530 3238 4595 τά,
3286 4531 3350 4583 Α.
3381 4532 3435 4586 5.

1880 4597 2066 4670 ῌάντῃ
2119 4599 2470 4670 vehementer
2521 4600 2714 4670 placet.
2775 4599 2884 4670 Sed
2930 4600 2999 4670 τα
3046 4597 3278 4670 alienum
3331 4613 3435 4657 est.

1872 4666 2351 4741 Fotltei'scri_pserat
2381 4666 2621 4741 auc_tdr_:_
2654 4669 2766 4741 ζᾼεὶ
2801 4668 2898 4741 καὶ
2933 4668 3110 4741 πάντῃ
3142 4667 3343 4741 πάντα.

1969 4736 2058 4806 79)
2091 4736 2192 4806 Διὰ
2216 4735 2410 4803 μέσης
2426 4735 2553 4804 τῆς.
2576 4737 2772 4806 Malitn,
2795 4736 2882 4806 διᾲ
2911 4735 3224 4806 μέσου’τῆς.

1967 4804 2056 4870 80)
2095 4805 2270 4867 Ἀλλὰ
2311 4805 2806 4874 συλλογιστικῶς.
2837 4805 2933 4859 Hic
2963 4806 3014 4858 in
3047 4804 3289 4861 versione
3319 4807 3439 4862 loco

1872 4873 1988 4935 cui,
2015 4874 2246 4935 correxi,
2275 4876 2318 4927 si
2345 4885 2397 4925 et
2419 4873 2682 4939 adhibeat,
2711 4877 2825 4927 loco
2858 4876 3082 4928 adhibet.

1945 4941 2077 5014 (81)_
2102 4942 2222 5014 Τῶν
2248 4940 2422 5011 τριῶν
2442 4942 2805 5009 πλεονεκτεῖ.
2841 4942 3066 5014 ξἈλλων,
3092 4950 3225 5014 ante
3247 4944 3435 5014 τριῶν,

1873 5010 2129 5083 additi):
2158 5012 2205 5074 1,
2254 5010 2318 5083 et
2355 5014 2512 5083 paulo
2554 5023 2676 5066 ante
2727 5012 3038 5083 ήττόμενος,
3091 5012 3255 5083 idem.
3284 5010 3431 5075 Mox,

1873 5080 2228 5151 ὀσφραινῇσαι
2257 5082 2377 5151 (sic)
2410 5081 2628 5136 δύναται
2660 5080 2772 5135 loco
2801 5081 3169 5151 όσφραίνεται,
3211 5080 3278 5134 Μ.
3297 5084 3362 5151 71.

1944 5148 2055 5219 (82)
2101 5148 2192 5215 Ὧς
2222 5150 2318 5202 καὶ
2348 5148 2628 5220 ⁸πρόσθεν.
2664 5151 2747 5212 Ὠς
2783 5148 2887 5202 και
2910 5148 3247 5220 ἔμπροσθεν,
3286 5150 3345 5205 D.
3381 5152 3432 5206 1.

1872 5217 2067 5289 Eadetrt
2092 5220 2320 5289 varietas
2355 5219 2513 5289 infra,
2542 5236 2590 5289 p.
2625 5220 2711 5289 90.

1944 5287 2053 5356 (85)
2083 5287 2401 5358 Γνὼμονζιις
2425 5287 2556 5358 ἀζιρ.
2594 5288 2702 5356 τῆς
2736 5287 2914 5357 ἁφῆς.
2955 5288 3242 5358 Γνὼμονάς
3282 5306 3431 5352 τινας

1873 5357 1969 5425 τῆς
2001 5357 2142 5427 ἀφῆς
2172 5357 2434 5427 ἀκριϐεῖς,
2471 5357 2532 5408 Ι).
2561 5360 2609 5412 1.
2644 5360 2752 5422 Sic,
2781 5359 2982 5427 omisso
3006 5357 3176 5419 τινάς,
3214 5362 3274 5411 Α.
3302 5359 3357 5412 2.
3445 5359 3451 5371 “

1938 5426 2186 5505 (84λᾼιὰ
2205 5426 2379 5505 τ’οῂτο
2400 5428 2503 5505 καί
2525 5428 2596 5505 τό
2612 5427 2814 5496 δέρμα.
2847 5426 2920 5479 Τό
2953 5431 3119 5491 abest,
3160 5429 3219 5481 D.
3249 5430 3299 5482 1.
3333 5427 3433 5480 Διά

1872 5494 2029 5548 τοῦτο
2057 5494 2230 5564 δεῖκαὶ
2256 5494 2448 5564 δέρμα,
2480 5500 2541 5550 Α.
2566 5497 2618 5549 5.

1943 5565 2052 5634 (85)
2105 5563 2242 5634 Ta)?
2296 5563 2506 5618 ἁπλῶν
2564 5565 3130 5634 ἀντιλαμϐάνονται.
3196 5565 3426 5630 Ἇπτῶν,

1873 5603 1992 5687 ιοδο
2025 5603 2228 5697 ἀπλῶν,
2289 5635 2352 5685 Α.
2401 5635 2451 5696 1,
2491 5634 2540 5694 2,
2589 5637 2642 5698 5,
2685 5603 2818 5688 (ἐυιῖ
2860 5637 2975 5699 Quo
3028 5636 3194 5701 magis
3227 5607 3426 5688 tactum:

1873 5705 2316 5774 complectantur,
2348 5704 2480 5774 Vall.
2526 5703 3056 5774 Ἀντιλαμϐάνονται,
3093 5707 3155 5774 Α.
3187 5704 3241 5765 2,
3281 5705 3422 5774 1).1.

1872 5842 1914 5894 Δ
1944 5771 2055 5894 (ἓῦ)
2091 5773 2295 5838 Τρίχας
2318 5773 2500 5839 αὐτὰς
2521 5773 2605 5842 μὴ
2625 5771 2821 5841 φύσιν.
2849 5775 3062 5838 Αύταῖς,
3091 5773 3207 5829 loco
3235 5773 3425 5836 αὑτάς,
