4236 6320
159 348 266 401 6υῦ

1410 358 1499 413 DE
1537 360 1823 419 NATURA
1866 362 2167 423 HOMINIS.

3322 375 3423 432 691

161 470 256 521 κὲιν
287 467 363 539 (2)
396 469 492 522 καὶ
526 471 842 542 γεννητικὸν
892 473 987 526 καὶ
1031 478 1358 547 σφυγμικόν.
1401 481 1663 536 Καλεῖται
1696 483 1750 537 δὲ
1781 499 1821 555 Α

1781 499 1821 555 Α
1858 487 2083 554 triendi,
2118 491 2476 557 procreandi,
2507 501 2560 548 et
2590 494 2836 564 pulsuum
2869 500 2949 555 vis
2990 502 3148 558 inest.
3189 506 3423 571 Quorum

161 562 391 631 φυσικὸν
427 563 550 632 μὲν,
592 564 654 617 τὸ
679 565 967 634 θρεπτικὸν
1007 570 1098 621 καὶ
1130 572 1443 641 γεννητικόν
1517 575 1745 638 ζωτικὸν

159 651 238 713 δὲ,
271 651 331 704 τὸ
372 656 707 723 σφυγμικόν.

704 748 887 817 ΚΕΦ.
933 750 1037 804 ΚΓ’
1072 752 1146 823 (δ)

606 839 751 908 Περὶ
779 841 884 896 τοῦ
915 844 1253 910 θρεπτικοῦ.

234 927 337 980 Τοῦ
361 928 657 1001 θρεπτικοῦ
676 932 977 1002 φυσικαὶμ)
990 935 1363 1006 δυνάμειςείσὶ
1378 931 1744 1013 τέσσαρες(ὸ³),

163 1014 412 1089 ἑλκτικὴ,
453 1019 750 1092 καθεκτικὴ
820 1022 917 1091 (6),
993 1024 1339 1098 ἀλλοιωτικὴ,
1391 1028 1743 1102 ἀποκριτική·

161 1108 393 1163 ἕκαστον
412 1110 519 1182 γὰρ
534 1110 644 1164 τῶν
662 1113 865 1184 μορίων
892 1114 987 1167 τοῦ
1010 1114 1148 1180 ζώου
1178 1118 1422 1185 φυσικῶς
1451 1119 1596 1175 ἓλκει
1614 1122 1749 1193 πρὸς

164 1198 329 1252 ἑαυτὸ
373 1201 471 1272 τὴν
494 1201 701 1256 οἰκείαν
740 1204 967 1276 τροφὴν,
1004 1208 1099 1261 καὶ
1128 1209 1359 1264 ἑλκύσαν
1388 1213 1630 1284 κατέχει,
1657 1216 1752 1269 καὶ

164 1292 440 1362 κατασχὸν
459 1295 537 1357 είς
554 1294 713 1348 ἑαυτὸ
752 1298 1099 1367 μεταϐάλλει,
1120 1302 1215 1355 καὶ
1229 1302 1402 1367 οὕτως
1421 1306 1481 1359 τὸ
1497 1308 1752 1378 περιττὸν

163 1380 383 1471 ἐξωθεῖ.
422 1386 533 1437 Καὶ
558 1380 720 1440 αὗταί
763 1390 902 1442 εἰσιν
940 1392 996 1444 αἱ
1025 1392 1283 1464 δυνάμεις
1314 1396 1371 1448 αἱ
1410 1397 1507 1467 τὴν
1540 1399 1749 1471 τροφὴν

161 1468 268 1523 τῶν
295 1473 506 1543 μορίων
537 1474 630 1528 τοῦ
654 1476 906 1548 σώματος
932 1480 1251 1549 διοικοῦσαι,
1267 1486 1324 1552 ἐξ
1340 1480 1475 1559 ὧνηή
1500 1488 1747 1560 αὔξησις,

161 1557 280 1628 ἤτε
322 1562 465 1615 κατὰ
499 1565 673 1635 μῆκος
699 1569 792 1621 καὶ
813 1569 1016 1635 πλάτος
1051 1573 1166 1643 (7),
1202 1575 1431 1644 γίνεται.
1466 1557 1749 1651 Ἒκκρίνε-

160 1667 249 1704 ται
292 1653 355 1706 δὲ
402 1654 479 1725 (8)
510 1657 577 1710 τὰ
617 1662 846 1732 περιττὰ
888 1662 979 1717 διὰ
1023 1666 1292 1739 γαστρὸς,
1351 1669 1420 1722 δι’
1450 1669 1647 1742 οὔρων,
1683 1674 1749 1726 δι’

161 1743 409 1813 ἐμέτων,
444 1746 510 1800 δι’
542 1748 782 1818 ἱδρώτων
804 1794 819 1819 ,
861 1753 950 1807 διὰ
992 1756 1289 1827 στόματος,
1328 1759 1417 1813 διὰ
1447 1762 1639 1831 ῥινῶν,
1681 1763 1747 1819 δι’

1854 580 1961 631 duo
2019 579 2107 633 illa
2168 582 2472 649 naturalia,
2519 586 2620 640 hoc
2668 599 3001 658 postremum
3052 595 3209 651 vitale
3258 597 3429 651 notui-

1850 678 2031 724 natur.

2452 766 2602 824 CAP.
2646 770 2833 827 XXIII.

2240 856 2317 911 De
2358 860 2619 915 nutriente
2664 865 2852 920 anima:
2888 880 3056 935 parte.
3142 852 3146 855 ⁷

1924 943 2150 1028 Altricis
2187 948 2355 1014 partis
2393 949 2533 1005 vires
2568 952 2846 1008 naturales
2876 967 3002 1011 sunt
3033 966 3284 1028 qualum,
3323 973 3421 1013 tra-

1854 1023 2013 1091 hendi
2036 1076 2051 1100 ,
2088 1037 2386 1105 retinendi,
2412 1044 2778 1098 couunutandi
2798 1087 2813 1111 ,
2842 1023 3161 1116 depellendi.
3192 1050 3429 1116 Qumquc

1853 1126 1996 1179 enim
2033 1142 2158 1194 pars
2194 1129 2443 1183 animalis
2489 1132 2811 1188 naturaliter
2852 1137 3020 1192 trahit
3063 1140 3129 1193 ad
3171 1155 3229 1194 se
3273 1157 3428 1194 suum

1855 1216 2206 1284 alimentum,
2240 1230 2531 1276 attractum
2570 1225 2801 1293 retinet,
2839 1238 3105 1284 retentum
3134 1216 3185 1285 in
3217 1247 3277 1286 se
3314 1249 3429 1287 mu-

1855 1314 1967 1372 tat,
2004 1317 2059 1363 et
2092 1310 2337 1377 demum,
2372 1313 2512 1382 quod
2547 1315 2877 1384 superfluum
2920 1330 3034 1385 est,
3083 1321 3322 1391 expellit.
3363 1321 3431 1377 Et

1853 1398 1935 1452 hae
1971 1409 2095 1454 sunt
2138 1400 2460 1471 facultates,
2513 1421 2632 1474 quae
2683 1409 2858 1463 cibum
2901 1413 3131 1480 partium
3179 1414 3430 1469 animalis

1853 1489 2240 1546 administrant
2264 1534 2278 1557 ,
2311 1509 2375 1548 ex
2414 1497 2611 1565 quibus
2642 1502 2913 1565 accretio,
2950 1520 3072 1557 cum
3108 1505 3156 1557 in
3193 1506 3430 1573 Iungitu-

1854 1582 2033 1636 dinem
2059 1625 2074 1647 ,
2112 1594 2224 1638 tum
2264 1586 2314 1639 in
2350 1588 2695 1643 latitudinem
2730 1592 3113 1660 proficiscitur.
3151 1595 3429 1664 Depulluu-

1855 1684 1941 1728 tur
1968 1684 2149 1731 autem
2177 1716 2191 1741 ,
2231 1695 2351 1749 quae
2391 1680 2662 1751 superflua
2696 1694 2852 1751 sunt,
2898 1701 2995 1755 per
3028 1699 3298 1751 ventrem,
3335 1704 3432 1757 per

1854 1767 2098 1831 urinam,
2153 1783 2247 1837 per
2287 1774 2551 1841 vomitus,
2599 1790 2695 1844 per
2740 1776 2997 1840 sudores,
3049 1794 3146 1848 per
3197 1795 3297 1845 os,
3336 1795 3431 1848 per

162 1833 339 1939 ῶτων,
373 1838 441 1891 δι’
460 1839 783 1939 ὀφθαλμῶν,
822 1844 982 1915 ιιο
1008 1846 1096 1901 διὰ
1126 1850 1226 1919 τῆς
1257 1851 1514 1923 ἐκπνοῆς,
1534 1853 1621 1907 διὰ
1646 1855 1754 1908 τῶν
1786 1868 1827 1922 Β

1786 1868 1827 1922 Β
1858 1873 2015 1911 aures
2037 1900 2051 1924 ,
2082 1875 2179 1928 per
2223 1863 2409 1919 oculos
2433 1904 2446 1929 ,
2477 1880 2570 1935 per
2600 1869 3022 1937 exspirationem
3044 1910 3058 1935 ,
3092 1886 3188 1939 per
3217 1881 3428 1926 occulta

161 1926 378 1998 ἀδήλων
405 1930 606 2001 πόρων.
634 1933 700 1986 Αἱ
737 1934 835 2004 μὲν
865 1932 959 1990 οὖν
984 1937 1137 1993 ἄλλαι
1161 1942 1439 2013 ἐκκρίσεις
1472 1945 1743 2016 ’πρόδηλοι⁸

161 2019 228 2073 δι’
255 2019 416 2075 ὤτων
438 2023 516 2088 δὲ,
543 2026 575 2095 ἡ
599 2026 909 2099 καλουμένη
932 2030 1139 2102 κυψέλη
1157 2033 1254 2103 (9),
1285 2036 1408 2105 ἥτις
1439 2037 1555 2090 ἐστὶ
1579 2038 1749 2108 ῥύπος

162 2112 267 2166 τῶν
301 2112 461 2169 ὢτων
488 2130 501 2145 ⁸
533 2116 621 2171 δ.ὰ
648 2118 703 2172 δὲ
727 2120 836 2174 τῶν
865 2123 1179 2195 ὀφθαλμῶν,
1210 2126 1420 2198 δάκρυα
1442 2129 1535 2183 καὶ
1557 2130 1746 2200 λῆμαι·

164 2205 247 2259 διὰ
280 2206 339 2258 δὲ
364 2208 461 2278 τῆς
485 2212 739 2283 ἐκπνοῆς,
764 2214 825 2266 τὸ
847 2214 1133 2283 λιγνυῶδες
1153 2217 1263 2289 (10)
1292 2219 1393 2290 τῆς
1416 2219 1750 2292 θερμότητος

166 2298 260 2367 τῆς
287 2299 544 2369 καρδίας.
594 2302 931 2374 Ἀδήλους-δὲ
961 2308 1163 2378 πόρους
1184 2310 1339 2377 φασὶ,
1369 2310 1467 2382 τὴν
1488 2312 1751 2386 διαπνοὴν

165 2389 372 2453 παντὸς
400 2390 493 2444 τοῦ
535 2390 805 2463 σώματος,
838 2397 962 2450 καθ’
992 2400 1059 2469 ἣν
1094 2402 1159 2453 ὲκ
1192 2400 1285 2453 τοῦ
1311 2400 1508 2471 βάθους
1539 2405 1634 2457 καὶ
1654 2406 1751 2476 τῆς

168 2480 435 2551 συστολῆς
464 2482 572 2536 τῶν
602 2485 877 2557 ἀρτηριῶν
912 2490 1075 2561 ἀτμοὶ
1105 2490 1340 2546 πλεῖστοι
1378 2494 1467 2548 διὰ
1511 2496 1610 2567 τῆς
1645 2514 1751 2568 μα-

170 2569 394 2641 νότητος
431 2574 524 2627 τοῦ
558 2574 825 2649 δέρματος
850 2579 1213 2653 διεξέρχονται
1246 2585 1381 2655 (11).
1424 2589 1666 2659 Ὄργανα
1694 2589 1750 2643 δὲ

167 2663 258 2754 τοῦ
285 2663 606 2736 θρεπτικοῦ,
638 2671 699 2723 τό
729 2689 788 2725 τε
821 2674 996 2745 στόμα
1023 2678 1117 2731 καὶ
1148 2678 1176 2730 ὀ
1203 2680 1474 2751 στόμαχος
1510 2682 1623 2754 (12)
1657 2684 1752 2738 καὶ

170 2752 201 2821 ἡ
240 2755 458 2826 γαστὴρ
492 2758 586 2811 καὶ
621 2758 681 2812 τὸ
718 2754 904 2833 ἧπαρ,
948 2764 1092 2817 αἵτε
1125 2764 1318 2833 φλέϐες
1363 2752 1554 2832 πᾶσαι,
1584 2752 1655 2822 τά
1693 2787 1751 2823 τε

172 2842 363 2915 ἔντερα
397 2848 494 2900 καὶ
525 2850 578 2901 αἱ
621 2849 776 2919 χολαὶ
819 2852 1159 2925 ἀμφότεραι,
1204 2858 1297 2911 καὶ
1339 2859 1388 2911 oi
1425 2860 1633 2929 νεφροί.
1681 2860 1753 2914 Τὸ

173 2935 277 3006 γὰρ
313 2938 494 3008 στόμα
524 2940 739 3013 πρῶτον
776 2945 1289 3014 προκατασκευάζει
1319 2949 1430 3020 (15)
1456 2952 1522 3021 τῇ
1554 2953 1754 3022 γαστρὶ

172 3026 269 3096 τὴν
308 3028 551 3099 τροφὴν,
588 3033 668 3094 εἰς
718 3032 889 3085 λεπτὰ
939 3037 1278 3107 κατατέμνον
1328 3040 1499 3110 αὐτὴν
1527 3039 1614 3094 διὰ
1646 3041 1754 3095 τῶν

174 3117 397 3173 ὀδόντων
442 3123 535 3175 καὶ
584 3123 685 3194 τῆς
737 3125 1003 3198 γλώττης.
1060 3129 1341 3200 Μεγίστην
1399 3130 1508 3203 γὰρ
1568 3132 1663 3186 καὶ
1718 3135 1751 3204 ἡ

174 3208 383 3275 γλῶττα
398 3211 604 3281 χρείαν
634 3215 929 3285 παρέχεται
965 3221 1031 3289 τῇ
1066 3219 1414 3291 διαμασήσει,
1450 3222 1758 3290 συνάγουσα
1783 3206 1824 3264 C

175 3297 268 3369 τὴν
304 3302 514 3371 τροφὴν
555 3303 648 3357 καὶ
679 3307 792 3368 τοῖς
824 3305 1035 3361 ὀδοῦσιν
1066 3307 1464 3375 ὑποϐάλλουσα,
1502 3309 1756 3382 καθάπερ

174 3392 227 3443 ai
252 3392 534 3464 ἀλετρίδες
568 3395 680 3466 (14)
716 3396 804 3451 διὰ
834 3398 933 3469 τῆς
962 3398 1143 3469 χειρὸς
1172 3399 1263 3452 τὸν
1305 3403 1456 3455 σῖτον
1494 3405 1613 3465 ταῖς
1655 3402 1757 3473 μύ-

176 3491 308 3547 λαις.
349 3486 566 3553 Τρὸπον
590 3487 699 3560 γάρ
737 3506 857 3542 τινα
899 3490 993 3543 καὶ
1028 3492 1064 3562 ή
1096 3492 1313 3560 γλῶττα
1347 3492 1469 3565 χείρ
1514 3494 1630 3546 ἐστι
1658 3493 1757 3565 τῆς

177 3573 574 3647 διαμασήσεως.

244 3666 401 3719 Οὕτω
429 3667 485 3720 δὲ
520 3670 953 3740 κατεργασθεὴα
986 3671 1020 3742 ἡ
1058 3672 1265 3744 τροφὴ,
1320 3690 1753 3745 παραπεμπεται

180 3760 237 3829 τῇ
282 3759 463 3829 κοιλίᾳ.
512 3759 601 3813 διὰ
644 3759 739 3815 τοῦ
781 3764 1086 3833 στομάχου’
1140 3764 1169 3817 ό
1216 3764 1323 3835 γὰρ
1373 3764 1643 3835 στόμαχος
1690 3764 1751 3817 οὑ

179 3851 332 3920 μόνον
375 3851 731 3924 αἰσθητήριόν
774 3855 890 3907 ἐστι
936 3858 1036 3925 τῆς
1089 3855 1326 3920 ἐνδείας,
1367 3856 1501 3910 ἀλλὰ
1546 3857 1641 3911 κα)¹
1677 3856 1754 3909 δί-

180 3944 286 4006 οδος
321 3944 436 4012 (15)
468 3945 573 3997 τῶν
606 3946 809 3999 σιτίων.
857 3946 1169 4017 Ἀνατρὲχει
1203 3948 1309 4020 γὰρ
1333 3948 1390 4000 ὲν
1410 3951 1475 4019 τῇ
1513 3947 1753 4001 καταπόο

181 4050 258 4087 σει
289 4036 382 4088 καὶ
435 4038 735 4090 ἐπισπᾶται
782 4038 881 4110 τὴν
916 4038 1144 4108 τροφὴν,
1172 4040 1264 4092 καὶ
1295 4040 1658 4110 παραπέμπει
1688 4043 1752 4111 τῇ

1851 1947 2136 2005 foramina.
2162 1952 2240 2008 Ac
2267 1964 2473 2011 caeteras
2498 1958 2711 2025 quidem
2735 1959 3075 2028 depulsiones
3100 1963 3153 2016 in
3183 1975 3430 2033 promptu

1851 2049 1973 2093 sum
2000 2058 2015 2095 :
2050 2056 2145 2109 per
2188 2058 2347 2099 anres
2381 2056 2561 2102 autem
2598 2062 2660 2103 ea
2690 2089 2702 2111 ,
2733 2064 2852 2118 qua:
2883 2062 3147 2106 vocantur
3180 2053 3386 2125 κυψέλη
3415 2093 3429 2116 ,

1852 2146 1972 2201 quae
2002 2143 2130 2187 sunt
2177 2135 2389 2190 aurium
2424 2140 2652 2203 sordes;
2694 2154 2789 2207 per
2825 2140 3048 2207 oculos,
3096 2142 3349 2213 lacrymte
3377 2152 3433 2197 et

1851 2222 2195 2293 lippitudines
2217 2242 2230 2287 ;
2256 2242 2352 2295 per
2372 2230 2822 2298 exspirationem,
2850 2230 3167 2302 fuliginosus
3197 2234 3282 2288 ille
3312 2248 3435 2289 cur-

1853 2316 1938 2370 dis
1968 2316 2118 2371 calor
2148 2317 2458 2387 depellitur.
2492 2320 2711 2376 Occulta
2744 2332 2926 2378 autem
2982 2322 3248 2378 foramina
3270 2366 3286 2391 ,
3336 2340 3429 2379 seu

1853 2420 2011 2475 pores
2039 2447 2054 2472 ,
2096 2416 2291 2462 vocant
2320 2409 2735 2479 respirationem
2784 2412 2951 2466 totius
2995 2414 3279 2483 corporis,
3329 2429 3436 2486 qua

1855 2514 1921 2553 ex
1961 2499 2069 2555 imo
2102 2515 2331 2571 corpore
2361 2509 2416 2556 et
2452 2502 2774 2557 arteriarum
2807 2506 3179 2559 contractione
3211 2504 3429 2575 plurimi

1853 2605 2081 2659 vapores
2131 2593 2396 2661 percutis
2448 2594 2727 2647 raritatem
2777 2605 2999 2649 exeunt.
3058 2595 3428 2652 Instrumenta

1854 2682 2146 2738 nutrientis
2194 2684 2471 2740 facultatis
2518 2693 2645 2739 sunt
2689 2700 2750 2740 os
2795 2725 2809 2751 ,
2839 2686 3186 2751 Stomachus,
3221 2697 3429 2747 venter.

1848 2775 2022 2844 jecur,
2072 2789 2260 2830 omnes
2304 2788 2487 2838 venae,
2534 2774 2789 2831 intestina
2820 2816 2834 2842 ,
2901 2776 3025 2831 bilis
3068 2789 3330 2847 utraque,
3378 2786 3435 2833 et

1856 2879 2033 2920 renes.
2064 2865 2197 2920 Nam
2224 2882 2286 2922 os
2314 2867 2548 2937 primum
2581 2878 2847 2937 pra‘parat
2875 2868 3047 2923 ventri
3084 2869 3301 2933 cibum,
3335 2868 3433 2922 mi~

1854 2961 2025 3012 nulim
2058 2974 2180 3013 eum
2218 2974 2316 3028 per
2343 2959 2532 3015 dentes
2562 2970 2616 3014 et
2644 2960 2881 3031 linguam
2910 2975 3265 3030 conccrpens.
3296 2960 3432 3014 Nam

1854 3058 1908 3104 et
1959 3048 2139 3120 lingua
2184 3051 2475 3104 maximum
2532 3067 2686 3106 usum
2741 3052 2793 3106 in
2849 3053 3151 3106 mandendo
3200 3053 3431 3121 praebet,

1860 3142 2003 3211 quod
2038 3143 2216 3197 cibum
2253 3151 2451 3212 cogat,
2486 3142 2845 3213 dentibusque
2877 3143 3155 3213 subjiciat,
3196 3158 3298 3197 non
3335 3142 3433 3196 ali-

1863 3244 1942 3289 ter
1971 3244 2134 3305 atque
2179 3235 2439 3290 molenles
2484 3234 2697 3290 feminae
2742 3250 2904 3289 manu
2955 3234 3279 3290 frumentum
3332 3234 3435 3290 sub

1856 3326 2029 3381 molas
2063 3328 2301 3382 mittunt.
2336 3326 2466 3381 Nam
2500 3328 2901 3398 quodammodo
2934 3327 3115 3398 lingua
3146 3325 3434 3396 mandendi

1856 3417 1959 3472 cibi
1996 3431 2189 3471 manus
2224 3424 2320 3471 est.

1931 3681 2007 3735 lta
2058 3693 2235 3738 autem
2284 3686 2566 3743 confectus
2604 3687 2758 3742 cibus
2800 3686 3031 3741 mittitur
3076 3686 3142 3741 ad
3193 3695 3434 3741 ventrem

1860 3787 1958 3842 per
1991 3778 2353 3832 stomachum.
2394 3779 2717 3833 Stomachus
2749 3779 2893 3833 enim
2939 3793 3041 3832 non
3089 3778 3260 3832 solum
3294 3779 3435 3832 indi-

1863 3866 2057 3935 gentiae
2107 3869 2469 3939 percipiendae
2516 3872 2938 3924 instrumentum
2983 3878 3105 3933 est,
3141 3870 3231 3923 sed
3271 3868 3436 3923 etiam

1865 3958 2108 4012 ciborum
2147 3972 2377 4015 meatus.
2419 3960 2621 4016 Prmsto
2663 3961 2809 4015 enim
2845 3970 2928 4015 est
2965 3960 3015 4014 in
3062 3958 3435 4029 deglutiendo,

1865 4057 1920 4102 et
1948 4050 2174 4103 attrahit
2224 4052 2403 4106 cibum
2456 4060 2513 4105 et
2564 4052 2630 4105 ad
2680 4058 2923 4105 ventrem
2969 4050 3239 4104 demittit:
3276 4062 3436 4118 quem

1345 4181 1508 4236 VAB.
1552 4182 1750 4239 LECT.
1787 4187 1877 4243 ΕΤ
1915 4191 2246 4251 ANIMADV.

246 4309 322 4379 (2)
367 4309 562 4380 Ἔοξτιί
578 4310 652 4380 τό
672 4325 736 4380 τε
768 4311 1106 4377 θρεπτικόν.
1143 4309 1297 4362 Ἔστι
1332 4309 1394 4361 τὸ
1442 4309 1754 4380 θρεπτικόν,

184 4379 241 4433 Β.
269 4380 317 4439 1,
346 4380 414 4433 Α.
458 4379 525 4450 2.
547 4378 663 4450 Mox
696 4379 988 4450 θρεπτικὸν
1022 4381 1116 4432 καὶ
1142 4381 1457 4450 γεννὴτικόν
1478 4378 1609 4435 loco
1634 4400 1757 4449 γεν-

1942 4308 2400 4379 (δλμῈὴκρίνετᾳι
2430 4306 2526 4379 δέ,
2552 4308 2685 4379 Γαρ,
2710 4303 2834 4379 loco
2860 4307 2938 4379 δέ,
2961 4308 3026 4379 ᾼ.
3065 4308 3118 4361 5.
3156 4308 3272 4362 Mox
3298 4310 3435 4365 idem

1866 4375 1953 4447 sic
1972 4393 1988 4447 ς
2029 4374 2285 4443 ἱδρώτων,
2339 4378 2404 4429 δι’
2433 4374 2745 4447 ὀφθαλμῶν,
2776 4377 2888 4447 ,διὰ
2924 4378 3021 4445 τῆς
3052 4379 3285 4447 ὲκπνοῆς
3329 4381 3439 4434 τῶν

184 4450 397 4518 νητικὺν
447 4449 542 4502 καὶ
600 4443 911 4519 θρετετικάν,
951 4451 1012 4503 D.
1048 4450 1100 4514 1;
1132 4443 1195 4501 Ᾱ.
1227 4443 1364 4514 1,’2,
1413 4449 1544 4503 Vall.
1591 4443 1758 4506 nam
1866 4443 2075 4516 ἀδήλων
2104 4447 2306 4517 πόρων.
2341 4446 2427 4500 διὰ
2458 4443 2743 4516 ἀτόμὰτος,
2765 4446 2853 4499 διὰ
2888 4443 3069 4517 ῥινῶν.
3095 4448 3159 4500 δι’
3193 4443 3366 4502 ὢτων-

186 4519 293 4549 1......
334 4520 458 4549 Im...
545 4533 575 4549 η
618 4520 720 4549 non
778 4518 815 4549 ε’
872 4521 1060 4549 ....,.:..
1105 4520 1217 4549 ιω...
1252 4531 1326 4549 η...
1364 4522 1585 4549 ...μων-λ..
1645 4522 1756 4549 1......
1793 4496 1835 4549 D
1936 4516 2011 4549 1m
2062 4518 2306 4549 mur...”
2366 4517 2584 4549 unum...
2657 4518 2695 4549 n
2759 4516 2779 4549 ι
2814 4533 2825 4545 .
2895 4518 2920 4549 Α
2992 4518 3012 4549 ΑΙ
3082 4517 3114 4549 ς)
3181 4518 3355 4549 u...t.-\

186 4516 294 4573 tm.
324 4520 505 4579 Jo:tn.,
545 4516 742 4585 p.180.
775 4518 836 4581 E,
871 4536 979 4589 quo
1010 4521 1061 4573 in
1102 4520 1218 4575 loco
1250 4531 1333 4575 est
1364 4522 1607 4589 φυτικόν,
1642 4522 1758 4577 loco
1793 4516 1835 4549 υ

1793 4516 1835 4549 υ
1865 4583 1912 4589 υ
2056 4516 2327 4589 uvam»).
2366 4517 2609 4587 Κυψέλη,
2657 4518 2714 4569 D.
2750 4516 2845 4589 Δ1,,
2878 4516 2950 4589 ΔΑ.
2992 4518 3042 4581 1,
3082 4517 3135 4589 2,
3180 4518 3436 4589 Κυψελίς,

186 4590 425 4661 φυσικόν.
460 4589 757 4661 Naturalis,
784 4589 921 4643 Con.

249 4661 322 4726 (5)
347 4661 480 4726 Cap.
506 4658 596 4712 25.
639 4660 803 4731 Index
834 4661 1004 4731 :lIep‘t
1026 4658 1119 4711 τοῦ
1145 4658 1462 4731 θρεπτικοῦ,
1496 4659 1600 4729 κβ’,
1619 4660 1676 4714 D.
1702 4662 1751 4725 l,

249 4677 322 4726 (ο)
347 4677 480 4726 uap.
506 4677 596 4712 το.
639 4677 803 4713 tnuex
834 4677 942 4715 :ue
988 4677 1119 4713 ιτου
1145 4677 1462 4731 υρεπτικου,
1496 4677 1565 4729 κβ
1585 4700 1600 4723 ,
1620 4677 1676 4714 υ.
1702 4677 1751 4725 1,

186 4730 246 4782 Α.
305 4731 354 4783 1.
425 4731 533 4793 Sic,
572 4731 674 4799 sed
708 4728 815 4798 κγ’,
856 4732 920 4782 Α.
1048 4731 1320 4799 Διαίρεσις
1349 4730 1455 4782 τῶν
1475 4731 1755 4798 δυνάμεων

188 4801 273 4853 τοῦ
297 4797 615 4870 θρεπτικοῦ,
642 4806 750 4870 κγ’,
774 4816 802 4853 a
839 4816 984 4853 man.
1019 4816 1151 4868 rec.,
1174 4797 1245 4853 Α.
1285 4800 1339 4854 2.
1370 4800 1445 4854 De
1465 4797 1754 4870 inutritivo,

189 4886 302 4939 cap.
337 4869 430 4923 22.
467 4869 615 4941 Vall._
651 4869 774 4941 llaec
821 4871 1191 4941 superioribus
1239 4871 1417 4941 jungit
1448 4869 1582 4925 Con.
1612 4871 1756 4925 Loco

192 4957 306 5009 κεφ.
341 4947 451 5008 κγ’,
488 4949 570 4993 est
606 4939 764 5007 λόγος
780 4946 885 5008 κγ’,
921 4939 986 4994 Μ.
1014 4941 1067 4994 1.

256 5008 331 5080 (4)
367 5010 477 5064 Τοῦ
508 5009 824 5075 θρεπτικοῦ
851 5010 1123 5079 φυσικαί.
1156 5010 1247 5075 Δέ,
1298 5019 1416 5078 post
1445 5008 1563 5075 τοῦ,
1612 5010 1760 5065 addit

192 5080 251 5135 D.
284 5081 332 5132 1.
378 5082 496 5133 \‘itl.
523 5080 712 5145 Juan.,
749 5096 802 5149 p.
831 5080 951 5140 180,
982 5080 1043 5136 Ε.

259 5151 332 5220 (5)
366 5149 645 5218 Ἐλκτικὴ
668 5179 735 5188 --
763 5149 1137 5219 ἀποκριτική.
1164 5150 1512 5219 «Αρρειίιίνε,
1539 5151 1759 5205 retenti-

193 5219 275 5286 va,
314 5221 588 5289 expulsiva
621 5229 678 5275 et
712 5220 1101 5283 distributiva,»
1134 5220 1265 5275 Vall.
1303 5219 1443 5280 Καὶ,
1478 5230 1602 5275 ante
1624 5222 1748 5273 dim-

194 5295 429 5361 κοιτική,
460 5290 606 5344 addit
626 5290 691 5361 Α.
721 5291 775 5345 5.

262 5359 336 5431 (6)
364 5359 1104 5441 ΚαθεκτεκῄζΚαθελκτ-ιὶκὴε
1125 5362 1217 5413 sed
1247 5359 1276 5411 λ
1303 5375 1329 5413 a
1349 5361 1523 5428 primo
1550 5362 1759 5429 punctis

198 5430 456 5493 notatum,
499 5430 560 5483 f).
594 5431 645 5486 1.
676 5432 817 5494 Mox,
852 5433 948 5485 καὶ
976 5430 1207 5486 ὲλκῦσαν
1255 5446 1319 5483 ex
1368 5446 1582 5494 rasura,
1639 5441 1761 5485 ante

197 5499 276 5564 οὖ,
309 5501 369 5572 Ι).
396 5500 449 5565 1,
482 5501 693 5572 deinde,
722 5501 790 5556 δι’
817 5502 1049 5572 ἐμέτων,
1080 5502 1241 5572 idem.
1264 5499 1406 5555 Loco
1427 5500 1526 5572 τὴν
1554 5501 1759 5553 οἰκείαν

198 5571 418 5642 τροφήν,
452 5571 624 5642 solum
642 5572 817 5642 habet
843 5570 904 5624 τὸ
925 5574 1141 5633 οἰκεῖον,
1169 5570 1302 5626 Con.

268 5639 497 5711 (7)‘Kat
529 5639 779 5711 πλάτος.
834 5642 981 5696 Cuno
1015 5643 1161 5711 addit
1204 5660 1217 5694 :
1255 5643 1349 5697 καὶ
1401 5639 1585 5711 βάθος.
1642 5639 1760 5711 Mox

203 5704 335 5761 idem
383 5711 453 5764 ab
483 5710 552 5763 δι’
589 5704 829 5781 ἱδρώτων
879 5713 944 5769 ad
978 5710 1271 5781 ὀφθαλμῶν
1326 5704 1438 5767 solo
1504 5704 1762 5766 vacabulo

204 5781 543 5838 unuitioncut
581 5781 831 5837 reddidit.

1968 4583 2019 4648 1,
2052 4587 2115 4639 Α.
2151 4583 2204 4641 5.
2243 4583 2639 4641 υἱεῐῑιιιε“ειὶ;ίιιι
2663 4586 2917 4655 κυψελλίς
2959 4598 3010 4640 ει
3039 4583 3286 4657 κυψελίςξ
3310 4583 3438 4641 vnn;

1860 4653 2212 4779 Hlfsyclkiunr
2273 4658 2392 4710 Mox
2440 4657 2678 4727 λῆμμαι,
2727 4653 2791 4711 Α.
2850 4658 2902 4722 1,
2940 4659 2991 4711 5.
3035 4653 3344 4712 Proximum
3381 4659 3439 4712 δέ

1861 4740 1890 4777 a
1932 4738 2033 4779 est.
2112 4766 2124 4779 .
2207 4768 2219 4779 .

1861 4727 2033 4788 abest,
2062 4727 2124 4779 A.
2168 4727 2219 4779 4.

1934 4796 2046 4865 (10)
2074 4796 2430 4865 Λιγυνῶδες.
2467 4797 2808 4865 Ληγνυῶδες,
2849 4797 2905 4850 D.
2934 4798 2983 4851 1.
3001 4796 3288 4866 Λιγνῶδες,
3314 4798 3353 4849 Α
3382 4798 3435 4851 5.

1860 4865 2204 4933 Λιγνυῶδες,
2246 4868 2308 4919 Α.
2374 4870 2425 4933 1,
2483 4866 2554 4928 2;
2600 4867 2669 4920 Μ.
2733 4868 2783 4921 1.
2826 4866 2914 4921 Sic
2950 4884 3070 4936 pag.
3113 4868 3231 4931 115,
3291 4880 3439 4923 recte

1860 4946 1943 5006 est
1988 4938 2211 4989 editum.
2241 4937 2381 4999 Mox,
2410 4936 2609 5006 πόρους
2637 4937 2779 5000 τινές
2814 4955 2966 5006 φασι,
3003 4942 3065 4990 Α.
3096 4939 3150 4995 2,
3182 4938 3437 4999 Dicimus,

1862 5004 1997 5059 Vall.
2042 5007 2145 5060 Sed
2180 5008 2244 5058 A.
2286 5010 2341 5073 5,
2370 5004 2575 5077 Πόρους
2600 5008 2753 5076 φησί.

1932 5077 1979 5148 (1
2000 5077 2043 5148 l)
2070 5076 2501 5148 ᾴιεξέρχοεντίιι.
2535 5078 2903 5148 Διεξὲρχεται,
2937 5076 3001 5130 Α.
3030 5077 3082 5131 2.

1935 5136 2045 5217 (12)
2081 5136 2195 5201 Καὶ
2218 5136 2249 5200 ό
2273 5136 2605 5217 δ’τόμαχ-ος.
2642 5136 2920 5209 ”Ο’Ξιὶ›εεί,
2965 5148 3024 5199 D.
3058 5149 3107 5202 1.
3141 5147 3257 5201 Mox
3285 5147 3439 5217 ἧπαρ

1864 5225 1919 5270 ει
1944 5214 2035 5290 ξεί(Δ
2068 5226 2296 5290 correct.
2344 5214 2451 5273 rec.
2488 5214 2662 5290 ἧπαρ,
2696 5217 3252 5290 ιιιιιιιε-εἰελιιίεηυε,
3290 5214 3347 5270 Ι).
3388 5214 3436 5271 1.

2369 5286 2929 5355 προκατέισίιευάζει.
2980 5287 3199 5358 Πρῶτον
3264 5304 3434 5357 παρα-

1864 5357 2133 5420 σκευάζει,
2164 5360 2223 5411 D.
2257 5359 2309 5410 1.

1936 5388 2353 5497 ξῖῖἶῖαιὸὶὶὲὲρ
2381 5429 2441 5481 al
2475 5428 2800 5496 ἁλετρίδες.
2834 5426 3099 5498 Καθάπερ
3140 5428 3437 5498 ἀλὲτριδες,

1865 5498 1928 5550 Δ.
1968 5498 2023 5551 2.
2053 5499 2119 5550 Αἱ
2158 5509 2213 5551 ει
2245 5513 2365 5552 mox
2397 5499 2495 5568 τῆς
2526 5502 2699 5561 abest,
2733 5502 2794 5551 A.
2818 5498 2871 5551 5.

1940 5570 2051 5639 (15)
2077 5568 2318 5639 Δίοδοςε
2341 5565 2471 5631 Καί,
2497 5578 2622 5621 ante
2642 5568 2831 5630 δίοδος,
2856 5567 3036 5639 abest,
3068 5567 3130 5620 A.
3163 5566 3215 5621 5.
3234 5565 3427 5639 Traus-

1867 5635 2076 5702 missor,
2113 5637 2247 5691 Vall.
2302 5637 2443 5693 Idem
2475 5637 3008 5708 ιηοπ,παραπέμπει
3038 5640 3103 5707 τῇ
3145 5635 3340 5708 κοιλία,
3384 5636 3439 5708 in

1868 5708 2040 5761 (tivum
2066 5709 2321 5779 demittit.
2343 5709 2424 5761 Ab
2441 5706 2739 5779 ἀνατρέχει
2761 5707 2837 5779 ad,
2855 5706 3075 5778 χωρίζει
3099 5710 3272 5772 abest,
3293 5706 3354 5760 11.
3389 5706 3435 5759 1.

1883 5779 2287 5850 Ἀνατρέφεται,
2316 5778 2430 5834 loco
2469 5779 2783 5849 ἀνατρέχει.
2823 5778 2861 5829 Α
2910 5780 2962 5832 5.
