4226 6316
455 428 1005 447 πῖι.ῖ.;-..-.--....-
1020 431 1065 442 ο-
1075 428 1271 442 -.ι-ιδ...
1288 431 1618 441 ...αι-μσ--ν--η-ο

1371 601 1543 642 CIRCA
1580 601 1801 643 ANNUM
1832 602 2047 644 ΙὶΟΜῙΝῘ
2076 603 2174 644 CD.

899 935 1092 1102 Β.
1223 932 2661 1112 HIEBONYMUS

1382 1241 1800 1299 ΤηΕοινοηυδ
1847 1242 2170 1299 ΩΒΑΕΟυὸ.

1741 1469 1808 1482 ἀ

871 1683 1576 1797 ΝΟΤΙΤΙΑ
1684 1688 2666 1809 HISTORIGA.

749 1939 1079 2007 (Canum,
1141 1941 1376 1996 Veterum
1428 1941 1649 1997 Patrum
1703 1942 1994 2011 Biblioth.,
2039 1955 2074 2001 ι.
2121 1945 2242 2012 VII,
2284 1940 2531 2017 Prolcg.,
2577 1963 2626 2018 p.
2679 1947 2804 2020 18.)

1724 2176 1778 2183 ...-

211 2441 253 2502 l.
280 2443 460 2501 Pauca
500 2453 626 2498 sunt
660 2442 942 2498 admodum
973 2459 1092 2513 quae
1119 2446 1184 2500 de
1206 2439 1531 2519 Hieronymo
1565 2449 1720 2504 tbeo-
1752 2456 1800 2510 Α
1832 2446 2110 2520 Dialogum
2141 2453 2206 2506 de
2235 2458 2418 2506 sancta
2453 2445 2710 2504 Trinitate
2746 2459 2883 2503 inter
2907 2450 3158 2507 Judwum
3180 2464 3227 2507 et
3251 2451 3404 2510 Chri-

140 2536 262 2614 logo
321 2535 511 2590 Graeco
561 2535 782 2589 dicenda
843 2546 1154 2590 occurrant.
1203 2537 1279 2591 Ex
1337 2540 1728 2607 antiquioribus

136 2635 258 2698 ejus
291 2625 542 2688 meminit
593 2642 729 2685 unus
773 2627 1009 2689 Joannes
1044 2629 1427 2695 Damascenus,
1456 2635 1545 2702 qui
1589 2653 1724 2706 πρε-

139 2724 408 2796 σϐύτερον
447 2723 834 2795 Ἰεροσολύμων
877 2725 1049 2794 ipsum
1090 2724 1322 2794 appellat
1350 2723 1447 2796 (a).
1489 2724 1555 2778 Et
1590 2725 1730 2780 hanc

140 2827 280 2866 sane
324 2812 787 2868 nomenclaturam
840 2813 1049 2866 auctori
1100 2821 1285 2866 nostro
1324 2812 1519 2865 asserit
1561 2813 1726 2865 codex

139 2922 284 2960 Lux
336 2905 777 2960 membranaceus
812 2903 1152 2958 bibliotheca:
1200 2902 1545 2957 Coisliniana:
1590 2901 1728 2970 apud

140 2997 609 3052 Houtl‘auco’nium
637 2997 740 3065 (b);
765 2998 857 3066 qui
885 3010 993 3066 pre
1017 2991 1225 3049 caeteris
1239 2993 1546 3048 Theodoriti
1573 2991 1733 3045 inter-

138 3089 512 3157 pretationem
539 3088 593 3140 in
616 3085 859 3141 Psalmos
900 3103 963 3142 CI.
1002 3085 1400 3152 complectitur,
1440 3084 1634 3138 additis
1665 3083 1730 3136 ad

141 3178 451 3246 marginem
511 3177 731 3231 scholiis
785 3192 849 3230 ex
895 3176 1057 3230 variis
1098 3173 1368 3240 Patribus,
1421 3190 1554 3243 quos
1593 3175 1733 3229 inter

143 3271 515 3340 Hieronymus
537 3268 799 3338 presbyter
823 3268 1351 3337 Hierosolymitanus.
1379 3266 1607 3334 Conjicit
1636 3272 1732 3320 du-

143 3374 254 3416 tem
283 3362 497 3416 Caveus
527 3360 620 3430 (c),
647 3361 966 3429 scriptorem
1001 3374 1108 3428 quo
1131 3359 1195 3414 de
1227 3359 1456 3428 agimus,
1483 3359 1730 3412 eumdem

139 3469 274 3507 esse
305 3463 470 3521 atque
498 3451 882 3522 Hieronymum
915 3451 1284 3520 presbyterum
1308 3460 1363 3504 et
1387 3449 1732 3512 monachum,

138 3545 376 3598 natione
427 3543 744 3606 Dalmatam,
781 3545 871 3612 qui
919 3543 1304 3600 monachorum
1359 3540 1733 3612 Egyptiorum

137 3635 438 3689 historiam
465 3635 748 3701 scripsisse
774 3634 1088 3702 perhibetur
1111 3635 1254 3702 apud
1278 3632 1537 3702 Cangium
1568 3632 1621 3685 in
1651 3646 1736 3685 co-

135 3725 268 3779 dice
316 3738 519 3777 uccxnt
574 3724 910 3778 bibliothecae
961 3723 1300 3789 Colbertinae,
1348 3724 1436 3777 ubi
1488 3722 1564 3777 sic
1599 3722 1734 3791 legi-

1835 2541 2095 2607 stianum;
2138 2554 2368 2612 eumque
2405 2540 2732 2611 descriptum
2773 2557 2804 2596 e
2843 2542 3030 2597 codice
3072 2544 3410 2601 bibliothecas

1833 2629 2098 2686 Friderici
2135 2630 2522 2701 Lindenbrogii
2557 2645 2620 2684 ac
2656 2629 2845 2686 Latine
2895 2632 3160 2687 redditum
3203 2633 3412 2702 primus

1832 2726 1882 2776 in
1923 2723 2093 2777 lucem
2133 2722 2318 2777 extulit
2363 2720 2587 2775 Parisiis
2636 2735 2777 2774 anno
2810 2719 2951 2775 1612
2977 2721 3270 2777 Federicus
3298 2721 3411 2779 Mo-

1831 2814 1995 2868 rellus
2037 2829 2050 2866 :
2099 2814 2189 2883 qui
2217 2819 2479 2882 praeterea
2509 2812 2916 2880 quatuordecim
2945 2822 3070 2866 ante
3103 2827 3274 2867 annos
3304 2813 3410 2868 ibi-

1832 2905 1952 2958 dem
1984 2905 2264 2974 evulgarat
2303 2904 2541 2973 ejusdem
2589 2903 2826 2958 auctoris
2870 2902 3317 2958 Cormasntarium
3346 2907 3411 2959 de

1832 2998 2018 3064 amictu
2059 2997 2300 3065 baptismi
2345 3007 2393 3051 et
2435 2997 2570 3050 notis
2618 2992 2928 3048 Christiani.
2985 2978 3248 3066 Deinceps
3285 3011 3413 3050 vero

1836 3085 2122 3156 utrumque
2183 3086 2500 3156 opusculum
2559 3083 2746 3154 paucis
2805 3083 3004 3150 visum,
3048 3086 3177 3156 quin
3217 3096 3271 3140 et
3324 3087 3414 3142 vix

1836 3177 2120 3232 millesimo
2151 3186 2356 3242 notum,
2385 3186 2442 3230 ut
2478 3191 2598 3229 cum
2631 3175 2850 3230 Barlhio
2885 3176 3096 3245 loquar,
3138 3163 3278 3248 typis
3310 3179 3412 3232 itc-

1843 3283 1960 3321 rum
1989 3268 2257 3321 commisit
2286 3266 2517 3338 Cygnete
2551 3266 2894 3324 Christianus
2930 3267 3186 3322 Daumius
3218 3288 3231 3322 :
3268 3271 3418 3338 prius

1843 3360 2056 3427 quidem
2085 3374 2225 3412 anno
2267 3357 2428 3423 1677,
2463 3359 2732 3427 posterius
2775 3374 2905 3414 vero
2951 3358 3110 3416 1680.
3157 3359 3416 3415 Emenda-

1841 3451 1976 3504 tiora
2017 3450 2232 3504 demum
2268 3450 2513 3520 pluribus
2552 3451 2605 3504 in
2634 3450 2767 3506 loCis
2794 3451 3036 3506 subsidio
3075 3466 3176 3506 ms.
3211 3451 3414 3506 codicis

1839 3541 2239 3595 membranacei
2290 3540 2630 3596 bibliothecae
2677 3540 2930 3597 Joannete
2988 3541 3414 3610 Hamburgensis

1839 3630 2083 3684 exhibuit
2135 3629 2369 3685 Joannes
2434 3631 2686 3686 Albertus
2731 3631 3008 3686 Fabricius
3069 3631 3142 3702 (g)
3195 3648 3209 3685 :
3261 3632 3417 3700 cujus

1841 3732 2124 3790 propterea
2153 3722 2446 3776 editionem
2489 3737 2611 3777 cum
2649 3723 2946 3778 Daumiana
2982 3725 3234 3779 collatam
3270 3725 3419 3792 prelo

136 3827 231 3869 tur
276 3815 362 3885 (ά)
402 3833 414 3868 :
460 3815 649 3888 Ἑτέρα
687 3817 893 3887 ἱστορία
927 3818 1006 3880 εἰς
1049 3818 1178 3880 τοὺς
1218 3817 1367 3887 βίους
1418 3816 1528 3870 τῶν
1563 3815 1732 3884 ἁγίων

1777 3819 1808 3873 Β
1843 3813 2186 3865 tradidimus.
2215 3813 2283 3865 At
2314 3828 2446 3867 vero
2474 3813 2614 3867 haud
2645 3815 2914 3884 integrum
2965 3815 3420 3871 edidisseMorel-

139 3909 241 3980 τῆς
272 3907 578 3976 Αἰγύπτου,
605 3911 978 3980 συγγραφεϊσα
1012 3910 1160 3982 παρὰ
1199 3909 1523 3980 Ἱερωνύμου
1560 3926 1726 3980 μονα-

131 3999 239 4070 χοῦ
275 4002 380 4054 καὶ
417 4001 784 4072 πρεσϐυτέρου
816 4003 909 4055 τοῦ
931 4004 994 4055 ἐκ
1023 4002 1354 4072 Δαλματίας.
1389 4001 1575 4054 Exstat
1605 4015 1733 4055 vero

131 4093 342 4145 eadem
374 4090 596 4144 historia
626 4093 787 4145 etiam
825 4092 876 4144 in
922 4092 1104 4146 codice
1149 4105 1358 4145 Lxxxut
1397 4089 1733 4144 bibliotheca:

131 4180 504 4238 Coisiinianm
562 4195 720 4250 quam
773 4183 931 4236 modo
989 4183 1355 4244 laudavimus,
1412 4180 1570 4248 paulo
1632 4181 1732 4234 ali-

133 4289 223 4331 ter
281 4278 362 4330 ita
411 4275 668 4343 inscripta
709 4276 777 4345 (e)
826 4293 838 4328 :
883 4275 1202 4348 Ἱερωνύμου
1241 4277 1273 4345 ή
1321 4273 1440 4327 κατ⁹
1463 4273 1734 4341 Αἴγυπτον

131 4364 393 4435 ἱστορία.
430 4363 595 4418 Porro
619 4365 659 4417 si
690 4364 949 4432 ejusmodi
973 4364 1336 4432 conjecturam
1361 4362 1735 4424 admittamus,

128 4471 268 4523 qua:
301 4471 334 4507 a
359 4455 588 4508 veritate
619 4454 759 4507 haud
788 4454 947 4524 longe
977 4455 1165 4509 abesse
1196 4453 1427 4517 videtur,
1465 4449 1738 4505 scribebat

131 4549 325 4617 igitur
352 4556 546 4600 auctor
584 4543 884 4597 Theodosio
910 4541 1103 4614 Magno
1142 4542 1463 4610 imperante,
1495 4548 1552 4592 ut
1594 4539 1737 4608 ipse-

132 4647 258 4692 met
338 4644 566 4690 testatur
632 4635 684 4686 in
750 4631 870 4687 Vita
921 4633 1146 4686 Joannis
1206 4629 1426 4683 abbatis.
1475 4628 1530 4683 In
1582 4629 1739 4682 aliam

133 4737 344 4778 tamen
408 4723 608 4779 abiisse
653 4722 960 4778 Fabricium
1012 4723 1332 4777 sententiam
1395 4720 1470 4791 (f)
1525 4720 1590 4773 de
1645 4719 1746 4774 hoc

135 4816 416 4872 historia
444 4815 832 4874 monachorum
868 4813 1244 4885 )Egyptiorum
1275 4811 1541 4878 scriptore
1581 4811 1738 4864 intel-

136 4906 391 4976 ligimus

217 4997 295 5051 ll.
334 4995 540 5050 Verum
574 4998 660 5052 his
688 4994 885 5058 missis,
922 4993 1137 5062 scripsit
1172 5001 1355 5048 noster
1389 4992 1743 5063 Hieronymus

220 5269 524 5353 (ιη-ξρειιι.
561 5274 806 5329 Damasc.
845 5274 920 5327 De
945 5274 1172 5344 Imagin.
1201 5283 1339 5327 orat.
1371 5290 1452 5336 ιιι,
1487 5289 1606 5344 opp.
1638 5289 1672 5326 ι.
1707 5273 1745 5337 1,

133 5341 278 5421 pag.
309 5341 449 5397 585.
1069 5341 1080 5344 ⁷

217 5416 307 5486 (b)
363 5411 652 5486 hjontfa’uc.
682 5410 824 5486 Bibl.
861 5410 1024 5466 Coisl.
1051 5427 1170 5486 pag.
1202 5411 1323 5486 i37_.

220 5469 307 5548 ἰώ
360 5479 492 5550 Qav.
523 5469 666 5550 Hist.
707 5483 868 5536 litter.
897 5491 1024 5534 tom.
1051 5469 1094 5547 Ῑ,
1121 5469 1239 5550 pag.
1281 5480 1407 5535 ‘282.

216 5547 314 5624 (Δ)
363 5547 813 5624 (Σειηεί-ϐιοδεατ.
850 5550 1058 5605 (ἐι-ατοῦ.
1094 5547 1216 5606 tom.
1253 5550 1313 5609 ll.
1357 5554 1406 5604 in
1450 5552 1610 5604 ludic.
1646 5567 1738 5604 au.-

137 5617 332 5686 ctor.,
366 5632 494 5689 pag.
517 5617 607 5672 27.

1838 3900 1948 3953 lum
2007 3900 2311 3969 hujusmodi
2350 3901 2667 3972 Hieronymi
2707 3901 2986 3974 Diatogum
3037 3905 3100 3958 de
3145 3901 3419 3968 Trinitate,

1841 4005 1907 4045 ex
1934 3989 2142 4045 Joanne
2171 3990 2504 4046 Damasceno
2544 4001 2879 4061 compertum
2921 3993 3204 4057 habemus,
3229 3993 3316 4062 qui
3352 4009 3418 4048 ex

1839 4083 2024 4138 eodem
2081 4083 2303 4151 Dialogo
2353 4082 2713 4148 fragmentum
2755 4085 2968 4152 recitat,
3001 4084 3055 4138 in
3090 4085 3247 4140 editis
3288 4101 3418 4140 nus-

1840 4173 1985 4241 piam
2014 4186 2334 4240 comparens
2367 4194 2379 4227 :
2409 4172 2644 4242 illudque
2668 4173 2894 4242 proinde
2916 4175 3131 4244 utrique
3161 4175 3420 4242 opusculo

1842 4269 1962 4332 post
2008 4261 2318 4317 Fabricium
2373 4263 2722 4332 subjecimus.
2779 4260 3044 4320 Cteterum
3103 4266 3155 4320 in
3218 4283 3423 4322 nuncu-

1843 4352 2049 4422 patoria
2095 4351 2346 4406 Morellus
2406 4354 2670 4423 interpres
2731 4353 3123 4426 Hieronymum
3171 4356 3419 4412 Griecunt

1844 4452 2117 4497 auctorem
2150 4442 2606 4513 Θεολογικώτατον
2641 4461 2814 4516 neque
2839 4447 3128 4502 admodum
3163 4465 3422 4518 νεωτερι-

1845 4534 1960 4595 κόν,
2011 4533 2233 4603 ejusque
2287 4535 2563 4604 Dialogum
2613 4536 2756 4605 pium
2803 4543 2866 4591 ac
2927 4538 3067 4610 stylo
3114 4541 3244 4593 satis
3288 4542 3424 4594 scito

1845 4627 2206 4694 conscriptum
2228 4626 2478 4694 appellat.
2505 4627 2723 4684 Barthio
2751 4639 2930 4683 autem
2958 4627 3034 4700 (It)
3065 4630 3309 4688 aureolus
3340 4630 3424 4683 di-

1845 4717 1981 4769 citur
2015 4726 2061 4769 et
2106 4717 2317 4770 omnino
2352 4719 2594 4789 insignis,
2626 4731 2841 4789 argutus
2885 4731 2932 4774 et
2973 4721 3104 4774 mire
3148 4738 3421 4789 nervosus,

1847 4808 1934 4876 qui
1970 4805 2114 4860 nullo
2144 4809 2311 4876 pretio
2336 4820 2439 4861 non
2475 4811 2710 4878 reparari
2742 4810 2921 4864 debeat
2961 4810 3206 4864 amissus.
3241 4808 3426 4878 Neque

1777 4915 1817 4972 ς,
1852 4898 2005 4952 aliter
2026 4896 2234 4952 Caveus
2267 4907 2321 4952 et
2352 4898 2652 4962 Fabricius,
2687 4900 2812 4954 licet
2837 4901 3020 4971 pingui
3053 4900 3189 4955 satis
3223 4898 3428 4955 Miner-

1854 5004 1917 5044 va
1942 4990 2201 5060 digestum
2225 5001 2444 5045 censeat
2473 4991 2790 5062 Lequienius
2817 4993 2900 5064 (i).

1922 5271 1991 5345 (ς)
2036 5270 2320 5345 Μοιιιΐωιο.
2351 5276 2386 5331 l.
2426 5293 2475 5329 c.
2511 5292 2630 5345 pag.
2661 5277 2782 5332 185.

1920 5343 1998 5419 (Γ)
2044 5343 2547 5419 l_*‘_al_.irie._B_ibt.‘Cr.
2583 5343 3025 5419 totit.jllll,pag.
3055 5351 3180 5405 576.

1929 5413 2002 5485 (9,)
2023 5411 2208 5485 fabr.
2239 5412 2376 5466 Bibl.
2410 5413 2528 5481 Gn,
2561 5430 2680 5485 pag.
2705 5411 2965 5472 5774598.

1919 5483 1995 5561 (ii)
2023 5480 2209 5561 {int-th.
2236 5480 2521 5561 Adversar.
2543 5480 2751 5561 lily—LV,
2781 5501 2904 5561 cap.
2937 5489 2990 5551 '7,
3023 5505 3140 5557 pag.
3167 5489 3309 5546 2597

2027 5549 2283 5634 Lequiett.
2329 5555 2394 5610 ad
2438 5570 2563 5626 opp.
2597 5549 2748 5611 Joan.
2780 5549 3035 5614 Damasci
3068 5549 3194 5615 tom.
3232 5561 3272 5628 Ι,
3308 5577 3426 5634 pag.

1862 5620 1984 5680 585,
2022 5630 2129 5672 ιιοι.
2167 5621 2220 5673 3.
