4226 6316
224 411 322 472 ειν

1320 410 1665 469 DIALOGUS
1703 409 1789 465 DE
1831 409 1887 468 S.
1931 410 2323 467 'l‘lilNlTATE.

3359 410 3464 470 850

221 525 425 588 ὀδόντας
451 525 550 581 καὶ
572 524 821 596 λάρυγγα
852 524 992 579 κατὰ
1024 525 1080 578 si
1099 524 1210 594 εχει
1246 528 1274 578 6
1304 526 1436 592 Θεὸς
1464 543 1479 592 ;
1506 527 1647 580 ὥστε
1675 525 1787 578 λοι·

1893 535 1943 579 te
1971 545 1984 579 :
2018 524 2267 596 Nunquid
2294 535 2349 582 et
2376 525 2515 582 labia
2546 527 2844 598 corporalia
2889 537 2942 581 et
2984 519 3217 598 linguam
3244 529 3474 584 et-den-

223 617 312 671 πὸν
344 614 441 670 καὶ
473 615 783 685 σωματικὸς
811 615 906 668 καὶ
933 612 1156 678 τοπικὸς
1178 616 1273 667 xui.
1298 615 1492 686 ὁρατὸς
1524 616 1617 668 καὶ
1637 613 1792 686 περί·-

219 707 456 782 γιραπτὸς
502 706 641 768 ἔστι,
677 706 771 760 καὶ
814 706 862 759 sl
909 705 1088 773 τοῦτο,
1138 705 1232 759 καὶ
1271 704 1506 768 κτιστὸς·
1539 705 1646 758 πᾶν
1684 704 1792 776 γὰρ

219 796 526 870 σωματικὸν
549 797 646 851 καὶ⁵
669 795 1040 870 περίγραπτον
1073 798 1328 868 πρᾶγμα,
1362 795 1517 867 δῆλον
1555 798 1651 851 καὶ
1674 813 1793 849 κτι-

219 887 359 943 MV.
399 887 540 942 Εῑπὶ
582 885 648 958 δή
700 902 793 957 μοι
828 886 1035 951 λοιπὸν,
1075 879 1121 939 ὦ
1167 885 1427 958 τολμηρὲ,
1464 887 1560 940 καὶ
1602 885 1682 950 τὸ,
1710 883 1794 950 τίς

218 980 392 1035 lactes
424 979 518 1034 sui.
555 979 780 1050 ἐποίησε
820 979 913 1034 τὸν
938 979 1095 1035 Θεὸν.
1137 976 1208 1032 Ὠ
1247 979 1346 1051 τῆς
1382 979 1481 1051 σῆς
1527 977 1793 1050 κακίστης

219 1071 303 1129 καὶ
331 1069 741 1141 ἀφρονεστάτης
772 1069 1118 1142 mpsimle
1159 1061 1544 1140 Ἐρωτώμενος
1575 1065 1684 1142 γὰρ
1726 1068 1792 1121 σὺ

218 1157 344 1230 παρ’
372 1157 530 1230 έμοῦ,
563 1157 684 1223 πῶς
706 1159 854 1213 ἑστιν
879 1160 909 1212 6
935 1156 1213 1226 λόγος·τοῦ
1239 1157 1396 1220 Θεοῦ,
1422 1158 1455 1230 ἢ
1493 1157 1644 1212 ποτόν
1678 1157 1794 1212 ἑστι

225 1251 275 1306 τὸ
299 1250 520 1322 πνεῦμα
545 1249 642 1306 τοῦ
673 1249 833 1318 Θεοῦ,
868 1250 902 1322 ἢ
928 1252 958 1304 6
985 1249 1150 1314 τόπος
1179 1248 1213 1321 ἢ
1236 1253 1265 1304 6
1292 1249 1479 1322 θρόνος
1503 1248 1598 1304 τοῦ
1635 1247 1793 1313 Θεοῦ,

223 1342 411 1412 λέγεις·
468 1342 705 1415 Ἀπορῶ,
739 1343 822 1396 ὅτι
867 1343 968 1395 οὐκ
1005 1337 1141 1396 οῖδα·
1168 1341 1263 1394 καὶ
1301 1341 1402 1412 ἐμὲ
1447 1341 1795 1412 είσπράττεις

224 1434 304 1494 καὶ
331 1433 674 1510 ⁴ἀναγκάζεις
707 1432 909 1502 λέγειν,
933 1432 1048 1497 πῶς
1077 1435 1221 1487 ἐστιν
1262 1433 1290 1486 6
1318 1432 1475 1496 τόκος
1498 1431 1592 1488 καὶ
1613 1434 1643 1486 6
1668 1432 1798 1497 Υἱὸς

223 1524 304 1580 τοῦ
336 1523 496 1578 Θεοῦ.
527 1525 599 1579 Σὺ
617 1523 820 1596 θορυϐᾗ
848 1527 943 1578 καὶ
968 1525 1324 1594 ἀγανακτεῖς,
1357 1524 1492 1579 διότι
1514 1525 1682 1594 λέγω,
1715 1526 1796 1579 ὄτι

222 1616 324 1688 ιχει
377 1619 406 1670 6
462 1616 595 1682 Θεὸς
638 1616 765 1670 Υἱὸν
798 1615 1141 1688 πρωιώνιον,
1182 1616 1464 1685 πανάγιον,
1520 1617 1795 1681 ἄκτιστον,

218 1709 621 1782 ἀκατάληπτον,
641 1710 1036 1781 ὑπεράμωμον,
1054 1707 1382 1780 ὑπέρσοφον,
1405 1710 1796 1783 ὑπερκὸσμιον,

217 1800 580 1873 ὑπεράγαθον.
624 1802 733 1854 Καὶ
774 1799 892 1863 πῶς
922 1797 1033 1868 ἑγὼ
1059 1799 1260 1870 μᾶλλον
1291 1798 1366 1871 μὴ
1405 1798 1709 1872 θορυϐηθῶ,
1744 1794 1790 1856 ὦ

213 1865 534 1962 ἀναίσχυντε
573 1890 810 1956 Ἰονὸατε,
837 1890 919 1944 ὅτι
948 1865 1012 1944 es
1049 1865 1239 1945 έαυτὸν
1271 1865 1386 1944 sibi;
1417 1865 1553 1946 Θεοῦ
1595 1865 1791 1964 ὁνομά-
1821 1865 1864 1923 Β

216 1982 327 2048 (et;
346 1981 542 2053 λέγων,
569 1983 652 2038 ὅτι
686 1983 796 2048 υίὸς
824 1983 1166 2055 πρωτότοκος
1194 1982 1288 2038 τοῦ
1309 1982 1444 2037 Θεοῦ
1476 1986 1505 2036 6
1540 1983 1794 2055 Ἰσραήλ;

214 2074 306 2139 Σὺ,
340 2076 370 2128 6
407 2075 612 2146 μωρὸς,
645 2074 738 2129 καὶ
768 2075 889 2146 οὐχὶ
923 2075 1105 2145 σοφὸς,
1144 2077 1172 2129 6
1199 2074 1562 2146 ἀχάριστος,ὁ
1595 2091 1798 2146 γογγυ-

217 2165 367 2235 στὴς,
407 2167 434 2219 6
464 2165 715 2236 ἀνήκοος,
772 2168 802 2219 ὁ
842 2165 1184 2238 θεομίσητος,
1227 2167 1256 2220 6
1284 2166 1722 2240 θεοςκὸρπιστος,
1767 2170 1796 2221 6

215 2252 332 2324 Θεῷ
361 2253 669 2317 ἀντίδικος,
709 2253 822 2307 υἱὸν
853 2253 990 2308 Θεοῦ
1041 2254 1231 2308 ἑαυτὸν
1293 2251 1601 2324 ὀνομάζεις,
1638 2251 1794 2323 κάγὼ

214 2345 398 2416 ὲπειδὴ
421 2343 566 2413 λέγω
591 2343 720 2398 Υῑὸν
745 2344 879 2401 Θεοῦ
911 2344 1112 2414 ἀγαθὸν
1138 2345 1230 2399 καὶ
1251 2344 1546 2417 εὐεργέτην
1577 2343 1670 2408 καὶ
1691 2345 1798 2399 Σιω-

213 2436 353 2508 τῆρα
381 2435 478 2490 καὶ
496 2436 720 2498 δίκαιον,
751 2437 1079 2505 ἀγανακτεῖς
1107 2435 1200 2490 καὶ
1227 2437 1478 2502 ἐγκαλεῖς
1501 2436 1594 2489 καὶ
1629 2435 1795 2506 βλασ-

213 2532 437 2602 φημεῖς,
481 2530 578 2583 καὶ
613 2527 1006 2601 είδωλολάτρην
1043 2546 1109 2600 με
1135 2528 1464 2594 ἀποκαλεῖςς
1503 2528 1569 2582 Τί
1592 2528 1799 2599 θερμά-

214 2621 303 2696 ζῃ,
332 2616 379 2677 ὦ
413 2621 630 2694 ἀνόητε,
658 2623 752 2685 καὶ
775 2620 828 2678 τί
857 2621 1127 2696 ταράσσῃ,
1161 2622 1298 2676 ὲπάν
1322 2622 1449 2676 Υἱὸν
1479 2621 1613 2676 Θεοῦ
1635 2621 1799 2676 ἀκού-

216 2727 343 2784 σῃςς
379 2712 452 2765 Σὺ
480 2712 575 2765 ἕνα
603 2711 730 2764 Υἰὸν
762 2711 822 2765 οὺ
860 2711 1039 2781 βούλει
1065 2711 1345 2783 ὁμολογεῖν
1375 2711 1531 2764 Θεοῦ·
1560 2713 1655 2770 καὶ
1682 2711 1799 2776 πῶς

215 2805 250 2875 ἡ
283 2803 404 2857 θεία
427 2803 614 2875 Γραφὴ
650 2805 743 2856 καὶ
768 2806 795 2858 6
813 2803 997 2869 Δαὸὶδ,
1033 2805 1232 2876 μᾶλλον
1251 2805 1308 2858 δὲ
1336 2805 1469 2858 αὐτὸ
1492 2803 1554 2858 τὸ
1577 2805 1800 2875 Πνεῦμα

214 2897 275 2950 τὸ
301 2896 458 2967 ἅγιον
487 2899 656 2967 λέγει,
685 2899 768 2951 ὅτι
815 2898 955 2966 Ἐγὼ
982 2893 1153 2953 εἶπαι
1186 2899 1320 2953 Θεοί
1351 2899 1511 2956 ἐστε.
1556 2899 1652 2957 καὶ
1683 2899 1800 2953 vlol

228 2989 515 3058 Ὑψίστου
568 2989 832 3056 πάντες;
896 2988 1020 3042 Ἐὰν
1082 2988 1404 3060 ἀνθρώπους
1457 2990 1647 3058 ψιλοὺς
1708 2991 1801 3043 καὶ

217 3081 494 3155 φθαρτοὺς
522 3083 617 3137 καὶ
640 3082 865 3151 θνητοὺς
890 3081 1212 3148 κατεδέξατο
1245 3083 1272 3134 6
1313 3081 1445 3145 Θεὸς
1484 3082 1631 3145 υἱοὺς
1664 3080 1800 3134 Θεοῦ

1896 626 1978 673 tes
2003 627 2292 688 gutturque
2328 631 2393 673 ex
2426 627 2513 671 tua
2541 619 2805 677 sententia
2836 617 2976 675 Deus
3003 617 3238 675 habeat?
3268 627 3475 690 utpos-

1895 723 1955 763 ro
1983 718 2038 763 et
2073 708 2186 774 ipse
2218 708 2291 764 sit
2315 721 2605 778 corporeus
2637 718 2797 782 atque
2833 710 2889 766 in
2928 709 3047 767 loco
3069 717 3125 765 et
3151 707 3377 767 visibilis
3408 724 3472 765 ac

1892 797 2356 871 circumscriptus,
2384 807 2547 866 atque
2566 798 2610 854 si
2634 798 2750 856 haec
2773 799 2849 854 ita
2869 800 3000 865 sint,
3037 807 3292 864 creatus;
3317 798 3474 868 quid-

1894 887 2022 958 quid
2053 889 2195 944 enim
2234 902 2553 958 corporeum
2591 898 2646 945 et
2679 880 3145 960 circumscriptum
3181 898 3284 954 est,
3320 903 3472 945 crea-

1897 989 2010 1040 tum
2036 994 2158 1036 esse
2183 978 2532 1036 manifestum
2553 987 2656 1036 est.
2678 977 2796 1036 Jam
2822 980 2910 1037 dic
2933 981 3064 1036 mihi
3107 980 3175 1036 ad
3208 979 3344 1046 base,
3378 993 3474 1032 au-

1895 1070 2116 1138 dacule,
2153 1072 2274 1142 quis
2318 1070 2408 1128 ille
2438 1071 2509 1127 sit
2545 1070 2639 1141 qui
2684 1070 2849 1126 Deum
2882 1070 3124 1127 condidit
3157 1081 3214 1126 et
3252 1069 3395 1126 fecit.
3426 1058 3475 1125 Ὀ

1895 1163 2188 1233 pessimam
2246 1171 2391 1216 tuam
2434 1170 2491 1217 et
2543 1160 3091 1232 imprudentissimam
3129 1159 3471 1217 cacitateml

1897 1251 2135 1324 Rogatus
2172 1251 2315 1307 enim
2351 1265 2382 1307 a
2407 1266 2492 1307 me
2522 1251 2794 1323 quomodo
2835 1251 3058 1307 verbum
3090 1250 3186 1308 Dei
3236 1251 3332 1319 sit,
3385 1258 3478 1306 aut

1897 1342 2070 1412 qualis
2094 1343 2165 1398 sit
2205 1342 2425 1412 spiritus
2460 1342 2574 1408 Del,
2610 1342 2824 1398 locusve
2859 1351 2954 1397 aut
2977 1342 3201 1398 thronus
3228 1341 3349 1409 Dei,
3382 1340 3466 1395 fa-

1901 1433 2032 1490 teris
2083 1441 2137 1489 te
2185 1434 2390 1489 bmrere
2431 1443 2486 1489 et
2529 1434 2751 1490 minime
2782 1433 2960 1501 scire;
3027 1447 3115 1489 me
3153 1448 3283 1488 vero
3318 1432 3478 1502 iubes

1899 1524 2182 1596 adigisque
2211 1524 2392 1580 dicere
2411 1525 2683 1594 quomodo
2711 1525 2853 1581 Deus
2879 1527 2954 1582 sit
2984 1533 3040 1581 et
3071 1525 3352 1597 generatio
3380 1525 3475 1580 Dei

1900 1632 1964 1674 ac
2018 1616 2205 1672 Filius.
2252 1616 2621 1672 'l'umultuaris
2663 1625 2826 1688 atque
2865 1631 3010 1688 aegre
3055 1603 3165 1674 fers
3213 1617 3356 1688 quod
3389 1616 3477 1670 aio

1903 1709 2011 1765 Deo
2045 1721 2167 1764 esse
2215 1706 2411 1763 Filium
2452 1717 2734 1774 aeternum,
2784 1708 3210 1774 sanctissimum,
3263 1708 3478 1764 increa-

1903 1810 2037 1868 tum,
2087 1798 2711 1870 incomprehensibilem,
2757 1799 3337 1865 immaculatissimum,
3393 1813 3478 1854 sa-

1897 1891 2314 1963 pientissimum,
2347 1891 2548 1947 mundo
2571 1885 2832 1960 priorem,
2862 1906 2927 1947 ac
2948 1891 3207 1947 bonitatis
3225 1903 3472 1946 summa.

1897 1980 1963 2037 Et
2020 1984 2288 2052 quomodo
2344 1996 2450 2037 non
2508 1981 2641 2037 mihi
2692 1981 2862 2053 magis
2915 1982 3078 2040 limat
3139 1982 3478 2048 tumultuari.

1898 2073 2040 2144 quod
2076 2082 2150 2138 te,
2183 2071 2366 2129 Iudaee
2421 2074 2725 2144 impudens,
2767 2073 2861 2130 Dei
2899 2074 3068 2132 ﬁlium
3100 2075 3375 2146 appellas;
3413 2075 3482 2131 ﬁ»

1897 2165 2002 2222 lius
2039 2165 2182 2222 enim
2224 2165 2316 2221 Dei
2362 2165 2752 2238 primogenitns
2792 2165 3036 2221 lsrael'?
3077 2165 3179 2233 Tu,
3213 2168 3378 2224 stulte
3424 2177 3479 2223 et

1901 2257 2212 2326 neutiquam
2244 2255 2482 2325 sapiens,
2521 2258 2751 2325 ingrate,
2780 2258 3243 2323 obmurmurator,
3290 2258 3477 2316 inobo-

1897 2347 2070 2414 diens,
2099 2347 2268 2403 invise
2297 2345 2424 2416 Deo,
2464 2363 2493 2401 a
2522 2347 2630 2404 Deo
2645 2346 2887 2419 disperso
2925 2349 3111 2421 illique
3144 2365 3475 2421 repugnans,

1899 2448 1955 2494 tu
1989 2438 2155 2494 ﬁlium
2186 2439 2279 2495 Dei
2311 2448 2364 2495 te
2391 2439 2649 2510 appellas,
2675 2449 2731 2495 et
2757 2455 2858 2511 ego
2890 2442 3105 2512 quando
3144 2441 3342 2498 Filium
3385 2442 3476 2497 Dei

1903 2544 2151 2599 nuncupo
2176 2528 2377 2584 bonum
2407 2527 2554 2583 illum
2593 2535 2649 2585 et
2676 2527 3098 2595 heneiactorem,
3139 2529 3477 2586 Salvatorem

1895 2622 2229 2694 iustumque,
2262 2621 2372 2678 fers
2399 2638 2561 2693 aegre,
2589 2632 2644 2679 et
2677 2624 2823 2680 velut
2853 2623 3060 2680 crimen
3095 2622 3352 2693 impingis
3375 2622 3481 2677 mi-

1903 2715 1979 2783 hi,
2014 2723 2068 2770 et
2102 2730 2131 2768 a
2161 2714 2495 2784 blasphemia
2533 2730 2638 2771 non
2669 2716 2910 2771 abstines
2940 2723 3100 2787 atque
3139 2714 3478 2770 idololatram

1905 2821 1989 2862 me
2045 2805 2486 2877 appellas‘lQuid
2534 2806 2610 2862 ita
2658 2804 2966 2863 ellervescis
3015 2807 3118 2872 ira,
3169 2805 3383 2870 stolide,
3427 2813 3481 2859 et

1904 2899 2527 2980 perturbarishquando
2584 2896 2777 2952 Filium
2829 2896 2920 2953 Dei
2968 2896 3156 2953 audis?
3200 2894 3281 2952 Tu
3314 2909 3482 2950 unum

1905 3003 2009 3045 non
2046 2989 2125 3044 vis
2162 2989 2409 3044 conﬁteri
2445 2988 2638 3044 Filium
2685 2989 2817 3055 Dei;
2867 2998 2921 3045 et
2971 2987 3241 3058 quomodo
3296 2986 3478 3041 divina

1904 3080 2182 3152 Scriptura
2208 3092 2262 3137 et
2291 3081 2478 3148 David,
2505 3082 2617 3137 sive
2641 3081 2818 3150 patius
2849 3091 3072 3137 sanctus
3101 3079 3217 3150 ipse
3247 3076 3484 3149 Spiritus

216 3175 306 3227 καὶ
355 3173 514 3239 θεοὺς
552 3173 861 3245 ὀνομάζειν,
912 3172 1031 3236 πῶς
1082 3171 1147 3225 σὺ
1201 3173 1436 3243 νομίζων
1469 3174 1685 3226 πάντων
1725 3172 1802 3226 δι-

1864 3198 1871 3252 ι
1904 3175 1981 3228 ait
2021 3193 2035 3230 :
2081 3175 2200 3230 Dixi
2236 3192 2254 3230 :
2289 3174 2376 3229 Dii
2401 3176 2548 3238 estis,
2599 3185 2754 3244 atque
2793 3174 2893 3244 ﬁlii
2928 3189 3104 3229 autnes
3132 3173 3391 3231 Altissimi
3415 3170 3482 3222 '?

214 3270 498 3341 μειότερος
536 3269 630 3322 καὶ
662 3267 1050 3340 ἀκριϐέστερος
1085 3262 1244 3333 εἶναι,
1277 3267 1374 3322 ἕνα
1412 3268 1540 3322 Υἱὸν
1570 3268 1798 3338 ἄμωμον

216 3362 308 3414 καὶ
346 3359 614 3428 πανάγιον
639 3357 916 3428 ὁμολογεῖν
945 3357 1005 3409 οὐ
1037 3356 1306 3428 καταδέχῃ
1336 3355 1470 3409 Θεοῦ
1497 3373 1511 3420 ;

1907 3264 1964 3320 Si
2002 3265 2171 3320 nudos
2199 3264 2449 3320 homines
2485 3276 2540 3318 et
2566 3262 2947 3332 corruptibiles
2998 3275 3061 3317 ac
3095 3260 3356 3316 mortales
3384 3261 3482 3314 ad-

1909 3355 2055 3410 misit
2085 3355 2226 3410 Deus
2259 3354 2396 3410 ﬁlios
2425 3354 2520 3410 Dei
2549 3354 2787 3424 deosque
2813 3352 3099 3418 nominari,
3129 3350 3399 3422 quomodo
3425 3357 3484 3405 tu

213 3453 308 3526 qui
338 3451 596 3509 omnibus
626 3449 827 3519 justior
854 3449 1269 3517 accuratiorque
1302 3447 1396 3503 tibi
1460 3463 1582 3504 esse
1640 3451 1859 3518 videris,
1910 3467 2074 3507 unum
2130 3451 2246 3505 sine
2295 3445 2413 3503 labe
2454 3454 2510 3502 et
2553 3445 2954 3503 sanctissimum
2998 3444 3094 3500 Dei
3139 3442 3330 3499 Filium
3377 3457 3484 3498 non

214 3543 485 3613 suscipis?

295 3639 358 3691 '0
408 3634 712 3701 Ἰουδαῖος.
773 3635 896 3690 ARN
945 3635 1005 3687 οὐ
1038 3674 1053 3699 ,

212 3730 350 3785 Θεοῦ
407 3725 730 3800 προαιώνιον
760 3727 857 3781 καὶ
905 3727 1179 3788 ἄκτιστον,
1234 3723 1377 3778 οῦτω
1425 3725 1573 3794 λέγει
1603 3727 1632 3778 6
1670 3727 1802 3792 Θεὸς

1102 3633 1283 3695 καθὼς
1339 3634 1402 3691 σὺ
1450 3633 1627 3702 λέγεις
1676 3634 1802 3688 Υἱὸν

211 3823 327 3877 υἱὸν
356 3819 526 3876 αὑτοῦ
555 3815 700 3875 εἶναι
729 3819 825 3874 καὶ
852 3819 944 3876 τὸν
1007 3815 1239 3890 Ἰσραὴλ,
1271 3818 1391 3872 οὐδὲ
1425 3819 1551 3882 τοὺς
1583 3818 1804 3882 λοιποὺς

1976 3628 2216 3683 Ιιιιίωιιε.
2243 3625 2357 3680 Νοιι
2375 3625 2475 3691 ita,
2495 3633 2553 3679 ut
2571 3633 2625 3680 tu
2649 3623 2783 3680 dicis
2811 3622 3004 3678 Filium
3032 3622 3125 3678 Dei
3142 3631 3403 3676 aeternum
3429 3629 3486 3674 et

1907 3720 2228 3781 increatum,
2286 3716 2426 3769 Deus
2477 3712 2644 3768 ﬁlium
2679 3728 2833 3769 suum
2865 3727 2986 3772 esse
3033 3711 3197 3767 Israel
3232 3709 3481 3774 affirmat.

1907 3822 2079 3880 neque
2102 3806 2237 3861 alios
2271 3804 2518 3859 homines
2550 3803 2616 3859 de
2642 3803 2837 3873 quibus
2865 3804 2944 3860 ait
2977 3821 2990 3854 :
3030 3802 3153 3857 Dixi
3173 3815 3193 3854 :
3232 3801 3316 3856 Dii
3336 3802 3484 3870 estis,

214 3912 542 3986 ἀνθρώπους
577 3911 708 3983 περὶ
746 3903 821 3965 ὧν
867 3908 1040 3965 εἶπεν·
1096 3908 1244 3978 Ἐγὼ
1286 3905 1444 3963 εἶπα·
1489 3909 1621 3963 Θεοί
1664 3910 1804 3964 ἐστε
1904 3911 2056 3968 atque
2091 3898 2384 3967 βίέίοίηηεε
2421 3893 2696 3949 Αίίίεεῖηιῑ.

213 4006 310 4060 καὶ
329 4003 453 4060 υἱοί
488 4003 782 4071 Ὑψίστου
812 4000 1055 4068 πάντες.

298 4098 362 4151 Ὀ
420 4096 656 4162 πιστός.
690 4092 853 4148 Ἀλλὰ
901 4092 1093 4157 ποίους
1140 4091 1349 4161 λέγειὸ
1395 4093 1529 4157 Θεὸς
1580 4092 1805 4150 τούτους

212 4188 372 4252 θεοὺς
406 4189 503 4241 καὶ
527 4188 677 4250 υἱοὺς
697 4185 859 4240 αὑτοῦ
886 4184 979 4238 τοῦ
1020 4183 1274 4253 Ὑψίστου
1296 4201 1310 4250 ;

296 4279 362 4331 '0
423 4275 730 4342 Ἰουδαῖος.
767 4274 1115 4348 Ἀνθρώπους
1153 4275 1304 4337 τινὰς
1341 4274 1487 4342 λέγει
1534 4274 1804 4343 φθαρτοὺς

213 4372 310 4425 καὶ
339 4369 595 4439 θνητοὺς,
617 4369 766 4431 υἱοὺς
784 4369 1131 4438 λεγομένους.

293 4464 359 4516 '0
393 4461 630 4527 πιστός.
662 4457 811 4524 Εἶτα,
843 4460 1059 4531 ἀνόητε,
1079 4460 1450 4529 πεπωρωμένε
1478 4460 1543 4528 τῇ
1581 4458 1797 4530 καρδίᾳ,

214 4555 383 4608 πόσον
433 4551 678 4622 διαφέρει
710 4551 772 4604 τὸ
809 4550 1114 4622 ὁμολογεῖν,
1163 4550 1246 4602 ὅτι
1294 4550 1406 4620 ἔχει
1447 4549 1574 4602 Υῐὸν
1610 4552 1640 4603 ὁ
1669 4549 1799 4614 Θεὸς

209 4642 519 4714 ἄφθαρτον,
568 4640 854 4699 ἀθάνατον.
890 4641 1071 4708 ἁγνὸν,
1108 4640 1508 4711 ἀναμάρτητον,
1560 4640 1797 4704 αἰώνιον,

210 4735 512 4806 ἄτρεπτον,
550 4733 754 4804 ἀπαθῆ,
778 4733 921 4804 ὑπὲρ
947 4733 1008 4785 τὸ
1035 4731 1321 4802 ὀνομάζειν
1345 4732 1665 4801 ἀνθρώπους
1691 4732 1802 4785 ὑλι-

212 4829 343 4889 κοὺς
381 4827 479 4879 καὶ
513 4824 784 4897 φθαρτοὺς
810 4826 906 4878 καὶ
936 4824 1202 4896 τρεπτοὺς
1223 4823 1318 4877 καὶ
1342 4823 1590 4894 θνητοὺς,
1651 4825 1800 4889 υἱοὺς

208 4918 382 4984 Θεοῦ;
419 4917 496 4970 Τὸ
521 4916 619 4987 μὲν
641 4915 748 4988 γὰρ
776 4917 969 4978 εἰπεῖν,
996 4915 1076 4968 ὅτι
1108 4913 1221 4984 ἔχει
1243 4915 1371 4968 Υἱὸν
1394 4914 1566 4978 ὁΘεὸς
1594 4914 1802 4987 ἄφθαρ-

206 5026 300 5064 τον
334 5010 438 5061 καὶ
477 5008 743 5063 ἀθάνατον
759 5007 854 5060 καὶ
896 5006 1301 5077 ἀναμάρτητον,
1330 5006 1531 5078 πρέπει
1559 5006 1636 5077 τῷ
1659 5007 1799 5077 Θεῷ,

209 5102 306 5156 καὶ
327 5101 470 5170 τιμή
500 5102 616 5152 ἐστι
649 5098 724 5169 τῷ
765 5096 904 5167 Θεῷ,
936 5097 1076 5168 ὑπὲρ
1099 5097 1161 5150 τὸ
1181 5097 1381 5166 λέγειν,
1412 5099 1491 5151 ὅτι
1510 5099 1623 5160 υἱὸς
1655 5116 1802 5168 πρω-

208 5191 439 5253 τότοκὸς
484 5191 600 5242 ἐστι
638 5187 732 5242 τοῦ
789 5186 922 5241 Θεοῦ
949 5189 978 5241 ὁ
1019 5186 1253 5258 Ἰσραὴλ,
1281 5190 1309 5239 ὁ
1335 5187 1513 5259 μωρὸς
1541 5187 1666 5250 λαὸς
1708 5189 1800 5242 καὶ

214 5281 544 5356 ἁμαρτωλὸς
582 5284 678 5336 καὶ
709 5281 1024 5351 παράνομος
1055 5282 1148 5333 καὶ
1179 5279 1402 5349 ἀσεϐής.
1445 5280 1800 5350 Βλασφημίοιν

211 5379 323 5447 γὰρ
349 5374 513 5427 τοῦτο
543 5372 842 5444 προσφέρει
874 5371 992 5442 Θεῷ
1019 5373 1168 5443 παρὰ
1198 5371 1306 5425 τῶν
1336 5372 1577 5424 ἀπίστων
1608 5371 1798 5425 ἐθνῶν·

215 5468 476 5520 δύνανται
522 5465 629 5534 γὰρ
658 5462 851 5530 λέγειν·
887 5463 1007 5526 Πῶς
1045 5463 1176 5525 Θεὸς
1213 5466 1356 5528 ἐστιν
1400 5463 1665 5534 ἀληθινὸς,
1721 5465 1802 5516 ὅτι

217 5558 416 5626 Πατὴρ
447 5556 681 5626 ὑπάρχει
721 5553 835 5606 υἱοῦ
871 5555 1080 5624 μιυροῦς

287 5803 308 5834 ³
348 5800 525 5855 Exod.
552 5813 624 5856 tv.
646 5796 736 5850 ιε.
813 5796 831 5827 ⁸
859 5796 1277 5862 l’sal.x.ux1,‘i.

1978 4074 2334 4134 Christianus.
2393 4069 2589 4138 Quales
2639 4072 2822 4141 itaque
2873 4071 3216 4127 Deus.hosce
3245 4073 3373 4128 deos
3421 4072 3485 4127 ﬁo

1909 4167 2116 4235 liosque
2139 4164 2400 4220 Altissimi
2433 4162 2702 4232 appellat?

1977 4257 2218 4312 Judwus.
2271 4255 2528 4311 Homines
2577 4254 2837 4324 quosdam
2886 4255 2958 4310 ita
3007 4263 3163 4309 vocat
3215 4256 3486 4326 corrupti-

1909 4347 2043 4402 biles
2071 4362 2137 4402 ac
2179 4349 2460 4411 mortales,
2491 4346 2582 4416 qui
2619 4345 2850 4402 ﬁliorum
2882 4345 2956 4400 illi
2994 4347 3218 4401 veniunt
3245 4345 3485 4403 nomine.

1980 4432 2330 4488 Christianus.
2357 4431 2627 4500 Quantum
2657 4434 2820 4502 igitur
2855 4441 3095 4500 praestat,
3143 4449 3176 4488 ο
3209 4434 3403 4489 stolide
3432 4443 3487 4492 et

1906 4523 2069 4578 corde
2095 4522 2388 4588 obcaecate,
2413 4521 2653 4579 conﬁteri
2680 4524 2788 4578 Dco
2818 4539 2982 4577 unum
3012 4536 3138 4579 esse
3169 4523 3364 4578 Filium
3404 4523 3486 4577 in-

1908 4612 2334 4683 corruptibilem,
2363 4613 2748 4678 immortalem,
2773 4624 3049 4678 sanctum,
3069 4616 3187 4670 sine
3236 4623 3482 4685 peccato,

1905 4717 2188 4769 aeternum,
2214 4705 2625 4770 immutabilem,
2659 4706 3068 4776 impassibilem,
3102 4722 3261 4776 quam
3306 4708 3483 4764 homio.

1833 4802 1877 4857 D
1908 4811 2001 4851 nes
2026 4795 2353 4861 materiales,
2383 4797 2781 4867 corruptibiles,
2831 4798 3118 4854 mutabiles
3145 4813 3208 4853 ac
3231 4800 3486 4856 mortales

1906 4889 2003 4944 Dei
2033 4889 2172 4943 ﬁlios
2207 4889 2514 4959 appellare?
2536 4888 2670 4942 Nam
2698 4887 2968 4944 afﬁrmare
2990 4889 3132 4960 quod
3158 4888 3350 4944 Filium
3384 4890 3485 4948 ha.-

1905 4983 1994 5036 bet
2023 4979 2164 5036 Deus
2193 4981 2551 5050 corruptionis
2572 4990 2851 5050 expertem
2878 4992 2931 5036 et
2960 4982 3319 5038 immortalem
3355 4982 3485 5039 alie..-

1905 5085 2140 5140 numque
2184 5086 2213 5125 a
2253 5081 2497 5142 peccato,
2553 5071 2773 5142 dignum
2810 5073 2916 5126 Deo
2949 5081 3054 5138 est,
3100 5081 3154 5126 et
3185 5073 3360 5127 honor
3408 5073 3480 5127 illi

1904 5165 2096 5233 major,
2124 5180 2284 5234 quam
2307 5164 2489 5219 dicere
2506 5163 2919 5233 primogenitum
2939 5163 3032 5218 Dei
3067 5179 3188 5218 esse
3205 5162 3481 5230 I'sraelem,

1903 5256 2154 5325 populum
2192 5255 2338 5309 illum
2368 5255 2589 5309 stultum
2637 5265 2690 5308 et
2736 5254 2970 5322 peccatis
3018 5253 3274 5318 obsitum,
3310 5254 3482 5308 viola-

1907 5354 2074 5399 torem
2129 5345 2260 5415 legis
2313 5346 2657 5416 impiumque.
2697 5342 2832 5398 Nam
2882 5343 3021 5414 apud
3076 5354 3262 5412 gentes
3322 5345 3486 5400 aﬁde

1905 5434 2107 5490 alienas
2139 5436 2240 5489 hoc
2294 5437 2452 5489 etiam
2495 5435 2842 5504 blasphemiae
2883 5448 3069 5489 ansam
3115 5434 3341 5503 prazbet,
3392 5435 3482 5502 qui

1908 5536 2130 5594 possunt
2161 5529 2395 5597 ohjiccre
2423 5545 2436 5579 τ
2473 5528 2752 5594 Quomodo
2784 5543 2940 5584 verus
2977 5529 3061 5582 ille
3092 5528 3230 5583 Deus
3262 5537 3345 5583 est
3375 5538 3484 5587 ator

1909 5617 2027 5673 lida:
2063 5619 2225 5687 prolis
2250 5617 2447 5674 Pater?
