  <div class='ocr_page' id='page_1' title='image "/cluster/home/n/w/nwhite01/storage/ocr_20150623/40/pst.000005712373/441.png"; bbox 0 0 4226 6316; ppageno 0'>
   <div class='ocr_carea' id='block_1_1' title="bbox 749 340 2418 403">
    <p class='ocr_par' dir='ltr' id='par_1_1' title="bbox 749 340 2418 401">
     <span class='ocr_line' id='line_1_1' title="bbox 749 340 2418 401; baseline 0.002 -5"><span class='ocrx_word' id='word_1_1' title='bbox 749 340 846 401; x_wconf 69' lang='grc'><strong>851</strong></span> <span class='ocrx_word' id='word_1_2' title='bbox 2054 342 2418 401; x_wconf 61' lang='grc' dir='ltr'><strong>ἸΙΙΕΠΟΝΥΜ</strong></span> 
     </span>
    </p>
   </div>
   <div class='ocr_carea' id='block_1_2' title="bbox 2367 340 4036 403">
    <p class='ocr_par' dir='ltr' id='par_1_2' title="bbox 2380 342 4036 403">
     <span class='ocr_line' id='line_1_2' title="bbox 2380 342 4036 403; baseline -0.001 -3"><span class='ocrx_word' id='word_1_3' title='bbox 2380 346 2449 400; x_wconf 73' lang='lat' dir='ltr'><strong>Ml</strong></span> <span class='ocrx_word' id='word_1_4' title='bbox 2490 346 2723 403; x_wconf 71' lang='lat' dir='ltr'><strong>GRAECI</strong></span> <span class='ocrx_word' id='word_1_5' title='bbox 3927 342 4036 401; x_wconf 71' lang='lat'><strong>859</strong></span> 
     </span>
    </p>
   </div>
   <div class='ocr_carea' id='block_1_3' title="bbox 819 450 2488 529">
    <p class='ocr_par' dir='ltr' id='par_1_3' title="bbox 819 450 2411 526">
     <span class='ocr_line' id='line_1_3' title="bbox 819 450 2411 526; baseline 0.003 -18"><span class='ocrx_word' id='word_1_6' title='bbox 819 454 1063 508; x_wconf 75' lang='lat' dir='ltr'><strong>Judwus.</strong></span> <span class='ocrx_word' id='word_1_7' title='bbox 1111 450 1168 507; x_wconf 88' lang='lat' dir='ltr'><strong>Si</strong></span> <span class='ocrx_word' id='word_1_8' title='bbox 1215 450 1413 507; x_wconf 82' lang='lat' dir='ltr'><strong>Filium</strong></span> <span class='ocrx_word' id='word_1_9' title='bbox 1448 453 1590 509; x_wconf 86' lang='lat' dir='ltr'><strong>Deus</strong></span> <span class='ocrx_word' id='word_1_10' title='bbox 1622 454 1804 520; x_wconf 87' lang='lat' dir='ltr'><strong>habet,</strong></span> <span class='ocrx_word' id='word_1_11' title='bbox 1839 453 2005 509; x_wconf 77' lang='lat' dir='ltr'><strong>dicito</strong></span> <span class='ocrx_word' id='word_1_12' title='bbox 2038 456 2171 511; x_wconf 84' lang='lat' dir='ltr'><strong>mihi</strong></span> <span class='ocrx_word' id='word_1_13' title='bbox 2199 471 2335 526; x_wconf 89' lang='lat' dir='ltr'><strong>quo-</strong></span> <span class='ocrx_word' id='word_1_14' title='bbox 2363 462 2411 519; x_wconf 80' lang='grc' dir='ltr'><strong>Α</strong></span> 
     </span>
    </p>
   </div>
   <div class='ocr_carea' id='block_1_4' title="bbox 2367 450 4036 529">
    <p class='ocr_par' dir='ltr' id='par_1_4' title="bbox 2367 456 4036 529">
     <span class='ocr_line' id='line_1_4' title="bbox 2367 456 4036 529; baseline -0.005 -10"><span class='ocrx_word' id='word_1_15' title='bbox 2367 462 2411 519; x_wconf 79' lang='grc' dir='ltr'><strong>Α</strong></span> <span class='ocrx_word' id='word_1_16' title='bbox 2522 458 2584 512; x_wconf 87' lang='lat'><strong>&#39;0</strong></span> <span class='ocrx_word' id='word_1_17' title='bbox 2612 459 2919 524; x_wconf 78' lang='grc' dir='ltr'>Ἰουδαῖος.</span> <span class='ocrx_word' id='word_1_18' title='bbox 2953 460 3014 512; x_wconf 82' lang='grc' dir='ltr'><strong>ΕΞ</strong></span> <span class='ocrx_word' id='word_1_19' title='bbox 3051 459 3179 512; x_wconf 81' lang='grc' dir='ltr'>Υἱὸν</span> <span class='ocrx_word' id='word_1_20' title='bbox 3204 458 3316 529; x_wconf 81' lang='grc' dir='ltr'>ἔχει</span> <span class='ocrx_word' id='word_1_21' title='bbox 3345 459 3373 510; x_wconf 89' lang='grc' dir='ltr'>ὁ</span> <span class='ocrx_word' id='word_1_22' title='bbox 3410 457 3561 521; x_wconf 83' lang='grc' dir='ltr'>Θεὸς,</span> <span class='ocrx_word' id='word_1_23' title='bbox 3586 456 3707 511; x_wconf 75' lang='grc' dir='ltr'><strong>εἱπά</strong></span> <span class='ocrx_word' id='word_1_24' title='bbox 3755 473 3844 527; x_wconf 83' lang='grc' dir='ltr'><strong>μοι</strong></span> <span class='ocrx_word' id='word_1_25' title='bbox 3870 499 3885 522; x_wconf 91' lang='grc'><strong>,</strong></span> <span class='ocrx_word' id='word_1_26' title='bbox 3916 458 4036 521; x_wconf 75' lang='grc' dir='ltr'>πῶς</span> 
     </span>
    </p>
   </div>
   <div class='ocr_carea' id='block_1_5' title="bbox 752 540 2421 622">
    <p class='ocr_par' dir='ltr' id='par_1_5' title="bbox 752 540 1720 612">
     <span class='ocr_line' id='line_1_5' title="bbox 752 540 1720 612; baseline 0.003 -18"><span class='ocrx_word' id='word_1_27' title='bbox 752 542 912 595; x_wconf 89' lang='lat' dir='ltr'><strong>modo</strong></span> <span class='ocrx_word' id='word_1_28' title='bbox 934 550 990 595; x_wconf 93' lang='lat' dir='ltr'><strong>et</strong></span> <span class='ocrx_word' id='word_1_29' title='bbox 1027 540 1244 609; x_wconf 83' lang='lat' dir='ltr'><strong>quando</strong></span> <span class='ocrx_word' id='word_1_30' title='bbox 1278 540 1426 594; x_wconf 90' lang='lat' dir='ltr'><strong>illum</strong></span> <span class='ocrx_word' id='word_1_31' title='bbox 1449 543 1720 612; x_wconf 75' lang='lat' dir='ltr'><strong>genuerit.</strong></span> 
     </span>
    </p>
   </div>
   <div class='ocr_carea' id='block_1_6' title="bbox 1951 540 3620 622">
    <p class='ocr_par' dir='ltr' id='par_1_6' title="bbox 2445 550 3269 622">
     <span class='ocr_line' id='line_1_6' title="bbox 2445 550 3269 622; baseline -0.001 -19"><span class='ocrx_word' id='word_1_32' title='bbox 2445 551 2537 603; x_wconf 73' lang='grc' dir='ltr'><strong>καὶ</strong></span> <span class='ocrx_word' id='word_1_33' title='bbox 2568 550 2697 603; x_wconf 84' lang='grc' dir='ltr'>πότε</span> <span class='ocrx_word' id='word_1_34' title='bbox 2725 550 2913 603; x_wconf 84' lang='grc' dir='ltr'>τοῦτον</span> <span class='ocrx_word' id='word_1_35' title='bbox 2944 552 3269 622; x_wconf 82' lang='grc' dir='ltr'>ὲγέννησεν;</span> 
     </span>
    </p>
   </div>
   <div class='ocr_carea' id='block_1_7' title="bbox 825 630 2494 711">
    <p class='ocr_par' dir='ltr' id='par_1_7' title="bbox 825 630 2334 708">
     <span class='ocr_line' id='line_1_7' title="bbox 825 630 2334 708; baseline 0.005 -21"><span class='ocrx_word' id='word_1_36' title='bbox 825 630 1184 690; x_wconf 76' lang='lat' dir='ltr'><strong>Christianus.</strong></span> <span class='ocrx_word' id='word_1_37' title='bbox 1236 632 1354 689; x_wconf 88' lang='lat' dir='ltr'><strong>Non</strong></span> <span class='ocrx_word' id='word_1_38' title='bbox 1407 650 1623 704; x_wconf 82' lang='lat' dir='ltr'><strong>possum</strong></span> <span class='ocrx_word' id='word_1_39' title='bbox 1655 651 1763 692; x_wconf 89' lang='lat' dir='ltr'><strong>non</strong></span> <span class='ocrx_word' id='word_1_40' title='bbox 1792 636 2035 692; x_wconf 78' lang='lat' dir='ltr'><strong>conﬁteri</strong></span> <span class='ocrx_word' id='word_1_41' title='bbox 2074 640 2214 708; x_wconf 87' lang='lat' dir='ltr'><strong>quod</strong></span> <span class='ocrx_word' id='word_1_42' title='bbox 2242 640 2334 695; x_wconf 86' lang='lat' dir='ltr'><strong>Fi-</strong></span> 
     </span>
    </p>
   </div>
   <div class='ocr_carea' id='block_1_8' title="bbox 2368 630 4037 711">
    <p class='ocr_par' dir='ltr' id='par_1_8' title="bbox 2526 638 4037 711">
     <span class='ocr_line' id='line_1_8' title="bbox 2526 638 4037 711; baseline -0.003 -17"><span class='ocrx_word' id='word_1_43' title='bbox 2526 642 2589 694; x_wconf 86' lang='grc' dir='ltr'><em>Ὀ</em></span> <span class='ocrx_word' id='word_1_44' title='bbox 2626 642 2861 706; x_wconf 80' lang='grc' dir='ltr'>πιστός.</span> <span class='ocrx_word' id='word_1_45' title='bbox 2899 641 2974 694; x_wconf 82' lang='grc' dir='ltr'><strong>Οὐ</strong></span> <span class='ocrx_word' id='word_1_46' title='bbox 3003 640 3240 711; x_wconf 88' lang='grc' dir='ltr'>δύναμαι</span> <span class='ocrx_word' id='word_1_47' title='bbox 3302 638 3377 709; x_wconf 81' lang='grc' dir='ltr'>μὴ</span> <span class='ocrx_word' id='word_1_48' title='bbox 3422 640 3771 711; x_wconf 77' lang='grc' dir='ltr'>ὁμολογῆσαι,</span> <span class='ocrx_word' id='word_1_49' title='bbox 3807 640 3890 693; x_wconf 75' lang='grc' dir='ltr'>ὅτι</span> <span class='ocrx_word' id='word_1_50' title='bbox 3923 640 4037 709; x_wconf 78' lang='grc' dir='ltr'>εχει</span> 
     </span>
    </p>
   </div>
   <div class='ocr_carea' id='block_1_9' title="bbox 748 723 2417 803">
    <p class='ocr_par' dir='ltr' id='par_1_9' title="bbox 748 723 2333 800">
     <span class='ocr_line' id='line_1_9' title="bbox 748 723 2333 800; baseline 0.006 -24"><span class='ocrx_word' id='word_1_51' title='bbox 748 723 877 776; x_wconf 87' lang='lat' dir='ltr'><strong>lium</strong></span> <span class='ocrx_word' id='word_1_52' title='bbox 907 724 1068 778; x_wconf 92' lang='lat' dir='ltr'><strong>habet</strong></span> <span class='ocrx_word' id='word_1_53' title='bbox 1098 725 1262 790; x_wconf 86' lang='lat' dir='ltr'><strong>Dens,</strong></span> <span class='ocrx_word' id='word_1_54' title='bbox 1310 741 1433 780; x_wconf 89' lang='lat' dir='ltr'><strong>cum</strong></span> <span class='ocrx_word' id='word_1_55' title='bbox 1464 741 1622 781; x_wconf 83' lang='lat' dir='ltr'><strong>sacra</strong></span> <span class='ocrx_word' id='word_1_56' title='bbox 1662 726 1940 798; x_wconf 88' lang='lat' dir='ltr'><strong>Scriptura</strong></span> <span class='ocrx_word' id='word_1_57' title='bbox 1991 744 2059 785; x_wconf 80' lang='lat' dir='ltr'><strong>ex</strong></span> <span class='ocrx_word' id='word_1_58' title='bbox 2103 746 2333 800; x_wconf 84' lang='lat' dir='ltr'><strong>persona</strong></span> 
     </span>
    </p>
   </div>
   <div class='ocr_carea' id='block_1_10' title="bbox 2370 723 4039 803">
    <p class='ocr_par' dir='ltr' id='par_1_10' title="bbox 2444 729 4039 803">
     <span class='ocr_line' id='line_1_10' title="bbox 2444 729 4039 803; baseline -0.001 -18"><span class='ocrx_word' id='word_1_59' title='bbox 2444 732 2573 786; x_wconf 77' lang='grc' dir='ltr'>Υἱὸν</span> <span class='ocrx_word' id='word_1_60' title='bbox 2600 734 2628 786; x_wconf 93' lang='lat'><strong>6</strong></span> <span class='ocrx_word' id='word_1_61' title='bbox 2651 732 2803 797; x_wconf 88' lang='grc' dir='ltr'>Θεὸς,</span> <span class='ocrx_word' id='word_1_62' title='bbox 2834 734 2932 803; x_wconf 79' lang='grc' dir='ltr'>τῆς</span> <span class='ocrx_word' id='word_1_63' title='bbox 2973 732 3196 803; x_wconf 83' lang='grc' dir='ltr'>Γραφῆς</span> <span class='ocrx_word' id='word_1_64' title='bbox 3238 731 3471 801; x_wconf 75' lang='grc' dir='ltr'>μάλιστα</span> <span class='ocrx_word' id='word_1_65' title='bbox 3506 730 3798 802; x_wconf 79' lang='grc' dir='ltr'>προφανῶς</span> <span class='ocrx_word' id='word_1_66' title='bbox 3832 729 4039 797; x_wconf 74' lang='grc' dir='ltr'>λεγού-</span> 
     </span>
    </p>
   </div>
   <div class='ocr_carea' id='block_1_11' title="bbox 750 802 2419 895">
    <p class='ocr_par' dir='ltr' id='par_1_11' title="bbox 750 802 2335 884">
     <span class='ocr_line' id='line_1_11' title="bbox 750 802 2335 884; baseline 0.006 -17"><span class='ocrx_word' id='word_1_67' title='bbox 750 813 843 867; x_wconf 89' lang='lat' dir='ltr'><strong>Dei</strong></span> <span class='ocrx_word' id='word_1_68' title='bbox 872 825 929 869; x_wconf 88' lang='lat' dir='ltr'><strong>et</strong></span> <span class='ocrx_word' id='word_1_69' title='bbox 957 802 1132 869; x_wconf 77' lang='lat' dir='ltr'><strong>Patris</strong></span> <span class='ocrx_word' id='word_1_70' title='bbox 1150 815 1324 884; x_wconf 86' lang='lat' dir='ltr'><strong>palam</strong></span> <span class='ocrx_word' id='word_1_71' title='bbox 1354 817 1498 871; x_wconf 85' lang='lat' dir='ltr'><strong>dicat</strong></span> <span class='ocrx_word' id='word_1_72' title='bbox 1524 818 1589 871; x_wconf 88' lang='lat' dir='ltr'><strong>ad</strong></span> <span class='ocrx_word' id='word_1_73' title='bbox 1632 817 1828 873; x_wconf 82' lang='lat' dir='ltr'><strong>Filium</strong></span> <span class='ocrx_word' id='word_1_74' title='bbox 1860 838 1873 874; x_wconf 91' lang='lat'>:</span> <span class='ocrx_word' id='word_1_75' title='bbox 1908 820 1991 875; x_wconf 77' lang='lat' dir='ltr'><strong>Ea;</strong></span> <span class='ocrx_word' id='word_1_76' title='bbox 2025 832 2172 875; x_wconf 83' lang='lat' dir='ltr'><strong>utero</strong></span> <span class='ocrx_word' id='word_1_77' title='bbox 2212 833 2335 877; x_wconf 81' lang='lat' dir='ltr'><strong>ante</strong></span> 
     </span>
    </p>
   </div>
   <div class='ocr_carea' id='block_1_12' title="bbox 2369 802 4038 895">
    <p class='ocr_par' dir='ltr' id='par_1_12' title="bbox 2445 802 4038 895">
     <span class='ocr_line' id='line_1_12' title="bbox 2445 802 4038 895; baseline 0 -18"><span class='ocrx_word' id='word_1_78' title='bbox 2445 840 2546 894; x_wconf 85' lang='grc' dir='ltr'><strong>σης</strong></span> <span class='ocrx_word' id='word_1_79' title='bbox 2575 825 2641 877; x_wconf 83' lang='grc' dir='ltr'>ὲκ</span> <span class='ocrx_word' id='word_1_80' title='bbox 2660 802 2954 895; x_wconf 83' lang='grc' dir='ltr'>προσώπου</span> <span class='ocrx_word' id='word_1_81' title='bbox 2987 802 3081 878; x_wconf 84' lang='grc' dir='ltr'><strong>τοῦ</strong></span> <span class='ocrx_word' id='word_1_82' title='bbox 3106 822 3240 877; x_wconf 82' lang='grc' dir='ltr'>Θεοῦ</span> <span class='ocrx_word' id='word_1_83' title='bbox 3270 824 3365 877; x_wconf 75' lang='grc' dir='ltr'>καὶ</span> <span class='ocrx_word' id='word_1_84' title='bbox 3386 824 3596 895; x_wconf 78' lang='grc' dir='ltr'>[ἰατρὸς</span> <span class='ocrx_word' id='word_1_85' title='bbox 3622 824 3759 895; x_wconf 79' lang='grc' dir='ltr'>πρὸς</span> <span class='ocrx_word' id='word_1_86' title='bbox 3774 825 3865 877; x_wconf 84' lang='grc' dir='ltr'><strong>τὸν</strong></span> <span class='ocrx_word' id='word_1_87' title='bbox 3887 825 4038 888; x_wconf 75' lang='grc' dir='ltr'>Υιὸν,</span> 
     </span>
    </p>
   </div>
   <div class='ocr_carea' id='block_1_13' title="bbox 749 904 2418 985">
    <p class='ocr_par' dir='ltr' id='par_1_13' title="bbox 749 904 2336 983">
     <span class='ocr_line' id='line_1_13' title="bbox 749 904 2336 983; baseline 0.006 -25"><span class='ocrx_word' id='word_1_88' title='bbox 749 904 1025 974; x_wconf 75' lang='lat' dir='ltr'><strong>luciferum</strong></span> <span class='ocrx_word' id='word_1_89' title='bbox 1050 910 1206 980; x_wconf 74' lang='lat' dir='ltr'><strong>genui</strong></span> <span class='ocrx_word' id='word_1_90' title='bbox 1240 919 1287 963; x_wconf 77' lang='lat' dir='ltr'><strong>te</strong></span> <span class='ocrx_word' id='word_1_91' title='bbox 1326 908 1347 942; x_wconf 70' lang='grc'>⁸</span> <span class='ocrx_word' id='word_1_92' title='bbox 1367 926 1380 977; x_wconf 88' lang='lat'><strong>;</strong></span> <span class='ocrx_word' id='word_1_93' title='bbox 1401 916 1455 964; x_wconf 88' lang='lat' dir='ltr'><strong>et</strong></span> <span class='ocrx_word' id='word_1_94' title='bbox 1474 909 1643 965; x_wconf 87' lang='lat' dir='ltr'><strong>Filius</strong></span> <span class='ocrx_word' id='word_1_95' title='bbox 1675 911 1909 966; x_wconf 83' lang='lat' dir='ltr'><strong>vicissim</strong></span> <span class='ocrx_word' id='word_1_96' title='bbox 1941 912 2006 968; x_wconf 91' lang='lat' dir='ltr'><strong>de</strong></span> <span class='ocrx_word' id='word_1_97' title='bbox 2033 926 2094 968; x_wconf 85' lang='lat' dir='ltr'><strong>se</strong></span> <span class='ocrx_word' id='word_1_98' title='bbox 2118 929 2185 969; x_wconf 78' lang='lat' dir='ltr'><strong>ex</strong></span> <span class='ocrx_word' id='word_1_99' title='bbox 2213 928 2336 983; x_wconf 89' lang='lat' dir='ltr'><strong>pcr-</strong></span> 
     </span>
    </p>
   </div>
   <div class='ocr_carea' id='block_1_14' title="bbox 2372 904 4041 985">
    <p class='ocr_par' dir='ltr' id='par_1_14' title="bbox 2442 914 4041 985">
     <span class='ocr_line' id='line_1_14' title="bbox 2442 914 4041 985; baseline 0.001 -17"><span class='ocrx_word' id='word_1_100' title='bbox 2442 915 2524 968; x_wconf 86' lang='grc' dir='ltr'><strong>ὅτι</strong></span> <span class='ocrx_word' id='word_1_101' title='bbox 2563 916 2666 969; x_wconf 81' lang='grc' dir='ltr'>Ἐκ</span> <span class='ocrx_word' id='word_1_102' title='bbox 2700 914 2959 983; x_wconf 76' lang='grc' dir='ltr'>γαστρὸς</span> <span class='ocrx_word' id='word_1_103' title='bbox 3011 917 3123 983; x_wconf 84' lang='grc' dir='ltr'><strong>πρὸ</strong></span> <span class='ocrx_word' id='word_1_104' title='bbox 3153 917 3463 985; x_wconf 71' lang='grc' dir='ltr'>ἑωσφόρον</span> <span class='ocrx_word' id='word_1_105' title='bbox 3494 914 3795 985; x_wconf 72' lang='grc' dir='ltr'><strong>ἐγέννησά</strong></span> <span class='ocrx_word' id='word_1_106' title='bbox 3815 933 3911 971; x_wconf 60' lang='grc' dir='ltr'>σεε</span> <span class='ocrx_word' id='word_1_107' title='bbox 3943 917 4041 969; x_wconf 75' lang='grc' dir='ltr'>καὶ</span> 
     </span>
    </p>
   </div>
   <div class='ocr_carea' id='block_1_15' title="bbox 748 998 2417 1080">
    <p class='ocr_par' dir='ltr' id='par_1_15' title="bbox 748 998 2332 1060">
     <span class='ocr_line' id='line_1_15' title="bbox 748 998 2332 1060; baseline 0.004 -7"><span class='ocrx_word' id='word_1_108' title='bbox 748 1011 882 1053; x_wconf 74' lang='lat' dir='ltr'><strong>Iona</strong></span> <span class='ocrx_word' id='word_1_109' title='bbox 932 998 1179 1055; x_wconf 86' lang='lat' dir='ltr'><strong>Parentis</strong></span> <span class='ocrx_word' id='word_1_110' title='bbox 1224 1002 1337 1055; x_wconf 89' lang='lat' dir='ltr'><strong>ait:</strong></span> <span class='ocrx_word' id='word_1_111' title='bbox 1390 1002 1648 1057; x_wconf 76' lang='lat' dir='ltr'><strong>Dominus</strong></span> <span class='ocrx_word' id='word_1_112' title='bbox 1688 1004 1823 1057; x_wconf 74' lang='lat' dir='ltr'><strong>dixit</strong></span> <span class='ocrx_word' id='word_1_113' title='bbox 1860 1007 1928 1057; x_wconf 84' lang='lat' dir='ltr'><strong>ad</strong></span> <span class='ocrx_word' id='word_1_114' title='bbox 1975 1020 2104 1059; x_wconf 81' lang='lat' dir='ltr'><strong>me:</strong></span> <span class='ocrx_word' id='word_1_115' title='bbox 2162 1003 2332 1060; x_wconf 76' lang='lat' dir='ltr'><strong>Filius</strong></span> 
     </span>
    </p>
   </div>
   <div class='ocr_carea' id='block_1_16' title="bbox 2369 998 4038 1080">
    <p class='ocr_par' dir='ltr' id='par_1_16' title="bbox 2442 1006 4038 1080">
     <span class='ocr_line' id='line_1_16' title="bbox 2442 1006 4038 1080; baseline 0 -19"><span class='ocrx_word' id='word_1_116' title='bbox 2442 1007 2537 1061; x_wconf 89' lang='grc' dir='ltr'><strong>τοῦ</strong></span> <span class='ocrx_word' id='word_1_117' title='bbox 2562 1006 2694 1061; x_wconf 81' lang='grc' dir='ltr'>Υιοῦ</span> <span class='ocrx_word' id='word_1_118' title='bbox 2718 1006 2879 1061; x_wconf 83' lang='grc' dir='ltr'>πάλιν</span> <span class='ocrx_word' id='word_1_119' title='bbox 2918 1007 3045 1077; x_wconf 75' lang='grc' dir='ltr'>περὶ</span> <span class='ocrx_word' id='word_1_120' title='bbox 3068 1006 3263 1060; x_wconf 79' lang='grc' dir='ltr'>ἑαυτοῦ</span> <span class='ocrx_word' id='word_1_121' title='bbox 3291 1007 3366 1071; x_wconf 82' lang='grc' dir='ltr'>ὡς</span> <span class='ocrx_word' id='word_1_122' title='bbox 3399 1008 3462 1060; x_wconf 85' lang='grc' dir='ltr'>ὲκ</span> <span class='ocrx_word' id='word_1_123' title='bbox 3492 1006 3783 1080; x_wconf 75' lang='grc' dir='ltr'><strong>προσώπου</strong></span> <span class='ocrx_word' id='word_1_124' title='bbox 3809 1006 3904 1061; x_wconf 83' lang='grc' dir='ltr'><strong>τοῦ</strong></span> <span class='ocrx_word' id='word_1_125' title='bbox 3926 1009 4038 1061; x_wconf 87' lang='grc' dir='ltr'>Πα-</span> 
     </span>
    </p>
   </div>
   <div class='ocr_carea' id='block_1_17' title="bbox 748 1093 2417 1173">
    <p class='ocr_par' dir='ltr' id='par_1_17' title="bbox 748 1093 2330 1166">
     <span class='ocr_line' id='line_1_17' title="bbox 748 1093 2330 1166; baseline 0.005 -23"><span class='ocrx_word' id='word_1_126' title='bbox 748 1104 895 1143; x_wconf 72' lang='lat' dir='ltr'><strong>mus</strong></span> <span class='ocrx_word' id='word_1_127' title='bbox 917 1106 970 1144; x_wconf 72' lang='lat' dir='ltr'><strong>es</strong></span> <span class='ocrx_word' id='word_1_128' title='bbox 998 1102 1077 1158; x_wconf 85' lang='lat' dir='ltr'><strong>tu,</strong></span> <span class='ocrx_word' id='word_1_129' title='bbox 1108 1108 1199 1161; x_wconf 83' lang='lat' dir='ltr'><strong>ego</strong></span> <span class='ocrx_word' id='word_1_130' title='bbox 1231 1093 1383 1151; x_wconf 74' lang='lat' dir='ltr'><strong>hodie</strong></span> <span class='ocrx_word' id='word_1_131' title='bbox 1411 1102 1461 1148; x_wconf 75' lang='lat' dir='ltr'><strong>te</strong></span> <span class='ocrx_word' id='word_1_132' title='bbox 1495 1096 1650 1165; x_wconf 82' lang='lat' dir='ltr'><strong>genui</strong></span> <span class='ocrx_word' id='word_1_133' title='bbox 1689 1096 1733 1152; x_wconf 84' lang='grc'><strong>⁸.</strong></span> <span class='ocrx_word' id='word_1_134' title='bbox 1762 1094 1948 1165; x_wconf 82' lang='lat' dir='ltr'><strong>Neque</strong></span> <span class='ocrx_word' id='word_1_135' title='bbox 1977 1111 2196 1166; x_wconf 87' lang='lat' dir='ltr'><strong>possum</strong></span> <span class='ocrx_word' id='word_1_136' title='bbox 2224 1112 2330 1152; x_wconf 91' lang='lat' dir='ltr'><strong>non</strong></span> 
     </span>
    </p>
   </div>
   <div class='ocr_carea' id='block_1_18' title="bbox 2373 1093 4042 1173">
    <p class='ocr_par' dir='ltr' id='par_1_18' title="bbox 2445 1095 4042 1173">
     <span class='ocr_line' id='line_1_18' title="bbox 2445 1095 4042 1173; baseline -0.001 -20"><span class='ocrx_word' id='word_1_137' title='bbox 2445 1101 2592 1173; x_wconf 86' lang='grc' dir='ltr'>τρός·</span> <span class='ocrx_word' id='word_1_138' title='bbox 2632 1104 2849 1167; x_wconf 81' lang='grc' dir='ltr'>Κύριος</span> <span class='ocrx_word' id='word_1_139' title='bbox 2893 1100 3026 1152; x_wconf 79' lang='grc' dir='ltr'>εἷπε</span> <span class='ocrx_word' id='word_1_140' title='bbox 3063 1099 3214 1167; x_wconf 80' lang='grc' dir='ltr'>πρός</span> <span class='ocrx_word' id='word_1_141' title='bbox 3243 1116 3321 1168; x_wconf 84' lang='grc' dir='ltr'><strong>με</strong></span> <span class='ocrx_word' id='word_1_142' title='bbox 3342 1115 3355 1129; x_wconf 89' lang='grc'><strong>·</strong></span> <span class='ocrx_word' id='word_1_143' title='bbox 3398 1100 3530 1164; x_wconf 75' lang='grc' dir='ltr'>Υἱός</span> <span class='ocrx_word' id='word_1_144' title='bbox 3556 1116 3675 1167; x_wconf 84' lang='grc' dir='ltr'><strong>μου</strong></span> <span class='ocrx_word' id='word_1_145' title='bbox 3700 1095 3761 1152; x_wconf 74' lang='grc' dir='ltr'>εἴ</span> <span class='ocrx_word' id='word_1_146' title='bbox 3782 1098 3886 1163; x_wconf 81' lang='grc' dir='ltr'><strong>σὺ,</strong></span> <span class='ocrx_word' id='word_1_147' title='bbox 3920 1099 4042 1167; x_wconf 80' lang='grc' dir='ltr'><strong>ἐγὼ</strong></span> 
     </span>
    </p>
   </div>
   <div class='ocr_carea' id='block_1_19' title="bbox 748 1183 2417 1261">
    <p class='ocr_par' dir='ltr' id='par_1_19' title="bbox 748 1183 2331 1259">
     <span class='ocr_line' id='line_1_19' title="bbox 748 1183 2331 1259; baseline 0.003 -20"><span class='ocrx_word' id='word_1_148' title='bbox 748 1183 997 1239; x_wconf 74' lang='lat' dir='ltr'><strong>conﬁteri</strong></span> <span class='ocrx_word' id='word_1_149' title='bbox 1042 1186 1185 1254; x_wconf 90' lang='lat' dir='ltr'><strong>quod</strong></span> <span class='ocrx_word' id='word_1_150' title='bbox 1240 1185 1380 1242; x_wconf 88' lang='lat' dir='ltr'><strong>Deus</strong></span> <span class='ocrx_word' id='word_1_151' title='bbox 1434 1186 1598 1243; x_wconf 88' lang='lat' dir='ltr'><strong>habet</strong></span> <span class='ocrx_word' id='word_1_152' title='bbox 1629 1187 1912 1257; x_wconf 87' lang='lat' dir='ltr'><strong>Spiritum,</strong></span> <span class='ocrx_word' id='word_1_153' title='bbox 1951 1188 2061 1246; x_wconf 90' lang='lat' dir='ltr'><strong>Deo</strong></span> <span class='ocrx_word' id='word_1_154' title='bbox 2100 1190 2215 1259; x_wconf 89' lang='lat' dir='ltr'><strong>ipso</strong></span> <span class='ocrx_word' id='word_1_155' title='bbox 2249 1191 2331 1244; x_wconf 89' lang='lat' dir='ltr'><strong>di-</strong></span> 
     </span>
    </p>
   </div>
   <div class='ocr_carea' id='block_1_20' title="bbox 2370 1183 4039 1261">
    <p class='ocr_par' dir='ltr' id='par_1_20' title="bbox 2442 1188 4039 1261">
     <span class='ocr_line' id='line_1_20' title="bbox 2442 1188 4039 1261; baseline -0.003 -16"><span class='ocrx_word' id='word_1_156' title='bbox 2442 1192 2710 1261; x_wconf 75' lang='grc' dir='ltr'><strong>σήμερον</strong></span> <span class='ocrx_word' id='word_1_157' title='bbox 2734 1188 3065 1261; x_wconf 76' lang='grc' dir='ltr'><strong>γεγέννηκά</strong></span> <span class='ocrx_word' id='word_1_158' title='bbox 3089 1204 3182 1243; x_wconf 86' lang='grc' dir='ltr'>σε.</span> <span class='ocrx_word' id='word_1_159' title='bbox 3215 1189 3326 1243; x_wconf 73' lang='grc' dir='ltr'><strong>Καὶ</strong></span> <span class='ocrx_word' id='word_1_160' title='bbox 3356 1190 3415 1243; x_wconf 82' lang='grc' dir='ltr'>οὺ</span> <span class='ocrx_word' id='word_1_161' title='bbox 3445 1189 3681 1260; x_wconf 85' lang='grc' dir='ltr'>δύναμαι</span> <span class='ocrx_word' id='word_1_162' title='bbox 3710 1190 3875 1243; x_wconf 81' lang='grc' dir='ltr'>πάλιν</span> <span class='ocrx_word' id='word_1_163' title='bbox 3907 1191 4039 1261; x_wconf 80' lang='grc' dir='ltr'>ὁμο-</span> 
     </span>
    </p>
   </div>
   <div class='ocr_carea' id='block_1_21' title="bbox 749 1276 2418 1354">
    <p class='ocr_par' dir='ltr' id='par_1_21' title="bbox 749 1276 2333 1347">
     <span class='ocr_line' id='line_1_21' title="bbox 749 1276 2333 1347; baseline -0.001 -14"><span class='ocrx_word' id='word_1_164' title='bbox 749 1284 908 1333; x_wconf 85' lang='lat' dir='ltr'><strong>cenle</strong></span> <span class='ocrx_word' id='word_1_165' title='bbox 940 1294 953 1330; x_wconf 89' lang='lat'><strong>:</strong></span> <span class='ocrx_word' id='word_1_166' title='bbox 982 1276 1269 1347; x_wconf 73' lang='lat' dir='ltr'><strong>E/fundam</strong></span> <span class='ocrx_word' id='word_1_167' title='bbox 1298 1278 1361 1333; x_wconf 84' lang='lat' dir='ltr'><strong>de</strong></span> <span class='ocrx_word' id='word_1_168' title='bbox 1385 1276 1589 1347; x_wconf 77' lang='lat' dir='ltr'><strong>Spiritu</strong></span> <span class='ocrx_word' id='word_1_169' title='bbox 1613 1294 1727 1332; x_wconf 80' lang='lat' dir='ltr'><strong>meo</strong></span> <span class='ocrx_word' id='word_1_170' title='bbox 1753 1279 1810 1333; x_wconf 78' lang='lat' dir='ltr'><strong>in</strong></span> <span class='ocrx_word' id='word_1_171' title='bbox 1826 1295 2027 1335; x_wconf 82' lang='lat' dir='ltr'><strong>omnem</strong></span> <span class='ocrx_word' id='word_1_172' title='bbox 2061 1295 2270 1333; x_wconf 80' lang='lat' dir='ltr'><strong>carnem</strong></span> <span class='ocrx_word' id='word_1_173' title='bbox 2290 1280 2333 1332; x_wconf 82' lang='grc'><strong>⁸.</strong></span> 
     </span>
    </p>
   </div>
   <div class='ocr_carea' id='block_1_22' title="bbox 2372 1276 4041 1354">
    <p class='ocr_par' dir='ltr' id='par_1_22' title="bbox 2441 1280 4041 1354">
     <span class='ocr_line' id='line_1_22' title="bbox 2441 1280 4041 1354; baseline -0.002 -17"><span class='ocrx_word' id='word_1_174' title='bbox 2441 1284 2640 1354; x_wconf 79' lang='grc' dir='ltr'>λογεῖν,</span> <span class='ocrx_word' id='word_1_175' title='bbox 2668 1284 2751 1336; x_wconf 84' lang='grc' dir='ltr'>ὅτι</span> <span class='ocrx_word' id='word_1_176' title='bbox 2781 1283 2893 1354; x_wconf 77' lang='grc' dir='ltr'>ἔχει</span> <span class='ocrx_word' id='word_1_177' title='bbox 2937 1280 3163 1352; x_wconf 80' lang='grc' dir='ltr'><strong>Πνεῦμα</strong></span> <span class='ocrx_word' id='word_1_178' title='bbox 3201 1283 3227 1339; x_wconf 87' lang='grc' dir='ltr'><strong>ὀ</strong></span> <span class='ocrx_word' id='word_1_179' title='bbox 3262 1282 3415 1349; x_wconf 82' lang='grc' dir='ltr'><strong>Θεὸς,</strong></span> <span class='ocrx_word' id='word_1_180' title='bbox 3446 1281 3612 1335; x_wconf 82' lang='grc' dir='ltr'>αὐτοῦ</span> <span class='ocrx_word' id='word_1_181' title='bbox 3649 1282 3745 1334; x_wconf 87' lang='grc' dir='ltr'><strong>τοῦ</strong></span> <span class='ocrx_word' id='word_1_182' title='bbox 3777 1281 3913 1335; x_wconf 87' lang='grc' dir='ltr'>Θεοῦ</span> <span class='ocrx_word' id='word_1_183' title='bbox 3950 1280 4041 1334; x_wconf 68' lang='grc' dir='ltr'><strong>λέ-</strong></span> 
     </span>
    </p>
   </div>
   <div class='ocr_carea' id='block_1_23' title="bbox 749 1366 2418 1445">
    <p class='ocr_par' dir='ltr' id='par_1_23' title="bbox 749 1366 2331 1441">
     <span class='ocr_line' id='line_1_23' title="bbox 749 1366 2331 1441; baseline 0.002 -19"><span class='ocrx_word' id='word_1_184' title='bbox 749 1366 955 1425; x_wconf 85' lang='lat' dir='ltr'><strong>Tameu</strong></span> <span class='ocrx_word' id='word_1_185' title='bbox 985 1385 1223 1439; x_wconf 71' lang='lat' dir='ltr'><strong>quaeram</strong></span> <span class='ocrx_word' id='word_1_186' title='bbox 1270 1386 1335 1425; x_wconf 76' lang='lat' dir='ltr'><strong>ex</strong></span> <span class='ocrx_word' id='word_1_187' title='bbox 1388 1380 1458 1437; x_wconf 89' lang='lat' dir='ltr'><strong>te,</strong></span> <span class='ocrx_word' id='word_1_188' title='bbox 1503 1369 1706 1433; x_wconf 83' lang='lat' dir='ltr'><strong>Judaee,</strong></span> <span class='ocrx_word' id='word_1_189' title='bbox 1735 1380 1790 1425; x_wconf 88' lang='lat' dir='ltr'><strong>tu</strong></span> <span class='ocrx_word' id='word_1_190' title='bbox 1823 1372 1955 1425; x_wconf 92' lang='lat' dir='ltr'><strong>mihi</strong></span> <span class='ocrx_word' id='word_1_191' title='bbox 1988 1372 2331 1441; x_wconf 85' lang='lat' dir='ltr'><strong>respondeto.</strong></span> 
     </span>
    </p>
   </div>
   <div class='ocr_carea' id='block_1_24' title="bbox 2375 1366 4044 1445">
    <p class='ocr_par' dir='ltr' id='par_1_24' title="bbox 2442 1373 4044 1445">
     <span class='ocr_line' id='line_1_24' title="bbox 2442 1373 4044 1445; baseline -0.002 -15"><span class='ocrx_word' id='word_1_192' title='bbox 2442 1374 2888 1445; x_wconf 79' lang='grc' dir='ltr'>γοντος”Εκχεῶ</span> <span class='ocrx_word' id='word_1_193' title='bbox 2906 1374 3023 1429; x_wconf 79' lang='grc' dir='ltr'><strong>ἀπὸ</strong></span> <span class='ocrx_word' id='word_1_194' title='bbox 3051 1375 3158 1429; x_wconf 85' lang='grc' dir='ltr'><strong>τοῦ</strong></span> <span class='ocrx_word' id='word_1_195' title='bbox 3190 1374 3540 1443; x_wconf 77' lang='grc' dir='ltr'>Πνεῦματός</span> <span class='ocrx_word' id='word_1_196' title='bbox 3557 1392 3679 1443; x_wconf 85' lang='grc' dir='ltr'><strong>μου</strong></span> <span class='ocrx_word' id='word_1_197' title='bbox 3702 1374 3799 1427; x_wconf 75' lang='grc' dir='ltr'><strong>ἐπὶ</strong></span> <span class='ocrx_word' id='word_1_198' title='bbox 3832 1373 4044 1429; x_wconf 76' lang='grc' dir='ltr'>πᾶσαν</span> 
     </span>
    </p>
   </div>
   <div class='ocr_carea' id='block_1_25' title="bbox 749 1457 2418 1545">
    <p class='ocr_par' dir='ltr' id='par_1_25' title="bbox 749 1457 2333 1531">
     <span class='ocr_line' id='line_1_25' title="bbox 749 1457 2333 1531; baseline 0.002 -19"><span class='ocrx_word' id='word_1_199' title='bbox 749 1457 977 1525; x_wconf 81' lang='lat' dir='ltr'><strong>Qualem</strong></span> <span class='ocrx_word' id='word_1_200' title='bbox 1026 1461 1109 1517; x_wconf 85' lang='lat' dir='ltr'><strong>ais</strong></span> <span class='ocrx_word' id='word_1_201' title='bbox 1166 1461 1415 1530; x_wconf 86' lang='lat' dir='ltr'><strong>spiritum</strong></span> <span class='ocrx_word' id='word_1_202' title='bbox 1467 1461 1577 1515; x_wconf 90' lang='lat' dir='ltr'><strong>Deo</strong></span> <span class='ocrx_word' id='word_1_203' title='bbox 1642 1461 1809 1516; x_wconf 75' lang='lat' dir='ltr'><strong>esse?</strong></span> <span class='ocrx_word' id='word_1_204' title='bbox 1873 1476 1998 1516; x_wconf 91' lang='lat' dir='ltr'><strong>num</strong></span> <span class='ocrx_word' id='word_1_205' title='bbox 2069 1460 2333 1531; x_wconf 81' lang='lat' dir='ltr'><strong>ejusmodi</strong></span> 
     </span>
    </p>
   </div>
   <div class='ocr_carea' id='block_1_26' title="bbox 2371 1457 4040 1545">
    <p class='ocr_par' dir='ltr' id='par_1_26' title="bbox 2444 1471 4040 1545">
     <span class='ocr_line' id='line_1_26' title="bbox 2444 1471 4040 1545; baseline -0.001 -20"><span class='ocrx_word' id='word_1_206' title='bbox 2444 1472 2665 1540; x_wconf 84' lang='grc' dir='ltr'><strong>σάρκα.</strong></span> <span class='ocrx_word' id='word_1_207' title='bbox 2690 1472 2879 1543; x_wconf 84' lang='grc' dir='ltr'><strong>Ὅμως</strong></span> <span class='ocrx_word' id='word_1_208' title='bbox 2906 1474 3169 1545; x_wconf 70' lang='grc' dir='ltr'>ἐρωτήσω</span> <span class='ocrx_word' id='word_1_209' title='bbox 3204 1489 3289 1537; x_wconf 85' lang='grc' dir='ltr'><strong>σε,</strong></span> <span class='ocrx_word' id='word_1_210' title='bbox 3319 1471 3565 1535; x_wconf 81' lang='grc' dir='ltr'>Ἰουδαϊε,</span> <span class='ocrx_word' id='word_1_211' title='bbox 3592 1472 3655 1523; x_wconf 67' lang='grc' dir='ltr'>σὺ</span> <span class='ocrx_word' id='word_1_212' title='bbox 3689 1471 3745 1523; x_wconf 76' lang='grc' dir='ltr'>δέ</span> <span class='ocrx_word' id='word_1_213' title='bbox 3782 1488 3873 1540; x_wconf 82' lang='grc' dir='ltr'><strong>μοι</strong></span> <span class='ocrx_word' id='word_1_214' title='bbox 3902 1472 4040 1524; x_wconf 75' lang='grc' dir='ltr'>ἀπο-</span> 
     </span>
    </p>
   </div>
   <div class='ocr_carea' id='block_1_27' title="bbox 749 1551 2418 1635">
    <p class='ocr_par' dir='ltr' id='par_1_27' title="bbox 749 1551 2334 1622">
     <span class='ocr_line' id='line_1_27' title="bbox 749 1551 2334 1622; baseline 0 -18"><span class='ocrx_word' id='word_1_215' title='bbox 749 1551 927 1622; x_wconf 88' lang='lat' dir='ltr'><strong>qualis</strong></span> <span class='ocrx_word' id='word_1_216' title='bbox 976 1562 1060 1607; x_wconf 87' lang='lat' dir='ltr'><strong>est</strong></span> <span class='ocrx_word' id='word_1_217' title='bbox 1108 1554 1345 1609; x_wconf 87' lang='lat' dir='ltr'><strong>hominis</strong></span> <span class='ocrx_word' id='word_1_218' title='bbox 1395 1570 1461 1608; x_wconf 80' lang='lat' dir='ltr'><strong>ex</strong></span> <span class='ocrx_word' id='word_1_219' title='bbox 1522 1567 1618 1607; x_wconf 88' lang='lat' dir='ltr'><strong>ore</strong></span> <span class='ocrx_word' id='word_1_220' title='bbox 1661 1561 1718 1611; x_wconf 88' lang='lat' dir='ltr'><strong>et</strong></span> <span class='ocrx_word' id='word_1_221' title='bbox 1768 1553 1992 1609; x_wconf 85' lang='lat' dir='ltr'><strong>naribus</strong></span> <span class='ocrx_word' id='word_1_222' title='bbox 2045 1562 2334 1609; x_wconf 81' lang='lat' dir='ltr'><strong>exeuntem</strong></span> 
     </span>
    </p>
   </div>
   <div class='ocr_carea' id='block_1_28' title="bbox 2373 1551 4042 1635">
    <p class='ocr_par' dir='ltr' id='par_1_28' title="bbox 2447 1557 4042 1635">
     <span class='ocr_line' id='line_1_28' title="bbox 2447 1557 4042 1635; baseline -0.001 -18"><span class='ocrx_word' id='word_1_223' title='bbox 2447 1561 2686 1634; x_wconf 83' lang='grc' dir='ltr'>κρίθητι·</span> <span class='ocrx_word' id='word_1_224' title='bbox 2725 1564 2937 1618; x_wconf 83' lang='grc' dir='ltr'>Ὀποίον</span> <span class='ocrx_word' id='word_1_225' title='bbox 2971 1564 3191 1635; x_wconf 83' lang='grc' dir='ltr'>πνεῦμα</span> <span class='ocrx_word' id='word_1_226' title='bbox 3232 1563 3412 1631; x_wconf 81' lang='grc' dir='ltr'>λέγεις</span> <span class='ocrx_word' id='word_1_227' title='bbox 3442 1564 3586 1634; x_wconf 78' lang='grc' dir='ltr'>ἔχειν</span> <span class='ocrx_word' id='word_1_228' title='bbox 3613 1562 3704 1616; x_wconf 87' lang='grc' dir='ltr'><strong>τὸν</strong></span> <span class='ocrx_word' id='word_1_229' title='bbox 3736 1562 3913 1626; x_wconf 85' lang='grc' dir='ltr'>Θεόν;</span> <span class='ocrx_word' id='word_1_230' title='bbox 3951 1557 4042 1634; x_wconf 79' lang='grc' dir='ltr'><strong>ἄρ’</strong></span> 
     </span>
    </p>
   </div>
   <div class='ocr_carea' id='block_1_29' title="bbox 750 1643 2419 1726">
    <p class='ocr_par' dir='ltr' id='par_1_29' title="bbox 750 1643 2335 1718">
     <span class='ocr_line' id='line_1_29' title="bbox 750 1643 2335 1718; baseline -0.001 -19"><span class='ocrx_word' id='word_1_231' title='bbox 750 1651 805 1700; x_wconf 81' lang='lat' dir='ltr'><strong>et</strong></span> <span class='ocrx_word' id='word_1_232' title='bbox 835 1645 1169 1714; x_wconf 83' lang='lat' dir='ltr'><strong>exspiratum</strong></span> <span class='ocrx_word' id='word_1_233' title='bbox 1204 1643 1563 1715; x_wconf 72' lang='lat' dir='ltr'><strong>effusumque,</strong></span> <span class='ocrx_word' id='word_1_234' title='bbox 1590 1643 1681 1713; x_wconf 89' lang='lat' dir='ltr'><strong>qui</strong></span> <span class='ocrx_word' id='word_1_235' title='bbox 1710 1644 1858 1704; x_wconf 84' lang='lat' dir='ltr'><strong>cerni</strong></span> <span class='ocrx_word' id='word_1_236' title='bbox 1895 1653 2071 1718; x_wconf 87' lang='lat' dir='ltr'><strong>potest</strong></span> <span class='ocrx_word' id='word_1_237' title='bbox 2093 1654 2150 1700; x_wconf 88' lang='lat' dir='ltr'><strong>et</strong></span> <span class='ocrx_word' id='word_1_238' title='bbox 2172 1658 2335 1714; x_wconf 81' lang='lat' dir='ltr'><strong>sepa—</strong></span> 
     </span>
    </p>
   </div>
   <div class='ocr_carea' id='block_1_30' title="bbox 2375 1643 4044 1726">
    <p class='ocr_par' dir='ltr' id='par_1_30' title="bbox 2444 1649 4044 1726">
     <span class='ocr_line' id='line_1_30' title="bbox 2444 1649 4044 1726; baseline -0.001 -20"><span class='ocrx_word' id='word_1_239' title='bbox 2444 1649 2555 1708; x_wconf 78' lang='grc' dir='ltr'>οἷον</span> <span class='ocrx_word' id='word_1_240' title='bbox 2603 1652 2665 1707; x_wconf 75' lang='grc' dir='ltr'><strong>τὸ</strong></span> <span class='ocrx_word' id='word_1_241' title='bbox 2694 1652 2790 1707; x_wconf 88' lang='grc' dir='ltr'><strong>τοῦ</strong></span> <span class='ocrx_word' id='word_1_242' title='bbox 2845 1653 3156 1726; x_wconf 80' lang='grc' dir='ltr'>ἀνθρώπου,</span> <span class='ocrx_word' id='word_1_243' title='bbox 3188 1653 3249 1708; x_wconf 82' lang='grc' dir='ltr'><strong>τὸ</strong></span> <span class='ocrx_word' id='word_1_244' title='bbox 3307 1655 3373 1707; x_wconf 81' lang='grc' dir='ltr'>ἐκ</span> <span class='ocrx_word' id='word_1_245' title='bbox 3418 1655 3687 1724; x_wconf 83' lang='grc' dir='ltr'>στόματος</span> <span class='ocrx_word' id='word_1_246' title='bbox 3742 1656 3840 1709; x_wconf 72' lang='grc' dir='ltr'><strong>καὶ</strong></span> <span class='ocrx_word' id='word_1_247' title='bbox 3881 1652 4044 1723; x_wconf 79' lang='grc' dir='ltr'>ῥινῶν</span> 
     </span>
    </p>
   </div>
   <div class='ocr_carea' id='block_1_31' title="bbox 753 1736 4045 1814">
    <p class='ocr_par' dir='ltr' id='par_1_31' title="bbox 753 1736 4045 1814">
     <span class='ocr_line' id='line_1_31' title="bbox 753 1736 4045 1814; baseline 0.002 -25"><span class='ocrx_word' id='word_1_248' title='bbox 753 1736 898 1790; x_wconf 75' lang='lat' dir='ltr'><strong>rari’</strong></span> <span class='ocrx_word' id='word_1_249' title='bbox 2290 1774 2295 1779; x_wconf 64' lang='grc' dir='ltr'>ι</span> <span class='ocrx_word' id='word_1_250' title='bbox 2446 1742 2803 1814; x_wconf 81' lang='grc' dir='ltr'>ὲξερχόμενον</span> <span class='ocrx_word' id='word_1_251' title='bbox 2833 1746 2928 1797; x_wconf 76' lang='grc' dir='ltr'>καὶ</span> <span class='ocrx_word' id='word_1_252' title='bbox 2953 1744 3280 1814; x_wconf 80' lang='grc' dir='ltr'>ἐκχεόμενον</span> <span class='ocrx_word' id='word_1_253' title='bbox 3320 1744 3417 1798; x_wconf 73' lang='grc' dir='ltr'><strong>καὶ</strong></span> <span class='ocrx_word' id='word_1_254' title='bbox 3461 1744 3788 1813; x_wconf 83' lang='grc' dir='ltr'>φαινόμενον</span> <span class='ocrx_word' id='word_1_255' title='bbox 3815 1742 3911 1796; x_wconf 69' lang='grc' dir='ltr'><strong>καὶ</strong></span> <span class='ocrx_word' id='word_1_256' title='bbox 3935 1759 4045 1811; x_wconf 84' lang='grc' dir='ltr'>χω-</span> 
     </span>
    </p>
   </div>
   <div class='ocr_carea' id='block_1_32' title="bbox 2378 1830 2733 1907">
    <p class='ocr_par' dir='ltr' id='par_1_32' title="bbox 2378 1830 2733 1907">
     <span class='ocr_line' id='line_1_32' title="bbox 2378 1830 2733 1907; baseline 0.011 -23"><span class='ocrx_word' id='word_1_257' title='bbox 2378 1830 2418 1884; x_wconf 86' lang='grc' dir='ltr'>Β</span> <span class='ocrx_word' id='word_1_258' title='bbox 2449 1833 2733 1907; x_wconf 84' lang='grc' dir='ltr'>ριζόμενον</span> 
     </span>
    </p>
   </div>
   <div class='ocr_carea' id='block_1_33' title="bbox 821 1924 2490 2012">
    <p class='ocr_par' dir='ltr' id='par_1_33' title="bbox 821 1935 2341 2012">
     <span class='ocr_line' id='line_1_33' title="bbox 821 1935 2341 2012; baseline 0.003 -21"><span class='ocrx_word' id='word_1_259' title='bbox 821 1935 1068 1992; x_wconf 67' lang='lat' dir='ltr'><strong>Iudam.</strong></span> <span class='ocrx_word' id='word_1_260' title='bbox 1120 1940 1279 1995; x_wconf 85' lang='lat' dir='ltr'><strong>Absit</strong></span> <span class='ocrx_word' id='word_1_261' title='bbox 1327 1942 1431 1996; x_wconf 85' lang='lat' dir='ltr'><strong>hoc</strong></span> <span class='ocrx_word' id='word_1_262' title='bbox 1468 1942 1717 2011; x_wconf 88' lang='lat' dir='ltr'><strong>quidem!</strong></span> <span class='ocrx_word' id='word_1_263' title='bbox 1760 1941 1855 1996; x_wconf 89' lang='lat' dir='ltr'><strong>sed</strong></span> <span class='ocrx_word' id='word_1_264' title='bbox 1910 1955 2039 1998; x_wconf 86' lang='lat' dir='ltr'><strong>vero</strong></span> <span class='ocrx_word' id='word_1_265' title='bbox 2080 1940 2341 2012; x_wconf 86' lang='lat' dir='ltr'><strong>Spiritum</strong></span> 
     </span>
    </p>
   </div>
   <div class='ocr_carea' id='block_1_34' title="bbox 2378 1924 4047 2012">
    <p class='ocr_par' dir='ltr' id='par_1_34' title="bbox 2533 1924 4047 1998">
     <span class='ocr_line' id='line_1_34' title="bbox 2533 1924 4047 1998; baseline -0.001 -17"><span class='ocrx_word' id='word_1_266' title='bbox 2533 1924 2597 1981; x_wconf 89' lang='lat'><strong>&#39;0</strong></span> <span class='ocrx_word' id='word_1_267' title='bbox 2629 1926 2939 1993; x_wconf 85' lang='grc' dir='ltr'>Ἰουδαῖος.</span> <span class='ocrx_word' id='word_1_268' title='bbox 2968 1927 3060 1998; x_wconf 82' lang='grc' dir='ltr'><strong>Μὴ</strong></span> <span class='ocrx_word' id='word_1_269' title='bbox 3093 1926 3333 1995; x_wconf 71' lang='grc' dir='ltr'>γένοιτοε</span> <span class='ocrx_word' id='word_1_270' title='bbox 3371 1927 3509 1981; x_wconf 73' lang='grc' dir='ltr'>ἀλλὰ</span> <span class='ocrx_word' id='word_1_271' title='bbox 3531 1927 3763 1998; x_wconf 77' lang='grc' dir='ltr'>Πνεῦμα</span> <span class='ocrx_word' id='word_1_272' title='bbox 3792 1928 4047 1998; x_wconf 75' lang='grc' dir='ltr'>ἀόρατον,</span> 
     </span>
    </p>
   </div>
   <div class='ocr_carea' id='block_1_35' title="bbox 753 2017 2422 2103">
    <p class='ocr_par' dir='ltr' id='par_1_35' title="bbox 753 2029 2340 2103">
     <span class='ocr_line' id='line_1_35' title="bbox 753 2029 2340 2103; baseline 0.001 -18"><span class='ocrx_word' id='word_1_273' title='bbox 753 2029 1107 2097; x_wconf 81' lang='lat' dir='ltr'><strong>invisibilem,</strong></span> <span class='ocrx_word' id='word_1_274' title='bbox 1140 2031 1405 2101; x_wconf 90' lang='lat' dir='ltr'><strong>Spiritum</strong></span> <span class='ocrx_word' id='word_1_275' title='bbox 1452 2043 1721 2098; x_wconf 87' lang='lat' dir='ltr'><strong>sanctum,</strong></span> <span class='ocrx_word' id='word_1_276' title='bbox 1757 2032 2022 2103; x_wconf 88' lang='lat' dir='ltr'><strong>Spiritum</strong></span> <span class='ocrx_word' id='word_1_277' title='bbox 2078 2034 2340 2100; x_wconf 86' lang='lat' dir='ltr'><strong>dlvinum,</strong></span> 
     </span>
    </p>
   </div>
   <div class='ocr_carea' id='block_1_36' title="bbox 2380 2017 4049 2103">
    <p class='ocr_par' dir='ltr' id='par_1_36' title="bbox 2447 2017 4049 2091">
     <span class='ocr_line' id='line_1_36' title="bbox 2447 2017 4049 2091; baseline 0.003 -20"><span class='ocrx_word' id='word_1_278' title='bbox 2447 2018 2673 2090; x_wconf 85' lang='grc' dir='ltr'>Πνεῦμα</span> <span class='ocrx_word' id='word_1_279' title='bbox 2715 2020 2889 2088; x_wconf 78' lang='grc' dir='ltr'>ἅγιον,</span> <span class='ocrx_word' id='word_1_280' title='bbox 2918 2017 3146 2089; x_wconf 79' lang='grc' dir='ltr'><strong>Πνεῦμα</strong></span> <span class='ocrx_word' id='word_1_281' title='bbox 3184 2019 3405 2091; x_wconf 78' lang='grc' dir='ltr'>ἀληθὲς,</span> <span class='ocrx_word' id='word_1_282' title='bbox 3442 2018 3665 2083; x_wconf 80' lang='grc' dir='ltr'>Πνεῦμα</span> <span class='ocrx_word' id='word_1_283' title='bbox 3692 2017 4049 2089; x_wconf 72' lang='grc' dir='ltr'>ἡγεμονικὸν.</span> 
     </span>
    </p>
   </div>
   <div class='ocr_carea' id='block_1_37' title="bbox 755 2109 2424 2196">
    <p class='ocr_par' dir='ltr' id='par_1_37' title="bbox 755 2120 2346 2196">
     <span class='ocr_line' id='line_1_37' title="bbox 755 2120 2346 2196; baseline 0.003 -19"><span class='ocrx_word' id='word_1_284' title='bbox 755 2120 1017 2191; x_wconf 81' lang='lat' dir='ltr'><strong>Spiritum</strong></span> <span class='ocrx_word' id='word_1_285' title='bbox 1040 2138 1251 2189; x_wconf 85' lang='lat' dir='ltr'><strong>verum,</strong></span> <span class='ocrx_word' id='word_1_286' title='bbox 1278 2124 1545 2195; x_wconf 89' lang='lat' dir='ltr'><strong>Spiritum</strong></span> <span class='ocrx_word' id='word_1_287' title='bbox 1570 2126 1873 2191; x_wconf 89' lang='lat' dir='ltr'><strong>ductorem,</strong></span> <span class='ocrx_word' id='word_1_288' title='bbox 1899 2124 2161 2196; x_wconf 87' lang='lat' dir='ltr'><strong>Spiritum</strong></span> <span class='ocrx_word' id='word_1_289' title='bbox 2186 2141 2214 2180; x_wconf 91' lang='lat' dir='ltr'><strong>a</strong></span> <span class='ocrx_word' id='word_1_290' title='bbox 2235 2124 2346 2181; x_wconf 90' lang='lat' dir='ltr'><strong>Deo</strong></span> 
     </span>
    </p>
   </div>
   <div class='ocr_carea' id='block_1_38' title="bbox 1644 2109 3313 2196">
    <p class='ocr_par' dir='ltr' id='par_1_38' title="bbox 1644 2109 3313 2196">
     <span class='ocr_line' id='line_1_38' title="bbox 1644 2109 3313 2196; baseline -0.007 -20"><span class='ocrx_word' id='word_1_291' title='bbox 1644 2134 1873 2191; x_wconf 81' lang='lat' dir='ltr'><strong>ctorem,</strong></span> <span class='ocrx_word' id='word_1_292' title='bbox 1899 2124 2161 2196; x_wconf 63' lang='lat' dir='ltr'><strong>Spiritum</strong></span> <span class='ocrx_word' id='word_1_293' title='bbox 2186 2141 2214 2180; x_wconf 66' lang='grc' dir='ltr'><strong>ε</strong></span> <span class='ocrx_word' id='word_1_294' title='bbox 2235 2124 2346 2181; x_wconf 73' lang='lat' dir='ltr'><strong>Deo</strong></span> <span class='ocrx_word' id='word_1_295' title='bbox 2450 2109 2676 2182; x_wconf 87' lang='grc' dir='ltr'>Πνεῦμα</span> <span class='ocrx_word' id='word_1_296' title='bbox 2701 2109 3006 2181; x_wconf 80' lang='grc' dir='ltr'>ἀχώριστον</span> <span class='ocrx_word' id='word_1_297' title='bbox 3041 2109 3134 2163; x_wconf 86' lang='grc' dir='ltr'><strong>τοῦ</strong></span> <span class='ocrx_word' id='word_1_298' title='bbox 3157 2109 3313 2165; x_wconf 79' lang='grc' dir='ltr'>Θεοῦ.</span> 
     </span>
    </p>
   </div>
   <div class='ocr_carea' id='block_1_39' title="bbox 754 2215 1199 2285">
    <p class='ocr_par' dir='ltr' id='par_1_39' title="bbox 754 2215 1199 2285">
     <span class='ocr_line' id='line_1_39' title="bbox 754 2215 1199 2285; baseline 0 -15"><span class='ocrx_word' id='word_1_299' title='bbox 754 2215 1199 2285; x_wconf 67' lang='lat' dir='ltr'><strong>inseparabilem.</strong></span> 
     </span>
    </p>
   </div>
   <div class='ocr_carea' id='block_1_40' title="bbox 828 2306 2497 2380">
    <p class='ocr_par' dir='ltr' id='par_1_40' title="bbox 828 2306 2346 2380">
     <span class='ocr_line' id='line_1_40' title="bbox 828 2306 2346 2380; baseline 0.003 -20"><span class='ocrx_word' id='word_1_300' title='bbox 828 2306 1184 2364; x_wconf 76' lang='lat' dir='ltr'><strong>Christianus.</strong></span> <span class='ocrx_word' id='word_1_301' title='bbox 1210 2307 1276 2361; x_wconf 90' lang='lat' dir='ltr'><strong>Et</strong></span> <span class='ocrx_word' id='word_1_302' title='bbox 1302 2309 1524 2380; x_wconf 85' lang='lat' dir='ltr'><strong>quando</strong></span> <span class='ocrx_word' id='word_1_303' title='bbox 1547 2308 1676 2365; x_wconf 77' lang='lat' dir='ltr'><strong>fecit</strong></span> <span class='ocrx_word' id='word_1_304' title='bbox 1703 2308 1848 2366; x_wconf 88' lang='lat' dir='ltr'><strong>Deus</strong></span> <span class='ocrx_word' id='word_1_305' title='bbox 1880 2319 1975 2364; x_wconf 84' lang='lat' dir='ltr'><strong>aut</strong></span> <span class='ocrx_word' id='word_1_306' title='bbox 2010 2310 2199 2365; x_wconf 77' lang='lat' dir='ltr'><strong>eduxit</strong></span> <span class='ocrx_word' id='word_1_307' title='bbox 2226 2309 2346 2380; x_wconf 89' lang='lat' dir='ltr'><strong>Spi-</strong></span> 
     </span>
    </p>
   </div>
   <div class='ocr_carea' id='block_1_41' title="bbox 2377 2306 4046 2380">
    <p class='ocr_par' dir='ltr' id='par_1_41' title="bbox 2533 2306 4046 2379">
     <span class='ocr_line' id='line_1_41' title="bbox 2533 2306 4046 2379; baseline -0.005 -16"><span class='ocrx_word' id='word_1_308' title='bbox 2533 2310 2595 2363; x_wconf 80' lang='grc' dir='ltr'><strong>Ὀ</strong></span> <span class='ocrx_word' id='word_1_309' title='bbox 2616 2310 2853 2375; x_wconf 85' lang='grc' dir='ltr'>πιστός.</span> <span class='ocrx_word' id='word_1_310' title='bbox 2882 2309 2992 2363; x_wconf 79' lang='grc' dir='ltr'>Καὶ</span> <span class='ocrx_word' id='word_1_311' title='bbox 3020 2310 3149 2362; x_wconf 82' lang='grc' dir='ltr'>πότε</span> <span class='ocrx_word' id='word_1_312' title='bbox 3196 2309 3455 2379; x_wconf 80' lang='grc' dir='ltr'>ἐποίησεν</span> <span class='ocrx_word' id='word_1_313' title='bbox 3482 2308 3511 2359; x_wconf 98' lang='lat'><strong>6</strong></span> <span class='ocrx_word' id='word_1_314' title='bbox 3542 2307 3675 2370; x_wconf 81' lang='grc' dir='ltr'>Θεὸς</span> <span class='ocrx_word' id='word_1_315' title='bbox 3710 2307 3742 2377; x_wconf 72' lang='grc' dir='ltr'>ἦ</span> <span class='ocrx_word' id='word_1_316' title='bbox 3772 2306 4046 2375; x_wconf 78' lang='grc' dir='ltr'>ἐξήγαγεν</span> 
     </span>
    </p>
   </div>
   <div class='ocr_carea' id='block_1_42' title="bbox 755 2396 2424 2474">
    <p class='ocr_par' dir='ltr' id='par_1_42' title="bbox 755 2396 2349 2470">
     <span class='ocr_line' id='line_1_42' title="bbox 755 2396 2349 2470; baseline -0.001 -17"><span class='ocrx_word' id='word_1_317' title='bbox 755 2396 922 2459; x_wconf 84' lang='lat' dir='ltr'><strong>ritum</strong></span> <span class='ocrx_word' id='word_1_318' title='bbox 981 2398 1147 2465; x_wconf 89' lang='lat' dir='ltr'><strong>hunc,</strong></span> <span class='ocrx_word' id='word_1_319' title='bbox 1204 2408 1297 2454; x_wconf 88' lang='lat' dir='ltr'><strong>aut</strong></span> <span class='ocrx_word' id='word_1_320' title='bbox 1352 2400 1633 2470; x_wconf 91' lang='lat' dir='ltr'><strong>quomodo</strong></span> <span class='ocrx_word' id='word_1_321' title='bbox 1678 2408 1735 2455; x_wconf 87' lang='lat' dir='ltr'><strong>et</strong></span> <span class='ocrx_word' id='word_1_322' title='bbox 1762 2401 1979 2469; x_wconf 84' lang='lat' dir='ltr'><strong>quando</strong></span> <span class='ocrx_word' id='word_1_323' title='bbox 2013 2399 2162 2455; x_wconf 89' lang='lat' dir='ltr'><strong>illum</strong></span> <span class='ocrx_word' id='word_1_324' title='bbox 2222 2399 2349 2456; x_wconf 81' lang='lat' dir='ltr'><strong>iecit</strong></span> 
     </span>
    </p>
   </div>
   <div class='ocr_carea' id='block_1_43' title="bbox 2389 2396 4058 2474">
    <p class='ocr_par' dir='ltr' id='par_1_43' title="bbox 2449 2398 4058 2474">
     <span class='ocr_line' id='line_1_43' title="bbox 2449 2398 4058 2474; baseline -0.002 -22"><span class='ocrx_word' id='word_1_325' title='bbox 2449 2403 2510 2453; x_wconf 76' lang='grc' dir='ltr'><strong>τὸ</strong></span> <span class='ocrx_word' id='word_1_326' title='bbox 2566 2402 2794 2474; x_wconf 84' lang='grc' dir='ltr'>Πνεῦμα</span> <span class='ocrx_word' id='word_1_327' title='bbox 2850 2402 3043 2469; x_wconf 88' lang='grc' dir='ltr'>τοῦτο;</span> <span class='ocrx_word' id='word_1_328' title='bbox 3099 2402 3133 2473; x_wconf 79' lang='grc' dir='ltr'>ἢ</span> <span class='ocrx_word' id='word_1_329' title='bbox 3184 2400 3302 2466; x_wconf 82' lang='grc' dir='ltr'><strong>πῶς</strong></span> <span class='ocrx_word' id='word_1_330' title='bbox 3363 2402 3455 2453; x_wconf 72' lang='grc' dir='ltr'><strong>καὶ</strong></span> <span class='ocrx_word' id='word_1_331' title='bbox 3506 2399 3671 2452; x_wconf 81' lang='grc' dir='ltr'>πόθεν</span> <span class='ocrx_word' id='word_1_332' title='bbox 3732 2398 3868 2451; x_wconf 81' lang='grc' dir='ltr'>αὐτὸ</span> <span class='ocrx_word' id='word_1_333' title='bbox 3929 2413 4058 2449; x_wconf 79' lang='grc' dir='ltr'>συν-</span> 
     </span>
    </p>
   </div>
   <div class='ocr_carea' id='block_1_44' title="bbox 756 2486 2425 2565">
    <p class='ocr_par' dir='ltr' id='par_1_44' title="bbox 756 2486 1095 2541">
     <span class='ocr_line' id='line_1_44' title="bbox 756 2486 1095 2541; baseline 0 -1"><span class='ocrx_word' id='word_1_334' title='bbox 756 2486 1095 2541; x_wconf 83' lang='lat' dir='ltr'><strong>consistere?</strong></span> 
     </span>
    </p>
   </div>
   <div class='ocr_carea' id='block_1_45' title="bbox 1043 2486 2712 2565">
    <p class='ocr_par' dir='ltr' id='par_1_45' title="bbox 1043 2486 2712 2565">
     <span class='ocr_line' id='line_1_45' title="bbox 1043 2486 2712 2565; baseline 0.005 -25"><span class='ocrx_word' id='word_1_335' title='bbox 1043 2486 1095 2540; x_wconf 66' lang='lat'><strong>2?</strong></span> <span class='ocrx_word' id='word_1_336' title='bbox 2450 2497 2712 2565; x_wconf 85' lang='grc' dir='ltr'>ἐστησεν;</span> 
     </span>
    </p>
   </div>
   <div class='ocr_carea' id='block_1_46' title="bbox 828 2576 2497 2654">
    <p class='ocr_par' dir='ltr' id='par_1_46' title="bbox 828 2576 2344 2653">
     <span class='ocr_line' id='line_1_46' title="bbox 828 2576 2344 2653; baseline 0.004 -22"><span class='ocrx_word' id='word_1_337' title='bbox 828 2576 1074 2633; x_wconf 68' lang='lat' dir='ltr'><strong>ludens.</strong></span> <span class='ocrx_word' id='word_1_338' title='bbox 1139 2580 1421 2635; x_wconf 76' lang='lat' dir='ltr'><strong>[ocreatus</strong></span> <span class='ocrx_word' id='word_1_339' title='bbox 1485 2589 1570 2636; x_wconf 89' lang='lat' dir='ltr'><strong>est</strong></span> <span class='ocrx_word' id='word_1_340' title='bbox 1637 2581 1875 2651; x_wconf 84' lang='lat' dir='ltr'><strong>Spiritus</strong></span> <span class='ocrx_word' id='word_1_341' title='bbox 1938 2583 2052 2647; x_wconf 91' lang='lat' dir='ltr'><strong>Dei,</strong></span> <span class='ocrx_word' id='word_1_342' title='bbox 2098 2583 2344 2653; x_wconf 86' lang='lat' dir='ltr'><strong>principii</strong></span> 
     </span>
    </p>
   </div>
   <div class='ocr_carea' id='block_1_47' title="bbox 2388 2576 4057 2654">
    <p class='ocr_par' dir='ltr' id='par_1_47' title="bbox 2532 2578 4057 2654">
     <span class='ocr_line' id='line_1_47' title="bbox 2532 2578 4057 2654; baseline -0.005 -13"><span class='ocrx_word' id='word_1_343' title='bbox 2532 2590 2586 2641; x_wconf 88' lang='lat'><strong>&#39;0</strong></span> <span class='ocrx_word' id='word_1_344' title='bbox 2620 2586 2928 2654; x_wconf 82' lang='grc' dir='ltr'>Ἰουδαῖος.</span> <span class='ocrx_word' id='word_1_345' title='bbox 2951 2587 3242 2640; x_wconf 84' lang='grc' dir='ltr'>Ἀκτιστόν</span> <span class='ocrx_word' id='word_1_346' title='bbox 3270 2587 3391 2651; x_wconf 36' lang='grc' dir='ltr'>ἐστι,</span> <span class='ocrx_word' id='word_1_347' title='bbox 3415 2585 3477 2637; x_wconf 84' lang='grc' dir='ltr'><strong>τὸ</strong></span> <span class='ocrx_word' id='word_1_348' title='bbox 3512 2583 3739 2653; x_wconf 79' lang='grc' dir='ltr'>Πνεῦμα</span> <span class='ocrx_word' id='word_1_349' title='bbox 3776 2579 3870 2635; x_wconf 81' lang='grc' dir='ltr'><strong>τοῦ</strong></span> <span class='ocrx_word' id='word_1_350' title='bbox 3893 2578 4057 2645; x_wconf 82' lang='grc' dir='ltr'>Θεοῦ,</span> 
     </span>
    </p>
   </div>
   <div class='ocr_carea' id='block_1_48' title="bbox 757 2670 2426 2750">
    <p class='ocr_par' dir='ltr' id='par_1_48' title="bbox 757 2670 2345 2746">
     <span class='ocr_line' id='line_1_48' title="bbox 757 2670 2345 2746; baseline 0 -17"><span class='ocrx_word' id='word_1_351' title='bbox 757 2682 956 2738; x_wconf 75' lang='lat' dir='ltr'><strong>expers</strong></span> <span class='ocrx_word' id='word_1_352' title='bbox 987 2680 1043 2726; x_wconf 90' lang='lat' dir='ltr'><strong>et</strong></span> <span class='ocrx_word' id='word_1_353' title='bbox 1076 2670 1645 2742; x_wconf 80' lang='lat' dir='ltr'><strong>incomprehensibilis</strong></span> <span class='ocrx_word' id='word_1_354' title='bbox 1683 2674 1906 2742; x_wconf 89' lang='lat' dir='ltr'><strong>perinde</strong></span> <span class='ocrx_word' id='word_1_355' title='bbox 1949 2684 2007 2730; x_wconf 91' lang='lat' dir='ltr'><strong>ut</strong></span> <span class='ocrx_word' id='word_1_356' title='bbox 2039 2675 2157 2746; x_wconf 91' lang='lat' dir='ltr'><strong>ipse</strong></span> <span class='ocrx_word' id='word_1_357' title='bbox 2185 2676 2345 2729; x_wconf 89' lang='lat' dir='ltr'><strong>Deus.</strong></span> 
     </span>
    </p>
   </div>
   <div class='ocr_carea' id='block_1_49' title="bbox 1991 2670 3660 2750">
    <p class='ocr_par' dir='ltr' id='par_1_49' title="bbox 1991 2673 3660 2750">
     <span class='ocr_line' id='line_1_49' title="bbox 1991 2673 3660 2750; baseline -0.001 -20"><span class='ocrx_word' id='word_1_358' title='bbox 1991 2684 2007 2730; x_wconf 88' lang='lat' dir='ltr'><strong>l</strong></span> <span class='ocrx_word' id='word_1_359' title='bbox 2039 2675 2157 2746; x_wconf 84' lang='lat' dir='ltr'><strong>ipse</strong></span> <span class='ocrx_word' id='word_1_360' title='bbox 2185 2676 2345 2729; x_wconf 86' lang='lat' dir='ltr'><strong>Deus.</strong></span> <span class='ocrx_word' id='word_1_361' title='bbox 2451 2680 2684 2750; x_wconf 79' lang='grc' dir='ltr'>ἄναρχον</span> <span class='ocrx_word' id='word_1_362' title='bbox 2714 2679 2806 2731; x_wconf 80' lang='grc' dir='ltr'>καὶ</span> <span class='ocrx_word' id='word_1_363' title='bbox 2839 2678 3226 2749; x_wconf 79' lang='grc' dir='ltr'><strong>ἀκατάληπτον</strong></span> <span class='ocrx_word' id='word_1_364' title='bbox 3252 2675 3444 2746; x_wconf 80' lang='grc' dir='ltr'>ὥσπερ</span> <span class='ocrx_word' id='word_1_365' title='bbox 3463 2677 3491 2727; x_wconf 89' lang='lat'><strong>6</strong></span> <span class='ocrx_word' id='word_1_366' title='bbox 3511 2673 3660 2736; x_wconf 86' lang='grc' dir='ltr'>Θεός.</span> 
     </span>
    </p>
   </div>
   <div class='ocr_carea' id='block_1_50' title="bbox 830 2759 2499 2837">
    <p class='ocr_par' dir='ltr' id='par_1_50' title="bbox 830 2759 2349 2836">
     <span class='ocr_line' id='line_1_50' title="bbox 830 2759 2349 2836; baseline 0.005 -20"><span class='ocrx_word' id='word_1_367' title='bbox 830 2759 1195 2817; x_wconf 76' lang='lat' dir='ltr'><strong>Christianus.</strong></span> <span class='ocrx_word' id='word_1_368' title='bbox 1236 2764 1311 2817; x_wconf 85' lang='lat' dir='ltr'><strong>En</strong></span> <span class='ocrx_word' id='word_1_369' title='bbox 1349 2774 1403 2817; x_wconf 91' lang='lat' dir='ltr'><strong>tu</strong></span> <span class='ocrx_word' id='word_1_370' title='bbox 1452 2779 1669 2836; x_wconf 86' lang='lat' dir='ltr'><strong>quoque</strong></span> <span class='ocrx_word' id='word_1_371' title='bbox 1701 2768 1981 2821; x_wconf 84' lang='lat' dir='ltr'><strong>evidenter</strong></span> <span class='ocrx_word' id='word_1_372' title='bbox 2012 2768 2349 2825; x_wconf 86' lang='lat' dir='ltr'><strong>convinceris</strong></span> 
     </span>
    </p>
   </div>
   <div class='ocr_carea' id='block_1_51' title="bbox 2393 2759 4062 2837">
    <p class='ocr_par' dir='ltr' id='par_1_51' title="bbox 2536 2763 4062 2837">
     <span class='ocr_line' id='line_1_51' title="bbox 2536 2763 4062 2837; baseline -0.006 -11"><span class='ocrx_word' id='word_1_373' title='bbox 2536 2773 2598 2826; x_wconf 91' lang='lat'><strong>&#39;0</strong></span> <span class='ocrx_word' id='word_1_374' title='bbox 2618 2773 2853 2837; x_wconf 80' lang='grc' dir='ltr'>πιστός.</span> <span class='ocrx_word' id='word_1_375' title='bbox 2902 2770 3029 2823; x_wconf 80' lang='grc' dir='ltr'>Ἰδοὺ</span> <span class='ocrx_word' id='word_1_376' title='bbox 3061 2769 3155 2824; x_wconf 73' lang='grc' dir='ltr'><strong>καὶ</strong></span> <span class='ocrx_word' id='word_1_377' title='bbox 3192 2769 3255 2822; x_wconf 79' lang='grc' dir='ltr'><strong>σὺ</strong></span> <span class='ocrx_word' id='word_1_378' title='bbox 3289 2766 3477 2837; x_wconf 80' lang='grc' dir='ltr'>σαφῶς</span> <span class='ocrx_word' id='word_1_379' title='bbox 3504 2765 3729 2836; x_wconf 78' lang='grc' dir='ltr'><strong>ἐλέγχῃ,</strong></span> <span class='ocrx_word' id='word_1_380' title='bbox 3765 2765 3846 2817; x_wconf 77' lang='grc' dir='ltr'><strong>ὅτι</strong></span> <span class='ocrx_word' id='word_1_381' title='bbox 3884 2763 4062 2818; x_wconf 78' lang='grc' dir='ltr'>δυάδα</span> 
     </span>
    </p>
   </div>
   <div class='ocr_carea' id='block_1_52' title="bbox 759 2853 2428 2939">
    <p class='ocr_par' dir='ltr' id='par_1_52' title="bbox 759 2853 2346 2930">
     <span class='ocr_line' id='line_1_52' title="bbox 759 2853 2346 2930; baseline 0.005 -23"><span class='ocrx_word' id='word_1_382' title='bbox 759 2854 1027 2909; x_wconf 89' lang='lat' dir='ltr'><strong>duitatem</strong></span> <span class='ocrx_word' id='word_1_383' title='bbox 1067 2862 1319 2922; x_wconf 81' lang='lat' dir='ltr'><strong>adorare,</strong></span> <span class='ocrx_word' id='word_1_384' title='bbox 1358 2853 1526 2910; x_wconf 82' lang='lat' dir='ltr'><strong>Deum</strong></span> <span class='ocrx_word' id='word_1_385' title='bbox 1563 2872 1757 2927; x_wconf 89' lang='lat' dir='ltr'><strong>nempe</strong></span> <span class='ocrx_word' id='word_1_386' title='bbox 1806 2856 2011 2928; x_wconf 88' lang='lat' dir='ltr'><strong>Deique</strong></span> <span class='ocrx_word' id='word_1_387' title='bbox 2062 2857 2346 2930; x_wconf 86' lang='lat' dir='ltr'><strong>Spiritum.</strong></span> 
     </span>
    </p>
   </div>
   <div class='ocr_carea' id='block_1_53' title="bbox 2394 2853 4063 2939">
    <p class='ocr_par' dir='ltr' id='par_1_53' title="bbox 2454 2854 4063 2939">
     <span class='ocr_line' id='line_1_53' title="bbox 2454 2854 4063 2939; baseline -0.007 -20"><span class='ocrx_word' id='word_1_388' title='bbox 2454 2866 2804 2939; x_wconf 82' lang='grc' dir='ltr'>προσκυνεῖς,</span> <span class='ocrx_word' id='word_1_389' title='bbox 2833 2863 2976 2930; x_wconf 83' lang='grc' dir='ltr'>λέγω</span> <span class='ocrx_word' id='word_1_390' title='bbox 3008 2862 3072 2932; x_wconf 83' lang='grc' dir='ltr'>δὴ</span> <span class='ocrx_word' id='word_1_391' title='bbox 3108 2860 3241 2913; x_wconf 84' lang='grc' dir='ltr'>Θεὸν</span> <span class='ocrx_word' id='word_1_392' title='bbox 3277 2860 3372 2911; x_wconf 75' lang='grc' dir='ltr'><strong>καὶ</strong></span> <span class='ocrx_word' id='word_1_393' title='bbox 3406 2856 3635 2926; x_wconf 88' lang='grc' dir='ltr'>Πνεῦμα</span> <span class='ocrx_word' id='word_1_394' title='bbox 3660 2854 3817 2908; x_wconf 81' lang='grc' dir='ltr'>Θεοῦ.</span> <span class='ocrx_word' id='word_1_395' title='bbox 3842 2855 4063 2926; x_wconf 80' lang='grc' dir='ltr'>Ὠσπερ</span> 
     </span>
    </p>
   </div>
   <div class='ocr_carea' id='block_1_54' title="bbox 760 2947 2429 3030">
    <p class='ocr_par' dir='ltr' id='par_1_54' title="bbox 760 2948 2351 3019">
     <span class='ocr_line' id='line_1_54' title="bbox 760 2948 2351 3019; baseline 0.007 -22"><span class='ocrx_word' id='word_1_396' title='bbox 760 2948 1231 3015; x_wconf 79' lang='lat' dir='ltr'><strong>Quemadmodum</strong></span> <span class='ocrx_word' id='word_1_397' title='bbox 1262 2949 1443 3018; x_wconf 85' lang='lat' dir='ltr'><strong>itaque</strong></span> <span class='ocrx_word' id='word_1_398' title='bbox 1476 2959 1526 3003; x_wconf 91' lang='lat' dir='ltr'><strong>lu</strong></span> <span class='ocrx_word' id='word_1_399' title='bbox 1555 2964 1658 3005; x_wconf 89' lang='lat' dir='ltr'><strong>non</strong></span> <span class='ocrx_word' id='word_1_400' title='bbox 1685 2960 1839 3019; x_wconf 87' lang='lat' dir='ltr'><strong>potes</strong></span> <span class='ocrx_word' id='word_1_401' title='bbox 1868 2951 2190 3016; x_wconf 86' lang='lat' dir='ltr'><strong>edisserere,</strong></span> <span class='ocrx_word' id='word_1_402' title='bbox 2212 2954 2351 3008; x_wconf 84' lang='lat' dir='ltr'><strong>unde</strong></span> 
     </span>
    </p>
   </div>
   <div class='ocr_carea' id='block_1_55' title="bbox 2395 2947 4064 3030">
    <p class='ocr_par' dir='ltr' id='par_1_55' title="bbox 2454 2947 4064 3030">
     <span class='ocr_line' id='line_1_55' title="bbox 2454 2947 4064 3030; baseline -0.009 -16"><span class='ocrx_word' id='word_1_403' title='bbox 2454 2957 2548 3014; x_wconf 71' lang='grc' dir='ltr'>οὖν</span> <span class='ocrx_word' id='word_1_404' title='bbox 2579 2960 2643 3012; x_wconf 81' lang='grc' dir='ltr'><strong>σὺ</strong></span> <span class='ocrx_word' id='word_1_405' title='bbox 2673 2956 2774 3011; x_wconf 79' lang='grc' dir='ltr'><strong>οὐκ</strong></span> <span class='ocrx_word' id='word_1_406' title='bbox 2798 2958 3025 3030; x_wconf 75' lang='grc' dir='ltr'>ἴσχυσας</span> <span class='ocrx_word' id='word_1_407' title='bbox 3057 2956 3253 3018; x_wconf 76' lang='grc' dir='ltr'>εἰπεῖν,</span> <span class='ocrx_word' id='word_1_408' title='bbox 3285 2951 3450 3005; x_wconf 82' lang='grc' dir='ltr'>πόθεν</span> <span class='ocrx_word' id='word_1_409' title='bbox 3494 2950 3528 3019; x_wconf 80' lang='grc' dir='ltr'><strong>ἢ</strong></span> <span class='ocrx_word' id='word_1_410' title='bbox 3571 2950 3700 3002; x_wconf 75' lang='grc' dir='ltr'>πότε</span> <span class='ocrx_word' id='word_1_411' title='bbox 3733 2948 3765 3018; x_wconf 71' lang='grc' dir='ltr'><strong>ἢ</strong></span> <span class='ocrx_word' id='word_1_412' title='bbox 3794 2947 3911 3011; x_wconf 78' lang='grc' dir='ltr'><strong>πῶς</strong></span> <span class='ocrx_word' id='word_1_413' title='bbox 3943 2948 4064 3000; x_wconf 73' lang='grc' dir='ltr'>ἐστι</span> 
     </span>
    </p>
   </div>
   <div class='ocr_carea' id='block_1_56' title="bbox 763 3037 2432 3120">
    <p class='ocr_par' dir='ltr' id='par_1_56' title="bbox 763 3037 2349 3109">
     <span class='ocr_line' id='line_1_56' title="bbox 763 3037 2349 3109; baseline 0.003 -21"><span class='ocrx_word' id='word_1_414' title='bbox 763 3037 848 3093; x_wconf 88' lang='lat' dir='ltr'><strong>vel</strong></span> <span class='ocrx_word' id='word_1_415' title='bbox 883 3037 1101 3107; x_wconf 84' lang='lat' dir='ltr'><strong>quando</strong></span> <span class='ocrx_word' id='word_1_416' title='bbox 1122 3046 1215 3091; x_wconf 90' lang='lat' dir='ltr'><strong>aut</strong></span> <span class='ocrx_word' id='word_1_417' title='bbox 1244 3038 1518 3107; x_wconf 83' lang='lat' dir='ltr'><strong>quomodo</strong></span> <span class='ocrx_word' id='word_1_418' title='bbox 1544 3038 1636 3094; x_wconf 89' lang='lat' dir='ltr'><strong>Dei</strong></span> <span class='ocrx_word' id='word_1_419' title='bbox 1672 3039 1906 3109; x_wconf 86' lang='lat' dir='ltr'><strong>Spiritus</strong></span> <span class='ocrx_word' id='word_1_420' title='bbox 1946 3056 2069 3095; x_wconf 91' lang='lat' dir='ltr'><strong>cum</strong></span> <span class='ocrx_word' id='word_1_421' title='bbox 2109 3042 2216 3097; x_wconf 91' lang='lat' dir='ltr'><strong>Deo</strong></span> <span class='ocrx_word' id='word_1_422' title='bbox 2246 3052 2349 3108; x_wconf 88' lang='lat' dir='ltr'><strong>est,</strong></span> 
     </span>
    </p>
   </div>
   <div class='ocr_carea' id='block_1_57' title="bbox 2397 3037 4066 3120">
    <p class='ocr_par' dir='ltr' id='par_1_57' title="bbox 2453 3037 4066 3120">
     <span class='ocr_line' id='line_1_57' title="bbox 2453 3037 4066 3120; baseline -0.01 -15"><span class='ocrx_word' id='word_1_423' title='bbox 2453 3052 2515 3105; x_wconf 84' lang='grc' dir='ltr'><strong>τὸ</strong></span> <span class='ocrx_word' id='word_1_424' title='bbox 2548 3048 2777 3120; x_wconf 87' lang='grc' dir='ltr'>Πνεῦμα</span> <span class='ocrx_word' id='word_1_425' title='bbox 2812 3048 2907 3101; x_wconf 87' lang='grc' dir='ltr'><strong>τοῦ</strong></span> <span class='ocrx_word' id='word_1_426' title='bbox 2963 3046 3098 3100; x_wconf 82' lang='grc' dir='ltr'>Θεοῦ</span> <span class='ocrx_word' id='word_1_427' title='bbox 3141 3045 3278 3116; x_wconf 84' lang='grc' dir='ltr'>μετὰ</span> <span class='ocrx_word' id='word_1_428' title='bbox 3335 3042 3431 3096; x_wconf 88' lang='grc' dir='ltr'><strong>τοῦ</strong></span> <span class='ocrx_word' id='word_1_429' title='bbox 3486 3040 3644 3103; x_wconf 87' lang='grc' dir='ltr'>Θεοῦ,</span> <span class='ocrx_word' id='word_1_430' title='bbox 3699 3040 3833 3093; x_wconf 80' lang='grc' dir='ltr'><strong>ἀλλὰ</strong></span> <span class='ocrx_word' id='word_1_431' title='bbox 3896 3037 4066 3109; x_wconf 81' lang='grc' dir='ltr'>μόνον</span> 
     </span>
    </p>
   </div>
   <div class='ocr_carea' id='block_1_58' title="bbox 762 3129 2431 3206">
    <p class='ocr_par' dir='ltr' id='par_1_58' title="bbox 762 3129 2422 3206">
     <span class='ocr_line' id='line_1_58' title="bbox 762 3129 2422 3206; baseline 0.002 -21"><span class='ocrx_word' id='word_1_432' title='bbox 762 3129 856 3185; x_wconf 78' lang='lat' dir='ltr'><strong>sed</strong></span> <span class='ocrx_word' id='word_1_433' title='bbox 891 3137 1099 3183; x_wconf 83' lang='lat' dir='ltr'><strong>tantum</strong></span> <span class='ocrx_word' id='word_1_434' title='bbox 1152 3130 1375 3185; x_wconf 84' lang='lat' dir='ltr'><strong>edoctus</strong></span> <span class='ocrx_word' id='word_1_435' title='bbox 1408 3146 1474 3183; x_wconf 79' lang='lat' dir='ltr'><strong>ex</strong></span> <span class='ocrx_word' id='word_1_436' title='bbox 1524 3131 1699 3185; x_wconf 84' lang='lat' dir='ltr'><strong>sacris</strong></span> <span class='ocrx_word' id='word_1_437' title='bbox 1728 3129 1947 3187; x_wconf 88' lang='lat' dir='ltr'><strong>Litteris</strong></span> <span class='ocrx_word' id='word_1_438' title='bbox 1976 3133 2251 3189; x_wconf 73' lang='lat' dir='ltr'><strong>conﬁteris</strong></span> <span class='ocrx_word' id='word_1_439' title='bbox 2300 3145 2353 3190; x_wconf 92' lang='lat' dir='ltr'><strong>et</strong></span> <span class='ocrx_word' id='word_1_440' title='bbox 2388 3199 2422 3206; x_wconf 80' lang='lat'><strong><em>_</em></strong></span> 
     </span>
    </p>
   </div>
   <div class='ocr_carea' id='block_1_59' title="bbox 2396 3129 4065 3206">
    <p class='ocr_par' dir='ltr' id='par_1_59' title="bbox 2396 3130 4065 3206">
     <span class='ocr_line' id='line_1_59' title="bbox 2396 3130 4065 3206; baseline -0.009 -10"><span class='ocrx_word' id='word_1_441' title='bbox 2396 3199 2422 3206; x_wconf 81' lang='lat'><strong><em>_</em></strong></span> <span class='ocrx_word' id='word_1_442' title='bbox 2457 3140 2697 3203; x_wconf 86' lang='grc' dir='ltr'>ἀκούσας</span> <span class='ocrx_word' id='word_1_443' title='bbox 2743 3141 2807 3192; x_wconf 79' lang='grc' dir='ltr'>ἐκ</span> <span class='ocrx_word' id='word_1_444' title='bbox 2840 3136 2949 3191; x_wconf 83' lang='grc' dir='ltr'>τῶν</span> <span class='ocrx_word' id='word_1_445' title='bbox 2992 3136 3151 3189; x_wconf 79' lang='grc' dir='ltr'>Οείων</span> <span class='ocrx_word' id='word_1_446' title='bbox 3204 3133 3439 3206; x_wconf 85' lang='grc' dir='ltr'>Γραφῶν</span> <span class='ocrx_word' id='word_1_447' title='bbox 3488 3131 3771 3203; x_wconf 77' lang='grc' dir='ltr'>ὁμολογεῖς</span> <span class='ocrx_word' id='word_1_448' title='bbox 3822 3130 3915 3183; x_wconf 75' lang='grc' dir='ltr'><strong>καὶ</strong></span> <span class='ocrx_word' id='word_1_449' title='bbox 3970 3147 4065 3182; x_wconf 87' lang='grc' dir='ltr'>πι-</span> 
     </span>
    </p>
   </div>
   <div class='ocr_carea' id='block_1_60' title="bbox 764 3199 2433 3303">
    <p class='ocr_par' dir='ltr' id='par_1_60' title="bbox 764 3199 2423 3293">
     <span class='ocr_line' id='line_1_60' title="bbox 764 3199 2423 3293; baseline 0.005 -19"><span class='ocrx_word' id='word_1_450' title='bbox 764 3220 941 3275; x_wconf 87' lang='lat' dir='ltr'><strong>credis</strong></span> <span class='ocrx_word' id='word_1_451' title='bbox 976 3220 1087 3279; x_wconf 80' lang='lat' dir='ltr'><strong>Deo</strong></span> <span class='ocrx_word' id='word_1_452' title='bbox 1135 3235 1259 3275; x_wconf 88' lang='lat' dir='ltr'><strong>esse</strong></span> <span class='ocrx_word' id='word_1_453' title='bbox 1290 3220 1551 3290; x_wconf 88' lang='lat' dir='ltr'><strong>Spiritum</strong></span> <span class='ocrx_word' id='word_1_454' title='bbox 1592 3239 1607 3287; x_wconf 89' lang='lat'><strong>;</strong></span> <span class='ocrx_word' id='word_1_455' title='bbox 1654 3222 1726 3275; x_wconf 88' lang='lat' dir='ltr'><strong>ita</strong></span> <span class='ocrx_word' id='word_1_456' title='bbox 1757 3233 1813 3277; x_wconf 92' lang='lat' dir='ltr'><strong>et</strong></span> <span class='ocrx_word' id='word_1_457' title='bbox 1860 3238 1959 3293; x_wconf 88' lang='lat' dir='ltr'><strong>ego</strong></span> <span class='ocrx_word' id='word_1_458' title='bbox 2010 3223 2352 3286; x_wconf 72' lang='lat' dir='ltr'><strong>Christianus</strong></span> <span class='ocrx_word' id='word_1_459' title='bbox 2380 3199 2423 3255; x_wconf 64' lang='grc' dir='ltr'><strong>δ</strong></span> 
     </span>
    </p>
   </div>
   <div class='ocr_carea' id='block_1_61' title="bbox 2395 3199 4064 3303">
    <p class='ocr_par' dir='ltr' id='par_1_61' title="bbox 2395 3199 4064 3303">
     <span class='ocr_line' id='line_1_61' title="bbox 2395 3199 4064 3303; baseline -0.011 -13"><span class='ocrx_word' id='word_1_460' title='bbox 2395 3199 2423 3255; x_wconf 56' lang='grc' dir='ltr'><strong>Β</strong></span> <span class='ocrx_word' id='word_1_461' title='bbox 2459 3199 2853 3303; x_wconf 36' lang='grc' dir='ltr'>στεύεις-ἓχειν</span> <span class='ocrx_word' id='word_1_462' title='bbox 2909 3228 3137 3300; x_wconf 82' lang='grc' dir='ltr'>Πνεῦμα</span> <span class='ocrx_word' id='word_1_463' title='bbox 3164 3199 3261 3281; x_wconf 79' lang='grc' dir='ltr'><strong>τὸν</strong></span> <span class='ocrx_word' id='word_1_464' title='bbox 3315 3199 3468 3280; x_wconf 89' lang='grc' dir='ltr'>Θεόν·</span> <span class='ocrx_word' id='word_1_465' title='bbox 3511 3199 3655 3278; x_wconf 78' lang='grc' dir='ltr'>οὕτω</span> <span class='ocrx_word' id='word_1_466' title='bbox 3685 3222 3843 3291; x_wconf 81' lang='grc' dir='ltr'><strong>κάγὼ</strong></span> <span class='ocrx_word' id='word_1_467' title='bbox 3865 3224 3891 3275; x_wconf 85' lang='grc' dir='ltr'><strong>ό</strong></span> <span class='ocrx_word' id='word_1_468' title='bbox 3926 3222 4064 3293; x_wconf 70' lang='grc' dir='ltr'>Χριο</span> 
     </span>
    </p>
   </div>
   <div class='ocr_carea' id='block_1_62' title="bbox 766 3309 2435 3394">
    <p class='ocr_par' dir='ltr' id='par_1_62' title="bbox 766 3311 2349 3383">
     <span class='ocr_line' id='line_1_62' title="bbox 766 3311 2349 3383; baseline 0.002 -15"><span class='ocrx_word' id='word_1_469' title='bbox 766 3311 889 3368; x_wconf 78' lang='lat' dir='ltr'><strong>sine</strong></span> <span class='ocrx_word' id='word_1_470' title='bbox 919 3313 1224 3369; x_wconf 90' lang='lat' dir='ltr'><strong>curiosiore</strong></span> <span class='ocrx_word' id='word_1_471' title='bbox 1253 3314 1586 3369; x_wconf 86' lang='lat' dir='ltr'><strong>scrutatione</strong></span> <span class='ocrx_word' id='word_1_472' title='bbox 1616 3314 1874 3383; x_wconf 77' lang='lat' dir='ltr'><strong>proﬁteor</strong></span> <span class='ocrx_word' id='word_1_473' title='bbox 1904 3315 2099 3371; x_wconf 90' lang='lat' dir='ltr'><strong>Filium</strong></span> <span class='ocrx_word' id='word_1_474' title='bbox 2134 3328 2189 3371; x_wconf 90' lang='lat' dir='ltr'><strong>et</strong></span> <span class='ocrx_word' id='word_1_475' title='bbox 2216 3318 2349 3373; x_wconf 82' lang='lat' dir='ltr'><strong>Ver-</strong></span> 
     </span>
    </p>
   </div>
   <div class='ocr_carea' id='block_1_63' title="bbox 2398 3309 4067 3394">
    <p class='ocr_par' dir='ltr' id='par_1_63' title="bbox 2459 3309 4067 3394">
     <span class='ocr_line' id='line_1_63' title="bbox 2459 3309 4067 3394; baseline -0.008 -17"><span class='ocrx_word' id='word_1_476' title='bbox 2459 3324 2672 3387; x_wconf 87' lang='grc' dir='ltr'>στιανὸς</span> <span class='ocrx_word' id='word_1_477' title='bbox 2704 3320 3052 3394; x_wconf 79' lang='grc' dir='ltr'>ἀπεριέργως</span> <span class='ocrx_word' id='word_1_478' title='bbox 3097 3318 3194 3373; x_wconf 72' lang='grc' dir='ltr'>καὶ</span> <span class='ocrx_word' id='word_1_479' title='bbox 3236 3315 3663 3387; x_wconf 84' lang='grc' dir='ltr'>ἁνερμηνεύτως</span> <span class='ocrx_word' id='word_1_480' title='bbox 3690 3309 3946 3384; x_wconf 72' lang='grc' dir='ltr'>ὁμολογῶ</span> <span class='ocrx_word' id='word_1_481' title='bbox 3974 3311 4067 3364; x_wconf 77' lang='grc' dir='ltr'><strong>τὸν</strong></span> 
     </span>
    </p>
   </div>
   <div class='ocr_carea' id='block_1_64' title="bbox 764 3403 2433 3481">
    <p class='ocr_par' dir='ltr' id='par_1_64' title="bbox 764 3404 2349 3477">
     <span class='ocr_line' id='line_1_64' title="bbox 764 3404 2349 3477; baseline 0.001 -16"><span class='ocrx_word' id='word_1_482' title='bbox 764 3406 892 3461; x_wconf 83' lang='lat' dir='ltr'><strong>bum</strong></span> <span class='ocrx_word' id='word_1_483' title='bbox 917 3404 1031 3459; x_wconf 89' lang='lat' dir='ltr'><strong>Dei.</strong></span> <span class='ocrx_word' id='word_1_484' title='bbox 1069 3404 1127 3458; x_wconf 87' lang='lat' dir='ltr'><strong>Si</strong></span> <span class='ocrx_word' id='word_1_485' title='bbox 1160 3420 1291 3459; x_wconf 90' lang='lat' dir='ltr'><strong>vero</strong></span> <span class='ocrx_word' id='word_1_486' title='bbox 1331 3405 1611 3461; x_wconf 89' lang='lat' dir='ltr'><strong>desideras</strong></span> <span class='ocrx_word' id='word_1_487' title='bbox 1633 3421 1661 3459; x_wconf 88' lang='lat' dir='ltr'><strong>a</strong></span> <span class='ocrx_word' id='word_1_488' title='bbox 1688 3420 1775 3460; x_wconf 86' lang='lat' dir='ltr'><strong>me</strong></span> <span class='ocrx_word' id='word_1_489' title='bbox 1803 3416 1861 3460; x_wconf 92' lang='lat' dir='ltr'><strong>ut</strong></span> <span class='ocrx_word' id='word_1_490' title='bbox 1893 3408 2065 3462; x_wconf 88' lang='lat' dir='ltr'><strong>dicam</strong></span> <span class='ocrx_word' id='word_1_491' title='bbox 2116 3411 2349 3477; x_wconf 88' lang='lat' dir='ltr'><strong>quando,</strong></span> 
     </span>
    </p>
   </div>
   <div class='ocr_carea' id='block_1_65' title="bbox 2400 3403 4069 3481">
    <p class='ocr_par' dir='ltr' id='par_1_65' title="bbox 2458 3403 4069 3481">
     <span class='ocr_line' id='line_1_65' title="bbox 2458 3403 4069 3481; baseline -0.009 -13"><span class='ocrx_word' id='word_1_492' title='bbox 2458 3416 2585 3469; x_wconf 79' lang='grc' dir='ltr'>Υἱὸν</span> <span class='ocrx_word' id='word_1_493' title='bbox 2618 3414 2712 3466; x_wconf 69' lang='grc' dir='ltr'><strong>καὶ</strong></span> <span class='ocrx_word' id='word_1_494' title='bbox 2758 3413 2931 3481; x_wconf 86' lang='grc' dir='ltr'>Λόγον</span> <span class='ocrx_word' id='word_1_495' title='bbox 2958 3409 3053 3463; x_wconf 87' lang='grc' dir='ltr'><strong>τοῦ</strong></span> <span class='ocrx_word' id='word_1_496' title='bbox 3106 3408 3263 3463; x_wconf 86' lang='grc' dir='ltr'>Θεοῦ.</span> <span class='ocrx_word' id='word_1_497' title='bbox 3296 3409 3361 3461; x_wconf 80' lang='grc' dir='ltr'><strong>Εἰ</strong></span> <span class='ocrx_word' id='word_1_498' title='bbox 3389 3406 3447 3460; x_wconf 79' lang='grc' dir='ltr'>δὲ</span> <span class='ocrx_word' id='word_1_499' title='bbox 3473 3407 3729 3467; x_wconf 81' lang='grc' dir='ltr'><strong>ἀπαιτεῖς</strong></span> <span class='ocrx_word' id='word_1_500' title='bbox 3767 3420 3833 3474; x_wconf 85' lang='grc' dir='ltr'><strong>με</strong></span> <span class='ocrx_word' id='word_1_501' title='bbox 3856 3403 4069 3465; x_wconf 74' lang='grc' dir='ltr'>εἰπεῖν,</span> 
     </span>
    </p>
   </div>
   <div class='ocr_carea' id='block_1_66' title="bbox 763 3495 2432 3573">
    <p class='ocr_par' dir='ltr' id='par_1_66' title="bbox 763 3495 2354 3571">
     <span class='ocr_line' id='line_1_66' title="bbox 763 3495 2354 3571; baseline 0.003 -18"><span class='ocrx_word' id='word_1_502' title='bbox 763 3495 850 3553; x_wconf 78' lang='lat' dir='ltr'><strong>vel</strong></span> <span class='ocrx_word' id='word_1_503' title='bbox 879 3496 1023 3551; x_wconf 92' lang='lat' dir='ltr'><strong>unde</strong></span> <span class='ocrx_word' id='word_1_504' title='bbox 1068 3506 1122 3551; x_wconf 91' lang='lat' dir='ltr'><strong>et</strong></span> <span class='ocrx_word' id='word_1_505' title='bbox 1149 3498 1421 3566; x_wconf 85' lang='lat' dir='ltr'><strong>quomodo</strong></span> <span class='ocrx_word' id='word_1_506' title='bbox 1476 3497 1670 3553; x_wconf 84' lang='lat' dir='ltr'><strong>Filium</strong></span> <span class='ocrx_word' id='word_1_507' title='bbox 1708 3499 1847 3555; x_wconf 88' lang='lat' dir='ltr'><strong>Deus</strong></span> <span class='ocrx_word' id='word_1_508' title='bbox 1881 3500 2066 3571; x_wconf 84' lang='lat' dir='ltr'><strong>habet,</strong></span> <span class='ocrx_word' id='word_1_509' title='bbox 2097 3504 2263 3558; x_wconf 89' lang='lat' dir='ltr'><strong>dicito</strong></span> <span class='ocrx_word' id='word_1_510' title='bbox 2300 3512 2354 3557; x_wconf 88' lang='lat' dir='ltr'><strong>et</strong></span> 
     </span>
    </p>
   </div>
   <div class='ocr_carea' id='block_1_67' title="bbox 2402 3495 4071 3573">
    <p class='ocr_par' dir='ltr' id='par_1_67' title="bbox 2459 3495 4071 3573">
     <span class='ocr_line' id='line_1_67' title="bbox 2459 3495 4071 3573; baseline -0.009 -12"><span class='ocrx_word' id='word_1_511' title='bbox 2459 3509 2588 3562; x_wconf 78' lang='grc' dir='ltr'>πότε</span> <span class='ocrx_word' id='word_1_512' title='bbox 2623 3507 2719 3560; x_wconf 73' lang='grc' dir='ltr'>καὶ</span> <span class='ocrx_word' id='word_1_513' title='bbox 2742 3504 2905 3558; x_wconf 86' lang='grc' dir='ltr'>πόθεν</span> <span class='ocrx_word' id='word_1_514' title='bbox 2937 3501 3161 3565; x_wconf 74' lang='grc' dir='ltr'>καὶπῶς</span> <span class='ocrx_word' id='word_1_515' title='bbox 3178 3501 3333 3573; x_wconf 72' lang='grc' dir='ltr'>ἔσχεν</span> <span class='ocrx_word' id='word_1_516' title='bbox 3356 3500 3483 3554; x_wconf 81' lang='grc' dir='ltr'>Υῐὸν</span> <span class='ocrx_word' id='word_1_517' title='bbox 3510 3500 3539 3552; x_wconf 86' lang='lat'><strong>6</strong></span> <span class='ocrx_word' id='word_1_518' title='bbox 3556 3497 3709 3560; x_wconf 84' lang='grc' dir='ltr'>Θεὸς,</span> <span class='ocrx_word' id='word_1_519' title='bbox 3725 3496 3846 3548; x_wconf 73' lang='grc' dir='ltr'>εἰπέ</span> <span class='ocrx_word' id='word_1_520' title='bbox 3874 3512 3975 3565; x_wconf 83' lang='grc' dir='ltr'><strong>μοι</strong></span> <span class='ocrx_word' id='word_1_521' title='bbox 4005 3495 4071 3547; x_wconf 77' lang='grc' dir='ltr'><strong>σὺ</strong></span> 
     </span>
    </p>
   </div>
   <div class='ocr_carea' id='block_1_68' title="bbox 767 3586 2436 3671">
    <p class='ocr_par' dir='ltr' id='par_1_68' title="bbox 767 3587 2356 3661">
     <span class='ocr_line' id='line_1_68' title="bbox 767 3587 2356 3661; baseline 0.003 -17"><span class='ocrx_word' id='word_1_522' title='bbox 767 3596 828 3644; x_wconf 88' lang='grc' dir='ltr'>ιιι</span> <span class='ocrx_word' id='word_1_523' title='bbox 848 3587 998 3657; x_wconf 90' lang='lat' dir='ltr'><strong>prius</strong></span> <span class='ocrx_word' id='word_1_524' title='bbox 1042 3588 1175 3643; x_wconf 85' lang='lat' dir='ltr'><strong>mihi</strong></span> <span class='ocrx_word' id='word_1_525' title='bbox 1230 3590 1448 3658; x_wconf 84' lang='lat' dir='ltr'><strong>quando</strong></span> <span class='ocrx_word' id='word_1_526' title='bbox 1504 3598 1558 3644; x_wconf 91' lang='lat' dir='ltr'><strong>et</strong></span> <span class='ocrx_word' id='word_1_527' title='bbox 1616 3591 1759 3646; x_wconf 88' lang='lat' dir='ltr'><strong>unde</strong></span> <span class='ocrx_word' id='word_1_528' title='bbox 1802 3601 1857 3647; x_wconf 91' lang='lat' dir='ltr'><strong>et</strong></span> <span class='ocrx_word' id='word_1_529' title='bbox 1901 3594 2172 3661; x_wconf 85' lang='lat' dir='ltr'><strong>quomodo</strong></span> <span class='ocrx_word' id='word_1_530' title='bbox 2214 3593 2356 3649; x_wconf 90' lang='lat' dir='ltr'><strong>Deus</strong></span> 
     </span>
    </p>
   </div>
   <div class='ocr_carea' id='block_1_69' title="bbox 2401 3586 4070 3671">
    <p class='ocr_par' dir='ltr' id='par_1_69' title="bbox 2461 3586 4070 3671">
     <span class='ocr_line' id='line_1_69' title="bbox 2461 3586 4070 3671; baseline -0.009 -18"><span class='ocrx_word' id='word_1_531' title='bbox 2461 3599 2677 3671; x_wconf 85' lang='grc' dir='ltr'>πρῶτον</span> <span class='ocrx_word' id='word_1_532' title='bbox 2703 3598 2836 3650; x_wconf 87' lang='grc' dir='ltr'>πότε</span> <span class='ocrx_word' id='word_1_533' title='bbox 2860 3595 2954 3650; x_wconf 74' lang='grc' dir='ltr'>καὶ</span> <span class='ocrx_word' id='word_1_534' title='bbox 2984 3594 3148 3648; x_wconf 85' lang='grc' dir='ltr'>πόθεν</span> <span class='ocrx_word' id='word_1_535' title='bbox 3184 3594 3278 3647; x_wconf 79' lang='grc' dir='ltr'><strong>καὶ</strong></span> <span class='ocrx_word' id='word_1_536' title='bbox 3312 3592 3428 3656; x_wconf 84' lang='grc' dir='ltr'><strong>πῶς</strong></span> <span class='ocrx_word' id='word_1_537' title='bbox 3456 3591 3570 3661; x_wconf 81' lang='grc' dir='ltr'>ἔχει</span> <span class='ocrx_word' id='word_1_538' title='bbox 3593 3588 3820 3659; x_wconf 80' lang='grc' dir='ltr'>Πνεῦμα</span> <span class='ocrx_word' id='word_1_539' title='bbox 3844 3590 3874 3640; x_wconf 90' lang='lat'><strong>6</strong></span> <span class='ocrx_word' id='word_1_540' title='bbox 3900 3586 4070 3649; x_wconf 79' lang='grc' dir='ltr'>Θεὸς,</span> 
     </span>
    </p>
   </div>
   <div class='ocr_carea' id='block_1_70' title="bbox 767 3679 2436 3759">
    <p class='ocr_par' dir='ltr' id='par_1_70' title="bbox 767 3680 2354 3756">
     <span class='ocr_line' id='line_1_70' title="bbox 767 3680 2354 3756; baseline 0.002 -17"><span class='ocrx_word' id='word_1_541' title='bbox 767 3681 1033 3753; x_wconf 76' lang='lat' dir='ltr'><strong>Spiritum</strong></span> <span class='ocrx_word' id='word_1_542' title='bbox 1087 3680 1306 3745; x_wconf 83' lang='lat' dir='ltr'><strong>habeat,</strong></span> <span class='ocrx_word' id='word_1_543' title='bbox 1362 3691 1489 3736; x_wconf 90' lang='lat' dir='ltr'><strong>tunc</strong></span> <span class='ocrx_word' id='word_1_544' title='bbox 1533 3690 1590 3737; x_wconf 88' lang='lat' dir='ltr'><strong>et</strong></span> <span class='ocrx_word' id='word_1_545' title='bbox 1621 3682 1714 3738; x_wconf 92' lang='lat' dir='ltr'><strong>tibi</strong></span> <span class='ocrx_word' id='word_1_546' title='bbox 1765 3696 2029 3753; x_wconf 82' lang='lat' dir='ltr'><strong>exponam</strong></span> <span class='ocrx_word' id='word_1_547' title='bbox 2061 3687 2354 3756; x_wconf 90' lang='lat' dir='ltr'><strong>quomodo,</strong></span> 
     </span>
    </p>
   </div>
   <div class='ocr_carea' id='block_1_71' title="bbox 2403 3679 4072 3759">
    <p class='ocr_par' dir='ltr' id='par_1_71' title="bbox 2461 3679 4072 3759">
     <span class='ocr_line' id='line_1_71' title="bbox 2461 3679 4072 3759; baseline -0.009 -14"><span class='ocrx_word' id='word_1_548' title='bbox 2461 3693 2555 3745; x_wconf 79' lang='grc' dir='ltr'>καὶ</span> <span class='ocrx_word' id='word_1_549' title='bbox 2565 3690 2707 3759; x_wconf 83' lang='grc' dir='ltr'>λέγω</span> <span class='ocrx_word' id='word_1_550' title='bbox 2727 3706 2804 3741; x_wconf 83' lang='grc' dir='ltr'><strong>σοι</strong></span> <span class='ocrx_word' id='word_1_551' title='bbox 2828 3686 2983 3756; x_wconf 82' lang='grc' dir='ltr'>κάγὼ</span> <span class='ocrx_word' id='word_1_552' title='bbox 3001 3686 3116 3749; x_wconf 85' lang='grc' dir='ltr'><strong>πῶς</strong></span> <span class='ocrx_word' id='word_1_553' title='bbox 3132 3685 3491 3757; x_wconf 81' lang='grc' dir='ltr'>προανάρχως</span> <span class='ocrx_word' id='word_1_554' title='bbox 3503 3685 3530 3735; x_wconf 90' lang='lat'><strong>6</strong></span> <span class='ocrx_word' id='word_1_555' title='bbox 3546 3682 3677 3745; x_wconf 86' lang='grc' dir='ltr'>Θεὸς</span> <span class='ocrx_word' id='word_1_556' title='bbox 3695 3680 3963 3749; x_wconf 72' lang='grc' dir='ltr'>ἐγέννησε</span> <span class='ocrx_word' id='word_1_557' title='bbox 3979 3679 4072 3732; x_wconf 84' lang='grc' dir='ltr'><strong>τὸν</strong></span> 
     </span>
    </p>
   </div>
   <div class='ocr_carea' id='block_1_72' title="bbox 766 3768 2435 3851">
    <p class='ocr_par' dir='ltr' id='par_1_72' title="bbox 766 3773 2360 3849">
     <span class='ocr_line' id='line_1_72' title="bbox 766 3773 2360 3849; baseline 0.003 -19"><span class='ocrx_word' id='word_1_558' title='bbox 766 3784 894 3831; x_wconf 80' lang='lat' dir='ltr'><strong>ante</strong></span> <span class='ocrx_word' id='word_1_559' title='bbox 936 3788 1099 3830; x_wconf 86' lang='lat' dir='ltr'><strong>omne</strong></span> <span class='ocrx_word' id='word_1_560' title='bbox 1125 3773 1449 3844; x_wconf 89' lang='lat' dir='ltr'><strong>principium</strong></span> <span class='ocrx_word' id='word_1_561' title='bbox 1496 3774 1637 3831; x_wconf 92' lang='lat' dir='ltr'><strong>Deus</strong></span> <span class='ocrx_word' id='word_1_562' title='bbox 1668 3775 1865 3832; x_wconf 85' lang='lat' dir='ltr'><strong>Filium</strong></span> <span class='ocrx_word' id='word_1_563' title='bbox 1898 3779 2167 3849; x_wconf 73' lang='lat' dir='ltr'><strong>genuerit.</strong></span> <span class='ocrx_word' id='word_1_564' title='bbox 2206 3778 2360 3835; x_wconf 90' lang='lat' dir='ltr'><strong>Sicut</strong></span> 
     </span>
    </p>
   </div>
   <div class='ocr_carea' id='block_1_73' title="bbox 2404 3768 4073 3851">
    <p class='ocr_par' dir='ltr' id='par_1_73' title="bbox 2462 3768 4073 3851">
     <span class='ocr_line' id='line_1_73' title="bbox 2462 3768 4073 3851; baseline -0.009 -13"><span class='ocrx_word' id='word_1_565' title='bbox 2462 3783 2611 3837; x_wconf 82' lang='grc' dir='ltr'>Υἱόν.</span> <span class='ocrx_word' id='word_1_566' title='bbox 2634 3782 2850 3851; x_wconf 82' lang='grc' dir='ltr'>’Ὠσπερ</span> <span class='ocrx_word' id='word_1_567' title='bbox 2878 3778 2988 3850; x_wconf 85' lang='grc' dir='ltr'>γὰρ</span> <span class='ocrx_word' id='word_1_568' title='bbox 3018 3777 3082 3830; x_wconf 76' lang='grc' dir='ltr'><strong>σὺ</strong></span> <span class='ocrx_word' id='word_1_569' title='bbox 3106 3777 3167 3830; x_wconf 85' lang='grc' dir='ltr'><strong>οὐ</strong></span> <span class='ocrx_word' id='word_1_570' title='bbox 3197 3777 3375 3845; x_wconf 80' lang='grc' dir='ltr'>λέγεις</span> <span class='ocrx_word' id='word_1_571' title='bbox 3402 3774 3493 3829; x_wconf 90' lang='grc' dir='ltr'><strong>τὸν</strong></span> <span class='ocrx_word' id='word_1_572' title='bbox 3518 3774 3652 3827; x_wconf 90' lang='grc' dir='ltr'>Θεὸν</span> <span class='ocrx_word' id='word_1_573' title='bbox 3686 3773 3781 3826; x_wconf 69' lang='grc' dir='ltr'><strong>καὶ</strong></span> <span class='ocrx_word' id='word_1_574' title='bbox 3803 3772 3863 3823; x_wconf 90' lang='grc' dir='ltr'><strong>τὸ</strong></span> <span class='ocrx_word' id='word_1_575' title='bbox 3885 3768 4073 3824; x_wconf 79' lang='grc' dir='ltr'>Πνεῦ-</span> 
     </span>
    </p>
   </div>
   <div class='ocr_carea' id='block_1_74' title="bbox 768 3862 2437 3949">
    <p class='ocr_par' dir='ltr' id='par_1_74' title="bbox 768 3865 2356 3936">
     <span class='ocr_line' id='line_1_74' title="bbox 768 3865 2356 3936; baseline 0.001 -11"><span class='ocrx_word' id='word_1_576' title='bbox 768 3868 915 3925; x_wconf 89' lang='lat' dir='ltr'><strong>enim</strong></span> <span class='ocrx_word' id='word_1_577' title='bbox 943 3876 997 3921; x_wconf 94' lang='lat' dir='ltr'><strong>tu</strong></span> <span class='ocrx_word' id='word_1_578' title='bbox 1020 3866 1189 3921; x_wconf 91' lang='lat' dir='ltr'><strong>Deum</strong></span> <span class='ocrx_word' id='word_1_579' title='bbox 1214 3866 1419 3936; x_wconf 90' lang='lat' dir='ltr'><strong>Deique</strong></span> <span class='ocrx_word' id='word_1_580' title='bbox 1442 3865 1702 3936; x_wconf 88' lang='lat' dir='ltr'><strong>Spiritum</strong></span> <span class='ocrx_word' id='word_1_581' title='bbox 1734 3883 1844 3923; x_wconf 88' lang='lat' dir='ltr'><strong>non</strong></span> <span class='ocrx_word' id='word_1_582' title='bbox 1879 3869 2013 3924; x_wconf 85' lang='lat' dir='ltr'><strong>dicis</strong></span> <span class='ocrx_word' id='word_1_583' title='bbox 2040 3871 2176 3925; x_wconf 92' lang='lat' dir='ltr'><strong>duos</strong></span> <span class='ocrx_word' id='word_1_584' title='bbox 2204 3870 2356 3935; x_wconf 88' lang='lat' dir='ltr'><strong>deos,</strong></span> 
     </span>
    </p>
   </div>
   <div class='ocr_carea' id='block_1_75' title="bbox 2405 3862 4074 3949">
    <p class='ocr_par' dir='ltr' id='par_1_75' title="bbox 2467 3862 4074 3949">
     <span class='ocr_line' id='line_1_75' title="bbox 2467 3862 4074 3949; baseline -0.009 -19"><span class='ocrx_word' id='word_1_585' title='bbox 2467 3894 2542 3949; x_wconf 82' lang='grc' dir='ltr'><strong>μα</strong></span> <span class='ocrx_word' id='word_1_586' title='bbox 2570 3874 2663 3930; x_wconf 89' lang='grc' dir='ltr'><strong>τοῦ</strong></span> <span class='ocrx_word' id='word_1_587' title='bbox 2683 3872 2820 3927; x_wconf 89' lang='grc' dir='ltr'>Θεοῦ</span> <span class='ocrx_word' id='word_1_588' title='bbox 2851 3871 2944 3925; x_wconf 81' lang='grc' dir='ltr'><strong>δύο</strong></span> <span class='ocrx_word' id='word_1_589' title='bbox 2975 3872 3152 3935; x_wconf 78' lang='grc' dir='ltr'>θεοὺς,</span> <span class='ocrx_word' id='word_1_590' title='bbox 3189 3868 3360 3931; x_wconf 76' lang='grc' dir='ltr'>οὕτως</span> <span class='ocrx_word' id='word_1_591' title='bbox 3390 3867 3511 3921; x_wconf 82' lang='grc' dir='ltr'>οὐδὲ</span> <span class='ocrx_word' id='word_1_592' title='bbox 3544 3864 3655 3934; x_wconf 79' lang='grc' dir='ltr'>ἐγὼ</span> <span class='ocrx_word' id='word_1_593' title='bbox 3684 3864 3829 3933; x_wconf 74' lang='grc' dir='ltr'>λέγω</span> <span class='ocrx_word' id='word_1_594' title='bbox 3843 3862 4074 3933; x_wconf 83' lang='grc' dir='ltr'>ιιατέρα</span> 
     </span>
    </p>
   </div>
   <div class='ocr_carea' id='block_1_76' title="bbox 771 3954 2440 4033">
    <p class='ocr_par' dir='ltr' id='par_1_76' title="bbox 771 3955 2359 4029">
     <span class='ocr_line' id='line_1_76' title="bbox 771 3955 2359 4029; baseline 0.002 -16"><span class='ocrx_word' id='word_1_595' title='bbox 771 3960 844 4013; x_wconf 88' lang='lat' dir='ltr'><strong>ita</strong></span> <span class='ocrx_word' id='word_1_596' title='bbox 897 3973 997 4013; x_wconf 91' lang='lat' dir='ltr'><strong>nec</strong></span> <span class='ocrx_word' id='word_1_597' title='bbox 1038 3972 1138 4026; x_wconf 94' lang='lat' dir='ltr'><strong>ego</strong></span> <span class='ocrx_word' id='word_1_598' title='bbox 1191 3955 1429 4024; x_wconf 88' lang='lat' dir='ltr'><strong>Patrem,</strong></span> <span class='ocrx_word' id='word_1_599' title='bbox 1469 3956 1665 4011; x_wconf 84' lang='lat' dir='ltr'><strong>Filium</strong></span> <span class='ocrx_word' id='word_1_600' title='bbox 1707 3967 1763 4012; x_wconf 92' lang='lat' dir='ltr'><strong>et</strong></span> <span class='ocrx_word' id='word_1_601' title='bbox 1797 3956 2058 4029; x_wconf 90' lang='lat' dir='ltr'><strong>Spiritum</strong></span> <span class='ocrx_word' id='word_1_602' title='bbox 2110 3971 2359 4016; x_wconf 90' lang='lat' dir='ltr'><strong>sanctum</strong></span> 
     </span>
    </p>
   </div>
   <div class='ocr_carea' id='block_1_77' title="bbox 2400 3954 4069 4033">
    <p class='ocr_par' dir='ltr' id='par_1_77' title="bbox 2472 3954 4069 4033">
     <span class='ocr_line' id='line_1_77' title="bbox 2472 3954 4069 4033; baseline -0.01 -10"><span class='ocrx_word' id='word_1_603' title='bbox 2472 3968 2567 4023; x_wconf 71' lang='lat' dir='ltr'><strong>ml.</strong></span> <span class='ocrx_word' id='word_1_604' title='bbox 2588 3966 2717 4021; x_wconf 71' lang='lat' dir='ltr'><strong>Ylbv</strong></span> <span class='ocrx_word' id='word_1_605' title='bbox 2746 3965 2840 4019; x_wconf 71' lang='grc' dir='ltr'>καὶ</span> <span class='ocrx_word' id='word_1_606' title='bbox 2864 3965 3019 4033; x_wconf 83' lang='grc' dir='ltr'>ἂγιον</span> <span class='ocrx_word' id='word_1_607' title='bbox 3049 3961 3274 4031; x_wconf 89' lang='grc' dir='ltr'>Πνεῦμα</span> <span class='ocrx_word' id='word_1_608' title='bbox 3318 3961 3467 4029; x_wconf 82' lang='grc' dir='ltr'>τρεῖς</span> <span class='ocrx_word' id='word_1_609' title='bbox 3501 3956 3677 4021; x_wconf 83' lang='grc' dir='ltr'>Θεοὺς,</span> <span class='ocrx_word' id='word_1_610' title='bbox 3714 3954 3787 4027; x_wconf 80' lang='grc' dir='ltr'><strong>μὴ</strong></span> <span class='ocrx_word' id='word_1_611' title='bbox 3814 3955 4069 4023; x_wconf 76' lang='grc' dir='ltr'>γένοιτοῑ</span> 
     </span>
    </p>
   </div>
   <div class='ocr_carea' id='block_1_78' title="bbox 772 4046 2441 4128">
    <p class='ocr_par' dir='ltr' id='par_1_78' title="bbox 772 4051 2360 4122">
     <span class='ocr_line' id='line_1_78' title="bbox 772 4051 2360 4122; baseline -0.001 -14"><span class='ocrx_word' id='word_1_612' title='bbox 772 4064 885 4118; x_wconf 80' lang='lat' dir='ltr'><strong>tres</strong></span> <span class='ocrx_word' id='word_1_613' title='bbox 913 4061 1163 4122; x_wconf 86' lang='lat' dir='ltr'><strong>nuncup‘o</strong></span> <span class='ocrx_word' id='word_1_614' title='bbox 1195 4053 1348 4116; x_wconf 91' lang='lat' dir='ltr'><strong>deos,</strong></span> <span class='ocrx_word' id='word_1_615' title='bbox 1373 4051 1515 4107; x_wconf 91' lang='lat' dir='ltr'><strong>absit</strong></span> <span class='ocrx_word' id='word_1_616' title='bbox 1556 4054 1720 4109; x_wconf 84' lang='lat' dir='ltr'><strong>sane!</strong></span> <span class='ocrx_word' id='word_1_617' title='bbox 1766 4052 1875 4107; x_wconf 86' lang='lat' dir='ltr'><strong>Sed</strong></span> <span class='ocrx_word' id='word_1_618' title='bbox 1905 4053 2360 4120; x_wconf 88' lang='lat' dir='ltr'><strong>quemadmodum</strong></span> 
     </span>
    </p>
   </div>
   <div class='ocr_carea' id='block_1_79' title="bbox 2405 4046 4074 4128">
    <p class='ocr_par' dir='ltr' id='par_1_79' title="bbox 2478 4046 4074 4128">
     <span class='ocr_line' id='line_1_79' title="bbox 2478 4046 4074 4128; baseline -0.01 -14"><span class='ocrx_word' id='word_1_619' title='bbox 2478 4059 2622 4114; x_wconf 79' lang='grc' dir='ltr'>Ἀλλ’</span> <span class='ocrx_word' id='word_1_620' title='bbox 2661 4058 2853 4128; x_wconf 85' lang='grc' dir='ltr'>ὥσπερ</span> <span class='ocrx_word' id='word_1_621' title='bbox 2889 4058 2917 4108; x_wconf 91' lang='lat'><strong>6</strong></span> <span class='ocrx_word' id='word_1_622' title='bbox 2944 4056 3095 4125; x_wconf 73' lang='grc' dir='ltr'>ἥλιος</span> <span class='ocrx_word' id='word_1_623' title='bbox 3120 4054 3213 4106; x_wconf 74' lang='grc' dir='ltr'>καὶ</span> <span class='ocrx_word' id='word_1_624' title='bbox 3245 4054 3278 4123; x_wconf 80' lang='grc' dir='ltr'>ἡ</span> <span class='ocrx_word' id='word_1_625' title='bbox 3316 4051 3495 4123; x_wconf 85' lang='grc' dir='ltr'>θέρμη</span> <span class='ocrx_word' id='word_1_626' title='bbox 3526 4048 3691 4102; x_wconf 84' lang='grc' dir='ltr'>αὐτοῦ</span> <span class='ocrx_word' id='word_1_627' title='bbox 3719 4048 3813 4101; x_wconf 74' lang='grc' dir='ltr'><strong>καὶ</strong></span> <span class='ocrx_word' id='word_1_628' title='bbox 3844 4048 3880 4116; x_wconf 77' lang='grc' dir='ltr'><strong>ἡ</strong></span> <span class='ocrx_word' id='word_1_629' title='bbox 3912 4046 4074 4108; x_wconf 71' lang='grc' dir='ltr'>ἀκτὶς</span> 
     </span>
    </p>
   </div>
   <div class='ocr_carea' id='block_1_80' title="bbox 775 4139 2444 4227">
    <p class='ocr_par' dir='ltr' id='par_1_80' title="bbox 775 4142 2364 4216">
     <span class='ocr_line' id='line_1_80' title="bbox 775 4142 2364 4216; baseline 0 -16"><span class='ocrx_word' id='word_1_630' title='bbox 775 4144 857 4203; x_wconf 85' lang='lat' dir='ltr'><strong>sol</strong></span> <span class='ocrx_word' id='word_1_631' title='bbox 885 4143 1110 4214; x_wconf 84' lang='lat' dir='ltr'><strong>ejusque</strong></span> <span class='ocrx_word' id='word_1_632' title='bbox 1134 4142 1286 4197; x_wconf 81' lang='lat' dir='ltr'><strong>calor</strong></span> <span class='ocrx_word' id='word_1_633' title='bbox 1314 4153 1368 4197; x_wconf 89' lang='lat' dir='ltr'><strong>et</strong></span> <span class='ocrx_word' id='word_1_634' title='bbox 1405 4143 1679 4198; x_wconf 90' lang='lat' dir='ltr'><strong>radiorum</strong></span> <span class='ocrx_word' id='word_1_635' title='bbox 1706 4144 1790 4199; x_wconf 88' lang='lat' dir='ltr'><strong>vis</strong></span> <span class='ocrx_word' id='word_1_636' title='bbox 1824 4158 1892 4200; x_wconf 79' lang='lat' dir='ltr'><strong>ex</strong></span> <span class='ocrx_word' id='word_1_637' title='bbox 1919 4159 1984 4200; x_wconf 90' lang='lat' dir='ltr'><strong>eo</strong></span> <span class='ocrx_word' id='word_1_638' title='bbox 2012 4145 2364 4216; x_wconf 88' lang='lat' dir='ltr'><strong>progrediens</strong></span> 
     </span>
    </p>
   </div>
   <div class='ocr_carea' id='block_1_81' title="bbox 2407 4139 4076 4227">
    <p class='ocr_par' dir='ltr' id='par_1_81' title="bbox 2466 4139 4076 4227">
     <span class='ocr_line' id='line_1_81' title="bbox 2466 4139 4076 4227; baseline -0.009 -20"><span class='ocrx_word' id='word_1_639' title='bbox 2466 4152 2797 4227; x_wconf 80' lang='grc' dir='ltr'>ὲξερχομένη</span> <span class='ocrx_word' id='word_1_640' title='bbox 2834 4150 2894 4216; x_wconf 75' lang='grc' dir='ltr'><strong>ἐξ</strong></span> <span class='ocrx_word' id='word_1_641' title='bbox 2922 4148 3116 4215; x_wconf 82' lang='grc' dir='ltr'>αὐτοῦ,</span> <span class='ocrx_word' id='word_1_642' title='bbox 3145 4149 3273 4219; x_wconf 78' lang='grc' dir='ltr'>τρία</span> <span class='ocrx_word' id='word_1_643' title='bbox 3305 4148 3403 4219; x_wconf 78' lang='grc' dir='ltr'>μὲν</span> <span class='ocrx_word' id='word_1_644' title='bbox 3428 4144 3670 4218; x_wconf 85' lang='grc' dir='ltr'>ὀνόματά</span> <span class='ocrx_word' id='word_1_645' title='bbox 3701 4145 3828 4205; x_wconf 79' lang='grc' dir='ltr'>εἰσι,</span> <span class='ocrx_word' id='word_1_646' title='bbox 3881 4142 3986 4215; x_wconf 84' lang='grc' dir='ltr'><strong>μία</strong></span> <span class='ocrx_word' id='word_1_647' title='bbox 4018 4139 4076 4194; x_wconf 69' lang='grc' dir='ltr'>δὶ</span> 
     </span>
    </p>
   </div>
   <div class='ocr_carea' id='block_1_82' title="bbox 777 4234 2446 4315">
    <p class='ocr_par' dir='ltr' id='par_1_82' title="bbox 777 4235 2368 4303">
     <span class='ocr_line' id='line_1_82' title="bbox 777 4235 2368 4303; baseline -0.002 -12"><span class='ocrx_word' id='word_1_648' title='bbox 777 4239 881 4294; x_wconf 88' lang='lat' dir='ltr'><strong>tria</strong></span> <span class='ocrx_word' id='word_1_649' title='bbox 911 4237 1130 4292; x_wconf 87' lang='lat' dir='ltr'><strong>nomina</strong></span> <span class='ocrx_word' id='word_1_650' title='bbox 1156 4244 1306 4299; x_wconf 88' lang='lat' dir='ltr'><strong>sunt,</strong></span> <span class='ocrx_word' id='word_1_651' title='bbox 1341 4250 1449 4289; x_wconf 90' lang='lat' dir='ltr'><strong>una</strong></span> <span class='ocrx_word' id='word_1_652' title='bbox 1480 4235 1610 4291; x_wconf 87' lang='lat' dir='ltr'><strong>solis</strong></span> <span class='ocrx_word' id='word_1_653' title='bbox 1633 4236 1973 4303; x_wconf 86' lang='lat' dir='ltr'><strong>substantia;</strong></span> <span class='ocrx_word' id='word_1_654' title='bbox 2011 4245 2062 4292; x_wconf 90' lang='lat' dir='ltr'><strong>et</strong></span> <span class='ocrx_word' id='word_1_655' title='bbox 2082 4238 2223 4291; x_wconf 90' lang='lat' dir='ltr'><strong>sicut</strong></span> <span class='ocrx_word' id='word_1_656' title='bbox 2248 4236 2368 4289; x_wconf 88' lang='lat' dir='ltr'><strong>ani-</strong></span> 
     </span>
    </p>
   </div>
   <div class='ocr_carea' id='block_1_83' title="bbox 2405 4234 4074 4315">
    <p class='ocr_par' dir='ltr' id='par_1_83' title="bbox 2467 4234 4074 4315">
     <span class='ocr_line' id='line_1_83' title="bbox 2467 4234 4074 4315; baseline -0.009 -15"><span class='ocrx_word' id='word_1_657' title='bbox 2467 4245 2625 4301; x_wconf 80' lang='grc' dir='ltr'>οὐσία</span> <span class='ocrx_word' id='word_1_658' title='bbox 2652 4243 2828 4315; x_wconf 78' lang='grc' dir='ltr'>ἡλίου·</span> <span class='ocrx_word' id='word_1_659' title='bbox 2879 4242 2976 4296; x_wconf 75' lang='grc' dir='ltr'><strong>καὶ</strong></span> <span class='ocrx_word' id='word_1_660' title='bbox 3008 4241 3198 4312; x_wconf 85' lang='grc' dir='ltr'>ὥσπερ</span> <span class='ocrx_word' id='word_1_661' title='bbox 3231 4241 3265 4311; x_wconf 82' lang='grc' dir='ltr'>ἡ</span> <span class='ocrx_word' id='word_1_662' title='bbox 3297 4239 3446 4311; x_wconf 81' lang='grc' dir='ltr'>ψυχὴ</span> <span class='ocrx_word' id='word_1_663' title='bbox 3476 4238 3570 4291; x_wconf 60' lang='grc' dir='ltr'><strong>καὶ⁴</strong></span> <span class='ocrx_word' id='word_1_664' title='bbox 3600 4238 3629 4290; x_wconf 91' lang='lat'><strong>6</strong></span> <span class='ocrx_word' id='word_1_665' title='bbox 3652 4235 3812 4303; x_wconf 82' lang='grc' dir='ltr'>λόγος</span> <span class='ocrx_word' id='word_1_666' title='bbox 3864 4234 3965 4287; x_wconf 74' lang='grc' dir='ltr'>καὶ</span> <span class='ocrx_word' id='word_1_667' title='bbox 4010 4239 4074 4286; x_wconf 80' lang='grc' dir='ltr'><strong>τὸ</strong></span> 
     </span>
    </p>
   </div>
   <div class='ocr_carea' id='block_1_84' title="bbox 775 4325 2444 4407">
    <p class='ocr_par' dir='ltr' id='par_1_84' title="bbox 775 4326 2363 4401">
     <span class='ocr_line' id='line_1_84' title="bbox 775 4326 2363 4401; baseline -0.006 -12"><span class='ocrx_word' id='word_1_668' title='bbox 775 4341 862 4389; x_wconf 83' lang='lat' dir='ltr'><strong>ma</strong></span> <span class='ocrx_word' id='word_1_669' title='bbox 885 4339 940 4384; x_wconf 91' lang='lat' dir='ltr'><strong>et</strong></span> <span class='ocrx_word' id='word_1_670' title='bbox 966 4330 1104 4384; x_wconf 87' lang='lat' dir='ltr'><strong>ratio</strong></span> <span class='ocrx_word' id='word_1_671' title='bbox 1118 4342 1387 4401; x_wconf 90' lang='lat' dir='ltr'><strong>etcorpus</strong></span> <span class='ocrx_word' id='word_1_672' title='bbox 1415 4329 1653 4385; x_wconf 90' lang='lat' dir='ltr'><strong>hominis</strong></span> <span class='ocrx_word' id='word_1_673' title='bbox 1681 4343 1787 4383; x_wconf 91' lang='lat' dir='ltr'><strong>non</strong></span> <span class='ocrx_word' id='word_1_674' title='bbox 1813 4337 1921 4382; x_wconf 85' lang='lat' dir='ltr'><strong>tres</strong></span> <span class='ocrx_word' id='word_1_675' title='bbox 1939 4336 2065 4383; x_wconf 89' lang='lat' dir='ltr'><strong>sunt</strong></span> <span class='ocrx_word' id='word_1_676' title='bbox 2085 4326 2363 4394; x_wconf 85' lang='lat' dir='ltr'><strong>homines;</strong></span> 
     </span>
    </p>
   </div>
   <div class='ocr_carea' id='block_1_85' title="bbox 2408 4325 4077 4407">
    <p class='ocr_par' dir='ltr' id='par_1_85' title="bbox 2471 4325 4077 4407">
     <span class='ocr_line' id='line_1_85' title="bbox 2471 4325 4077 4407; baseline -0.007 -18"><span class='ocrx_word' id='word_1_677' title='bbox 2471 4336 2633 4407; x_wconf 86' lang='grc' dir='ltr'>σῶμα</span> <span class='ocrx_word' id='word_1_678' title='bbox 2660 4335 2755 4388; x_wconf 89' lang='grc' dir='ltr'><strong>τοῦ</strong></span> <span class='ocrx_word' id='word_1_679' title='bbox 2784 4331 3077 4404; x_wconf 83' lang='grc' dir='ltr'>ἀνθρώπου</span> <span class='ocrx_word' id='word_1_680' title='bbox 3119 4331 3222 4385; x_wconf 80' lang='grc' dir='ltr'><strong>οὑκ</strong></span> <span class='ocrx_word' id='word_1_681' title='bbox 3261 4330 3370 4387; x_wconf 74' lang='grc' dir='ltr'>εἰσὶ</span> <span class='ocrx_word' id='word_1_682' title='bbox 3416 4331 3564 4401; x_wconf 83' lang='grc' dir='ltr'>τρεῖς</span> <span class='ocrx_word' id='word_1_683' title='bbox 3612 4327 3918 4399; x_wconf 76' lang='grc' dir='ltr'>ἂνθρωποι·</span> <span class='ocrx_word' id='word_1_684' title='bbox 3978 4325 4077 4378; x_wconf 72' lang='grc' dir='ltr'><strong>καὶ</strong></span> 
     </span>
    </p>
   </div>
   <div class='ocr_carea' id='block_1_86' title="bbox 774 4417 2443 4503">
    <p class='ocr_par' dir='ltr' id='par_1_86' title="bbox 774 4421 2368 4495">
     <span class='ocr_line' id='line_1_86' title="bbox 774 4421 2368 4495; baseline -0.001 -20"><span class='ocrx_word' id='word_1_685' title='bbox 774 4430 835 4484; x_wconf 87' lang='lat' dir='ltr'><strong>et</strong></span> <span class='ocrx_word' id='word_1_686' title='bbox 874 4422 1016 4476; x_wconf 90' lang='lat' dir='ltr'><strong>sicut</strong></span> <span class='ocrx_word' id='word_1_687' title='bbox 1054 4422 1252 4491; x_wconf 89' lang='lat' dir='ltr'><strong>unguis</strong></span> <span class='ocrx_word' id='word_1_688' title='bbox 1292 4421 1449 4495; x_wconf 90' lang='lat' dir='ltr'><strong>digiti</strong></span> <span class='ocrx_word' id='word_1_689' title='bbox 1484 4436 1606 4476; x_wconf 89' lang='lat' dir='ltr'><strong>cum</strong></span> <span class='ocrx_word' id='word_1_690' title='bbox 1642 4435 1764 4476; x_wconf 90' lang='lat' dir='ltr'><strong>osse</strong></span> <span class='ocrx_word' id='word_1_691' title='bbox 1808 4427 1864 4475; x_wconf 89' lang='lat' dir='ltr'><strong>et</strong></span> <span class='ocrx_word' id='word_1_692' title='bbox 1891 4435 2057 4475; x_wconf 83' lang='lat' dir='ltr'><strong>carne</strong></span> <span class='ocrx_word' id='word_1_693' title='bbox 2103 4434 2209 4474; x_wconf 92' lang='lat' dir='ltr'><strong>non</strong></span> <span class='ocrx_word' id='word_1_694' title='bbox 2243 4427 2368 4474; x_wconf 88' lang='lat' dir='ltr'><strong>sunt</strong></span> 
     </span>
    </p>
   </div>
   <div class='ocr_carea' id='block_1_87' title="bbox 2408 4417 4077 4503">
    <p class='ocr_par' dir='ltr' id='par_1_87' title="bbox 2471 4417 4077 4503">
     <span class='ocr_line' id='line_1_87' title="bbox 2471 4417 4077 4503; baseline -0.007 -20"><span class='ocrx_word' id='word_1_695' title='bbox 2471 4429 2657 4503; x_wconf 83' lang='grc' dir='ltr'>ὥσπερ</span> <span class='ocrx_word' id='word_1_696' title='bbox 2687 4430 2716 4482; x_wconf 89' lang='grc' dir='ltr'>ὁ</span> <span class='ocrx_word' id='word_1_697' title='bbox 2747 4426 2874 4491; x_wconf 75' lang='grc' dir='ltr'>ὄνυξ</span> <span class='ocrx_word' id='word_1_698' title='bbox 2902 4424 2995 4480; x_wconf 88' lang='grc' dir='ltr'><strong>τοῦ</strong></span> <span class='ocrx_word' id='word_1_699' title='bbox 3021 4424 3286 4479; x_wconf 85' lang='grc' dir='ltr'>δακτύλου</span> <span class='ocrx_word' id='word_1_700' title='bbox 3328 4423 3421 4477; x_wconf 68' lang='grc' dir='ltr'><strong>καὶ</strong></span> <span class='ocrx_word' id='word_1_701' title='bbox 3445 4423 3507 4475; x_wconf 84' lang='grc' dir='ltr'><strong>τὸ</strong></span> <span class='ocrx_word' id='word_1_702' title='bbox 3539 4420 3729 4474; x_wconf 84' lang='grc' dir='ltr'>ὀστοῦν</span> <span class='ocrx_word' id='word_1_703' title='bbox 3761 4420 3853 4473; x_wconf 73' lang='grc' dir='ltr'>καὶ</span> <span class='ocrx_word' id='word_1_704' title='bbox 3878 4420 3912 4490; x_wconf 84' lang='grc' dir='ltr'>ἡ</span> <span class='ocrx_word' id='word_1_705' title='bbox 3932 4417 4077 4489; x_wconf 71' lang='grc' dir='ltr'>σὰρξ</span> 
     </span>
    </p>
   </div>
   <div class='ocr_carea' id='block_1_88' title="bbox 780 4509 2449 4596">
    <p class='ocr_par' dir='ltr' id='par_1_88' title="bbox 780 4511 2447 4596">
     <span class='ocr_line' id='line_1_88' title="bbox 780 4511 2447 4596; baseline 0.001 -31"><span class='ocrx_word' id='word_1_706' title='bbox 780 4522 890 4567; x_wconf 83' lang='lat' dir='ltr'><strong>tres</strong></span> <span class='ocrx_word' id='word_1_707' title='bbox 910 4512 1095 4583; x_wconf 89' lang='lat' dir='ltr'><strong>digiti;</strong></span> <span class='ocrx_word' id='word_1_708' title='bbox 1122 4527 1187 4569; x_wconf 92' lang='lat' dir='ltr'><strong>ac</strong></span> <span class='ocrx_word' id='word_1_709' title='bbox 1208 4511 1371 4567; x_wconf 84' lang='lat' dir='ltr'><strong>veluti</strong></span> <span class='ocrx_word' id='word_1_710' title='bbox 1410 4512 1562 4568; x_wconf 83' lang='lat' dir='ltr'><strong>radix</strong></span> <span class='ocrx_word' id='word_1_711' title='bbox 1585 4522 1640 4568; x_wconf 90' lang='lat' dir='ltr'><strong>et</strong></span> <span class='ocrx_word' id='word_1_712' title='bbox 1680 4526 1861 4567; x_wconf 88' lang='lat' dir='ltr'><strong>ramus</strong></span> <span class='ocrx_word' id='word_1_713' title='bbox 1892 4526 1957 4567; x_wconf 89' lang='lat' dir='ltr'><strong>ac</strong></span> <span class='ocrx_word' id='word_1_714' title='bbox 1998 4512 2123 4567; x_wconf 80' lang='lat' dir='ltr'><strong>folia</strong></span> <span class='ocrx_word' id='word_1_715' title='bbox 2157 4513 2368 4567; x_wconf 89' lang='lat' dir='ltr'><strong>arboris</strong></span> <span class='ocrx_word' id='word_1_716' title='bbox 2399 4537 2447 4596; x_wconf 69' lang='grc' dir='ltr'>υ</span> 
     </span>
    </p>
   </div>
   <div class='ocr_carea' id='block_1_89' title="bbox 2409 4509 4078 4596">
    <p class='ocr_par' dir='ltr' id='par_1_89' title="bbox 2409 4509 4078 4596">
     <span class='ocr_line' id='line_1_89' title="bbox 2409 4509 4078 4596; baseline -0.005 -25"><span class='ocrx_word' id='word_1_717' title='bbox 2409 4537 2447 4596; x_wconf 76' lang='grc' dir='ltr'>ο</span> <span class='ocrx_word' id='word_1_718' title='bbox 2472 4519 2573 4572; x_wconf 82' lang='grc' dir='ltr'><strong>οὐκ</strong></span> <span class='ocrx_word' id='word_1_719' title='bbox 2600 4516 2706 4569; x_wconf 60' lang='grc' dir='ltr'><strong>εἰσι¹</strong></span> <span class='ocrx_word' id='word_1_720' title='bbox 2733 4518 2884 4588; x_wconf 86' lang='grc' dir='ltr'>τρεῖς</span> <span class='ocrx_word' id='word_1_721' title='bbox 2914 4514 3186 4568; x_wconf 82' lang='grc' dir='ltr'>δάκτυλοι·</span> <span class='ocrx_word' id='word_1_722' title='bbox 3206 4514 3301 4567; x_wconf 79' lang='grc' dir='ltr'>καὶ</span> <span class='ocrx_word' id='word_1_723' title='bbox 3327 4512 3517 4583; x_wconf 82' lang='grc' dir='ltr'>ὥσπερ</span> <span class='ocrx_word' id='word_1_724' title='bbox 3542 4513 3575 4580; x_wconf 83' lang='grc' dir='ltr'>ὴ</span> <span class='ocrx_word' id='word_1_725' title='bbox 3613 4511 3735 4581; x_wconf 75' lang='grc' dir='ltr'>ῥίζα</span> <span class='ocrx_word' id='word_1_726' title='bbox 3766 4510 3863 4563; x_wconf 76' lang='grc' dir='ltr'><strong>καὶ</strong></span> <span class='ocrx_word' id='word_1_727' title='bbox 3892 4510 3923 4561; x_wconf 89' lang='lat'><strong>6</strong></span> <span class='ocrx_word' id='word_1_728' title='bbox 3951 4509 4078 4563; x_wconf 78' lang='grc' dir='ltr'>κλα-</span> 
     </span>
    </p>
   </div>
   <div class='ocr_carea' id='block_1_90' title="bbox 779 4596 2448 4675">
    <p class='ocr_par' dir='ltr' id='par_1_90' title="bbox 779 4603 2365 4675">
     <span class='ocr_line' id='line_1_90' title="bbox 779 4603 2365 4675; baseline -0.001 -17"><span class='ocrx_word' id='word_1_729' title='bbox 779 4613 894 4665; x_wconf 83' lang='lat' dir='ltr'><strong>tres</strong></span> <span class='ocrx_word' id='word_1_730' title='bbox 932 4604 1157 4661; x_wconf 87' lang='lat' dir='ltr'><strong>arbores</strong></span> <span class='ocrx_word' id='word_1_731' title='bbox 1198 4621 1304 4662; x_wconf 88' lang='lat' dir='ltr'><strong>non</strong></span> <span class='ocrx_word' id='word_1_732' title='bbox 1361 4612 1524 4669; x_wconf 87' lang='lat' dir='ltr'><strong>sunt;</strong></span> <span class='ocrx_word' id='word_1_733' title='bbox 1579 4611 1636 4659; x_wconf 89' lang='lat' dir='ltr'><strong>et</strong></span> <span class='ocrx_word' id='word_1_734' title='bbox 1686 4603 1829 4659; x_wconf 89' lang='lat' dir='ltr'><strong>sicut</strong></span> <span class='ocrx_word' id='word_1_735' title='bbox 1857 4603 2047 4658; x_wconf 90' lang='lat' dir='ltr'><strong>oculus</strong></span> <span class='ocrx_word' id='word_1_736' title='bbox 2084 4612 2139 4658; x_wconf 91' lang='lat' dir='ltr'><strong>et</strong></span> <span class='ocrx_word' id='word_1_737' title='bbox 2163 4604 2365 4675; x_wconf 86' lang='lat' dir='ltr'><strong>pupilla</strong></span> 
     </span>
    </p>
   </div>
   <div class='ocr_carea' id='block_1_91' title="bbox 2401 4596 4070 4675">
    <p class='ocr_par' dir='ltr' id='par_1_91' title="bbox 2474 4596 4070 4675">
     <span class='ocr_line' id='line_1_91' title="bbox 2474 4596 4070 4675; baseline -0.008 -15"><span class='ocrx_word' id='word_1_738' title='bbox 2474 4607 2562 4671; x_wconf 87' lang='grc' dir='ltr'><strong>δος</strong></span> <span class='ocrx_word' id='word_1_739' title='bbox 2594 4606 2690 4659; x_wconf 70' lang='grc' dir='ltr'>καὶ</span> <span class='ocrx_word' id='word_1_740' title='bbox 2712 4606 2774 4659; x_wconf 81' lang='grc' dir='ltr'><strong>τὸ</strong></span> <span class='ocrx_word' id='word_1_741' title='bbox 2809 4604 3005 4674; x_wconf 84' lang='grc' dir='ltr'>φύλλον</span> <span class='ocrx_word' id='word_1_742' title='bbox 3032 4602 3127 4656; x_wconf 91' lang='grc' dir='ltr'><strong>τοῦ</strong></span> <span class='ocrx_word' id='word_1_743' title='bbox 3160 4601 3378 4675; x_wconf 79' lang='grc' dir='ltr'>δένδρου</span> <span class='ocrx_word' id='word_1_744' title='bbox 3421 4600 3520 4653; x_wconf 68' lang='grc' dir='ltr'>οὐκ</span> <span class='ocrx_word' id='word_1_745' title='bbox 3550 4598 3664 4650; x_wconf 81' lang='grc' dir='ltr'>ἔστι</span> <span class='ocrx_word' id='word_1_746' title='bbox 3688 4596 3815 4667; x_wconf 83' lang='grc' dir='ltr'>τρία</span> <span class='ocrx_word' id='word_1_747' title='bbox 3844 4596 4070 4667; x_wconf 76' lang='grc' dir='ltr'>δένδρα·</span> 
     </span>
    </p>
   </div>
   <div class='ocr_carea' id='block_1_92' title="bbox 782 4686 2451 4770">
    <p class='ocr_par' dir='ltr' id='par_1_92' title="bbox 782 4697 2368 4767">
     <span class='ocr_line' id='line_1_92' title="bbox 782 4697 2368 4767; baseline -0.001 -14"><span class='ocrx_word' id='word_1_748' title='bbox 782 4701 980 4767; x_wconf 79' lang='lat' dir='ltr'><strong>luxque</strong></span> <span class='ocrx_word' id='word_1_749' title='bbox 1023 4699 1165 4755; x_wconf 88' lang='lat' dir='ltr'><strong>oculi</strong></span> <span class='ocrx_word' id='word_1_750' title='bbox 1195 4713 1305 4754; x_wconf 92' lang='lat' dir='ltr'><strong>non</strong></span> <span class='ocrx_word' id='word_1_751' title='bbox 1361 4708 1471 4753; x_wconf 88' lang='lat' dir='ltr'><strong>tres</strong></span> <span class='ocrx_word' id='word_1_752' title='bbox 1508 4698 1975 4765; x_wconf 89' lang='lat' dir='ltr'><strong>redduntoculos;</strong></span> <span class='ocrx_word' id='word_1_753' title='bbox 2006 4708 2060 4753; x_wconf 91' lang='lat' dir='ltr'><strong>et</strong></span> <span class='ocrx_word' id='word_1_754' title='bbox 2080 4699 2221 4753; x_wconf 88' lang='lat' dir='ltr'><strong>sicut</strong></span> <span class='ocrx_word' id='word_1_755' title='bbox 2248 4697 2368 4752; x_wconf 81' lang='lat' dir='ltr'><strong>fons</strong></span> 
     </span>
    </p>
   </div>
   <div class='ocr_carea' id='block_1_93' title="bbox 2406 4686 4075 4770">
    <p class='ocr_par' dir='ltr' id='par_1_93' title="bbox 2477 4686 4075 4770">
     <span class='ocr_line' id='line_1_93' title="bbox 2477 4686 4075 4770; baseline -0.008 -19"><span class='ocrx_word' id='word_1_756' title='bbox 2477 4698 2572 4752; x_wconf 55' lang='grc' dir='ltr'><strong>καὶ⁹</strong></span> <span class='ocrx_word' id='word_1_757' title='bbox 2600 4698 2789 4770; x_wconf 82' lang='grc' dir='ltr'>ὥσπερ</span> <span class='ocrx_word' id='word_1_758' title='bbox 2824 4698 2851 4749; x_wconf 94' lang='lat'><strong>6</strong></span> <span class='ocrx_word' id='word_1_759' title='bbox 2905 4695 3185 4765; x_wconf 83' lang='grc' dir='ltr'>ὀφθαλμὸς</span> <span class='ocrx_word' id='word_1_760' title='bbox 3213 4694 3308 4747; x_wconf 74' lang='grc' dir='ltr'>καὶ</span> <span class='ocrx_word' id='word_1_761' title='bbox 3339 4696 3372 4763; x_wconf 82' lang='grc' dir='ltr'>ὴ</span> <span class='ocrx_word' id='word_1_762' title='bbox 3414 4693 3548 4762; x_wconf 80' lang='grc' dir='ltr'>κόρη</span> <span class='ocrx_word' id='word_1_763' title='bbox 3583 4689 3678 4743; x_wconf 73' lang='grc' dir='ltr'><strong>καὶ</strong></span> <span class='ocrx_word' id='word_1_764' title='bbox 3708 4688 3770 4741; x_wconf 90' lang='grc' dir='ltr'><strong>τὸ</strong></span> <span class='ocrx_word' id='word_1_765' title='bbox 3800 4687 3924 4757; x_wconf 82' lang='grc' dir='ltr'><strong>φῶς</strong></span> <span class='ocrx_word' id='word_1_766' title='bbox 3979 4686 4075 4740; x_wconf 83' lang='grc' dir='ltr'><strong>τοῦ</strong></span> 
     </span>
    </p>
   </div>
   <div class='ocr_carea' id='block_1_94' title="bbox 781 4776 2450 4871">
    <p class='ocr_par' dir='ltr' id='par_1_94' title="bbox 781 4788 2370 4860">
     <span class='ocr_line' id='line_1_94' title="bbox 781 4788 2370 4860; baseline 0.002 -17"><span class='ocrx_word' id='word_1_767' title='bbox 781 4801 834 4849; x_wconf 84' lang='lat' dir='ltr'><strong>et</strong></span> <span class='ocrx_word' id='word_1_768' title='bbox 859 4790 1054 4852; x_wconf 82' lang='lat' dir='ltr'><strong>ﬂuvius</strong></span> <span class='ocrx_word' id='word_1_769' title='bbox 1101 4791 1359 4859; x_wconf 78' lang='lat' dir='ltr'><strong>rivosque</strong></span> <span class='ocrx_word' id='word_1_770' title='bbox 1401 4804 1470 4845; x_wconf 77' lang='lat' dir='ltr'><strong>ex</strong></span> <span class='ocrx_word' id='word_1_771' title='bbox 1520 4788 1681 4845; x_wconf 76' lang='lat' dir='ltr'><strong>ﬂuvio</strong></span> <span class='ocrx_word' id='word_1_772' title='bbox 1729 4803 2058 4860; x_wconf 89' lang='lat' dir='ltr'><strong>promanans</strong></span> <span class='ocrx_word' id='word_1_773' title='bbox 2100 4805 2209 4846; x_wconf 87' lang='lat' dir='ltr'><strong>non</strong></span> <span class='ocrx_word' id='word_1_774' title='bbox 2245 4802 2370 4846; x_wconf 89' lang='lat' dir='ltr'><strong>sunt</strong></span> 
     </span>
    </p>
   </div>
   <div class='ocr_carea' id='block_1_95' title="bbox 2415 4776 4084 4871">
    <p class='ocr_par' dir='ltr' id='par_1_95' title="bbox 2474 4776 4084 4871">
     <span class='ocr_line' id='line_1_95' title="bbox 2474 4776 4084 4871; baseline -0.009 -26"><span class='ocrx_word' id='word_1_775' title='bbox 2474 4789 2753 4871; x_wconf 78' lang='grc' dir='ltr'>ὀφθαλμοῦ</span> <span class='ocrx_word' id='word_1_776' title='bbox 2784 4789 2886 4842; x_wconf 83' lang='grc' dir='ltr'><strong>οὐκ</strong></span> <span class='ocrx_word' id='word_1_777' title='bbox 2915 4788 3022 4841; x_wconf 78' lang='grc' dir='ltr'>εἰσὶ</span> <span class='ocrx_word' id='word_1_778' title='bbox 3042 4789 3193 4857; x_wconf 87' lang='grc' dir='ltr'>τρεῖς</span> <span class='ocrx_word' id='word_1_779' title='bbox 3220 4782 3509 4853; x_wconf 73' lang='grc' dir='ltr'>ὀφθαλμοιο</span> <span class='ocrx_word' id='word_1_780' title='bbox 3533 4781 3623 4833; x_wconf 74' lang='grc' dir='ltr'><strong>καὶ</strong></span> <span class='ocrx_word' id='word_1_781' title='bbox 3639 4778 3828 4871; x_wconf 68' lang='grc' dir='ltr'>ὥσπερ</span> 
     </span>
    </p>
   </div>
   <div class='ocr_carea' id='block_1_96' title="bbox 784 4868 2453 4955">
    <p class='ocr_par' dir='ltr' id='par_1_96' title="bbox 784 4884 2369 4955">
     <span class='ocr_line' id='line_1_96' title="bbox 784 4884 2369 4955; baseline 0 -15"><span class='ocrx_word' id='word_1_782' title='bbox 784 4886 1023 4955; x_wconf 87' lang='lat' dir='ltr'><strong>triplices</strong></span> <span class='ocrx_word' id='word_1_783' title='bbox 1054 4884 1249 4950; x_wconf 68' lang='lat' dir='ltr'><strong>undae;</strong></span> <span class='ocrx_word' id='word_1_784' title='bbox 1281 4894 1337 4939; x_wconf 91' lang='lat' dir='ltr'><strong>et</strong></span> <span class='ocrx_word' id='word_1_785' title='bbox 1363 4884 1505 4939; x_wconf 89' lang='lat' dir='ltr'><strong>sicut</strong></span> <span class='ocrx_word' id='word_1_786' title='bbox 1540 4884 1847 4950; x_wconf 89' lang='lat' dir='ltr'><strong>brachium,</strong></span> <span class='ocrx_word' id='word_1_787' title='bbox 1886 4899 2088 4954; x_wconf 85' lang='lat' dir='ltr'><strong>carpus</strong></span> <span class='ocrx_word' id='word_1_788' title='bbox 2117 4884 2369 4953; x_wconf 88' lang='lat' dir='ltr'><strong>etpalma</strong></span> 
     </span>
    </p>
   </div>
   <div class='ocr_carea' id='block_1_97' title="bbox 2415 4868 4084 4955">
    <p class='ocr_par' dir='ltr' id='par_1_97' title="bbox 2479 4868 4084 4952">
     <span class='ocr_line' id='line_1_97' title="bbox 2479 4868 4084 4952; baseline -0.011 -15"><span class='ocrx_word' id='word_1_789' title='bbox 2479 4884 2574 4937; x_wconf 57' lang='grc' dir='ltr'><strong>καὶ⁹</strong></span> <span class='ocrx_word' id='word_1_790' title='bbox 2597 4868 2634 4934; x_wconf 76' lang='grc' dir='ltr'><strong>δ</strong></span> <span class='ocrx_word' id='word_1_791' title='bbox 2660 4880 2905 4952; x_wconf 89' lang='grc' dir='ltr'>ποταμὸς</span> <span class='ocrx_word' id='word_1_792' title='bbox 2936 4879 3033 4933; x_wconf 77' lang='grc' dir='ltr'>καὶ</span> <span class='ocrx_word' id='word_1_793' title='bbox 3060 4880 3090 4931; x_wconf 88' lang='lat'><strong>6</strong></span> <span class='ocrx_word' id='word_1_794' title='bbox 3115 4875 3250 4948; x_wconf 78' lang='grc' dir='ltr'>ρύαξ</span> <span class='ocrx_word' id='word_1_795' title='bbox 3279 4877 3308 4929; x_wconf 92' lang='lat'><strong>6</strong></span> <span class='ocrx_word' id='word_1_796' title='bbox 3335 4876 3400 4926; x_wconf 82' lang='grc' dir='ltr'>ὲκ</span> <span class='ocrx_word' id='word_1_797' title='bbox 3415 4872 3509 4925; x_wconf 88' lang='grc' dir='ltr'><strong>τοῦ</strong></span> <span class='ocrx_word' id='word_1_798' title='bbox 3534 4868 3805 4940; x_wconf 82' lang='grc' dir='ltr'>ποταμοῦ,</span> <span class='ocrx_word' id='word_1_799' title='bbox 3839 4868 3949 4921; x_wconf 79' lang='grc' dir='ltr'><strong>οὐκ</strong></span> <span class='ocrx_word' id='word_1_800' title='bbox 3972 4868 4084 4922; x_wconf 75' lang='grc' dir='ltr'>εἰσὶ</span> 
     </span>
    </p>
   </div>
   <div class='ocr_carea' id='block_1_98' title="bbox 785 4961 2454 5048">
    <p class='ocr_par' dir='ltr' id='par_1_98' title="bbox 785 4975 2373 5043">
     <span class='ocr_line' id='line_1_98' title="bbox 785 4975 2373 5043; baseline -0.003 -10"><span class='ocrx_word' id='word_1_801' title='bbox 785 4992 893 5033; x_wconf 92' lang='lat' dir='ltr'><strong>non</strong></span> <span class='ocrx_word' id='word_1_802' title='bbox 927 4983 1054 5032; x_wconf 88' lang='lat' dir='ltr'><strong>sunt</strong></span> <span class='ocrx_word' id='word_1_803' title='bbox 1083 4984 1192 5032; x_wconf 91' lang='lat' dir='ltr'><strong>tres</strong></span> <span class='ocrx_word' id='word_1_804' title='bbox 1233 4991 1452 5043; x_wconf 90' lang='lat' dir='ltr'><strong>manus;</strong></span> <span class='ocrx_word' id='word_1_805' title='bbox 1515 4984 1571 5031; x_wconf 91' lang='lat' dir='ltr'><strong>et</strong></span> <span class='ocrx_word' id='word_1_806' title='bbox 1602 4976 1745 5032; x_wconf 86' lang='lat' dir='ltr'><strong>sicut</strong></span> <span class='ocrx_word' id='word_1_807' title='bbox 1774 4975 1828 5030; x_wconf 90' lang='lat' dir='ltr'><strong>in</strong></span> <span class='ocrx_word' id='word_1_808' title='bbox 1861 4977 1999 5032; x_wconf 88' lang='lat' dir='ltr'><strong>rubo</strong></span> <span class='ocrx_word' id='word_1_809' title='bbox 2043 4975 2207 5031; x_wconf 84' lang='lat' dir='ltr'><strong>Mosis</strong></span> <span class='ocrx_word' id='word_1_810' title='bbox 2252 4985 2373 5032; x_wconf 90' lang='lat' dir='ltr'><strong>erat</strong></span> 
     </span>
    </p>
   </div>
   <div class='ocr_carea' id='block_1_99' title="bbox 2402 4961 4071 5048">
    <p class='ocr_par' dir='ltr' id='par_1_99' title="bbox 2478 4961 4071 5048">
     <span class='ocr_line' id='line_1_99' title="bbox 2478 4961 4071 5048; baseline -0.01 -18"><span class='ocrx_word' id='word_1_811' title='bbox 2478 4974 2806 5048; x_wconf 75' lang='grc' dir='ltr'>τρῑαῦδαταο</span> <span class='ocrx_word' id='word_1_812' title='bbox 2841 4972 2936 5025; x_wconf 70' lang='grc' dir='ltr'><strong>καὶ</strong></span> <span class='ocrx_word' id='word_1_813' title='bbox 2966 4970 3200 5041; x_wconf 81' lang='grc' dir='ltr'>ὢσπερό</span> <span class='ocrx_word' id='word_1_814' title='bbox 3239 4966 3480 5038; x_wconf 80' lang='grc' dir='ltr'>βραχίων</span> <span class='ocrx_word' id='word_1_815' title='bbox 3519 4964 3613 5017; x_wconf 77' lang='grc' dir='ltr'>καὶ</span> <span class='ocrx_word' id='word_1_816' title='bbox 3644 4964 3674 5014; x_wconf 89' lang='lat'><strong>6</strong></span> <span class='ocrx_word' id='word_1_817' title='bbox 3712 4961 3931 5031; x_wconf 83' lang='grc' dir='ltr'>καρπὸς</span> <span class='ocrx_word' id='word_1_818' title='bbox 3974 4962 4071 5015; x_wconf 70' lang='grc' dir='ltr'><strong>καὶ</strong></span> 
     </span>
    </p>
   </div>
   <div class='ocr_carea' id='block_1_100' title="bbox 785 5052 2454 5139">
    <p class='ocr_par' dir='ltr' id='par_1_100' title="bbox 785 5067 2374 5139">
     <span class='ocr_line' id='line_1_100' title="bbox 785 5067 2374 5139; baseline -0.001 -14"><span class='ocrx_word' id='word_1_819' title='bbox 785 5085 967 5125; x_wconf 82' lang='lat' dir='ltr'><strong>sermo</strong></span> <span class='ocrx_word' id='word_1_820' title='bbox 987 5079 1041 5126; x_wconf 90' lang='lat' dir='ltr'><strong>et</strong></span> <span class='ocrx_word' id='word_1_821' title='bbox 1067 5067 1285 5124; x_wconf 77' lang='lat' dir='ltr'><strong>ﬂamma</strong></span> <span class='ocrx_word' id='word_1_822' title='bbox 1308 5078 1363 5123; x_wconf 92' lang='lat' dir='ltr'><strong>et</strong></span> <span class='ocrx_word' id='word_1_823' title='bbox 1410 5069 1500 5139; x_wconf 90' lang='lat' dir='ltr'><strong>qui</strong></span> <span class='ocrx_word' id='word_1_824' title='bbox 1554 5068 1907 5139; x_wconf 88' lang='lat' dir='ltr'><strong>loquebatur;</strong></span> <span class='ocrx_word' id='word_1_825' title='bbox 1940 5076 1995 5123; x_wconf 89' lang='lat' dir='ltr'><strong>et</strong></span> <span class='ocrx_word' id='word_1_826' title='bbox 2016 5069 2374 5139; x_wconf 85' lang='lat' dir='ltr'><strong>quemadmo-</strong></span> 
     </span>
    </p>
   </div>
   <div class='ocr_carea' id='block_1_101' title="bbox 2419 5052 4088 5139">
    <p class='ocr_par' dir='ltr' id='par_1_101' title="bbox 2478 5052 4088 5137">
     <span class='ocr_line' id='line_1_101' title="bbox 2478 5052 4088 5137; baseline -0.009 -16"><span class='ocrx_word' id='word_1_827' title='bbox 2478 5069 2512 5137; x_wconf 82' lang='grc' dir='ltr'><strong>ἡ</strong></span> <span class='ocrx_word' id='word_1_828' title='bbox 2560 5066 2787 5136; x_wconf 76' lang='grc' dir='ltr'>παλάμη</span> <span class='ocrx_word' id='word_1_829' title='bbox 2835 5064 2937 5116; x_wconf 82' lang='grc' dir='ltr'><strong>οὐκ</strong></span> <span class='ocrx_word' id='word_1_830' title='bbox 2968 5063 3076 5115; x_wconf 74' lang='grc' dir='ltr'>εἰσὶ</span> <span class='ocrx_word' id='word_1_831' title='bbox 3105 5062 3256 5132; x_wconf 83' lang='grc' dir='ltr'>τρεῖς</span> <span class='ocrx_word' id='word_1_832' title='bbox 3294 5060 3495 5129; x_wconf 85' lang='grc' dir='ltr'>χεῖρες·</span> <span class='ocrx_word' id='word_1_833' title='bbox 3548 5058 3642 5109; x_wconf 78' lang='grc' dir='ltr'>καὶ</span> <span class='ocrx_word' id='word_1_834' title='bbox 3687 5052 3881 5123; x_wconf 78' lang='grc' dir='ltr'>ὥσπερ</span> <span class='ocrx_word' id='word_1_835' title='bbox 3909 5056 3947 5123; x_wconf 76' lang='grc' dir='ltr'><strong>ἡ</strong></span> <span class='ocrx_word' id='word_1_836' title='bbox 3991 5053 4088 5107; x_wconf 67' lang='grc' dir='ltr'><strong>ἰπὶ</strong></span> 
     </span>
    </p>
   </div>
   <div class='ocr_carea' id='block_1_102' title="bbox 786 5144 2455 5232">
    <p class='ocr_par' dir='ltr' id='par_1_102' title="bbox 786 5161 2379 5232">
     <span class='ocr_line' id='line_1_102' title="bbox 786 5161 2379 5232; baseline 0 -15"><span class='ocrx_word' id='word_1_837' title='bbox 786 5164 914 5217; x_wconf 90' lang='lat' dir='ltr'><strong>dum</strong></span> <span class='ocrx_word' id='word_1_838' title='bbox 967 5162 1021 5216; x_wconf 91' lang='lat' dir='ltr'><strong>in</strong></span> <span class='ocrx_word' id='word_1_839' title='bbox 1071 5161 1285 5215; x_wconf 87' lang='lat' dir='ltr'><strong>camino</strong></span> <span class='ocrx_word' id='word_1_840' title='bbox 1336 5161 1495 5216; x_wconf 92' lang='lat' dir='ltr'><strong>trium</strong></span> <span class='ocrx_word' id='word_1_841' title='bbox 1545 5176 1837 5232; x_wconf 89' lang='lat' dir='ltr'><strong>puerorum</strong></span> <span class='ocrx_word' id='word_1_842' title='bbox 1882 5170 2001 5217; x_wconf 87' lang='lat' dir='ltr'><strong>erat</strong></span> <span class='ocrx_word' id='word_1_843' title='bbox 2044 5162 2278 5230; x_wconf 84' lang='lat' dir='ltr'><strong>hymnus</strong></span> <span class='ocrx_word' id='word_1_844' title='bbox 2325 5170 2379 5217; x_wconf 91' lang='lat' dir='ltr'><strong>et</strong></span> 
     </span>
    </p>
   </div>
   <div class='ocr_carea' id='block_1_103' title="bbox 2414 5144 4083 5232">
    <p class='ocr_par' dir='ltr' id='par_1_103' title="bbox 2481 5144 4083 5232">
     <span class='ocr_line' id='line_1_103' title="bbox 2481 5144 4083 5232; baseline -0.011 -19"><span class='ocrx_word' id='word_1_845' title='bbox 2481 5160 2726 5221; x_wconf 82' lang='grc' dir='ltr'><strong>Μωσέως</strong></span> <span class='ocrx_word' id='word_1_846' title='bbox 2778 5156 2939 5227; x_wconf 84' lang='grc' dir='ltr'>βάτος</span> <span class='ocrx_word' id='word_1_847' title='bbox 2968 5153 3083 5225; x_wconf 78' lang='grc' dir='ltr'>εἶχε</span> <span class='ocrx_word' id='word_1_848' title='bbox 3128 5153 3287 5222; x_wconf 85' lang='grc' dir='ltr'>λόγον</span> <span class='ocrx_word' id='word_1_849' title='bbox 3319 5150 3414 5205; x_wconf 76' lang='grc' dir='ltr'><strong>καὶ</strong></span> <span class='ocrx_word' id='word_1_850' title='bbox 3453 5149 3626 5219; x_wconf 76' lang='grc' dir='ltr'>φλόγα</span> <span class='ocrx_word' id='word_1_851' title='bbox 3667 5144 4083 5232; x_wconf 13' lang='grc' dir='ltr'>καὶγλαλοῦντα·</span> 
     </span>
    </p>
   </div>
   <div class='ocr_carea' id='block_1_104' title="bbox 788 5231 2457 5321">
    <p class='ocr_par' dir='ltr' id='par_1_104' title="bbox 788 5250 2376 5317">
     <span class='ocr_line' id='line_1_104' title="bbox 788 5250 2376 5317; baseline -0.003 -8"><span class='ocrx_word' id='word_1_852' title='bbox 788 5250 1005 5309; x_wconf 80' lang='lat' dir='ltr'><strong>ﬂamma</strong></span> <span class='ocrx_word' id='word_1_853' title='bbox 1031 5259 1087 5306; x_wconf 90' lang='lat' dir='ltr'><strong>et</strong></span> <span class='ocrx_word' id='word_1_854' title='bbox 1118 5266 1230 5315; x_wconf 88' lang='lat' dir='ltr'><strong>ros,</strong></span> <span class='ocrx_word' id='word_1_855' title='bbox 1264 5266 1402 5307; x_wconf 88' lang='lat' dir='ltr'><strong>unus</strong></span> <span class='ocrx_word' id='word_1_856' title='bbox 1437 5266 1562 5307; x_wconf 82' lang='lat' dir='ltr'><strong>vero</strong></span> <span class='ocrx_word' id='word_1_857' title='bbox 1594 5252 1840 5307; x_wconf 86' lang='lat' dir='ltr'><strong>caminus</strong></span> <span class='ocrx_word' id='word_1_858' title='bbox 1890 5263 2039 5317; x_wconf 91' lang='lat' dir='ltr'><strong>erat;</strong></span> <span class='ocrx_word' id='word_1_859' title='bbox 2070 5259 2123 5306; x_wconf 89' lang='lat' dir='ltr'><strong>et</strong></span> <span class='ocrx_word' id='word_1_860' title='bbox 2148 5253 2289 5307; x_wconf 89' lang='lat' dir='ltr'><strong>sicut</strong></span> <span class='ocrx_word' id='word_1_861' title='bbox 2323 5251 2376 5305; x_wconf 90' lang='lat' dir='ltr'><strong>in</strong></span> 
     </span>
    </p>
   </div>
   <div class='ocr_carea' id='block_1_105' title="bbox 2419 5231 4088 5321">
    <p class='ocr_par' dir='ltr' id='par_1_105' title="bbox 2484 5231 4088 5321">
     <span class='ocr_line' id='line_1_105' title="bbox 2484 5231 4088 5321; baseline -0.012 -16"><span class='ocrx_word' id='word_1_862' title='bbox 2484 5252 2579 5305; x_wconf 72' lang='grc' dir='ltr'>καὶ</span> <span class='ocrx_word' id='word_1_863' title='bbox 2599 5250 2789 5321; x_wconf 81' lang='grc' dir='ltr'>ὥσπερ</span> <span class='ocrx_word' id='word_1_864' title='bbox 2824 5251 2858 5318; x_wconf 78' lang='grc' dir='ltr'><strong>ἡ</strong></span> <span class='ocrx_word' id='word_1_865' title='bbox 2880 5248 3111 5319; x_wconf 80' lang='grc' dir='ltr'>κάμινος</span> <span class='ocrx_word' id='word_1_866' title='bbox 3148 5244 3259 5298; x_wconf 82' lang='grc' dir='ltr'><strong>τῶν</strong></span> <span class='ocrx_word' id='word_1_867' title='bbox 3283 5242 3453 5315; x_wconf 82' lang='grc' dir='ltr'>τριῶν</span> <span class='ocrx_word' id='word_1_868' title='bbox 3480 5240 3687 5293; x_wconf 82' lang='grc' dir='ltr'>παίδων</span> <span class='ocrx_word' id='word_1_869' title='bbox 3736 5231 3883 5307; x_wconf 74' lang='grc' dir='ltr'>εἶχεν</span> <span class='ocrx_word' id='word_1_870' title='bbox 3909 5235 3943 5289; x_wconf 78' lang='grc' dir='ltr'>ὖ</span> <span class='ocrx_word' id='word_1_871' title='bbox 3953 5252 4088 5306; x_wconf 82' lang='grc' dir='ltr'>μνον</span> 
     </span>
    </p>
   </div>
   <div class='ocr_carea' id='block_1_106' title="bbox 788 5328 2457 5414">
    <p class='ocr_par' dir='ltr' id='par_1_106' title="bbox 788 5340 2381 5412">
     <span class='ocr_line' id='line_1_106' title="bbox 788 5340 2381 5412; baseline -0.002 -16"><span class='ocrx_word' id='word_1_872' title='bbox 788 5342 1116 5397; x_wconf 85' lang='lat' dir='ltr'><strong>numismate</strong></span> <span class='ocrx_word' id='word_1_873' title='bbox 1139 5350 1224 5397; x_wconf 88' lang='lat' dir='ltr'><strong>est</strong></span> <span class='ocrx_word' id='word_1_874' title='bbox 1263 5357 1454 5398; x_wconf 91' lang='lat' dir='ltr'><strong>aurum</strong></span> <span class='ocrx_word' id='word_1_875' title='bbox 1484 5352 1540 5399; x_wconf 88' lang='lat' dir='ltr'><strong>et</strong></span> <span class='ocrx_word' id='word_1_876' title='bbox 1587 5343 1765 5412; x_wconf 83' lang='lat' dir='ltr'><strong>imago</strong></span> <span class='ocrx_word' id='word_1_877' title='bbox 1789 5350 1845 5395; x_wconf 86' lang='lat' dir='ltr'><strong>et</strong></span> <span class='ocrx_word' id='word_1_878' title='bbox 1892 5340 2175 5409; x_wconf 81' lang='lat' dir='ltr'><strong>inscriptio</strong></span> <span class='ocrx_word' id='word_1_879' title='bbox 2216 5341 2381 5409; x_wconf 79' lang='lat' dir='ltr'><strong>impe-</strong></span> 
     </span>
    </p>
   </div>
   <div class='ocr_carea' id='block_1_107' title="bbox 2417 5328 4086 5414">
    <p class='ocr_par' dir='ltr' id='par_1_107' title="bbox 2484 5328 4086 5414">
     <span class='ocr_line' id='line_1_107' title="bbox 2484 5328 4086 5414; baseline -0.011 -16"><span class='ocrx_word' id='word_1_880' title='bbox 2484 5345 2577 5398; x_wconf 74' lang='grc' dir='ltr'><strong>καὶ</strong></span> <span class='ocrx_word' id='word_1_881' title='bbox 2628 5343 2803 5414; x_wconf 82' lang='grc' dir='ltr'>φλόγα</span> <span class='ocrx_word' id='word_1_882' title='bbox 2829 5340 2924 5395; x_wconf 72' lang='grc' dir='ltr'><strong>καὶ</strong></span> <span class='ocrx_word' id='word_1_883' title='bbox 2954 5340 3171 5411; x_wconf 87' lang='grc' dir='ltr'>δρόσον,</span> <span class='ocrx_word' id='word_1_884' title='bbox 3212 5339 3307 5409; x_wconf 78' lang='grc' dir='ltr'><strong>μία</strong></span> <span class='ocrx_word' id='word_1_885' title='bbox 3329 5336 3557 5407; x_wconf 77' lang='grc' dir='ltr'>κάμινος</span> <span class='ocrx_word' id='word_1_886' title='bbox 3584 5328 3741 5385; x_wconf 75' lang='grc' dir='ltr'>οὖσα·</span> <span class='ocrx_word' id='word_1_887' title='bbox 3773 5330 3870 5383; x_wconf 74' lang='grc' dir='ltr'>καὶ</span> <span class='ocrx_word' id='word_1_888' title='bbox 3888 5329 4086 5401; x_wconf 79' lang='grc' dir='ltr'>ὥσπερ</span> 
     </span>
    </p>
   </div>
   <div class='ocr_carea' id='block_1_108' title="bbox 792 5420 2461 5506">
    <p class='ocr_par' dir='ltr' id='par_1_108' title="bbox 792 5430 2378 5499">
     <span class='ocr_line' id='line_1_108' title="bbox 792 5430 2378 5499; baseline -0.002 -13"><span class='ocrx_word' id='word_1_889' title='bbox 792 5436 1028 5499; x_wconf 82' lang='lat' dir='ltr'><strong>ratoris,</strong></span> <span class='ocrx_word' id='word_1_890' title='bbox 1058 5435 1137 5490; x_wconf 89' lang='lat' dir='ltr'><strong>sic</strong></span> <span class='ocrx_word' id='word_1_891' title='bbox 1190 5442 1247 5491; x_wconf 90' lang='lat' dir='ltr'><strong>et</strong></span> <span class='ocrx_word' id='word_1_892' title='bbox 1296 5436 1347 5489; x_wconf 93' lang='lat' dir='ltr'><strong>in</strong></span> <span class='ocrx_word' id='word_1_893' title='bbox 1392 5445 1737 5490; x_wconf 88' lang='lat' dir='ltr'><strong>sacrosancta</strong></span> <span class='ocrx_word' id='word_1_894' title='bbox 1786 5433 2054 5489; x_wconf 84' lang='lat' dir='ltr'><strong>Trinitate</strong></span> <span class='ocrx_word' id='word_1_895' title='bbox 2096 5430 2378 5487; x_wconf 78' lang='lat' dir='ltr'><strong>inconfusa</strong></span> 
     </span>
    </p>
   </div>
   <div class='ocr_carea' id='block_1_109' title="bbox 2417 5420 4086 5506">
    <p class='ocr_par' dir='ltr' id='par_1_109' title="bbox 2485 5420 4086 5506">
     <span class='ocr_line' id='line_1_109' title="bbox 2485 5420 4086 5506; baseline -0.012 -16"><span class='ocrx_word' id='word_1_896' title='bbox 2485 5436 2817 5506; x_wconf 86' lang='grc' dir='ltr'>τὸνόμισμα</span> <span class='ocrx_word' id='word_1_897' title='bbox 2878 5433 2990 5503; x_wconf 77' lang='grc' dir='ltr'>ἔχει</span> <span class='ocrx_word' id='word_1_898' title='bbox 3039 5430 3241 5503; x_wconf 86' lang='grc' dir='ltr'>χρυσὸν</span> <span class='ocrx_word' id='word_1_899' title='bbox 3296 5428 3392 5482; x_wconf 78' lang='grc' dir='ltr'>καὶ</span> <span class='ocrx_word' id='word_1_900' title='bbox 3440 5426 3625 5479; x_wconf 72' lang='grc' dir='ltr'>εἰκόνα</span> <span class='ocrx_word' id='word_1_901' title='bbox 3670 5422 3765 5476; x_wconf 77' lang='grc' dir='ltr'><strong>καὶ</strong></span> <span class='ocrx_word' id='word_1_902' title='bbox 3794 5421 3958 5490; x_wconf 77' lang='grc' dir='ltr'>λόγον</span> <span class='ocrx_word' id='word_1_903' title='bbox 3992 5420 4086 5473; x_wconf 73' lang='grc' dir='ltr'><strong>τοῦ</strong></span> 
     </span>
    </p>
   </div>
   <div class='ocr_carea' id='block_1_110' title="bbox 792 5506 2461 5599">
    <p class='ocr_par' dir='ltr' id='par_1_110' title="bbox 792 5525 2380 5595">
     <span class='ocr_line' id='line_1_110' title="bbox 792 5525 2380 5595; baseline 0 -16"><span class='ocrx_word' id='word_1_904' title='bbox 792 5536 875 5580; x_wconf 79' lang='lat' dir='ltr'><strong>est</strong></span> <span class='ocrx_word' id='word_1_905' title='bbox 906 5526 1033 5578; x_wconf 92' lang='lat' dir='ltr'><strong>unio</strong></span> <span class='ocrx_word' id='word_1_906' title='bbox 1060 5526 1113 5580; x_wconf 91' lang='lat' dir='ltr'><strong>in</strong></span> <span class='ocrx_word' id='word_1_907' title='bbox 1140 5541 1246 5580; x_wconf 88' lang='lat' dir='ltr'><strong>una</strong></span> <span class='ocrx_word' id='word_1_908' title='bbox 1282 5527 1443 5581; x_wconf 89' lang='lat' dir='ltr'><strong>trium</strong></span> <span class='ocrx_word' id='word_1_909' title='bbox 1492 5541 1848 5595; x_wconf 85' lang='lat' dir='ltr'><strong>personarum</strong></span> <span class='ocrx_word' id='word_1_910' title='bbox 1885 5528 2119 5581; x_wconf 84' lang='lat' dir='ltr'><strong>essentia</strong></span> <span class='ocrx_word' id='word_1_911' title='bbox 2148 5541 2211 5581; x_wconf 83' lang='lat' dir='ltr'><strong>ac</strong></span> <span class='ocrx_word' id='word_1_912' title='bbox 2243 5525 2380 5581; x_wconf 82' lang='lat' dir='ltr'><strong>divi-</strong></span> 
     </span>
    </p>
   </div>
   <div class='ocr_carea' id='block_1_111' title="bbox 2416 5506 4085 5599">
    <p class='ocr_par' dir='ltr' id='par_1_111' title="bbox 2490 5506 4085 5599">
     <span class='ocr_line' id='line_1_111' title="bbox 2490 5506 4085 5599; baseline -0.013 -17"><span class='ocrx_word' id='word_1_913' title='bbox 2490 5528 2773 5599; x_wconf 82' lang='grc' dir='ltr'>βασιλέως·</span> <span class='ocrx_word' id='word_1_914' title='bbox 2806 5525 2977 5587; x_wconf 79' lang='grc' dir='ltr'>οὕτως</span> <span class='ocrx_word' id='word_1_915' title='bbox 3004 5526 3062 5577; x_wconf 66' lang='grc' dir='ltr'><strong>ἐν</strong></span> <span class='ocrx_word' id='word_1_916' title='bbox 3092 5525 3157 5593; x_wconf 85' lang='grc' dir='ltr'><strong>τῇ</strong></span> <span class='ocrx_word' id='word_1_917' title='bbox 3188 5519 3432 5589; x_wconf 70' lang='grc' dir='ltr'>παναγίᾳ</span> <span class='ocrx_word' id='word_1_918' title='bbox 3466 5515 3656 5588; x_wconf 80' lang='grc' dir='ltr'>Τριὰδι</span> <span class='ocrx_word' id='word_1_919' title='bbox 3687 5512 4000 5582; x_wconf 72' lang='grc' dir='ltr'>ἀσῦγχυτος</span> <span class='ocrx_word' id='word_1_920' title='bbox 4054 5506 4085 5571; x_wconf 82' lang='grc' dir='ltr'>ἡ</span> 
     </span>
    </p>
   </div>
   <div class='ocr_carea' id='block_1_112' title="bbox 795 5603 3906 5687">
    <p class='ocr_par' dir='ltr' id='par_1_112' title="bbox 795 5603 3906 5687">
     <span class='ocr_line' id='line_1_112' title="bbox 795 5603 3906 5687; baseline -0.005 -16"><span class='ocrx_word' id='word_1_921' title='bbox 795 5617 981 5671; x_wconf 70' lang='grc' dir='ltr'>οιωιε.</span> <span class='ocrx_word' id='word_1_922' title='bbox 2488 5622 2683 5682; x_wconf 72' lang='grc' dir='ltr'>ἓνωσις</span> <span class='ocrx_word' id='word_1_923' title='bbox 2710 5620 2766 5672; x_wconf 83' lang='grc' dir='ltr'><strong>ὲν</strong></span> <span class='ocrx_word' id='word_1_924' title='bbox 2794 5614 3209 5687; x_wconf 77' lang='grc' dir='ltr'>τρισυποστὰτῳ</span> <span class='ocrx_word' id='word_1_925' title='bbox 3241 5612 3337 5681; x_wconf 83' lang='grc' dir='ltr'>μιᾷ</span> <span class='ocrx_word' id='word_1_926' title='bbox 3370 5607 3528 5675; x_wconf 72' lang='grc' dir='ltr'>οὐσίᾳ</span> <span class='ocrx_word' id='word_1_927' title='bbox 3550 5605 3643 5659; x_wconf 73' lang='grc' dir='ltr'>καὶ</span> <span class='ocrx_word' id='word_1_928' title='bbox 3672 5603 3906 5673; x_wconf 73' lang='grc' dir='ltr'>Θεότητι.</span> 
     </span>
    </p>
   </div>
   <div class='ocr_carea' id='block_1_113' title="bbox 876 5762 2611 5837">
    <p class='ocr_par' dir='ltr' id='par_1_113' title="bbox 876 5762 2611 5837">
     <span class='ocr_line' id='line_1_113' title="bbox 876 5762 2611 5837; baseline 0.002 -14"><span class='ocrx_word' id='word_1_929' title='bbox 876 5762 892 5795; x_wconf 65' lang='grc'>⁴</span> <span class='ocrx_word' id='word_1_930' title='bbox 924 5771 1067 5827; x_wconf 79' lang='lat' dir='ltr'><strong>Psal.</strong></span> <span class='ocrx_word' id='word_1_931' title='bbox 1099 5788 1214 5827; x_wconf 77' lang='lat' dir='ltr'><strong>cu.</strong></span> <span class='ocrx_word' id='word_1_932' title='bbox 1245 5772 1297 5823; x_wconf 77' lang='lat'><strong>3.</strong></span> <span class='ocrx_word' id='word_1_933' title='bbox 1376 5774 1395 5803; x_wconf 83' lang='lat'><strong>&#39;</strong></span> <span class='ocrx_word' id='word_1_934' title='bbox 1430 5772 1571 5829; x_wconf 77' lang='lat' dir='ltr'><strong>l’sal.</strong></span> <span class='ocrx_word' id='word_1_935' title='bbox 1620 5791 1676 5832; x_wconf 83' lang='grc' dir='ltr'><strong>ιι.</strong></span> <span class='ocrx_word' id='word_1_936' title='bbox 1706 5776 1757 5828; x_wconf 83' lang='lat'><strong>7.</strong></span> <span class='ocrx_word' id='word_1_937' title='bbox 1839 5775 1858 5806; x_wconf 87' lang='lat'><strong>&#39;</strong></span> <span class='ocrx_word' id='word_1_938' title='bbox 1882 5774 1995 5830; x_wconf 82' lang='lat' dir='ltr'><strong>Jocl</strong></span> <span class='ocrx_word' id='word_1_939' title='bbox 2022 5793 2079 5837; x_wconf 83' lang='grc' dir='ltr'>ιι,</span> <span class='ocrx_word' id='word_1_940' title='bbox 2112 5774 2212 5833; x_wconf 72' lang='lat'><strong>23;</strong></span> <span class='ocrx_word' id='word_1_941' title='bbox 2245 5776 2343 5829; x_wconf 82' lang='lat' dir='ltr'><strong>lsa.</strong></span> <span class='ocrx_word' id='word_1_942' title='bbox 2378 5790 2522 5828; x_wconf 72' lang='lat' dir='ltr'><strong>xur.</strong></span> <span class='ocrx_word' id='word_1_943' title='bbox 2560 5775 2611 5827; x_wconf 76' lang='lat'><strong>5.</strong></span> 
     </span>
    </p>
   </div>
  </div>
