4226 6316
220 390 310 448 853

1338 390 1681 447 DIALOGUS
1720 390 1808 445 DE
1849 390 1906 446 S.
1950 389 2342 452 'I‘RINITATE.

3352 411 3457 468 8ἶέ-

288 509 349 562 ’0
398 505 696 572 Ἰουδαῖοξ.
756 508 872 561 Κᾶν
928 508 1065 560 εἴπω
1107 507 1236 562 Θεὸν
1297 511 1387 563 τὸν
1440 510 1689 581 Χριστὸν,
1717 512 1777 563 οὐ
1811 513 1856 568 Α
1951 548 1957 564 ς

1811 513 1856 568 Α
1951 512 2194 568 Iudam.
2228 515 2447 570 Etiamsi
2498 517 2768 573 Christum
2815 521 3077 577 coniitear
3105 523 3272 594 Deum
3313 537 3456 590 eSse,

219 600 387 672 τολμῶ
415 599 593 669 λέγειν
623 600 782 654 αὑτὸν
809 599 1090 671 ὀμοούσιον
1112 600 1206 654 τοῦ
1234 603 1463 673 Πατρός.

290 693 350 746 '0
374 693 610 758 πιστός.
640 691 766 744 Ἐὰν
816 691 953 755 ὅλως
983 692 1251 764 καταδέξῃ
1297 693 1579 763 ὁμολογεῖν
1625 694 1784 748 αὑτὸν

216 785 352 851 Θεὸν,
388 783 677 863 γινώσκεις
707 782 950 854 ἀκριϐῶς
998 785 1093 838 καὶ
1127 785 1531 855 ἀναμφιϐόλως,
1565 787 1646 839 ὅτι
1692 787 1788 842 αύ-

215 876 294 940 τδς
334 874 558 945 φωτίζει
590 891 648 927 σε
678 874 765 928 διὰ
800 874 908 929 τῶν
941 875 1102 930 θείων
1157 877 1385 948 Γραφῶν
1429 878 1522 932 καὶ
1572 896 1786 950 προφη-

215 966 331 1028 τῶν,
361 969 443 1040 ὅτι
473 966 606 1030 Θεός
643 967 792 1020 ἐστιν
823 969 852 1021 6
897 968 1026 1032 Υἱὸς
1060 970 1404 1041 προαιὼνιος,
1431 972 1491 1024 οὐ
1524 972 1787 1042 σχετικῶς

216 1057 384 1122 καθὼς
409 1060 458 1111 ol
491 1057 666 1111 λοιτιτολ⁵
698 1058 992 1131 ἄνθρωποι,
1025 1060 1160 1113 ἀλλὰ
1186 1063 1449 1130 φυσικῶς,
1485 1063 1560 1126 ὡς
1593 1064 1706 1131 φῶς
1727 1064 1789 1116 ἐκ

215 1150 400 1220 φωτὸς,
428 1152 522 1203 καὶ
560 1144 693 1215 Θεὸς
719 1153 784 1204 ἐκ
808 1151 966 1206 Θεοῦ.
999 1151 1138 1206 Οὔτε
1166 1152 1272 1224 γὰρ
1292 1153 1366 1216 ὡς
1410 1152 1663 1224 Ἀϐραὰμ
1695 1154 1789 1208 καὶ

226 1241 402 1310 Ἰσαάκ
427 1242 520 1294 καὶ
562 1241 762 1295 ’Ῑακὼϐ
794 1244 944 1313 τρεῖς
971 1242 1111 1295 εἰσιν
1141 1243 1417 1314 ἄνθρωποι
1457 1244 1517 1309 ἐξ
1544 1243 1789 1315 ἀλλήλων

218 1335 626 1407 μεμερισμένοι,
676 1333 819 1387 οὕτω
864 1332 1096 1402 λέγομεν
1128 1335 1347 1404 Πατέρα
1396 1335 1490 1388 καὶ
1517 1335 1646 1388 Υῐὸν
1688 1323 1792 1388 ’καὶ

215 1427 360 1496 ἅγιον
391 1425 632 1496 Πνεῦμα.
659 1423 796 1479 Οὔτε
825 1422 1013 1496 ὥσπερ
1042 1427 1191 1494 τρεῖς
1219 1425 1501 1496 λαμπάδες
1527 1426 1792 1498 διῃρημέο

1885 602 2032 658 Patri
2062 613 2239 660 tamen
2272 607 2783 664 consubstantialem
2825 626 2929 666 non
2967 612 3136 667 ausim
3168 613 3457 671 aﬂirmare.

1958 697 2315 753 Christianus.
2349 698 2405 752 Si
2433 699 2655 756 omnino
2699 716 2821 756 eum
2850 703 3052 775 recipis
3088 703 3160 759 ita
3196 701 3252 760 ut
3288 706 3455 762 Deum

1886 787 2216 854 conﬁtearis,
2260 804 2452 844 nosces
2479 774 2730 846 accurate
2777 801 2830 846 et
2867 774 3144 850 evidenter
3175 797 3316 867 quod
3344 788 3460 867 ipse

1890 888 1943 934 te
1975 894 2070 948 per
2109 895 2293 936 sacras
2313 877 2625 951 Scripturas
2647 891 2701 938 et
2736 899 2834 954 per
2872 888 3160 958 prophetas
3187 889 3458 945 illumina-

1890 971 1990 1034 bit,
2012 970 2193 1040 sitque
2227 970 2367 1027 Deus
2399 972 2569 1030 Filius
2591 983 2847 1037 aeternus,
2877 991 2979 1030 non
3009 993 3105 1047 per
3143 979 3456 1036 relationem

1889 1063 2028 1119 sicut
2048 1065 2225 1120 caeteri
2249 1063 2511 1132 homines,
2545 1067 2637 1120 sed
2673 1080 2768 1136 per
2809 1075 3075 1136 naturam,
3106 1080 3161 1125 ut
3191 1072 3370 1126 lumen
3396 1073 3461 1127 de

1890 1156 2108 1223 lumine,
2137 1165 2191 1213 et
2224 1158 2364 1212 Deus
2397 1171 2463 1212 ex
2517 1157 2642 1214 Deo.
2676 1158 2790 1214 Non
2823 1162 2965 1217 enim
3000 1161 3137 1217 sicut
3164 1163 3459 1230 Abraham,

1891 1249 2040 1304 Isaac
2069 1256 2123 1303 et
2144 1247 2310 1305 Jacob
2341 1259 2452 1303 tres
2482 1258 2610 1305 sunt
2634 1250 2878 1309 homines
2909 1267 2975 1307 es
3011 1251 3240 1308 invicem
3269 1255 3460 1311 distin-

1891 1341 1987 1404 cti,
2014 1341 2092 1395 sic
2118 1339 2354 1406 Patrem,
2404 1339 2598 1397 Filium
2637 1352 2692 1398 et
2721 1341 2982 1413 Spiritum
3029 1352 3276 1400 sanetum
3326 1346 3461 1400 dici-

1895 1446 2047 1498 mus;
2082 1447 2257 1502 neque
2301 1443 2358 1488 ut
2388 1441 2501 1489 tres
2533 1433 2768 1491 lucernas
2810 1435 3099 1502 distinctae,
3124 1445 3216 1492 aut
3242 1446 3349 1492 tres
3372 1451 3462 1493 se-

214 1533 314 1582 ναι,
345 1516 379 1586 ἢ
423 1519 573 1585 τρεῖς
612 1514 793 1569 στύλοι
825 1514 1245 1599 κεχωρισμένοι,
1283 1517 1314 1585 ἢ
1357 1515 1546 1586 ὥσπερ
1574 1515 1792 1586 Μιχαὴλ

1893 1529 2094 1592 parata
2125 1520 2418 1587 columnas;
2446 1536 2618 1592 neque
2642 1522 2782 1585 sicut
2809 1522 3033 1580 Michael
3056 1532 3110 1581 et
3126 1523 3363 1594 Gabriel,
3389 1527 3463 1582 ita

215 1612 302 1664 καὶ
332 1610 373 1661 Γ
375 1608 600 1681 αϐριὴλ,
646 1607 817 1672 οὕτως
863 1608 1157 1678 ἀπέχουσιν
1189 1607 1434 1679 ἀλλήλων
1466 1607 1658 1678 Πατὴρ
1699 1607 1794 1662 καὶ

1896 1613 2122 1669 invicem
2146 1613 2374 1682 sejuncti
2417 1622 2544 1668 sunt
2583 1611 2742 1670 Pater
2770 1622 2825 1668 et
2861 1613 3064 1680 Filius;
3096 1631 3268 1685 neque
3321 1617 3465 1673 sicut

217 1703 355 1766 Υἱός·
391 1702 513 1755 ούτε
547 1701 735 1773 ὥσπερ
765 1701 934 1771 Ἀδὰμ
966 1700 1263 1772 γεγέννηκε
1291 1701 1384 1755 τὸν
1417 1701 1603 1764 Ἀϐελ,
1625 1702 1795 1765 οὕτως

1792 1719 1795 1730 ’
1894 1703 2062 1759 Adam
2091 1705 2311 1760 Abeiem
2338 1707 2544 1774 genuit,
2581 1705 2653 1759 ita
2687 1705 2827 1761 Deus
2863 1706 3049 1777 genuit
3084 1706 3282 1764 Filium
3317 1719 3461 1765 utex

215 1795 396 1856 όΘεὸς
429 1794 728 1863 γεγέννηκε
775 1793 905 1845 Υἱὸν
963 1791 1328 1864 ἐκπορευτῶς,
1391 1793 1486 1846 καὶ
1532 1792 1788 1862 ρευστῶς,
1823 1864 1857 1868 _

1823 1864 1857 1868 _
1895 1811 1953 1852 se
1978 1797 2346 1866 egrederetur,
2386 1795 2650 1862 eﬂlueret,
2693 1797 2943 1852 seminali
2985 1807 3034 1854 et
3069 1800 3336 1868 corporali
3376 1815 3463 1853 ra-

220 1885 473 1958 σπαρτῶς
529 1886 620 1938 καὶ⁹
670 1885 1024 1955 σωματικῶς,
1056 1884 1270 1952 ἀπαγεῑ
1329 1885 1406 1937 Οῢ
1457 1885 1565 1955 γὰρ
1605 1884 1791 1956 ὥσπερ
1823 1864 1867 1920 Β

1823 1864 1867 1920 Β
1902 1864 2063 1940 tione.
2096 1885 2309 1955 Apage!
2351 1883 2469 1941 Non
2515 1887 2658 1940 enim
2706 1887 2846 1945 sicut
2879 1900 2977 1957 ego
3011 1864 3181 1956 ρτίοιί
3198 1903 3316 1942 sum
3358 1887 3467 1945 lilio

220 1977 528 2049 προτερεύω
557 1976 667 2045 ἐγὼ
703 1976 796 2030 καὶ
837 1975 1036 2047 μείζων
1081 1977 1196 2046 εἰμὶ
1214 1974 1308 2029 τοῦ
1333 1976 1466 2046 ἐμοῦ
1490 1977 1630 2042 υἱοῦ,
1652 1975 1793 2030 οὕτω

1900 1995 2021 2036 meo
2050 1980 2347 2050 majorque,
2376 1982 2445 2034 ita
2477 1990 2530 2036 et
2558 1981 2719 2036 Pater
2747 1990 2801 2037 et
2828 1982 2968 2038 Deus
2998 1992 3079 2036 est
3097 1990 3219 2038 ante
3244 1982 3463 2047 Filium.

217 2071 357 2124 καίιό
391 2069 577 2140 Πατὴρ
632 2069 728 2122 καὶ⁵
777 2067 908 2130 Θεὸς
939 2067 1282 2137 προϋπάρχει
1325 2066 1417 2119 τοῦ
1468 2064 1622 2120 Υἱοῦ.
1654 2066 1792 2119 Ἀλλ’

1903 2069 2006 2124 Sed
2044 2069 2203 2124 simul
2259 2070 2438 2134 Pater,
2500 2069 2659 2125 simul
2688 2070 2876 2138 Filius,
2931 2083 2989 2126 ut
3020 2073 3177 2130 simul
3205 2087 3326 2126 eum
3380 2073 3466 2125 die

219 2162 328 2232 ἅμα
365 2160 574 2231 Πατὴρ,
615 2160 732 2229 ἆμα
765 2157 914 2219 Υἱὸς,
945 2157 1022 2219 ὡς
1058 2157 1174 2226 ἀμα
1205 2157 1387 2228 ἡμέρᾳ
1417 2156 1478 2209 τὸ
1510 2158 1644 2225 φῶς.
1687 2156 1795 2210 Καὶ

1903 2161 2020 2226 lux;
2076 2173 2131 2216 et
2183 2163 2632 2231 quemadmodum
2677 2163 2838 2219 simul
2865 2163 3004 2228 dies.
3035 2163 3204 2219 solet
3249 2165 3360 2231 lux,
3388 2165 3466 2218 sie

216 2273 402 2343 ὥσπερ
428 2273 540 2342 ἅμα
575 2273 608 2342 ἡ
644 2271 827 2342 ἡμέρα
869 2269 963 2323 καὶ
988 2271 1015 2323 6
1039 2271 1190 2341 ἥλιος
1233 2271 1324 2323 καὶ
1355 2271 1414 2323 τὸ
1435 2271 1568 2339 φῶς,
1623 2269 1795 2332 οὕτως

1901 2253 2057 2307 simul
2099 2263 2224 2307 sunt
2284 2253 2463 2318 Pater,
2495 2254 2662 2308 Filius
2703 2265 2758 2308 et
2795 2253 3048 2324 Spiritus.
3104 2254 3214 2310 Nec
3243 2255 3467 2322 dixeris,

218 2365 350 2432 ἅμα
368 2340 561 2434 Πατὴρ
599 2340 700 2415 καὶ
741 2363 866 2431 Υἱὸς
893 2363 985 2416 καὶ
1013 2340 1074 2416 τὸ
1100 2363 1342 2434 Πνεῦμα.
1371 2364 1479 2416 Καὶ
1507 2362 1581 2433 μὴ
1614 2362 1792 2433 εἴπῃς,

1903 2342 2179 2410 Quomodo
2207 2342 2358 2396 inec?
2381 2351 2507 2396 sunt
2528 2343 2672 2397 enim
2697 2358 2855 2412 supra
2872 2343 3112 2398 modum.
3133 2340 3211 2396 Ne
3239 2342 3468 2404 dixeris,

217 2454 337 2518 Πῶς
363 2457 470 2507 εισι
492 2452 701 2516 ταῦτα;
731 2454 870 2524 ὑπὲρ
904 2453 1010 2525 γὰρ
1034 2455 1093 2506 τὸ
1125 2454 1242 2526 πῶς
1263 2453 1459 2508 ταῦτα.
1489 2453 1578 2522 Μὴ
1604 2453 1793 2526 εἴπῃς,

218 2544 357 2614 Ποεῳ
391 2544 607 2615 τρόπῳς
650 2544 790 2614 ὑπὲρ
837 2542 946 2613 γὰρ
995 2543 1218 2614 τρόπον,
1262 2542 1352 2595 τοῦ
1383 2542 1518 2594 Θεοῦ
1556 2545 1583 2594 ὁ
1618 2544 1794 2604 τόκος.

216 2635 304 2706 Μὴ
344 2635 528 2705 εἴπῃς.
559 2635 705 2704 note
733 2634 907 2704 λόγιρς
949 2635 1088 2705 ὑπὲρ
1126 2634 1282 2702 λόγον
1311 2637 1338 2687 ὁ
1367 2635 1558 2702 Λόγος-
1588 2633 1676 2702 Μὴ
1701 2630 1797 2703 ξή-

215 2743 312 2791 τει,
350 2727 496 2796 Ποίῳ
527 2725 738 2795 χρόνῳζ
774 2725 915 2796 ὑπὲρ
963 2725 1071 2795 γὰρ
1118 2724 1306 2796 χρόνον
1349 2726 1377 2775 ὁ
1417 2723 1664 2793 ἄχρονος.
1706 2724 1796 2794 Μὴ

217 2816 402 2887 εἴπῃς,
446 2817 534 2868 Ἐν
572 2817 711 2885 ποίῳ
761 2816 946 2886 τόπῳ;
976 2815 1116 2887 ὑπὲρ
1139 2815 1245 2887 γὰρ
1278 2817 1460 2868 τόπον.
1493 2815 1583 2886 Μὴ
1627 2814 1796 2886 ζήτει,

225 2909 316 2962 Ἐν
365 2907 496 2979 ποίᾳ
542 2909 719 2978 ἀρχῇ;
759 2908 896 2978 ὑπὲρ
944 2906 1117 2978 ἀρχὴν
1166 2906 1332 2977 γὰρὴ
1364 2908 1596 2978 ἄναρχος
1630 2909 1796 2978 ἀρχή.

219 3000 526 3070 Προσκύνει
565 2999 696 3051 Θεὸν
736 2999 809 3069 μὴ
857 2998 1092 3068 ἐρευνῶν
1125 2998 1277 3052 Θεόν.
1328 2998 1606 3066 Ὀμολόγει
1632 3000 1802 3051 Πατέ-

220 3109 308 3161 ρα,
340 3091 478 3144 ἀλλὰ
508 3092 580 3162 μὴ
606 3089 757 3161 ζήτει
792 3091 852 3142 τὸ
879 3092 1111 3162 πρᾶγμα
1138 3089 1231 3143 τοῦ
1258 3091 1397 3143 κατά
1438 3090 1568 3143 Θεὸν
1594 3107 1799 3162 μυστη-

1903 2437 2018 2501 Qua
2055 2434 2293 2493 ratione?
2323 2449 2484 2502 supra
2547 2434 2814 2492 rationem
2851 2434 2994 2492 enim
3048 2433 3140 2488 Dei
3171 2431 3468 2498 generatio.

1906 2525 1982 2581 Ne
2010 2526 2176 2589 dicas,
2220 2525 2336 2592 Quo
2368 2525 2629 2580 consilio?
2667 2526 2893 2590 consilio
2937 2525 3184 2595 superius
3216 2523 3308 2579 Dei
3339 2525 3472 2580 Ver—

1908 2620 2053 2671 bum.
2087 2616 2164 2673 Ne
2187 2632 2420 2686 qua'ras,
2462 2618 2578 2684 Quo
2610 2619 2884 2686 tempore?
2914 2633 3074 2687 supra
3099 2626 3305 2686 tempus
3327 2617 3470 2672 enim

1907 2710 1996 2778 qui
2033 2709 2288 2777 temporis
2311 2724 2508 2777 expers
2541 2719 2624 2764 est
2652 2717 2709 2763 et
2732 2718 2993 2764 aeternus.
3017 2707 3094 2765 Ne
3130 2708 3300 2776 dicas,
3332 2709 3474 2774 Quo-

1909 2814 2028 2852 nam
2065 2798 2214 2853 loco?
2266 2815 2385 2852 nam
2411 2809 2490 2852 est
2519 2814 2680 2867 supra
2719 2799 2920 2851 locum.
2946 2796 3024 2852 Ne
3056 2796 3472 2867 quatritOLQuo-

1910 2907 2030 2944 nam
2073 2891 2375 2960 principio?
2413 2906 2572 2960 super
2606 2891 2928 2960 principium
2962 2893 3103 2943 enim
3154 2901 3238 2944 est
3284 2906 3476 2944 carens

1909 2983 2169 3050 principio
2231 2982 2572 3050 principium.
2629 2981 2805 3038 Adora
2887 2981 3078 3044 Deum,
3116 2995 3185 3034 ne
3233 2991 3476 3036 scrutare

1910 3075 2097 3128 Deum.
2128 3073 2402 3130 Confitere
2428 3072 2664 3135 Patrem,
2696 3074 2788 3128 sed
2811 3086 2880 3126 ne
2917 3073 3141 3140 quaerito
3183 3071 3346 3126 divini
3381 3087 3475 3124 na-

221 3186 356 3256 ρίου.
390 3186 621 3237 Πίστευε
651 3187 730 3247 εἰς
758 3185 907 3247 Υιὸν,
951 3186 1026 3255 μὴ
1054 3182 1321 3254 ψηλαφῶν
1342 3183 1431 3236 τὸν
1458 3183 1657 3253 τρόπον
1705 3184 1800 3250 τῆς
1828 3211 1875 3276 C

1828 3211 1875 3276 Ο
1911 3174 2083 3218 turam
2109 3166 2368 3234 mysterii.
2401 3164 2572 3219 Crede
2599 3166 2651 3218 in
2683 3164 2897 3228 Filium,
2940 3178 3039 3217 nec
3069 3163 3317 3218 manibus
3356 3165 3473 3239 pal-

1909 3257 2063 3276 μμε
2785 3256 3141 3276 --ηηημημ
3190 3255 3317 3276 νη,
3360 3272 3446 3276 ___

219 3276 566 3346 προανόιρχου
626 3279 954 3344 γεννήσεως.
1005 3275 1259 3346 Ἀνύμνει
1305 3275 1366 3326 τὸ
1424 3274 1666 3345 Πνεῦμα,
1731 3273 1803 3343 μὴ

221 3366 694 3437 πολυπραγμονῶν
725 3366 783 3418 τὸ
810 3367 994 3436 χρῆμα
1024 3366 1122 3434 τῆς
1151 3365 1550 3435 ἐκπορεύσεως.
1587 3366 1806 3433 Μυστή-

222 3476 335 3528 ριον
356 3459 466 3528 γὰρ
501 3457 1050 3528 καταλαμϐανόμενον
1083 3457 1267 3512 ούκέτι
1308 3456 1456 3528 μένει
1488 3458 1801 3525 μυστήριον·

222 3551 328 3602 πᾶν
363 3550 422 3603 δὲ
445 3550 503 3602 τὸ
560 3551 633 3619 μὴ
682 3549 741 3600 ὂν
779 3550 1096 3620 μυστήριον,
1119 3548 1269 3600 οὐδέν
1308 3550 1424 3600 ἐστι
1459 3546 1808 3615 θαυμαζόμε-

221 3657 328 3694 νον.
351 3641 520 3694 Ὅσον
543 3637 636 3694 οὖν
656 3641 947 3712 -ἐρευνᾶται
970 3640 1122 3706 Θεὸς,
1141 3639 1394 3693 τοσοῦτον
1416 3640 1574 3693 πλέον
1602 3642 1807 3708 ἀγνοεῖ-

222 3748 313 3784 ται
372 3731 470 3784 καὶ
501 3731 822 3802 κρύπτεται’
870 3731 963 3782 καὶ
991 3730 1114 3783 ὅσον
1149 3729 1545 3783 καταδιώκεται
1598 3731 1689 3783 καὶ
1722 3729 1808 3795 ἐξ·

223 3824 541 3894 ιρευνᾶται,
579 3820 835 3873 τοσοῦτον
863 3820 1023 3873 πλέον
1057 3821 1117 3873 οὐ
1158 3821 1655 3891 καταλαμϐάνεται,
1689 3820 1809 3872 οὐδὲ

225 3912 581 3983 φανεροῦται·
621 3913 715 3964 καὶ
736 3913 858 3964 ὅσον
892 3911 1230 3981 ψηλαφᾶται,
1266 3910 1502 3980 τοσούτῳ
1548 3911 1706 3963 πλέον
1750 3912 1809 3965 ού

224 4003 494 4072 φθάνεται
541 4002 660 4054 ούδέ
696 4002 1028 4072 εὑρίσκεται.
1065 4003 1273 4065 Πάντες
1307 4003 1355 4053 οἱ
1404 4001 1537 4060 Θεὸν
1585 4000 1812 4071 ἐρευνή-

227 4110 447 4156 σαντες,
500 4093 656 4147 σκιάν
686 4093 958 4165 κρατῆσαι
1015 4092 1353 4146 ἐσπούδασαν
1375 4109 1386 4119 '
1425 4092 1518 4145 καὶ
1544 4093 1658 4144 ὅσοι
1682 4091 1813 4143 Θεὸν

227 4184 426 4256 μαθεῖν
473 4183 822 4253 ἐδοκίμασαν,
871 4181 1103 4253 ἀνέμους
1155 4182 1475 4235 ἀποκλεῖσαι
1526 4183 1582 4233 ἐν
1631 4180 1814 4249 κόλπῳ

220 4275 524 4344 ἠθέλησαν-
555 4274 644 4326 καῖ
672 4275 786 4326 ὅσοι
817 4273 1145 4327 καταλαϐεῖν
1177 4273 1273 4342 τὴν
1315 4273 1543 4343 θεότητα
1568 4272 1818 4343 νομίζου-

223 4381 332 4430 σιν,
373 4365 623 4418 ἐνύπνιον
669 4365 760 4417 καὶ
790 4363 1092 4432 φαντασίαν
1121 4363 1438 4433 κατέχουσιύ
1456 4364 1551 4416 καὶ
1580 4364 1692 4415 ὅσοι
1720 4361 1816 4430 βαι

223 4454 390 4510 θῦναι
415 4456 546 4526 περὶ
566 4455 700 4508 Θεοῦ
735 4454 946 4524 φύσεως
983 4454 1260 4525 ἐνόμισαν,
1295 4456 1373 4517 εἰς
1400 4454 1637 4525 αἱρέσεις
1664 4453 1819 4524 ἐτρά-

225 4560 436 4617 πησαψ
495 4547 588 4599 καὶ
633 4547 747 4598 ὅσοι
791 4544 926 4598 Θεοῦ
973 4543 1220 4612 λέγουσιν
1267 4546 1347 4597 ὅτι
1378 4544 1638 4612 ἔφθασαν,
1694 4543 1812 4597 οὐδὲ
1841 4563 1892 4623 Β

227 4637 448 4705 ρανίδος
503 4637 567 4688 ἐκ
612 4636 792 4706 πάσης
849 4637 948 4705 τῆς
1001 4635 1239 4712 ἀϐύσσου
1298 4636 1626 4705 ἐκράτησαν,
1681 4632 1819 4687 ἀλλὰ

227 4726 400 4780 σκιὰν
429 4724 856 4788 καταδιώξαντες
898 4725 998 4777 οὐκ
1032 4725 1293 4792 ἔφθασαν.

302 4910 503 4971 Πίστις
540 4906 641 4961 οὖν
673 4906 761 4965 διὰ,
793 4905 952 4959 τοῦτο
985 4906 1194 4970 ἀκούει,
1228 4907 1309 4958 ὅτι
1344 4905 1451 4967 πᾶς
1478 4905 1507 4956 6
1541 4902 1815 4956 πιστεύων

223 5003 332 5058 οὐκ
368 5001 590 5073 ἐρευνᾷ,
620 4999 695 5062 ὡς
727 4999 774 5051 οἱ
808 4997 1050 5057 ἄπιστοι,
1071 4996 1223 5050 Θεόν.
1257 4998 1369 5051 Καὶ
1399 4997 1450 5049 τί
1478 4993 1817 5063 λέγωΘεόνς

226 5095 358 5155 οὐδὲ
402 5093 476 5146 τὰ
520 5093 613 5145 τοῦ
660 5089 798 5144 Θεοῦ
853 5090 1134 5161 ποιήματα.
1197 5089 1506 5159 ἀνθρώποις
1558 5085 1817 5155 εὔληπτα.

229 5186 376 5243 Εἰπὲ
424 5185 534 5255 γάρ
577 5202 667 5254 μοι
721 5184 820 5249 σὺ,
871 5185 899 5234 ὁ
941 5182 1109 5235 θέλων
1156 5182 1442 5252 ἐξερευνᾷν
1485 5181 1579 5234 καὶ
1626 5178 1820 5250 μαθεῖν

233 5277 411 5348 φύσιν
447 5275 605 5341 Θεοῦ,
641 5275 744 5329 ποῦ
775 5275 913 5328 εῑσῖν
941 5276 996 5328 οἱ
1046 5273 1296 5343 ἀγγελοι;
1335 5274 1430 5326 καὶ
1472 5271 1645 5326 ὁποῖοί
1684 5273 1820 5334 siet;

231 5371 334 5425 καὶ
360 5369 504 5422 πότε
538 5368 820 5434 ἐγένοντο;
857 5367 952 5420 καὶ
994 5366 1156 5420 πόθεν
1191 5365 1573 5431 συνίστανταις
1617 5364 1710 5417 καὶ
1735 5361 1822 5415 διὰ

231 5462 288 5516 τι
321 5465 389 5517 οὐ
425 5461 736 5532 φαίνονταις
771 5462 864 5514 καὶ⁴
909 5460 989 5523 τίς
1023 5463 1170 5513 ἐστιν
1213 5461 1246 5529 ἠ
1296 5458 1453 5527 φύσις
1484 5456 1697 5520 αύτῶν;
1731 5458 1824 5507 καὶ

231 5553 433 5607 ὁποῖόν
477 5551 593 5603 ἐστι.
626 5549 688 5602 τὸ
735 5553 920 5620 σχῆμα
955 5549 1166 5614 αὐτῶν,
1218 5549 1311 5601 καὶ
1349 5549 1380 5617 ἠ
1417 5546 1566 5616 φωνὴ
1612 5543 1822 5610 αὐτῶν,

234 5642 384 5694 καὶὸ
424 5639 654 5711 δρόμος;
686 5638 760 5691 Οὐ
797 5638 958 5707 μόνον
988 5638 1044 5690 δὲ
1080 5639 1209 5710 περὶ
1249 5637 1491 5705 ἀγγέλων
1515 5635 1719 5706 ἐρευνῶ
1744 5653 1823 5703 σε,

233 5732 384 5786 ἁ).λά
422 5731 518 5784 καὶ
558 5726 967 5800 περὶόὒρανοῦ.
1007 5729 1194 5783 Ὀποία
1218 5730 1364 5783 ἐστὶν
1387 5770 1401 5794 ,
1442 5729 1564 5782 εἰπέ
1624 5747 1748 5799 μοι,
1793 5731 1826 5799 ἡ

240 5825 419 5884 φύσις
444 5820 628 5883 αὑτοῦ,
667 5822 759 5873 καὶ
791 5821 828 5890 ἡ
850 5820 1066 5884 ἔκτασις
1095 5819 1185 5873 τοῦ
1218 5822 1482 5884 πλάτουςς
1526 5820 1616 5873 καὶ
1663 5821 1823 5874 πόσον

1906 3272 2033 3326 pare
2053 3257 2266 3311 institue
2294 3258 2748 3313 motlutn.:etern:e
2779 3256 3162 3327 generationis.
3190 3255 3322 3309 Nam
3359 3272 3476 3326 my.-

1907 3350 2130 3404 sterium
2173 3349 2213 3402 si
2249 3348 2722 3415 comprehenditur
2760 3364 2866 3402 non
2897 3348 3128 3419 amplius
3157 3349 3479 3419 mysterium

1910 3449 2110 3504 manet,
2147 3438 2404 3507 quidquid
2438 3454 2563 3493 vero
2615 3437 2936 3509 mysterium
2973 3450 3077 3493 non
3128 3447 3230 3502 est,
3274 3438 3327 3492 id
3370 3454 3476 3493 non

1909 3529 2139 3597 amplius
2161 3543 2440 3581 miramur.
2463 3528 2676 3594 Quanto
2710 3528 2880 3597 magis
2911 3527 3074 3598 igitur
3104 3538 3351 3582 naturam
3378 3527 3473 3581 Dei

1909 3621 2187 3682 scrutaris,
2249 3629 2404 3674 tanto
2457 3620 2626 3690 magis
2695 3618 2976 3687 ignorat‘ur
3032 3618 3476 3688 occultatnrque;

1911 3726 2018 3780 quo
2047 3712 2214 3780 magis
2257 3725 2382 3763 eum
2424 3711 2722 3778 insequeris
2755 3718 2809 3765 et
2833 3710 3096 3779 exquiris,
3127 3719 3276 3764 tanto
3304 3709 3480 3764 minus

1913 3801 2388 3865 comprehenditur
2451 3811 2506 3855 et
2566 3799 2982 3865 manifestatur;
3045 3812 3248 3870 quanto
3309 3799 3483 3870 magis

1913 3894 2126 3948 cena-ris
2162 3907 2282 3946 eum
2313 3895 2558 3946 manibus
2594 3893 2834 3961 palpare,
2870 3901 3017 3947 tanto
3045 3891 3480 3961 apparetminus,

1915 3986 2199 4054 minusque
2223 3987 2508 4054 reperitur.
2533 3983 2736 4039 Omnes
2769 3992 3032 4054 quotquot
3060 3983 3290 4038 scrutari
3314 3983 3481 4038 Deum

1914 4076 2153 4148 aggressi
2201 4085 2347 4142 sunt,
2375 4075 2618 4129 mnbram
2643 4074 3103 4143 comprehendere
3127 4075 3480 4139 studuerunt;

1914 4180 1967 4226 et
2000 4178 2262 4239 quotquot
2315 4167 2406 4222 Dei
2459 4177 2706 4221 naturam
2741 4167 3093 4220 instituerunt
3141 4173 3479 4234 perspectam

1917 4244 2138 4325 habere,
2179 4268 2364 4314 ventos
2405 4259 2522 4312 sinu
2572 4257 2895 4312 concludere
2933 4255 3250 4318 voluerunt;
3286 4253 3484 4322 quique

1918 4354 2231 4410 existimant
2257 4353 2588 4420 divinitatem
2618 4366 2676 4404 se
2703 4349 3178 4417 comprehendere,
3212 4346 3480 4400 somnium

1918 4456 1973 4502 et
2003 4445 2441 4513 imaginationem
2472 4443 2900 4510 amplectuntur;
2931 4448 2985 4497 et
3017 4439 3105 4507 qni
3133 4439 3197 4492 ad
3221 4435 3483 4507 profunda

1920 4545 2126 4591 naturae
2151 4534 2240 4586 Dei
2275 4532 2373 4587 visi
2392 4541 2517 4587 sunt
2546 4530 2646 4584 sibi
2675 4539 3010 4599 penetrasse,
3048 4527 3103 4580 in
3137 4525 3370 4579 haereses
3400 4525 3485 4577 in-

1922 4628 2196 4690 ciderunt;
2223 4633 2278 4678 et
2315 4623 2405 4692 qui
2452 4625 2616 4676 Deum
2649 4634 2708 4676 se
2749 4620 2899 4675 aiunt
2929 4627 3224 4680 assecutos,
3273 4631 3338 4670 ne
3367 4623 3486 4686 gut-

1923 4719 2086 4773 tulam
2110 4717 2324 4787 quidem
2353 4730 2420 4769 ex
2446 4715 2694 4768 universa
2721 4712 2915 4782 abysso
2937 4707 3485 4778 comprehenderunt,

1921 4810 2014 4866 sed
2046 4810 2292 4864 umbram
2326 4805 2598 4877 persecuti
2631 4805 2785 4872 longe
2816 4805 3029 4858 absunt.

1993 4901 2176 4969 itaque
2204 4900 2323 4953 ideo
2358 4898 2489 4951 ﬁdes
2515 4903 2876 4964 nuncupatur,
2919 4893 3061 4960 quod
3093 4891 3337 4961 quisquis
3367 4903 3485 4943 cre-

1922 4993 1999 5048 dit
2020 4991 2328 5060 neutiquam
2351 4995 2622 5044 scrutatur
2654 4990 2847 5047 Deum,
2876 4991 2934 5038 ut
2967 4982 3059 5050 qui
3083 4979 3244 5035 alieni
3305 4995 3336 5036 a
3387 4978 3505 5035 lide-

1923 5093 2070 5140 sunt.
2111 5083 2188 5137 Ac
2235 5082 2364 5151 quid
2393 5079 2513 5135 dico
2560 5077 2770 5134 Deum?
2809 5090 2933 5130 nam
2973 5087 3049 5135 ne
3074 5085 3237 5140 opera
3275 5069 3506 5140 quidem-

1926 5193 1953 5231 a
1992 5178 2099 5230 Deo
2123 5174 2338 5228 condita
2369 5178 2597 5240 possunt
2621 5168 2688 5224 ab
2714 5165 3022 5224 hominibus
3055 5161 3212 5216 facile
3243 5159 3488 5230 intelligi.

1933 5269 2106 5324 Dicito
2142 5265 2284 5322 enim
2325 5275 2376 5317 tu
2420 5263 2550 5318 mihi
2577 5260 2668 5330 qui
2696 5255 2991 5315 exserutari
3016 5264 3266 5309 naturam
3299 5251 3394 5306 Dei
3439 5259 3496 5305 et

1929 5368 2265 5433 perspectam
2307 5358 2509 5411 habere
2547 5356 2742 5423 cupis,
2784 5351 2999 5417 ubinam
3024 5358 3150 5403 sunt
3194 5345 3391 5414 angeli,
3439 5353 3493 5398 et

1925 5454 2112 5524 quales
2130 5461 2181 5507 et
2207 5451 2421 5520 quando
2439 5448 2562 5503 facti
2587 5454 2731 5512 sunt,
2754 5453 2914 5512 atque
2931 5442 3072 5497 unde
3095 5440 3410 5502 constitere,
3435 5448 3490 5490 et

1929 5562 2096 5616 quare
2133 5561 2235 5597 non
2275 5551 2588 5604 cernuntur,
2628 5548 2681 5592 et
2723 5551 2966 5607 quasnam
3007 5542 3090 5589 est
3123 5534 3360 5601 ipsorum
3395 5545 3489 5582 na-

1931 5649 2072 5703 tura,
2096 5647 2148 5688 et
2170 5633 2344 5702 qualis
2379 5633 2549 5701 ﬁgura
2581 5631 2816 5699 ipsorum
2833 5635 3006 5684 εινοι
3029 5621 3364 5690 cursusque?
3385 5619 3493 5674 Nec

1928 5729 1992 5781 de
2048 5725 2254 5796 angelis
2302 5722 2473 5777 solum
2524 5735 2590 5775 ex
2639 5729 2687 5772 te
2723 5730 2981 5786 quaeram,
3029 5713 3120 5768 sed
3151 5720 3205 5766 et
3239 5712 3303 5765 de
3355 5710 3493 5764 cmlo

1931 5832 2161 5888 quoque.
2197 5815 2323 5881 Quae
2357 5825 2471 5878 est,
2516 5813 2602 5867 dic
2646 5809 2811 5875 mihi,
2858 5807 2974 5877 ejus
3020 5814 3208 5859 natura
3235 5842 3249 5869 ,
3291 5816 3408 5872 que
3440 5801 3493 5856 iu
