4226 6316
2095 396 2475 455 HIERONYJII
2513 395 2744 456 οιιιεοι

3937 392 4036 445 £38

788 514 958 572 latum
982 514 1260 586 espansio,
1284 521 1483 583 quanta
1510 512 1783 580 altitudo?
1808 513 1917 572 Sed
1944 515 2073 585 quid
2123 514 2363 572 calcatis
2393 537 2440 596 Α

2393 537 2440 596 Α
2466 515 2528 571 τὸ
2546 513 2711 586 ὔψοςς
2744 514 2855 568 Καὶ
2873 513 2926 567 τί
2957 512 3104 583 λέγω
3133 511 3202 566 τά
3227 510 3559 584 ἰπουράνιας
3587 508 3834 580 ἔλθωμεν
3856 507 4033 566 λοιπὸν

776 608 945 663 dico?
974 605 1374 664 Descendatnus
1397 620 1561 677 porro
1587 607 1641 663 in
1662 609 1776 664 bac
1807 617 2044 676 terrena,
2081 609 2134 665 in
2172 610 2369 681 quibus

2469 607 2622 662 κάτω
2651 608 2733 670 εἰς
2773 606 2844 660 τά
2875 605 3111 674 ἐπίγεια,
3151 604 3211 657 ἰν
3259 596 3343 666 οἷς
3375 601 3557 672 ζῶμεν
3600 599 3696 654 καὶ
3747 597 4039 669 κινούμεθα

789 698 1024 754 vivimus
1052 697 1151 769 ipsi
1185 707 1240 754 et
1274 713 1556 754 movemur
1579 709 1636 756 et
1658 714 1865 756 sumus.
1897 700 2031 768 Quis
2052 701 2197 756 clare
2221 702 2370 757 novit

791 792 1029 864 propria:
1061 799 1309 846 naturam
1356 791 1577 856 anima,
1621 792 1799 863 qualis
1845 793 1938 856 sit,
1993 801 2048 846 et
2097 793 2371 861 quomodo

793 899 916 937 eum
947 897 1177 951 corpore
1195 881 1528 948 obambulet,
1558 892 1615 939 et
1646 883 1824 953 qualis
1859 882 1977 946 eius
2019 881 2194 938 forma
2249 896 2369 953 spe-

792 972 1051 1042 ciesque,
1099 971 1192 1027 ubi
1231 980 1394 1042 atque
1445 972 1587 1028 unde
1624 973 1909 1035 consistat,
1935 982 1996 1027 et
2036 973 2311 1042 quomodo
2340 987 2369 1026 a

793 1079 1025 1145 corpore
1058 1063 1385 1134 separetur?
1413 1060 1620 1122 Deinde
1643 1065 1835 1121 iterum
1864 1064 1931 1119 de
1945 1077 2173 1134 corpore
2198 1064 2372 1133 inqui-

799 1159 1022 1215 rendum
1053 1173 1067 1208 :
1096 1156 1381 1226 Quomodo
1414 1157 1686 1218 consistit.
1711 1156 1987 1226 quomodo
2032 1155 2369 1218 dissolvitur,

799 1247 1069 1320 quomodo
1109 1248 1306 1304 iterum
1343 1246 1596 1317 resurgit,
1631 1256 1685 1302 et
1717 1261 1823 1316 qua
1859 1246 2068 1302 ratione
2090 1245 2144 1300 in
2185 1261 2369 1301 resur-

799 1335 1038 1398 rectione
1051 1339 1346 1410 colligitur,
1367 1349 1424 1394 et
1447 1337 1718 1407 quomodo
1732 1347 1827 1392 aut
1848 1337 1992 1392 unde
2007 1345 2186 1391 exstat
2212 1345 2374 1406 atque

796 1434 852 1489 in
895 1447 1060 1488 unum
1100 1445 1293 1487 rursus
1319 1444 1442 1486 cum
1473 1429 1653 1486 anima
1695 1428 2040 1483 restituitur?
2086 1426 2195 1483 Nec
2245 1442 2374 1482 vero

795 1523 1033 1578 hominis
1073 1532 1282 1578 tantum
1317 1531 1510 1577 natura
1545 1520 1930 1591 comprehendi
1970 1533 2075 1575 non
2102 1527 2280 1590 potest
2309 1518 2376 1572 ab

798 1616 1039 1681 homine,
1092 1615 1187 1670 sed
1233 1628 1336 1669 nec
1383 1611 1816 1683 quadrupedum,
1853 1608 2241 1677 volucriumve,
2276 1624 2376 1666 nec

798 1705 1052 1776 piscium.
1087 1703 1265 1760 Dicito
1306 1703 1451 1758 enim
1502 1702 1657 1767 milii,
1717 1700 1809 1771 qni
1857 1701 2038 1756 divina
2090 1701 2373 1764 scrutaris,

797 1799 1073 1865 quomodo
1107 1804 1381 1851 mutarum
1420 1792 1780 1849 animantium
1840 1803 2034 1847 natura
2075 1791 2376 1848 consistit?

2470 697 2567 751 καί
2595 695 2782 766 ἐσμέν.
2834 695 2933 759 Τίς
2981 691 3227 764 ἰναργῶς
3275 690 3418 759 ἔγνω
3447 689 3546 761 τὴν
3576 688 3713 743 ἰδίαν
3738 687 3841 759 τῆς
3865 685 4035 758 ψυχῆς

2472 787 2854 858 κατασκευὴν,
2905 785 3066 840 ὁποία
3109 783 3248 846 iaci,
3295 782 3390 836 καὶ
3414 780 3532 846 πῶς
3581 777 4034 851 συμπεριιρχεται

2475 877 2614 948 μετὰ
2642 875 2737 929 τοῦ
2769 873 3042 946 σώματος,
3063 874 3160 928 καὶ
3188 871 3350 927 όποία
3380 870 3458 944 τῷ
3490 870 3621 924 εἰδει
3647 870 3784 936 εστὶ,
3824 867 3919 922 καὶ
3939 864 4034 920 πού

2472 967 2567 1022 καί
2599 966 2762 1021 πόθεν
2794 965 3130 1028 συνίσταται,
3149 962 3246 1018 καί
3279 960 3398 1026 πῶς
3435 960 3726 1032 χωρίζεται
3743 956 3839 1012 τοῦ
3860 955 4029 1026 σώμαι

2471 1075 2596 1124 τοςς
2619 1056 2753 1114 ἰτα
2776 1057 2937 1111 πάλιν
2963 1057 3094 1127 περί
3126 1053 3377 1130 σώματος
3409 1051 3750 1125 ἔρευνητέον,
3779 1046 3898 1110 πῶς
3918 1061 4048 1098 συν-

2476 1157 2717 1220 ίσταταις
2751 1154 2869 1216 πῶς
2896 1150 3202 1218 διαλύεταιε
3239 1148 3358 1214 πῶς
3387 1148 3444 1201 δι
3469 1147 3787 1210 άνίσταται;
3820 1141 3956 1211 ποίῳ
3985 1137 4037 1190 δί

2471 1245 2661 1318 τρόπῳ
2681 1245 2738 1297 ὲν
2766 1244 2832 1315 τῇ
2864 1240 3159 1296 ἀναστάσει
3182 1237 3479 1308 συνάγεται
3504 1253 3520 1301 ;
3549 1233 3644 1287 καὶ
3675 1232 3796 1288 sub:
3825 1231 3859 1303 ἢ
3882 1227 4038 1318 πόθεν

2473 1317 2836 1406 παραγίνεται
2879 1330 2974 1385 καὶ
3019 1332 3100 1393 εἰς
3144 1329 3206 1382 τὺ
3247 1328 3306 1382 εν
3341 1322 3496 1391 αὖθις
3555 1325 3692 1397 μετὰ
3727 1322 3827 1392 τῆς
3869 1317 4039 1390 ψυχῆς

2474 1423 2941 1486 άποκαθίσταται;
2969 1421 3044 1476 Ού
3090 1418 3254 1492 μόνον
3278 1419 3336 1474 δί
3379 1419 3413 1490 ἡ
3439 1417 3532 1472 τοῦ
3562 1415 3848 1488 ἀνθρώπου
3881 1427 4042 1467 κατα·

2475 1518 2645 1586 σκευή
2668 1517 2813 1569 ἐστιν
2837 1515 2972 1586 ἡμῖν
2985 1512 3393 1582 ἁκατάληπτος,
3415 1507 3553 1563 ἀλλὰ
3574 1507 3669 1562 καὶ
3694 1508 3728 1577 ἡ
3762 1505 3871 1560 τῶν
3895 1502 4040 1568 ζώων

2475 1605 2708 1663 καὶτῶν
2751 1603 3015 1660 πετεινῶν
3060 1604 3155 1657 καί
3201 1601 3420 1674 ἰχθύων.
3465 1591 3603 1654 Εἰπὲ
3647 1597 3757 1668 γάρ
3809 1612 3897 1668 μοι
3921 1597 3950 1648 ό
3977 1591 4041 1646 τὰ

2478 1700 2607 1772 περί
2630 1698 2765 1754 Θεοῦ
2797 1695 3033 1770 ἐρευνῶν
3055 1734 3072 1758 ,
3124 1692 3243 1758 πῶς
3275 1696 3309 1764 ἡ
3357 1691 3465 1746 τῶν
3496 1689 3705 1759 ἀλόγων
3748 1686 3908 1758 φύσις
3951 1684 4044 1752 ύφ-

2478 1787 2674 1858 ἕστηκε
2691 1803 2706 1851 ;
2726 1786 2842 1849 πῶς
2863 1784 3040 1857 ψυχὴν
3055 1780 3278 1852 λογικὴν
3304 1782 3379 1852 μὴ
3402 1778 3592 1850 ῑχοντα
3607 1775 3782 1831 ταῦτα
3791 1773 4044 1844 θνήσκουο

798 1889 1070 1960 quomodo
1109 1887 1417 1942 moriuntur
1447 1885 1646 1956 quibus
1691 1885 1872 1940 anima
1903 1883 2240 1940 rationabilis
2269 1898 2374 1939 non
2409 1873 2454 1933 Β

2372 1905 2374 1936 l
2409 1873 2454 1933 Β
2482 1894 2570 1944 ot;
2604 1878 2657 1932 τί
2701 1878 2760 1946 ἐξ
2805 1877 2986 1932 αὐτῶν
3017 1878 3076 1931 ὲν
3118 1871 3298 1946 καιρῷ
3333 1869 3424 1926 τοῦ
3450 1870 3684 1925 θανάτου
3725 1865 4041 1938 χωρίζεταις

798 1979 919 2036 est?
951 1978 1077 2048 quid
1103 1977 1172 2032 ab
1208 1976 1316 2033 illis
1345 1977 1538 2033 mortis
1573 1985 1816 2044 tempore
1852 1974 2183 2046 separatur?
2212 1973 2268 2030 Si
2299 1974 2381 2029 di-

804 2071 953 2126 xeris
983 2069 1112 2124 mibi
1144 2069 1382 2124 animum
1407 2068 1819 2125 substantialem
1854 2081 1959 2122 non
1988 2067 2213 2122 sortitas
2237 2082 2380 2131 esse,

800 2162 895 2217 sed
920 2161 1242 2231 sanguinem
1271 2169 1363 2215 :at
1383 2160 1613 2231 plurima
1637 2159 1892 2214 animalia
1923 2158 2229 2214 moriuntur
2256 2173 2382 2214 san-

775 2299 778 2303 .
802 2254 966 2324 guine
999 2252 1146 2307 nullo
1165 2251 1435 2308 euente.
1463 2250 1746 2319 Quomodo
1778 2264 1909 2305 vero
1936 2250 2114 2321 pisces
2151 2250 2204 2306 in
2229 2251 2384 2322 squis

803 2352 1035 2413 possunt
1062 2345 1353 2412 respirare,
1395 2352 1450 2399 et
1484 2342 1756 2415 quomodo
1791 2340 1865 2397 illi
1895 2355 2158 2411 aquarum
2193 2351 2384 2396 natura

806 2449 913 2490 uon
962 2443 1023 2489 ut
1069 2441 1265 2490 cetera
1317 2432 1575 2488 animalia
1629 2430 2014 2488 suﬂocantur?
2072 2428 2228 2486 Unde
2258 2444 2386 2484 vero

804 2524 1008 2582 animal
1059 2527 1271 2580 ratione
1297 2524 1609 2580 destitutum
1645 2523 1691 2579 si
1728 2537 1854 2578 cum
1895 2522 2118 2579 homine
2169 2523 2237 2578 ad
2288 2522 2383 2578 Dei

805 2617 1026 2675 mndito
1055 2617 1344 2686 imaginem
1379 2615 1728 2686 processerit,
1766 2614 1820 2669 in
1849 2614 1936 2669 via
1983 2614 2127 2671 inter
2154 2614 2388 2669 redeun-

807 2710 934 2763 dum
969 2708 1148 2763 minus
1183 2721 1370 2762 errare
1401 2720 1565 2776 quam
1613 2706 1824 2760 ratione
1844 2705 2106 2776 gaudens,
2151 2713 2204 2760 et
2248 2704 2386 2758 viam

809 2800 1005 2858 melius
1036 2814 1198 2855 nosse
1241 2797 1712 2869 deprehenditur?
1743 2795 1899 2854 Unde
1923 2810 2112 2852 rursus
2140 2795 2389 2851 volucres

809 2900 865 2952 et
898 2891 1075 2960 pisces
1106 2889 1346 2958 feraeque
1375 2888 1583 2954 bestiae,
1616 2888 1814 2958 quibus
1834 2900 1935 2941 nec
1963 2900 2145 2941 sermo
2179 2898 2279 2939 nec
2299 2897 2388 2937 ra-

813 2979 888 3034 tio
916 2988 1036 3044 est,
1079 2992 1256 3048 neque
1283 2976 1590 3032 intellectus
1621 2991 1722 3031 nec
1755 2975 2044 3043 judicium,
2086 2974 2392 3043 intelligunt

811 3077 866 3123 et
903 3067 1039 3121 retia
1068 3065 1444 3122 transiliuntet
1459 3067 1680 3134 laqueos
1702 3065 2024 3134 pedicasque
2043 3062 2394 3118 venatorum?

881 3159 1061 3228 Atque
1092 3167 1151 3211 ut
1182 3171 1348 3226 porro
1370 3156 1603 3227 amplius
1637 3155 1899 3210 vilitatem
1934 3167 2079 3208 tuam
2110 3155 2392 3208 miseram-

811 3267 918 3322 que
951 3253 1220 3308 inscitiam
1255 3264 1516 3321 agnoscas
1538 3289 1553 3314 .
1579 3247 1780 3320 rogabo
1811 3257 1864 3301 te
1891 3249 2114 3316 insuper
2146 3256 2200 3301 et
2243 3247 2347 3300 boc
2373 3261 2387 3299 :

815 3342 913 3398 Dic
944 3343 1074 3398 mihi
1109 3351 1187 3408 tu,
1229 3342 1322 3412 qui
1366 3336 1966 3410 incomprehensibilem
2000 3336 2280 3391 Factorem
2328 3350 2392 3390 ac

815 3431 987 3487 Deum
1028 3445 1189 3486 nosse
1221 3446 1286 3485 ac
1329 3430 1543 3486 curiose
1591 3439 1646 3485 te
1689 3431 1925 3484 scrutari
1959 3426 2259 3498 profiteris,
2304 3427 2393 3482 dic

813 3523 946 3579 mihi
998 3522 1148 3592 prius
1187 3536 1308 3592 quas
1357 3533 1442 3576 est
1490 3522 1795 3577 substantia
1843 3519 2062 3590 pulicis,
2116 3527 2170 3576 et
2216 3517 2393 3587 qualis

814 3614 1119 3671 substantia
1154 3614 1351 3668 anitum
1382 3611 1521 3682 ejus,
1556 3622 1612 3667 et
1652 3612 1833 3684 qualis
1876 3621 1960 3668 est
2009 3612 2129 3682 ejus
2165 3608 2393 3665 anima?

817 3707 1090 3776 quomodo
1134 3708 1274 3760 citra
1322 3719 1508 3761 semen
1561 3714 1755 3773 sponte
1811 3703 2065 3759 exsistit?
2123 3702 2394 3771 quomodo

819 3799 1086 3854 rationem
1131 3805 1187 3850 et
1227 3795 1548 3864 sapientiam
1597 3809 1723 3848 cum
1759 3794 1997 3857 nesciat,
2046 3793 2193 3846 videt
2221 3792 2394 3847 homi-

821 3905 965 3954 nem,
1014 3896 1070 3943 et
1103 3899 1332 3942 mortem
1384 3895 1632 3944 metuens
1665 3884 1839 3954 l‘ugit?
1887 3884 2028 3938 unde
2057 3883 2206 3938 novit
2233 3878 2394 3936 moiti

821 3998 878 4035 se
903 3981 1195 4036 obnoxium
1219 3977 1372 4032 fore?
1398 3977 1596 4045 quibus
1630 3974 1928 4030 ratiociniis
1954 3973 2262 4030 consultat?
2295 3989 2397 4026 un-

821 4081 888 4132 de
927 4075 1120 4130 didicit
1154 4074 1362 4128 hostem
1415 4070 1519 4126 sibi
1561 4069 1833 4124 hominem
1869 4067 2026 4122 esse?
2062 4067 2149 4121 ubi
2185 4080 2393 4121 memo-

825 4168 994 4229 rativa
1035 4166 1156 4235 ejus
1186 4166 1267 4220 vis
1294 4173 1350 4219 et
1385 4162 1665 4217 collectiva
1718 4161 1946 4215 facultas
1987 4170 2072 4216 est
2120 4157 2399 4227 reposita?

825 4259 946 4328 quis
983 4273 1110 4312 vero
1140 4255 1327 4310 docuit
1363 4269 1488 4310 eum
1517 4255 1571 4308 in
1624 4253 1828 4308 suturis
1859 4251 2120 4322 plicisque
2162 4250 2396 4309 vestium

826 4367 884 4406 se
906 4350 1241 4404 abscondere
1263 4347 1288 4401 ί
1310 4347 1376 4402 Et
1397 4361 1505 4417 quo
1542 4347 1762 4400 nomine
1820 4343 2051 4414 pulicem
2085 4356 2397 4410 nuncupare

825 4442 1084 4495 debemus
1101 4439 1194 4508 qui
1224 4446 1627 4493 exscrutatores
1649 4433 1950 4488 divinitatis
1967 4446 2089 4487 esse
2115 4431 2400 4487 volumus?

830 4530 1063 4600 igiturne
1091 4527 1496 4597 quadrupedem
1539 4521 1820 4583 utcemus?
1846 4531 1902 4575 at
1927 4536 2032 4576 non
2061 4530 2142 4574 est
2162 4521 2402 4588 quadru-
2439 4553 2481 4608 ι)

827 4619 1214 4692 pes.Bipedem
1248 4632 1377 4685 ergo
1395 4617 1425 4670 ?.
1448 4631 1553 4670 non
1585 4613 1888 4681 estJtaque
1921 4610 2145 4678 reptile?
2175 4620 2403 4676 nonest,

830 4714 928 4767 sed
955 4710 1160 4766 animal
1193 4719 1298 4768 est.
1341 4707 1571 4775 Ideoque
1604 4706 1793 4760 hortor
1819 4717 2256 4771 unumquemque
2308 4701 2402 4770 qui

830 4804 967 4859 velit
1013 4801 1110 4856 Dei
1167 4810 1420 4854 naturam
1465 4796 1844 4862 commentari,
1896 4804 1953 4849 ut
1988 4795 2139 4864 prius
2174 4792 2410 4863 explicet

834 4905 1086 4950 naturam
1127 4891 1438 4964 parvissimi
1476 4887 1707 4959 pulicis,
1766 4887 1993 4956 ejusque
2043 4884 2407 4940 conditionem

837 4986 1401 5053 constitutionemque
1436 4991 1492 5036 et
1530 4979 1979 5049 compositionem
2022 4986 2077 5032 et
2117 4977 2408 5046 originem,

835 5082 1094 5144 animant,
1136 5090 1356 5132 sensum
1381 5083 1436 5130 et
1461 5072 1824 5134 intellectum;
1858 5085 1922 5124 ac
1952 5070 2168 5139 quando
2199 5071 2244 5122 is
2265 5077 2413 5122 certo

836 5167 1313 5242 comprehenderit
1343 5169 1608 5234 nobisque
1623 5163 1972 5234 esplicaverit
1998 5162 2231 5230 speciem
2255 5170 2414 5230 etge-

840 5278 939 5315 nus
984 5257 1299 5314 substantia:
1344 5270 1449 5324 qua
1496 5263 1715 5307 constat
1766 5250 1957 5315 pulicis
2011 5250 2228 5311 anima,
2288 5255 2414 5298 tunc

838 5369 1004 5422 porro
1056 5352 1159 5420 ipsi
1209 5348 1529 5404 habebimus
1587 5345 1772 5409 ﬁdem,
1815 5344 1958 5412 quod
1989 5342 2152 5394 etiam
2205 5355 2288 5394 res
2324 5339 2414 5392 Dei

841 5439 1404 5512 incomprehensibilis
1452 5437 1719 5505 attingere
1781 5444 1835 5489 et
1899 5446 2168 5501 exponere
2223 5434 2407 5496 queat.

840 5535 1066 5588 Etiamsi
1104 5531 1309 5586 dixeris
1358 5529 1526 5591 milii,
1565 5531 1725 5581 homo
1762 5525 1990 5585 stolide,
2045 5521 2184 5588 quod
2233 5519 2408 5572 anima

841 5625 1034 5691 pulicis
1080 5633 1132 5676 et
1171 5621 1431 5690 cujusque
1471 5619 1641 5674 bruta:
1697 5617 1989 5670 animantis
2031 5611 2099 5666 sit
2156 5609 2410 5680 sanguis,

913 5799 987 5869 (li
1032 5797 1166 5851 Puto
1207 5797 1287 5864 lcg
1352 5793 1417 5848 τὰ
1445 5793 1599 5848 ἄλλα..

2486 1971 2584 2025 ‘Av
2625 1970 2784 2047 εἴπῃς
2826 1987 2939 2040 μοι,
2973 1967 3165 2040 1ιὐχὴν
3204 1962 3570 2034 ύποοτατικὴν
3611 1961 3710 2016 ούκ
3737 1958 4043 2028 ἐκτήσαντο.

2486 2062 2620 2119 ἀλλὰ
2651 2061 2714 2116 τδ
2750 2057 2909 2133 αἷμα·
2937 2060 3073 2115 ἀλλά
3105 2059 3332 2112 πλείστα
3359 2055 3471 2120 ζῶα
3496 2052 3591 2107 καὶ
3609 2052 3683 2124 μὴ
3715 2047 4048 2120 αίμοῤῥαγή-

2485 2171 2654 2209 σαντα
2710 2153 3025 2225 θνήσκουσι.
3063 2150 3188 2213 Πῶς
3219 2149 3277 2202 δὲ
3314 2147 3476 2201 πάλιν
3531 2144 3580 2196 οἰ
3617 2140 3800 2212 ἰχθύες
3845 2141 3903 2192 ἰν
3943 2139 4048 2199 τοῖς

2486 2247 2669 2300 ὕδασιν
2697 2246 2955 2299 ἀναπνεῖν
2982 2241 3234 2295 δύνανται
3258 2256 3273 2304 ;
3303 2238 3419 2302 πῶς
3446 2237 3641 2298 αὐτοὺς
3664 2237 3699 2304 ἡ
3720 2230 3829 2284 τῶν
3853 2228 4052 2282 ὑδάτων

2485 2337 2646 2409 φύσις
2679 2336 2780 2390 οὐκ
2811 2333 3104 2400 ἀποπνίγει
3140 2330 3217 2394 ὡς
3258 2329 3330 2383 τὰ
3359 2327 3530 2394 ἄλογα
3565 2324 3676 2392 (l);
3725 2318 3893 2374 Πόθεν
3995 2315 4052 2367 τὸ

2487 2407 2681 2496 άλογον
2711 2425 2849 2490 ζῶον
2880 2426 2977 2479 σὺν
3008 2421 3086 2494 τῷ
3114 2422 3235 2476 κατ’
3263 2419 3449 2473 εἰκόνα
3484 2414 3619 2470 Θεοῦ
3653 2413 3768 2467 δντι
3789 2407 4052 2480 άνθρώπρ

2487 2520 2544 2573 ὲν
2586 2515 2690 2588 ὁδῷ
2734 2513 3138 2586 ἀπρχόμενον,
3177 2512 3237 2564 ἐν
3275 2507 3354 2573 τῷ
3380 2502 3776 2576 ἐπανέρχεσθαι
3803 2498 3946 2570 ὑπὲρ
3970 2496 4052 2550 τὸν

2487 2607 2704 2679 λογικὸν
2747 2607 3059 2678 εὑρίσκεται
3089 2600 3348 2663 ἀπλανῶς
3376 2599 3474 2668 τὴν
3516 2595 3635 2651 ὁδὸν
3665 2589 4053 2660 επιστάμενον;

2489 2699 2661 2754 Πόθεν
2698 2698 2755 2750 δὲ
2784 2697 2944 2752 πάλιν
2986 2692 3210 2749 πετεινά
3237 2693 3333 2745 καί
3367 2689 3549 2760 ἰχθύες
3589 2685 3682 2738 καὶ
3713 2681 3878 2754 θηρία
3926 2679 4054 2749 μήτε

2488 2793 2644 2860 λόγον
2680 2792 2817 2862 μήτε
2843 2787 3102 2858 λογισμὸν
3137 2786 3348 2855 ἔχοντα,
3382 2783 3518 2854 μήτε
3554 2777 3795 2833 διάνοιαν
3827 2773 3922 2827 καὶ
3948 2772 4054 2825 διά-

2491 2899 2694 2955 κρισιν,
2735 2880 2916 2934 νοοῦσι
2949 2881 3043 2936 καί
3065 2877 3451 2948 ύπερδαίνουσι
3477 2873 3668 2926 δίκτυα
3704 2869 3800 2922 καὶ
3835 2864 4055 2935 παγίδας

2493 2975 2588 3030 καὶ
2610 2970 2929 3042 θηρεύματα
2958 2987 2974 3031 ;

2567 3151 2676 3205 Καὶ
2705 3150 2790 3202 ἴνα
2834 3147 3019 3202 λοιπὸν
3063 3146 3346 3217 ἐπιγνοίης
3392 3145 3484 3198 ἐπὶ
3531 3141 3693 3196 πλέον
3741 3137 3839 3209 τὴν
3872 3132 4058 3190 σαυτοῦ

2497 3241 2828 3297 ταπείνωσιν
2877 3240 2972 3292 καὶ
3015 3237 3239 3302 ἄγνοιαν
3281 3238 3376 3292 καὶ
3419 3232 3812 3304 ταλαιπωρίαν,
3845 3227 3958 3300 ἐρῶ
3986 3241 4061 3279 σοι

2499 3336 2662 3389 πάλιν
2715 3333 2810 3387 καὶ
2860 3332 3020 3389 τοῦτο
3043 3348 3058 3364 ·
3082 3330 3219 3387 Εἰπέ
3266 3348 3358 3400 μοι
3386 3330 3473 3394 σὺ,
3499 3328 3529 3380 ὁ
3563 3327 3654 3381 τὸν
3689 3321 4066 3390 ἀκατάληπτον

2501 3425 2737 3497 Ποιητὴν
2773 3425 2870 3479 καί
2901 3424 3034 3478 Θεὸν
3078 3421 3390 3493 δοκιμάζων
3426 3419 3619 3492 μαθεῖν
3649 3417 3744 3471 καί
3790 3413 4064 3478 πολυπρα-

2500 3521 2742 3590 γμονεῖν,
2761 3517 2886 3586 λέγε
2906 3533 2995 3588 μοι
3011 3515 3249 3588 πρῶτον,
3265 3514 3319 3569 τί
3339 3512 3536 3582 ἰστινή
3556 3508 3714 3564 οὐσία
3725 3504 3816 3560 τοῦ
3840 3501 4061 3574 ψύλλους

2501 3607 2596 3660 καί
2622 3606 2782 3660 ὁποία
2819 3605 2967 3659 ἑστιν
2991 3608 3024 3676 ὴ
3047 3604 3202 3659 ούσία
3224 3603 3325 3672 τῆς
3349 3600 3529 3672 ψυχῆς
3553 3596 3718 3653 αὐτοῦ
3739 3613 3753 3661 ;
3778 3595 3876 3650 καὶ
3915 3590 4064 3645 ὁποία

2499 3694 2533 3762 ἠ
2558 3689 2702 3762 ψυχὴ
2731 3689 2922 3743 αὑτοῦι
2952 3691 3047 3744 καί
3072 3687 3188 3752 πῶς
3214 3688 3353 3758 αὑτὴ
3374 3687 3504 3742 άνευ
3532 3683 3739 3756 σπορᾶς
3755 3678 4064 3749 αὐτομάτως

2505 3781 2849 3846 συνίσταταις
2877 3781 2971 3834 καί
2997 3779 3114 3843 πῶς
3148 3775 3406 3847 λογισμὸν
3437 3775 3470 3846 ἢ
3513 3772 3703 3843 σοφίαν
3735 3769 3807 3840 μὴ
3859 3763 4067 3821 ἐπιστά-

2507 3890 2689 3944 μενος,
2712 3874 2815 3945 δρᾷ
2842 3873 2933 3926 τὸν
2964 3870 3250 3942 ἄνθρωπον
3273 3869 3364 3924 καί⁵
3396 3865 3587 3936 φεύγει
3622 3861 3956 3933 φοϐούμενος
3985 3860 4066 3908 τόν

2505 3962 2735 4017 θάνατον
2751 3978 2766 4025 ς
2785 3960 2950 4014 πόθεν
2969 3959 3024 4012 δὲ
3038 3953 3198 4025 οῐδεν,
3221 3958 3303 4012 ὅτι
3323 3955 3536 4023 θανάτῳ
3563 3953 3848 4007 ὑπόκειται
3867 3967 3883 4011 ;
3906 3945 4065 4012 ποίοις

2504 4053 2562 4106 δὲ
2603 4051 2884 4120 λογισμοῖς
2930 4046 3242 4117 βουλεύεται
3269 4064 3283 4113 ;
3316 4043 3479 4098 πόθεν
3511 4039 3733 4112 ἔμαθεν,
3766 4039 3850 4091 ὅτι
3890 4033 4066 4106 ἰχθρδς

2505 4141 2669 4198 αὑτοῦ
2696 4140 3029 4212 καθέστηκεν
3065 4141 3094 4192 ὁ
3125 4137 3447 4207 άνθρωποςς
3485 4132 3588 4187 πού
3613 4132 3666 4184 δὲ
3705 4132 3739 4201 ἡ
3778 4143 4063 4201 μνημονευ-

2505 4234 2632 4305 τικὴ
2661 4233 2828 4287 αὐτοῦ
2857 4232 3142 4285 ἀπόκειται
3165 4228 3404 4292 διάνοια;
3437 4226 3522 4288 τίς
3542 4224 3646 4279 δὲνό
3678 4221 3898 4286 διδάξας
3921 4216 4068 4273 αὑτὸν

2506 4328 2566 4380 ὲν
2592 4329 2712 4390 ταῖς
2739 4327 2939 4398 ραφαῖς
2969 4322 3062 4376 καὶ
3096 4319 3388 4374 διπλὼσεσι
3429 4317 3536 4372 τῶν
3571 4316 3803 4388 ἱματίων
3848 4313 4068 4386 κρύπτε-

2511 4419 2668 4484 σθαι;
2698 4418 2763 4472 Τί
2797 4417 2853 4470 δὲ
2876 4417 2980 4485 ἄρα
3007 4414 3102 4467 καί
3126 4411 3414 4480 ὀνομάζειν
3443 4411 3536 4463 τὸν
3564 4408 3761 4478 ψύλλον
3799 4406 4069 4475 ὀφείλομεν

2507 4511 2622 4564 ὅσοι
2644 4507 2991 4579 ἐξερευνηταί
3017 4506 3115 4575 τῆς
3147 4503 3399 4573 θεότητος
3424 4520 3438 4565 ;
3461 4495 3529 4554 *Α
3541 4518 3607 4571 ρα
3633 4498 3964 4568 τετράποδον
3984 4498 4068 4549 αὑ-

2508 4603 2600 4654 τὸν
2627 4602 2853 4670 εἴπομεν
2879 4617 2893 4663 ;
2920 4597 3033 4650 ἀλλ’
3067 4595 3167 4648 οὐκ
3192 4593 3359 4647 ἔστιν.
3385 4588 3532 4661 ΊΓΑρα
3559 4589 3804 4653 δίποδον;
3848 4587 3960 4641 ἀλλ’
3982 4585 4070 4637 οὐκ

2509 4693 2674 4748 ἐστιν.
2707 4687 2854 4762 Ἀρα
2893 4688 3155 4760 ἑρπετόνς
3205 4685 3321 4740 ἀλλ’
3360 4684 3460 4737 ούκ
3502 4682 3685 4743 ἔστιν,
3733 4679 3872 4737 ἀλλὰ
3926 4675 4066 4741 ζῶον.

2510 4783 2600 4836 Διὸ
2641 4780 2943 4854 παρακαλῶ
2981 4781 3159 4832 πάντα
3203 4777 3294 4829 τὸν
3342 4773 3563 4827 θέλοντα
3611 4769 3950 4838 φυσιολογεῖν
3992 4764 4070 4816 τὸν

2509 4873 2664 4932 Θεὸν.
2699 4871 3089 4942 φυσιολογῆσαι
3121 4869 3272 4937 ἡμῖν,
3290 4865 3396 4937 πρὸ
3415 4863 3511 4916 τοῦ
3532 4859 3691 4925 Θεοῦ,
3719 4859 3820 4928 τὴν
3846 4857 3941 4911 τοῦ
3964 4857 4073 4926 βρα-

2511 4964 2746 5034 χυτάτου
2774 4960 2976 5030 ψύλλου
3005 4956 3353 5024 κατασκευὴν
3381 4953 3475 5008 καὶ
3507 4950 3840 5005 κατάστασιν
3855 4948 3948 5000 καὶ
3965 4944 4074 4998 σύνο

2513 5056 2663 5109 θεσιν
2711 5055 2805 5107 καὶ
2851 5051 3084 5124 ὓπαρξιν
3128 5051 3221 5102 καὶ
3270 5046 3514 5116 ῲύχωσιν
3561 5043 3656 5097 καὶ
3701 5039 3954 5110 αίσθησιν
3993 5039 4068 5089 καὶ

2514 5149 2697 5219 νόησιν
2716 5163 2729 5176 ·
2761 5145 2853 5198 καὶ
2897 5145 2983 5198 ὅτε
3010 5140 3190 5204 καλῶς
3215 5138 3309 5192 καὶ
3347 5134 3605 5199 ἀπλανῶς
3633 5129 3947 5201 καταλάϐῃ,
3993 5127 4074 5180 καὶ

2514 5242 2644 5311 εἴπῃ
2682 5239 2835 5307 ἡμῖν,
2863 5235 2917 5290 τί
2947 5233 3008 5287 τὸ
3031 5229 3172 5295 εἶδος
3202 5229 3294 5283 καὶ
3313 5229 3467 5297 γένος
3500 5225 3602 5296 τῆς
3636 5223 3875 5295 ψυχικῆς
3905 5219 4072 5311 οὐσίας

2514 5332 2606 5385 τοῦ
2642 5330 2865 5400 ψύλλου,
2908 5328 3028 5380 τότε
3057 5324 3241 5378 λοιπὸν
3277 5319 3638 5388 πιστεύσομεν
3672 5315 3847 5384 αὐτῷ,
3886 5316 3963 5367 ὅτι
3995 5309 4074 5362 καί

2518 5426 2584 5476 τά
2607 5423 2732 5492 περί
2766 5418 2901 5472 Θεοῦ
2927 5418 3020 5472 τοῦ
3062 5415 3443 5484 άκαταλὴπτου
3473 5407 3808 5478 καταμαθεῖν
3840 5405 3932 5458 καὶ
3955 5404 4073 5492 sese

2522 5517 2642 5566 πεῖν
2669 5512 2912 5565 δύναται.
2956 5507 3073 5561 Κᾶν
3104 5522 3193 5575 μοι
3228 5503 3388 5576 εἴπῃς
3420 5503 3504 5563 σὺ,
3533 5503 3561 5553 ὁ
3592 5498 3881 5558 ἀσύνετος,
3922 5495 3996 5547 ὅτι
4024 5491 4073 5540 τὺ

2524 5623 2659 5668 αεμα
2704 5603 2795 5656 τοῦ
2818 5600 3015 5667 φύλλου
3042 5599 3134 5651 καὶ
3173 5595 3370 5658 παντὸς
3409 5593 3624 5658 ἀλόγου,
3669 5591 3701 5660 ἠ
3751 5587 3898 5660 ψυχὴ
3927 5580 4072 5638 αὑτοῦ
