4226 6316
235 401 341 464 857

1381 411 1726 472 οεΑιοουδ
1762 414 1852 472 DE
1892 416 1951 474 S.
1992 417 2385 478 TRINITATE.

3383 427 3493 490 858

235 521 411 588 tortu,
440 521 556 594 ερῶ
591 524 747 595 κάγώ
769 539 784 556 ο
817 524 943 591 Πῶς
972 525 1211 601 δρῶμεν,
1238 530 1318 595 ῶς
1341 533 1621 603 προεῖπον,
1650 533 1821 590 πολλὰ

1924 551 2167 609 regerem
2189 552 2317 608 ego:
2339 537 2642 607 ριιοιιιοὼ,
2668 549 2728 596 ut
2751 550 2878 599 ante
2901 543 3035 609 disi.
3059 544 3301 608 videmus
3325 549 3494 606 multa

237 612 352 667 τῶν
395 614 612 686 ἀλόγων
670 618 839 690 χωρὶς
886 617 1123 691 ρεύοιως
1164 619 1396 692 αἰματος
1441 622 1815 690 τελευτῶντας

241 706 436 763 Τοίνυν
465 708 592 779 λέγε
620 711 754 782 ἡμῖν
780 713 868 780 σὺ,
895 710 1216 782 θιόγνωστε,
1257 713 1311 768 τί
1350 716 1464 770 ἐστι
1506 716 1569 770 τδ
1607 717 1671 771 εκ
1723 715 1816 771 τοῦ

241 797 386 861 ξὼου
425 801 858 873 ικπορευόμενον
893 803 1063 877 χωρὶς
1109 805 1344 876 αἵματος
1383 808 1443 862 ιν
1483 810 1551 880 τῇ
1590 808 1814 880 τελευτῇ

245 891 458 958 αὐτοῦς
504 891 683 968 ψυχὴν
711 893 820 968 γὰρ
867 895 1238 969 ύποστατικήν
1273 897 1432 970 μόνος
1464 901 1495 954 6
1530 899 1818 972 ἄνθρωπος

242 982 529 1054 κέκτηται.
557 983 706 1056 Πλὴν
723 986 821 1041 ιὰν
847 985 1049 1058 ήψυχή
1068 987 1165 1041 τοῦ
1199 986 1365 1056 ζὼου,
1405 989 1483 1055 ῶς
1533 988 1820 1063 ἄνθρωπος

243 1074 368 1145 (καὶ
399 1071 508 1147 γὰρ
530 1077 639 1141 πᾶς
660 1076 945 1149 ἄνθρωπος
975 1077 1068 1133 τοῦ
1088 1078 1218 1135 ἰδίου
1248 1080 1482 1153 αἰματος
1515 1080 1818 1154 χωριζόμεο

242 1183 335 1232 νος
363 1166 588 1240 τελευτᾷ
616 1169 853 1235 πάντως,
885 1169 1069 1236 καθὼς
1110 1172 1205 1227 καὶ
1229 1173 1292 1228 τὸ
1322 1172 1564 1244 ᾱλογον)ο
1596 1175 1689 1228 καὶ
1713 1173 1817 1229 ποῦ

242 1259 434 1313 λοιπὸν
471 1261 506 1332 ή
537 1260 769 1334 διαφορὰ
815 1262 912 1316 τοῦ
944 1262 1164 1333 λογικοῦ
1218 1262 1511 1337 ἀνθρώπου
1552 1264 1649 1320 καὶ
1696 1265 1818 1319 κατ’

243 1349 430 1405 εἰκόνα
459 1351 554 1406 καὶ
572 1352 830 1422 ὁμοίωσιν
853 1351 988 1407 Θεοῦ
1017 1353 1334 1427 γενομένου,
1373 1355 1467 1410 καί
1495 1353 1591 1410 τοῦ
1621 1353 1817 1424 ἀλόγου

243 1442 517 1510 κτήνουςς
553 1442 772 1511 Ἕδειξα
803 1443 1022 1515 μενοῦν,
1052 1446 1136 1500 δτι
1165 1447 1259 1501 καὶ
1297 1447 1327 1501 6
1363 1445 1648 1520 ἄνθρωπος
1668 1446 1764 1501 καὶ
1788 1447 1819 1501 6

245 1528 441 1599 ᾧύλλος
461 1531 820 1603 χωριζόμενα
844 1530 938 1584 τοῦ
971 1532 1108 1586 ἰδίου
1136 1533 1369 1603 αἵματος
1386 1533 1814 1605 ἀποθνήσκουσι.

245 1620 432 1675 Ταῦτα
473 1620 532 1674 δι
564 1622 696 1692 ἡμῖν
741 1620 806 1676 ού
844 1623 1022 1695 μάτην
1073 1623 1306 1678 ενταῦθα
1337 1624 1672 1698 ιρρήθησαν,
1701 1626 1815 1682 ἀλλ’

245 1710 515 1781 ἀνακόψαι
544 1713 671 1777 τοὺς
697 1713 925 1778 πολλοὺς
951 1713 1087 1785 μετὰ
1116 1714 1210 1769 σοῦ
1240 1713 1336 1769 τοῦ
1374 1714 1654 1770 θεοκτόνου
1688 1718 1818 1772 Ἰουο

244 1797 394 1856 δαίου
421 1801 531 1856 τῶν
551 1802 949 1876 ἀκαταλήπτων
967 1804 1062 1859 τοῦ
1090 1803 1226 1860 Θεοῦ
1247 1805 1526 1878 ζητήσεων
1547 1805 1814 1873 θέλοντες,

1921 629 2181 685 animalis
2217 629 2365 686 nullo
2416 627 2588 687 eﬂ‘uso
2619 632 2880 705 sanguine
2916 634 3099 691 mori?
3121 635 3286 691 dicito
3315 638 3495 709 itaque

1923 719 2082 777 nobis
2106 731 2162 777 tu
2190 720 2281 777 cui
2317 720 2458 778 Deus
2488 722 2560 778 ita
2586 731 2746 779 notus
2772 733 2876 793 est,
2903 726 3032 796 quid
3058 736 3143 783 est
3172 725 3305 782 illud
3349 730 3513 799 quod

1924 811 1977 867 in
2010 819 2185 869 morte
2222 812 2475 870 animalis
2502 818 2638 872 citra
2674 817 2990 888 sanguinem
3037 834 3104 875 ex
3155 819 3248 875 illo
3275 820 3494 892 egredi-

1925 907 2052 964 tur?
2082 906 2335 965 Animam
2375 909 2523 965 enim
2555 909 2964 971 substantialem
2987 911 3134 969 solus
3177 913 3341 969 homo
3369 929 3492 983 pos-

1921 995 2086 1053 sidet.
2138 995 2197 1053 Si
2238 1005 2418 1054 autem
2471 997 2691 1054 animali
2727 998 2907 1054 anima
2951 1009 3057 1066 est,
3112 1017 3216 1057 non
3251 1000 3497 1059 ditl‘erret

1922 1087 2055 1143 illud
2093 1088 2161 1143 ab
2187 1086 2446 1153 homine;
2468 1102 2593 1143 nam
2625 1095 2681 1141 et
2709 1087 2871 1144 homo
2901 1089 3165 1160 sanguine
3193 1104 3296 1146 suo
3313 1073 3494 1148 desti-

1925 1186 2075 1235 tutus
2105 1178 2332 1250 perinde
2363 1186 2424 1234 ιιι
2467 1177 2687 1235 brutum
2722 1178 2952 1235 omnino
2977 1179 3226 1235 moritur.
3260 1180 3497 1238 Ubinam

1924 1268 2106 1338 itaque
2153 1277 2239 1325 est
2281 1267 2587 1326 diﬂerentia
2627 1269 2774 1325 inter
2795 1269 3075 1327 hominem
3107 1271 3171 1326 ad
3201 1271 3492 1343 imaginem

1921 1365 1979 1413 et
2006 1355 2418 1412 similitudinem
2441 1355 2642 1414 iactum
2668 1355 2763 1413 Dei
2795 1366 2851 1414 et
2885 1358 3493 1430 irrationabilejumen-

1923 1449 2080 1502 tum?
2117 1445 2341 1504 Ostendi
2365 1449 2512 1503 enim
2542 1449 2685 1519 quod
2717 1457 2774 1504 et
2809 1448 2972 1504 homo
2991 1457 3045 1505 et
3073 1449 3257 1518 pulex.
3291 1450 3337 1505 si
3366 1464 3494 1505 san-

1923 1536 2086 1606 guine
2113 1551 2213 1592 suo
2240 1537 2503 1595 exhausta
2534 1536 2664 1606 sint,
2705 1539 3031 1594 moriuntur.
3085 1537 3209 1595 llaec
3260 1555 3368 1595 non
3409 1548 3493 1595 te-

1925 1643 2075 1683 mere
2105 1629 2206 1684 hoc
2233 1629 2354 1685 loco
2381 1628 2526 1685 dicta
2562 1643 2592 1683 ο
2618 1643 2706 1685 me
2730 1639 2875 1685 sunt.
2901 1629 3007 1685 Sed
3039 1632 3184 1701 quod
3207 1641 3412 1700 tecum,
3458 1645 3494 1687 ο

1922 1720 2130 1776 doicida
2154 1719 2360 1788 Judaoe,
2399 1721 2660 1778 cohibere
2687 1723 2832 1777 volui
2861 1721 3144 1793 plerosque
3183 1724 3250 1777 ab
3285 1724 3494 1779 incom-

1925 1811 2376 1883 prehensibilibus
2403 1812 2470 1868 de
2501 1813 2612 1869 Deo
2633 1815 3054 1885 questionibus,
3088 1822 3143 1869 et
3167 1815 3494 1884 persuadere

242 1895 342 1952 καὶ
365 1898 549 1949 πεῖσαι
575 1895 670 1949 καὶ
703 1895 894 1963 δεῖξαι,
925 1897 1008 1950 ὅτι
1042 1899 1104 1951 οὐ
1146 1897 1306 1969 μόνον
1329 1901 1358 1952 6
1379 1897 1639 1970 Κτίστης,
1684 1899 1818 1953 ἀλλὰ

1919 1918 1983 1959 ac
2007 1903 2384 1958 demonstrare
2435 1904 2577 1975 quod
2626 1919 2732 1960 non
2780 1902 3045 1960 Conditor
3074 1904 3269 1972 solum,
3307 1905 3402 1962 sed
3437 1914 3494 1962 et

243 1987 341 2044 καὶ
377 1986 516 2059 αὐτὴ
568 1988 601 2058 ή
651 1987 826 2051 κτίσις
869 1989 987 2041 ἐστὶ
1025 1989 1140 2053 τόίς
1185 1987 1496 2059 ἀνθρώποις
1544 1988 1818 2062 ἀκατάλη-

241 2094 396 2141 πτος.

328 2170 389 2222 ’0
423 2168 723 2236 Ἰουδαῖος.
772 2168 880 2222 Ποῦ
920 2168 978 2222 δὲ
1009 2168 1217 2241 Τριάδα
1250 2169 1310 2224 ἐν
1345 2172 1410 2244 τῇ
1443 2169 1657 2245 Παλαιᾷ
1693 2173 1818 2224 Δια-

241 2259 392 2332 θήκῃ
415 2258 779 2329 διδασκόμεθα
797 2277 810 2324 ;
827 2259 920 2311 καὶ
937 2259 1039 2312 ποῦ
1063 2259 1267 2330 ταύτην
1288 2261 1346 2313 ὲν
1365 2261 1433 2331 τῇ
1450 2259 1624 2330 Καινῇ
1650 2259 1819 2330 ἔγνω-

242 2369 385 2424 μανι

328 2444 390 2497 '0
419 2445 656 2510 πιστός.
702 2443 789 2496 Ἐν
818 2442 915 2513 μὲν
940 2445 1006 2514 τῇ
1039 2441 1272 2515 Παλαιᾷ,
1298 2444 1356 2497 έν
1386 2442 1463 2514 τῷ
1497 2443 1698 2516 πρώτῳ
1738 2443 1818 2515 βι-

242 2534 380 2606 ϐλίῳ
412 2534 654 2598 Μωσέως
673 2550 687 2563 ·
725 2533 858 2604 φησί
881 2533 989 2606 γὰρ
1019 2535 1076 2587 tv
1101 2536 1167 2605 τῇ
1209 2533 1302 2587 τοῦ
1335 2534 1539 2605 κότμου
1569 2535 1812 2603 γενέσει·

241 2625 354 2682 Kal
408 2619 577 2677 εἶπεν
627 2626 661 2678 d
705 2624 847 2689 Θεός
866 2639 883 2655 ο
936 2622 1289 2694 Ποιήσωμεν
1336 2620 1651 2692 ἄνθρωποι·
1691 2626 1816 2679 κατ’

239 2716 448 2770 εἰκόνα
479 2713 770 2784 ἡμετέραν
815 2714 914 2767 καί
936 2715 1064 2767 καθ’
1091 2713 1393 2782 ὁμοίωσιν.
1436 2713 1602 2783 Δῆλον
1629 2715 1708 2778 δὲ,
1737 2716 1817 2769 δτι

239 2805 380 2878 πρὸς
402 2805 490 2858 τὸν
518 2805 646 2858 Υἰὸν
686 2803 779 2858 καὶ
798 2803 861 2858 τδ
873 2803 1094 2873 Πνεῦμα
1123 2803 1180 2856 τὸ
1206 2805 1360 2873 ἅγιον
1382 2803 1533 2859 εἶπεν
1553 2808 1581 2858 ό
1603 2807 1752 2876 Πατή
1760 2823 1812 2878 ρ.

241 2897 358 2950 Καὶ
377 2897 537 2950 πάλιν
555 2913 568 2926 ·
597 2895 706 2949 Καὶ
728 2892 899 2950 εἶπεν
916 2899 950 2950 ὀ
976 2897 1118 2962 Θεός
1139 2912 1153 2927 ·
1188 2896 1342 2951 Ἰδοὺ
1364 2897 1614 2967 γέγονεν
1646 2897 1815 2966 Ἀδὰμ

239 2992 324 3056 ὡς
368 2985 450 3056 εἷς
501 2989 572 3053 ἐξ
602 2987 790 3058 ἡμῶν.
827 2989 902 3042 Τὸ
938 2987 994 3042 δὲ
1023 2990 1216 3053 εἰπεῖν,
1266 2989 1346 3055 ὡς
1391 2984 1479 3055 εἵς
1512 2988 1582 3054 ἐξ
1627 2988 1814 3059 ήμῶν,

239 3083 461 3146 πάντως
489 3080 583 3134 δύο
607 3080 700 3134 καὶ
731 3081 879 3151 τρεῖς
909 3081 1202 3150 ἐσήμανεν,
1238 3079 1326 3133 ἵνα
1347 3079 1496 3153 δείξῃ
1518 3079 1701 3133 λοιπὸν
1731 3079 1819 3132 διὰ

237 3173 362 3237 τοῦ,
391 3172 471 3239 ὡς
496 3166 582 3238 εἷς
609 3169 678 3236 ἐξ
712 3169 914 3270 nam,
946 3171 1006 3224 τὺ
1047 3170 1302 3242 διάφορον
1331 3170 1440 3224 τῶν
1478 3170 1644 3242 τριῶν
1687 3171 1818 3224 ὑπο-
1846 3208 1890 3270 C

240 3264 508 3318 στάσεων.
536 3263 646 3318 Καὶ
674 3258 830 3326 αὖθις
866 3264 896 3315 6
923 3262 1084 3326 αὐτὸς
1109 3263 1406 3333 νομοθέτης
1423 3279 1437 3293 ·
1470 3262 1580 3315 Καί
1613 3262 1815 3330 ἐποίη-

238 3372 359 3411 σεν
379 3359 414 3410 ὀ
435 3356 579 3422 Θεὸς
598 3353 704 3408 τόν
718 3354 1050 3423 ἄνθρωπον
1068 3355 1194 3408 κατ’
1217 3354 1417 3409 εἰκόνα
1449 3352 1596 3409 Θεοῦ
1620 3354 1819 3420 ἐποίη-

237 3460 359 3500 σεν
376 3446 564 3499 αὐτόν
580 3462 595 3476 ο
624 3444 711 3498 ἵνα
734 3443 884 3518 δείξῃ
909 3444 971 3497 τὸ
1004 3443 1287 3514 μοναδικδν
1314 3445 1416 3515 τῆς
1445 3443 1718 3515 θεότητος.
1741 3441 1816 3496 Oti

233 3536 355 3623 γὰρ
381 3531 562 3623 εἶπεν1
587 3535 669 3589 δτι
702 3534 968 3606 εποίησαν
1011 3535 1061 3589 οἰ
1097 3534 1210 3590 θεοὶ
1233 3535 1327 3589 τὸν
1363 3535 1669 3607 ἄνθρωπον,
1703 3535 1817 3590 ἀλλ’

231 3619 263 3680 δ
291 3624 429 3688 Θεὸς
452 3627 480 3679 6
506 3619 587 3688 εἷς
621 3627 652 3678 ό
685 3625 744 3677 ἰν
765 3624 955 3696 Τριάδι
994 3626 1485 3698 προσκυνούμενος.
1514 3627 1682 3681 Ὅταν
1709 3627 1819 3681 τοί-

232 3732 342 3770 νυν
367 3714 608 3786 ἀκούσῃς
638 3713 774 3768 Θεοῦ
818 3713 1100 3784 λέγοντος,
1145 3714 1298 3770 Ἰδοὺ
1350 3715 1530 3785 Ἀδὰμ
1573 3716 1818 3786 γέγονεν

231 3807 324 3874 ὡς
354 3804 442 3873 εἶς
484 3806 553 3872 ἐξ
588 3805 814 3876 funium.
837 3807 1266 3878 τρισυπόστατον
1313 3808 1496 3878 φωνὴν
1541 3809 1813 3879 ἐννόησον.

232 3899 416 3952 Ὅταν
439 3898 496 3952 δὲ
526 3898 705 3963 πάλιν,
718 3899 800 3952 δτι
830 3897 1128 3953 Ἐνεικόνι
1149 3896 1297 3952 Θεοῦ
1313 3897 1603 3966 ἐποίησεν
1622 3901 1654 3953 ὀ
1674 3898 1818 3965 Θεὸς

233 3991 352 4048 τὸν
387 3991 724 4060 ἄνθρωπον,
746 3990 844 4062 τὴν
883 3989 1009 4061 μίαν
1031 3988 1215 4043 οὐσίαν
1246 3989 1340 4043 καὶ
1367 3989 1604 4061 Θεότητα
1628 3989 1818 4061 όμολο-

232 4086 379 4154 γεῖς.
408 4082 708 4154 Τοιγαροῦν
737 4082 799 4135 οὐ
831 4082 989 4152 μόνον
1012 4079 1279 4145 ἐντεῦθεν,
1312 4079 1450 4134 ἀλλὰ
1485 4082 1580 4134 καὶ
1608 4080 1666 4144 ἐξ
1700 4081 1816 4134 ἑτέ-

236 4195 356 4248 ρων
386 4174 646 4230 πλειόνων
663 4173 844 4228 τόπων
865 4173 966 4243 τῆς
993 4171 1145 4235 θείας
1168 4172 1409 4242 Γραφῆς,
1439 4172 1499 4224 τὸ
1522 4170 1625 4241 τῆς
1658 4171 1818 4239 ἁγίας

235 4269 342 4323 καὶ
389 4266 677 4338 δμοουοίου
699 4265 929 4336 Τριάδος
961 4261 1320 4333 διδασκόμεθα
1355 4264 1680 4335 μυστήριον,
1724 4265 1819 4316 καὶ

237 4357 483 4432 μάλιστα
510 4357 608 4422 τὰς
641 4357 771 4428 περὶ
818 4355 1033 4426 Πατρὸς
1077 4354 1172 4410 καὶ
1205 4355 1335 4409 Υἰοῦ
1384 4355 1675 4424 τηλαυγεῐς
1725 4355 1817 4408 καὶ

237 4449 588 4517 σαφεστάτας
638 4448 820 4517 φωνὰς
867 4449 958 4502 καὶ
1001 4448 1307 4519 μαρτυρίας
1346 4448 1710 4518 εὑρίσκοντες.
1744 4447 1818 4500 Τὸ

239 4545 352 4616 γὰρ
399 4540 720 4612 εἰρημένον,
750 4541 830 4594 ὅτι
883 4539 1122 4607 Ἕόρεεε
1165 4541 1382 4608 Κύριος
1412 4541 1570 4606 παρὰ
1594 4541 1814 4606 Κυρίου

239 4633 361 4700 εὕρ
385 4631 481 4687 ἐπὶ
509 4632 742 4700 Σόδομα
770 4632 867 4684 καί
903 4632 1206 4700 Γόμορῤα,
1251 4631 1304 4684 τί
1331 4631 1476 4696 ἄλλο,
1510 4631 1558 4684 εἰ
1591 4632 1665 4703 μὴ
1700 4632 1815 4684 [Ια-

237 4724 378 4793 εέρα
415 4723 508 4775 καί
541 4722 686 4789 Υἰὸν,
733 4723 827 4775 καὶ
874 4721 1079 4792 Κύριον
1128 4721 1279 4792 παρὰ
1315 4722 1520 4793 Κυρίου
1552 4724 1721 4793 ἧγουν
1750 4724 1814 4775 ὲκ

236 4812 335 4865 τοῦ
411 4812 623 4883 [ἰατρὸς
689 4811 1019 4882 γεννηθέντα
1079 4811 1421 4884 παρίστησι;
1499 4811 1609 4865 Καὶ
1653 4811 1812 4865 πάλιν

1919 1993 2050 2062 ipsae
2104 2008 2190 2049 res
2239 2003 2436 2049 creata:
2481 1994 2549 2050 ab
2602 1995 2912 2053 hominibus
2962 1999 3343 2068 comprehendi
3398 2011 3494 2055 ne-

1957 2094 2140 2142 tteunl.

1957 2101 1987 2138 ιι
2026 2099 2140 2142 unt.

1917 2099 1952 2155 q
1986 2099 2227 2232 indctus.
2280 2176 2380 2232 Ubi
2425 2192 2554 2234 vero
2592 2176 2912 2234 Trinitatem
2948 2180 3002 2234 in
3071 2178 3252 2237 Veteri
3299 2180 3491 2236 Testa-

1918 2278 2102 2324 mento
2135 2270 2412 2335 docemur,
2446 2276 2502 2324 et
2531 2269 2621 2324 ubi
2664 2283 2782 2326 eam
2817 2269 2872 2325 in
2909 2269 3061 2326 Novo
3087 2272 3387 2328 discimus?

1989 2446 2341 2504 Christianus.
2393 2444 2453 2499 In
2497 2444 2680 2500 Veteri
2717 2446 2959 2516 quidem,
3011 2447 3064 2501 in
3114 2448 3289 2516 primo
3328 2446 3490 2502 Hosis

1918 2536 2075 2600 libro,
2116 2536 2192 2590 ait
2232 2535 2377 2592 enim
2408 2537 2498 2591 ubi
2547 2536 2786 2609 origines
2835 2537 3022 2592 mundi
3066 2537 3328 2594 describit
3365 2554 3380 2592 :
3419 2536 3488 2592 Et

1917 2631 2050 2684 dia-it
2105 2629 2245 2683 Deus
2271 2645 2290 2683 :
2326 2627 2613 2684 Faciamus
2651 2630 2911 2683 hominem
2957 2630 3026 2683 ad
3073 2631 3353 2701 imaginem
3395 2646 3492 2684 no-

1917 2731 2082 2776 stram
2104 2731 2153 2775 et
2179 2720 2250 2774 ad
2282 2719 2737 2775 similitudinem'.
2776 2717 3116 2775 Manifestum
3145 2728 3228 2774 est
3242 2719 3385 2789 quod
3419 2720 3488 2774 'ad

1917 2813 2110 2868 Filium
2139 2823 2193 2868 et
2216 2812 2477 2882 Spiritum
2509 2820 2753 2866 sanctum
2783 2812 2897 2866 haec
2929 2811 3141 2868 loculus
3179 2822 3262 2867 est
3307 2811 3488 2866 Pater.

1917 2907 2090 2974 Atque
2125 2905 2322 2959 iterum
2357 2920 2371 2956 :
2401 2900 2472 2957 Et
2502 2902 2635 2956 dixit
2657 2902 2830 2957 Deus:
2853 2901 2985 2957 Ecce
3013 2904 3188 2973 factus
3216 2916 3290 2958 est
3317 2903 3489 2957 Adam

1917 3004 1971 3048 ut
2007 3006 2142 3050 unus
2178 3009 2205 3046 e
2247 2993 2449 3047 nobis'.
2481 2990 2634 3058 Quod
2667 2991 2812 3047 enim
2877 2992 2971 3058 ait,
3013 3002 3069 3047 ut
3108 3009 3242 3047 unus
3270 3009 3299 3047 e
3321 2991 3488 3059 nobis,

1916 3086 2136 3140 omnino
2157 3085 2293 3140 duos
2315 3083 2399 3147 vel
2433 3093 2546 3138 tres
2578 3081 2869 3152 signiﬁcat,
2915 3091 2975 3137 ut
2993 3085 3304 3140 ostenderet
3326 3098 3491 3154 porro

1921 3188 2014 3243 per
2045 3173 2234 3236 verba,
2271 3182 2329 3224 ut
2361 3187 2494 3226 unus
2527 3188 2555 3226 e
2599 3172 2768 3236 nobis,
2803 3171 2964 3227 trium
3006 3187 3355 3240 personarum
3389 3172 3492 3227 dif-

1919 3264 2227 3319 ﬂ‘rentiam.
2261 3265 2438 3332 Atque
2477 3263 2674 3317 iterum
2721 3263 2861 3318 idem
2914 3262 3184 3334 Iegislator
3218 3281 3231 3318 :
3261 3263 3325 3318 Et
3366 3265 3488 3332 fecit

1921 3358 2062 3411 lleus
2080 3355 2374 3421 hominem;
2409 3354 2698 3409 secundum
2719 3355 3001 3425 imaginem
3040 3354 3136 3409 Dei
3159 3356 3281 3423 fecit
3309 3373 3426 3410 eum
3444 3357 3488 3419 ',

1920 3458 1979 3503 ut
2019 3449 2338 3503 ostenderet
2390 3445 2615 3502 Deitatis
2665 3445 2948 3501 unitatem.
2984 3445 3099 3501 Non
3157 3447 3302 3502 enim
3351 3447 3490 3502 dixit

1919 3539 2049 3595 deos
2084 3551 2204 3594 esse
2247 3537 2339 3608 qui
2364 3535 2636 3592 hominem
2677 3537 2944 3601 fecerunt,
2982 3537 3075 3592 sed
3108 3536 3272 3593 Deum
3323 3553 3488 3592 unum

1918 3631 2008 3701 qui
2062 3632 2115 3684 in
2167 3627 2437 3684 Trinitate
2486 3629 2762 3683 adoretur.
2839 3627 3067 3694 Quando
3120 3628 3283 3699 igitur
3335 3631 3490 3684 audis

1919 3722 2086 3778 Deum
2108 3720 2398 3785 dicentem,
2461 3718 2594 3774 Ecce
2621 3719 2788 3774 Adam
2821 3719 2993 3789 foetus
3017 3730 3092 3774 est
3120 3721 3254 3774 sicut
3286 3737 3420 3774 unus
3461 3737 3490 3773 e

1921 3813 2092 3877 nobis,
2151 3812 2312 3866 trium
2371 3825 2726 3880 personarum
2776 3825 2965 3867 vocem
3003 3812 3198 3881 cogita.
3263 3810 3489 3879 Quando

1919 3905 2134 3970 deinde,
2167 3903 2310 3974 quod
2352 3902 2420 3958 In
2467 3904 2696 3973 imagine
2731 3902 2829 3958 Dei
2878 3902 3018 3957 Deus
3053 3903 3309 3957 hominem
3343 3899 3485 3971 fecit,

1919 4013 2081 4056 unam
2121 3996 2416 4052 essentiam
2446 4008 2511 4050 ac
2543 3994 2806 4050 Deilatem
2834 3992 3134 4049 conﬁteris.
3176 3992 3348 4062 igitur
3381 4006 3485 4046 non

1916 4105 1981 4147 ex
2032 4091 2135 4144 hoc
2185 4097 2419 4151 tantum,
2458 4089 2553 4143 sed
2584 4094 2640 4142 et
2692 4099 2760 4142 ex
2818 4087 2940 4141 aliis
2997 4085 3239 4154 pluribus
3291 4083 3502 4138 divina‘

1918 4183 2212 4252 Scriptura:
2230 4181 2362 4237 locis
2389 4190 2594 4237 sancta:
2616 4189 2671 4236 et
2701 4177 3178 4236 consubstantialis
3203 4176 3488 4232 Trinitatis

1919 4273 2235 4345 mysterium
2267 4271 2576 4334 edocemnr,
2617 4277 2673 4324 et
2702 4269 2944 4324 maxime
2969 4268 3035 4323 de
3063 4267 3222 4322 Patre
3253 4281 3315 4320 ac
3350 4265 3487 4321 Filio

1919 4364 2202 4435 perspicua
2238 4377 2302 4416 ac
2325 4359 2632 4415 clarissima
2663 4359 2971 4414 testimonia
3005 4358 3324 4426 reperimus.
3351 4354 3483 4411 Nam

1919 4454 2059 4522 quod
2085 4452 2323 4507 dicitur:
2353 4449 2607 4504 Dominus
2627 4449 2760 4518 pluit
2786 4467 2818 4502 a
2853 4448 3078 4502 Domino
3114 4447 3282 4518 ignem
3332 4463 3490 4514 super

1918 4543 2152 4599 Sodoma
2196 4549 2244 4595 et
2292 4537 2592 4593 Gomorrlta
2628 4539 2692 4605 “,
2734 4538 2927 4606 ecquid
2957 4538 3101 4593 aliud
3135 4537 3240 4593 nisi
3271 4536 3482 4591 Patrem

1915 4642 1970 4687 et
2024 4631 2254 4694 Filium,
2301 4636 2355 4683 et
2386 4628 2672 4686 Dominum
2708 4642 2738 4681 a
2768 4626 2996 4683 Domino
3044 4627 3159 4682 sive
3209 4642 3279 4682 ex
3330 4625 3487 4681 Patre

1916 4732 2101 4778 natum
2141 4720 2322 4776 sistit?
2342 4721 2517 4789 Atque
2568 4734 2755 4775 rursus
2788 4718 2929 4789 quod
2960 4718 3013 4772 in
3060 4717 3276 4792 psalmo
3303 4725 3486 4773 cente-

1915 4814 2053 4868 simo
2106 4827 2251 4868 nono
2297 4812 2537 4877 dicitur,
2571 4809 2720 4866 Dixit
2770 4810 3024 4864 Dominus
3075 4808 3301 4864 Domino
3346 4825 3484 4876 meo,

233 4903 295 4957 τὸ
331 4904 390 4955 ὲν
417 4902 496 4973 τῷ
530 4904 607 4974 ρθ¹
635 4901 834 4973 ψαλμῷ
867 4901 1180 4974 εἰρημένον,
1226 4904 1308 4956 ὅτι
1349 4897 1813 4971 ΕἴπενόΚύριος

1919 4903 2050 4961 Sede
2070 4921 2102 4958 o
2136 4904 2335 4958 dextris
2356 4902 2484 4956 meis
2504 4903 2570 4967 η,
2603 4902 2884 4971 perspicue
2909 4900 3060 4957 nobis
3081 4899 3293 4956 Patrem
3320 4909 3374 4954 et
3397 4915 3485 4955 se-

225 4993 319 5062 τῷ
349 4994 542 5062 Κυρίῳ
564 5011 686 5064 μου
706 5010 720 5025 ·
751 4992 948 5050 Κάθου
973 4992 1042 5046 ἐκ
1073 4991 1287 5057 δεξιῶν
1324 5010 1468 5062 μου,
1507 4992 1695 5062 σαφῶς
1719 4993 1811 5047 τὸν

227 5085 461 5155 Πατέρα
495 5085 589 5137 καὶ
635 5086 727 5138 τὸν
766 5084 1075 5156 καθήμενον
1119 5085 1185 5138 ὲκ
1240 5083 1427 5151 δεξιῶν
1477 5084 1642 5140 αὐτοῦ
1683 5084 1812 5140 Υἰδν

227 5175 376 5246 ἡμῖν
399 5172 760 5244 δφανέρωσεν.
784 5173 859 5226 Ού
888 5172 1031 5226 κατὰ
1059 5171 1187 5235 τοὺς
1214 5170 1434 5242 θρόνους
1459 5171 1515 5224 δὲ
1548 5171 1674 5235 τοὺς
1698 5173 1816 5223 ἐπι-

227 5266 442 5336 γείους,
474 5263 591 5317 οὐδὲ
628 5264 730 5327 τὰς
773 5263 1062 5336 καθέδρας,
1113 5262 1235 5316 οὔτε
1266 5261 1406 5316 κατὰ
1441 5262 1512 5316 τὰ
1538 5262 1688 5330 δεξιὰ
1715 5263 1812 5316 καὶ

225 5353 501 5426 ἀριστερὰ
522 5354 660 5425 μέρη
688 5352 796 5405 τῶν
821 5352 1143 5423 ἀνθρώπων,
1166 5350 1307 5406 οὕτω
1331 5353 1423 5404 καὶ
1450 5354 1479 5405 6
1515 5351 1647 5414 Θεὸς
1675 5350 1810 5404 καθ-

226 5447 443 5512 έζεται,
493 5446 567 5516 μὴ
598 5445 830 5512 γένοιτοί
876 5444 1014 5496 Ἀλλ’
1040 5443 1229 5514 ὥσπερ
1263 5443 1457 5506 θεῖκῶς
1488 5442 1628 5512 ὑπὲρ
1654 5441 1809 5510 λόγον

225 5535 498 5606 ὲγεννήθη
516 5537 543 5588 6
563 5535 695 5598 Θεὸς
709 5535 876 5603 Λόγος
897 5536 961 5587 ἐκ
980 5534 1113 5588 Θεοῦ
1131 5537 1236 5606 πρὸ
1261 5537 1493 5597 αἰώνων,
1514 5535 1608 5589 καὶ
1623 5535 1772 5588 ὥσπε
1780 5553 1810 5605 ρ

228 5625 528 5695 ἀσώματος
555 5627 651 5679 καὶ·
677 5625 1080 5691 ἀσχημάτιστος
1107 5627 1200 5678 καὶ
1218 5625 1805 5697 ἀπερίγραπτόςὲστιν·

309 5801 326 5820 '
360 5800 495 5854 Gen.
532 5800 683 5863 1,26.
727 5800 781 5832 "
821 5799 956 5856 Gen.
996 5814 1075 5866 ιιι,
1108 5797 1204 5855 2'3.
1283 5801 1300 5831 '
1325 5800 1461 5854 Gcn.
1503 5813 1537 5863 ι,
1563 5799 1652 5852 27.

1733 5801 1771 5830 ¹⁰
1814 5801 1944 5855 Gen.
1982 5817 2090 5867 xu,
2121 5801 2208 5855 '25.

1917 4995 2131 5050 dentem
2173 5007 2204 5046 a
2247 4991 2456 5046 dextris
2477 4991 2595 5062 ejus
2626 4989 2819 5045 Filium
2848 4989 3106 5046 declarat.
3139 4989 3324 5060 Neque
3354 5005 3486 5044 vero

1916 5096 1979 5140 ut
2009 5085 2062 5140 in
2111 5084 2308 5138 throno
2337 5081 2421 5136 vel
2454 5084 2582 5137 sede
2612 5081 2877 5145 terrestri,
2909 5090 3002 5134 aut
3029 5089 3087 5134 ut
3119 5095 3148 5136 a
3177 5080 3368 5135 dextra
3395 5080 3483 5136 vel

1917 5177 2136 5232 sinistra
2167 5181 2326 5244 parte
2376 5173 2676 5238 hominum,
2714 5172 2788 5226 ita
2821 5171 2974 5226 sedet
3000 5170 3174 5238 Deus;
3216 5172 3309 5227 sed
3342 5167 3484 5228 sicut

1919 5267 2104 5321 divino
2166 5265 2325 5319 modo
2395 5279 2558 5334 super
2623 5278 2836 5318 omnem
2894 5264 3158 5319 rationem
3202 5273 3360 5318 natus
3401 5273 3485 5318 est

1920 5357 2059 5410 Deus
2085 5353 2328 5430 Verbum.
2347 5369 2415 5409 ex
2455 5353 2571 5409 Deo
2590 5364 2716 5408 ante
2749 5353 2969 5417 saecula,
2994 5363 3049 5407 et
3070 5353 3207 5408 sicut
3235 5354 3486 5421 incorpo-

1917 5448 2051 5510 rule,
2081 5447 2249 5515 ﬁgura
2274 5445 2589 5500 destitutum
2623 5453 2678 5500 et
2711 5445 3235 5513 incircumscriptum
3258 5457 3368 5507 est,
3404 5446 3484 5501 sic

1916 5548 1972 5590 et
1991 5536 2171 5591 sedem
2207 5543 2258 5589 et
2301 5536 2552 5589 thronum
2583 5543 2640 5589 et
2673 5525 2917 5590 dextram
2949 5534 3038 5589 Dei
3070 5534 3200 5589 mihi
3225 5534 3479 5603 intelligo.

1920 5625 2024 5681 Sed
2052 5626 2260 5696 etquod
2289 5625 2430 5696 apud
2467 5625 2645 5694 ipsum
2677 5622 2873 5681 isaiam
2902 5625 3106 5682 dictum
3124 5626 3485 5689 cxstat.clsre

2289 5802 2326 5833 “
2367 5799 2507 5857 Psal.
2547 5818 2665 5865 cu.
2697 5805 2744 5860 ι.
