4226 6316
230 410 334 459 5ὺί

1370 398 1457 454 DE
1498 398 1808 455 EFFECTU
1852 397 2209 466 BAPTISMI,
2250 399 2402 457 ETC.

3382 400 3487 460 862

238 520 512 583 'ﬂsu‘luc'
542 520 652 576 Διά
698 520 804 574 τιὸν
837 520 1024 589 φόϐον
1071 535 1207 587 σου,
1254 519 1447 589 Κύριε,
1489 521 1558 573 ἐν
1606 518 1813 590 γαστρί

1932 515 2151 588 Propter
2200 530 2393 574 metum
2431 530 2606 586 tuum,
2654 520 2894 588 Domine,
2938 522 2995 576 in
3042 530 3211 575 ventre
3256 519 3487 587 concepi-

235 612 539 682 ὖλὰσομεν
577 614 674 667 καὶ
710 611 1091 682 ὼδινήσαμεν
1122 611 1217 665 καὶ
1254 611 1538 680 ὲτέκομεν
1574 610 1816 679 Πνεῦμα

1932 628 2053 673 nus,
2088 619 2138 665 et
2188 614 2482 681 peperimus
2532 612 2789 682 Spiritum
2832 613 3017 667 salutis
3048 614 3108 667 ⁸⁸.
3149 612 3203 666 In
3244 629 3349 682 quo
3394 616 3483 668 de-

238 706 541 773 σωτηρίας
559 722 573 737 ·
608 704 803 777 δηλῶν,
833 706 915 757 ὅτι
944 704 1005 758 τὸ
1026 704 1248 774 Πνεῦμα
1277 702 1338 756 τὸ
1370 703 1521 772 ἆγιον
1551 702 1815 772 ὲλάϐομεν

1932 701 2090 755 :Iarut
2124 718 2223 757 nos
2260 702 2519 771 Spiritum
2557 695 2805 759 sanctuni
2855 706 3129 775 accepisse
3170 716 3318 769 tum,
3366 720 3487 757 rum

234 794 290 847 ni
318 794 673 861 φωτισθέντες
693 793 780 847 διὰ
807 792 900 847 τοῦ
932 793 1325 865 βαπτίσματος.
1357 794 1496 864 Φησὶ
1522 793 1628 865 γὰρ
1656 793 1817 847 πάλιν

232 885 329 938 διὰ
358 884 452 937 τοῦ
495 888 778 957 προφήτου
823 887 851 939 ὀ
889 885 1021 949 Θεὸς
1063 886 1194 956 περὶ
1234 882 1342 937 τῶν
1386 883 1816 955 βαπτιζομένων,

233 976 324 1029 ὅτι
386 976 716 1043 Ἐνοικήσω
782 978 852 1031 ἐν
929 978 1133 1041 αὐτοῖς
1194 976 1292 1029 καὶ
1340 974 1817 1045 ρμπεριπατήσωο

236 1068 340 1121 καὶ
374 1068 455 1131 τὸ,
493 1066 716 1135 Ἐκχεῶ
747 1067 865 1122 ἀπὸ
904 1067 1009 1121 τοῦ
1048 1068 1396 1135 Πνεύματός
1424 1083 1543 1134 μου
1574 1065 1671 1117 ἐπὶ
1712 1062 1822 1117 πᾶ-

233 1171 366 1211 σαν
409 1155 626 1224 σάρκα.
656 1156 808 1211 Ὅσοι
837 1154 929 1212 οὖν
974 1158 1036 1211 τὺ
1079 1156 1218 1211 θεῖον
1262 1157 1484 1227 Πνεῦμα
1526 1157 1584 1208 ὲν
1625 1153 1822 1225 γαστρὶ

235 1245 436 1300 ἔλαϐον
468 1247 524 1299 ὲν
561 1245 639 1316 τῷ
672 1246 812 1318 ἁγίῳ
849 1246 1205 1317 βαπτίσματι,
1251 1245 1453 1299 ἔσωθεν
1495 1244 1602 1299 ἔσω
1651 1246 1710 1297 ὲν
1753 1245 1819 1314 τῇ

236 1337 457 1392 ἑαυτῶν
487 1338 684 1411 καρδίᾳ
723 1340 788 1394 ὲκ
824 1338 932 1390 τῶν
986 1338 1372 1408 σκιρτημάτων
1406 1337 1501 1393 καὶ
1534 1336 1822 1406 νυγμάτων

236 1430 342 1485 καὶ
366 1430 787 1500 ἀγαλλιαμάτων
820 1429 913 1483 καὶ
941 1429 1331 1501 ἐνεργημάτων
1366 1428 1528 1500 (καὶ),
1557 1427 1623 1481 ἵν’
1650 1424 1825 1489 οὕτως

236 1520 406 1582 εἴπω,
443 1520 778 1590 πηδημάτων
804 1521 901 1591 τῆς
935 1520 1101 1573 αὑτοῦ
1140 1523 1382 1591 χάριτος,
1418 1515 1826 1588 πληροφοροῦν-

234 1624 337 1667 ται
364 1611 421 1662 ἐν
450 1613 516 1681 τῇ
544 1610 722 1664 αὐτῶν
751 1610 965 1683 καρδίᾳ,
995 1613 1076 1665 ὅτι
1108 1608 1527 1681 βεϐαπτισμένοι
1552 1606 1709 1660 εἰσίν.
1728 1606 1828 1659 Ούο

235 1700 359 1763 δεὶς
408 1703 517 1773 γὰρ
560 1701 848 1774 ἄνθρωπος
900 1702 1234 1765 ἀϐάπτιστος
1277 1702 1370 1754 ἐπὶ
1400 1700 1500 1771 τῆς
1550 1700 1682 1770 γῆς,
1728 1699 1827 1769 τῆς

236 1791 502 1862 τοιαύτης
543 1794 762 1865 χάριτος
788 1794 822 1863 ἦ
850 1794 1129 1864 ἐνεργείας
1170 1793 1411 1863 εὐπορεῖ,
1440 1791 1473 1863 ἦ
1510 1791 1822 1845 αἰσθάνεται

240 1884 498 1947 πώποτε,
544 1886 647 1938 κᾶν
694 1886 875 1949 πάσας
925 1885 1023 1949 τὰς
1075 1884 1297 1947 ἐντολὰς
1351 1885 1446 1938 καὶ
1482 1881 1824 1942 δικαιοσύνας

239 1976 471 2051 ἐπιτελῇ
508 1972 782 2040 τοῦΌεοῦ,
816 1979 863 2029 εί
897 1976 971 2048 μὴ
1000 1977 1049 2028 οἱ
1072 1976 1139 2029 δι’
1170 1974 1357 2038 ὓδατος
1388 1973 1483 2027 καὶ
1510 1972 1823 2042 Πνεύματος

239 2067 307 2118 ἐν
344 2065 541 2136 γαστρὶ
584 2066 872 2131 λαϐόντες,
921 2068 1013 2120 καὶ
1064 2066 1268 2137 ταύτην
1317 2066 1671 2135 φυλάττοντες
1726 2080 1827 2115 καφ

241 2154 423 2226 θαρὰν
459 2157 552 2210 καὶ
584 2157 868 2227 ἀμίαντον.
895 2158 1111 2228 ’Ὠσπερ
1149 2158 1256 2227 γὰρ
1286 2158 1318 2226 ή
1353 2156 1489 2227 γυνὴ
1536 2154 1735 2225 ἔχουσα
1767 2155 1827 2207 ὲν

238 2249 443 2320 γαστρὶ
490 2248 809 2307 αἰσθάνεται
848 2248 955 2301 τῶν
1002 2248 1391 2318 σκιρτημάτων
1434 2246 1527 2299 τοῦ
1594 2245 1827 2317 βρέφους

239 2339 394 2397 ἔνδον
440 2339 641 2409 αὐτῆς
675 2339 820 2392 οὕτω
868 2341 963 2393 καὶ
1001 2340 1155 2393 αὐτοὶ
1204 2342 1269 2393 ἐκ
1318 2338 1417 2408 τῆς
1469 2337 1829 2409 ἐγγινομένης

238 2431 423 2501 χαρᾶς
458 2431 552 2483 καὶ
580 2430 919 2501 εὐφροσύνης
952 2432 1045 2484 καὶ
1083 2429 1454 2499 ἀγαλλιάσεως
1491 2429 1548 2480 ὲν
1589 2431 1655 2499 τῇ
1701 2444 1830 2498 καρ-

238 2521 337 2592 δίᾳ
371 2520 569 2588 αὐτῶν,
615 2520 997 2590 γινὼτκουσιν,
1047 2522 1126 2574 ὃτι
1178 2520 1238 2574 τὸ
1269 2518 1495 2591 Πνεῦμα
1546 2518 1639 2572 τοῦ
1692 2518 1826 2571 Θεοῦ

240 2614 388 2667 οἰκεῖ
419 2615 475 2667 ὲν
502 2614 704 2679 αὐτοῖς,
732 2614 869 2683 ὅπερ
902 2613 1229 2684 ἐκομίσαντο
1261 2614 1319 2665 ὲν
1350 2612 1427 2683 τῷ
1454 2612 1794 2683 βαπτίσματι
1813 2627 1825 2639 ·

240 2706 377 2776 περὶ
407 2704 611 2774 ταύτης
647 2705 756 2775 γὰρ
793 2707 892 2778 τῆς
924 2707 1149 2777 χάριτος
1182 2704 1275 2757 τοῦ
1320 2705 1475 2772 ἁγίου
1524 2704 1831 2775 βαπτίσμα-

238 2810 337 2857 τος
364 2794 438 2864 (7)
476 2790 627 2847 εἶπεν
664 2798 692 2847 ὁ
722 2796 976 2866 Χριστὸς,
1021 2796 1104 2847 ὃτι
1144 2794 1215 2848 Ἠ
1244 2794 1535 2857 βασιλεία
1572 2793 1690 2847 τῶν
1729 2796 1831 2847 οὺ-

230 2882 443 2951 ρανῶν
472 2884 645 2950 ἐντὸς
692 2883 859 2953 ὑμῶν
903 2886 1060 2937 ἐστι·
1107 2884 1199 2936 καὶ
1246 2879 1432 2947 αὖθις·
1483 2883 1610 2951 Πῦρ
1641 2880 1831 2953 ἦλθον

231 2976 463 3043 βαλεῖν
515 2976 615 3030 ἐπὶ
666 2975 780 3044 τὴν
842 2975 977 3046 γῆν,
1031 2975 1129 3029 καὶ
1190 2975 1413 3044 ἤθελον
1469 2974 1545 3047 (8)
1599 2977 1652 3028 εὶ
1710 2972 1829 3045 ἤδη

239 3068 507 3138 ἀνήφθη.

1921 793 2202 849 illuminati
2271 809 2457 850 sumus
2515 809 2610 864 per
2667 796 2955 863 baptisma.
3009 799 3098 850 Ait
3141 796 3282 850 enim
3346 795 3490 849 Deus

1921 900 2109 943 rursus
2140 901 2235 954 per
2272 887 2607 955 prophetam,
2650 886 2716 941 de
2749 887 2813 940 iis
2854 888 2943 956 qui
2979 888 3358 958 baptizantur:
3394 886 3489 940 In-

1921 976 2165 1029 habitat'o
2185 976 2238 1028 in
2268 976 2397 1039 illis,
2419 987 2464 1029 et
2498 977 2833 1031 innmbulabo
2857 977 2920 1030 ¹⁵.
2956 974 3189 1045 Itemque
3220 995 3232 1030 :
3259 977 3489 1046 E/fundo

1922 1066 1986 1120 de
2036 1064 2237 1135 Spiritu
2276 1084 2387 1121 meo
2423 1083 2579 1133 super
2628 1084 2830 1122 onmem
2883 1084 3092 1121 carnem
3117 1070 3180 1121 "’.
3215 1068 3491 1137 Quotquot

1923 1155 2089 1226 igitur
2130 1156 2367 1209 divinum
2414 1154 2675 1226 Spiritum
2716 1156 2767 1209 in
2810 1165 2999 1211 ventre
3036 1170 3387 1227 acceperunt,
3437 1161 3487 1211 in

1925 1258 2114 1303 sancto
2157 1247 2503 1316 baptismate,
2553 1248 2700 1303 intus
2731 1250 2786 1303 in
2824 1249 3030 1303 intimis
3063 1250 3394 1318 praecordiis,
3426 1265 3493 1305 ex

1924 1340 2325 1411 agitationibus,
2369 1340 2697 1404 motionibus
2727 1351 2781 1395 et
2825 1340 3229 1409 punctionilms,
3260 1340 3497 1394 exsulta-

1926 1431 2160 1485 tionibus
2188 1438 2243 1485 et
2276 1431 2706 1500 operationibus,
2743 1439 2923 1500 atque,
2966 1442 3023 1485 ut
3053 1432 3126 1484 ita
3156 1431 3358 1495 dicam,
3392 1430 3499 1484 sal-

1930 1520 2222 1576 tationibus
2269 1522 2460 1593 gratim
2495 1520 2752 1591 Spiritus,
2797 1522 3099 1575 certissime
3146 1531 3410 1577 noverunt
3443 1522 3495 1577 in

1931 1613 2035 1667 imo
2068 1612 2249 1669 cordis
2283 1612 2389 1677 sui,
2438 1612 2579 1683 quod
2630 1614 2884 1683 baptizati
2935 1624 3097 1678 sunt;
3146 1613 3321 1667 nullus
3353 1613 3496 1667 enim

1928 1706 2089 1759 ltomo
2116 1720 2219 1759 non
2250 1704 2447 1759 tinctus
2472 1706 2736 1772 baptismo
2760 1706 2812 1758 in
2843 1713 3005 1767 terra,
3034 1704 3294 1773 ejusmodi
3327 1703 3499 1772 gratia

1928 1804 2024 1848 aut
2074 1792 2267 1849 etfectu
2321 1794 2592 1859 abundat,
2646 1802 2739 1845 aut
2795 1793 2955 1861 plane
3010 1789 3502 1862 perl‘ruitur,'licet

1926 1886 2106 1942 omnia
2140 1884 2230 1939 Dei
2266 1884 2514 1938 mandata
2544 1882 2857 1961 et‘justitize
2889 1898 3055 1953 opera
3086 1883 3347 1953 perﬁciat.
3379 1879 3499 1935 Soli

1928 1978 1980 2033 id
2026 1986 2394 2047 assequuntur
2436 1977 2526 2045 qui
2563 1992 2658 2044 per
2707 1991 2901 2045 aquam
2942 1985 2995 2029 et
3042 1976 3301 2043 Spiritum
3348 1989 3501 2043 rege-

1928 2070 2099 2124 uerati
2139 2075 2290 2131 sunt,
2329 2075 2384 2122 et
2422 2067 2658 2135 Spiritus
2710 2067 2887 2121 sancti
2937 2068 3165 2134 gratiam
3211 2066 3261 2120 in
3313 2076 3503 2119 ventre

1927 2168 2273 2227 acceperunt,
2302 2172 2529 2229 eamque
2558 2172 2749 2227 puram
2806 2168 2972 2229 atque
3008 2157 3339 2227 impollutam
3372 2171 3501 2211 con-

1927 2260 2168 2306 servant.
2198 2250 2270 2306 Ut
2298 2251 2442 2305 enim
2490 2251 2683 2306 mulier
2707 2262 2921 2306 uterum
2971 2259 3168 2321 gerens
3195 2250 3360 2303 sentit
3391 2263 3506 2304 mo-

1929 2344 2103 2397 tiones
2146 2341 2288 2398 fetus
2336 2344 2478 2397 intra
2512 2354 2569 2397 se
2599 2384 2614 2408 ,
2651 2343 2724 2397 ita
2769 2346 2933 2397 etiam
2970 2343 3049 2398 illi
3097 2358 3161 2396 ex
3201 2343 3372 2411 gratia
3418 2342 3506 2395 in-
3616 2396 3623 2401 _

1933 2446 2059 2491 nata
2105 2445 2160 2489 et
2213 2434 2398 2489 laetitia
2445 2444 2499 2488 et
2550 2434 2914 2489 exsultatione
2973 2448 3095 2503 quae
3152 2433 3205 2487 in
3250 2434 3506 2487 cordibus

1931 2527 2166 2596 ipsorum
2204 2534 2309 2592 est,
2342 2532 2677 2595 cognoscunt
2715 2524 2854 2593 quod
2890 2524 3126 2594 Spiritus
3162 2522 3254 2577 Dei
3298 2521 3507 2576 habitat

1930 2618 1985 2672 in
2010 2618 2203 2687 seipsis
2232 2634 2245 2671 :
2275 2630 2435 2685 quem
2470 2616 2686 2684 quidem
2715 2623 3045 2683 acceperunt
3073 2615 3125 2668 in
3156 2613 3503 2683 baptismate.

1930 2709 2142 2764 Etenim
2172 2710 2238 2764 de
2273 2708 2376 2763 bac
2410 2708 2581 2777 gratia
2617 2706 2791 2761 sancti
2826 2706 3169 2776 baptismatis
3195 2704 3330 2759 dixit
3354 2704 3509 2759 Cbri-

1931 2810 2047 2856 stus
2082 2820 2094 2853 :
2128 2798 2367 2870 Regnum
2409 2799 2657 2852 oratorum
2692 2800 2831 2852 intra
2856 2814 2942 2852 vos
2982 2807 3054 2851 est
3082 2796 3157 2863 ¹⁸;
3188 2807 3243 2852 et
3274 2811 3462 2851 rursus
3490 2814 3505 2851 :

1928 2894 2110 2963 Ignem
2159 2892 2271 2946 ueni
2300 2893 2507 2946 mittere
2537 2892 2592 2944 in
2632 2900 2931 2957 terram,_et
2969 2890 3095 2960 quid
3145 2893 3277 2954 voto,
3318 2890 3418 2942 nisi
3453 2897 3508 2942 ut

1925 2987 2042 3057 jam
2070 2991 2253 3042 ardeat
2279 2984 2362 3039 "i

330 3159 529 3228 Ἐρὼτ.
559 3159 670 3213 Καὶ
706 3160 812 3221 πᾶς
842 3158 1128 3229 ἄνθρωπος
1160 3156 1374 3228 ἰδιώτης
1414 3157 1508 3211 καὶ
1535 3156 1717 3227 σοφὸς,
1744 3154 1830 3209 διὰ

2004 3162 2202 3218 Interr.
2232 3163 2313 3217 An
2348 3163 2528 3218 omnis
2562 3165 2743 3227 homo,
2786 3163 3033 3217 indoctus
3071 3169 3127 3215 et
3162 3159 3371 3221 doctus,
3414 3171 3512 3226 per

238 3253 449 3325 ταύτης
478 3252 644 3323 μόνης
669 3254 768 3323 τῆς
799 3250 1125 3316 ἀποδείξεως
1154 3249 1432 3318 γινώσκει,
1464 3251 1545 3303 ὅτι
1579 3248 1835 3320 βεϐάπτι-

242 3360 391 3409 παι,
424 3344 519 3397 καὶ
550 3344 609 3396 οὐ
649 3344 713 3396 δι’
740 3342 899 3396 ἄλλου
931 3342 1247 3411 οἱουδήποτε
1280 3341 1515 3411 τρόπου;

331 3434 557 3501 Ἆπόκρ.
611 3433 673 3486 Ἦ
731 3432 938 3504 ἀληθὴς
989 3432 1081 3486 καὶ
1120 3429 1364 3500 ἀπλανὴς
1408 3430 1685 3497 ἀπόδειξις
1737 3427 1832 3483 τοῦ

240 3521 573 3595 Χριστιανοῦ
623 3521 762 3593 αὕτη
812 3523 958 3575 ἐστι·
1012 3522 1109 3574 xui.
1155 3521 1387 3576 ἄκουσον
1440 3520 1655 3574 Παύλου
1697 3520 1835 3591 πρός

239 3630 401 3679 τινας
442 3613 801 3683 ἀγκαλοῦντος
833 3615 928 3668 καὶ
970 3613 1251 3682 λεγοντος⁸
1287 3610 1360 3668 Ἦ
1407 3614 1518 3668 οὐκ
1567 3611 1836 3683 ἐπιγινώ-

241 3717 449 3769 σκετε,
493 3705 584 3758 ὅτι
635 3703 863 3773 Ἰησοῦς
931 3704 1184 3772 Χριστὸς
1235 3703 1388 3759 οἰκεῖ
1440 3705 1511 3757 ἐν
1553 3703 1731 3773 ὐμῖν;
1783 3706 1837 3757 εί

240 3795 328 3869 μή
361 3814 416 3850 τι
462 3794 575 3865 ἆρα
612 3796 883 3866 ἀδόκιμοί
920 3797 1083 3853 ἐστε.
1136 3794 1336 3860 Καθὼς
1374 3796 1483 3866 γὰρ
1530 3791 1704 3862 εἷπον,
1753 3795 1835 3849 ὅτι

244 3884 433 3955 ὥσπερ
474 3888 506 3955 η
540 3888 600 3939 ὲν
647 3886 849 3957 γαστρὶ
883 3886 1083 3956 ἔχουσα
1112 3886 1213 3939 οὐκ
1250 3886 1358 3940 ἀπὸ
1394 3887 1676 3958 ῥημάτων,
1721 3886 1834 3945 ἀλλ’

244 3973 358 4028 ἀπὸ
391 3974 463 4044 (9)
512 3974 855 4045 πραγμάτων
901 3975 995 4029 καὶ
1040 3975 1147 4029 τῶν
1192 3974 1287 4029 τοῦ
1333 3974 1566 4046 βρέφους
1606 3993 1834 4047 σκιρτη-

248 4066 437 4138 μάτων
476 4065 733 4134 γινώσκει
764 4066 1027 4137 ἀκριϐῶς,
1062 4068 1144 4120 ὅτι
1190 4067 1512 4122 συνέλαϐεν·
1550 4068 1693 4123 οὕτω
1741 4072 1836 4124 καὶ

244 4160 275 4211 o
307 4156 514 4227 ἀληθὴς
546 4157 870 4227 Χριστιανὸς
899 4159 998 4211 οὐκ
1042 4157 1102 4222 ἐξ
1138 4158 1307 4228 ἀκοῆς
1350 4158 1553 4227 γονέων
1587 4160 1694 4213 τῶν
1735 4160 1834 4231 βα-

247 4252 577 4315 πτισάντων,
608 4250 729 4304 οὐδὲ
758 4250 819 4317 ἐξ
848 4252 1038 4321 ἑτέρου
1087 4252 1311 4323 τρόπου,
1344 4252 1459 4307 ἀλλ’
1489 4255 1554 4306 ὲκ
1598 4252 1700 4323 τῆς
1739 4254 1837 4306 αὑ-

246 4343 344 4405 τοῦ
373 4342 599 4414 καρδίας
618 4341 821 4412 ὀφείλει
845 4344 944 4413 τὴν
969 4343 1338 4415 πληροφορίαν
1361 4345 1524 4415 ἔχειν,
1541 4347 1621 4400 ὅτι
1647 4345 1837 4399 ἔλαϐεν

248 4436 311 4489 τὸ
345 4436 502 4505 ἀγιον
527 4436 831 4506 βάπτισμα,
862 4436 957 4489 καὶ
994 4437 1075 4489 ὅτι
1103 4437 1328 4507 ἠξίωται
1357 4436 1449 4491 τοῦ
1481 4439 1638 4507 ἁγίου
1673 4438 1836 4491 Πνεύο

1940 3253 2077 3307 hanc
2109 3252 2275 3307 solam
2308 3252 2847 3315 demonstrationem,
2876 3257 2930 3304 et
2970 3264 3076 3303 non
3113 3263 3207 3317 per
3238 3247 3401 3301 alium
3432 3245 3512 3299 ulc

1937 3343 2047 3398 lum
2082 3343 2325 3409 modum,
2359 3344 2507 3398 novit
2539 3358 2598 3397 se
2628 3343 2958 3412 baptizatum
2995 3340 3154 3395 esse?

2006 3435 2161 3505 Resp.
2208 3433 2345 3489 Vera
2393 3443 2448 3489 et
2496 3433 2565 3488 ab
2612 3434 2761 3497 omni
2818 3447 3006 3488 errore
3055 3431 3227 3487 libera
3279 3430 3510 3485 demon-

1934 3530 2127 3585 stratio
2158 3527 2450 3583 Christiani
2504 3528 2620 3582 lucc
2660 3534 2763 3582 est.
2816 3526 2881 3579 Et
2924 3526 3049 3580 audi
3096 3523 3315 3579 Paulum
3368 3524 3509 3594 apud

1936 3623 2196 3691 quosdam
2232 3628 2675 3689 conquerentem,
2702 3627 2755 3672 ct
2784 3617 3021 3671 aientem
3053 3632 3067 3669 :
3100 3617 3179 3669 An
3212 3630 3314 3668 non
3349 3630 3516 3683 agno-

1934 3715 2078 3768 scitis
2148 3714 2284 3785 quod
2335 3710 2493 3765 Jesus
2544 3709 2782 3764 Christus
2829 3708 3031 3761 habitat
3076 3709 3130 3759 in
3180 3706 3367 3762 vobis?
3412 3704 3514 3758 nisi

1935 3805 2070 3875 forte
2122 3806 2326 3873 reprobi
2375 3804 2497 3857 estis
2525 3803 2591 3857 ".
2653 3799 2724 3856 Ut
2776 3801 2919 3856 enim
2967 3799 3115 3862 dixi,
3159 3812 3278 3867 qua:
3324 3794 3516 3850 mulier

1937 3908 2153 3952 uterum
2190 3897 2348 3968 gerit,
2386 3911 2490 3951 non
2538 3894 2744 3957 verbis,
2786 3892 2880 3947 sed
2910 3892 3073 3945 rebus
3103 3889 3235 3959 ipsis
3267 3898 3321 3942 et
3370 3886 3515 3941 fctus

1938 3987 2269 4041 motionibus
2311 3976 2589 4056 cognoscit
2638 3992 2891 4037 accurate
2933 3995 2993 4036 se
3040 3978 3354 4048 concepisse
3384 4016 3399 4041 ,
3440 3977 3511 4030 ita

1934 4089 1990 4133 et
2027 4093 2187 4134 verus
2221 4077 2564 4133 Christianus
2605 4090 2710 4129 non
2763 4089 2829 4129 ex
2871 4072 3055 4128 auditu
3099 4078 3378 4141 parentum
3416 4069 3510 4139 qui

1936 4169 2353 4239 baptizaverunt
2400 4170 2610 4236 ipsum,
2648 4181 2828 4235 neque
2878 4164 2988 4219 ullo
3022 4162 3128 4218 alio
3170 4162 3329 4215 modo
3370 4175 3510 4226 prae—

1936 4270 2182 4329 terquam
2216 4276 2283 4316 ex
2317 4260 2480 4316 corde
2514 4274 2614 4315 suo
2652 4268 2856 4313 certam
2907 4255 3265 4326 cognitionem
3314 4252 3515 4307 habere:

1935 4353 2115 4417 debet,
2145 4353 2285 4422 quod
2325 4351 2598 4421 acceperit
2628 4362 2871 4406 sanctum
2905 4348 3193 4417 baptisma,
3228 4355 3284 4399 et
3317 4345 3515 4414 dignus
3568 4424 3569 4427 η

1938 4440 2115 4496 iactus
2151 4442 2222 4495 sit
2247 4440 2449 4510 Spiritu
2484 4449 2691 4494 sancto.
2726 4438 3019 4506 Propterea
3065 4435 3202 4489 dixit
3242 4436 3308 4487 ad
3352 4448 3517 4503 quoeo

253 4545 444 4600 ματος.
489 4529 587 4585 Διά
626 4528 785 4585 τοῦτο
830 4529 983 4598 ἔλεγε
1032 4528 1167 4600 πρός
1211 4547 1363 4593 τινας
1410 4532 1438 4584 ὁ
1477 4528 1722 4593 Παῦλος·
1764 4530 1830 4583 Τὸ

1938 4533 2059 4585 dam
2102 4530 2243 4585 idem
2291 4528 2511 4593 Paulus,
2551 4529 2809 4597 Spiritum
2847 4544 2909 4580 ne
2942 4526 3284 4597 exstinguatis
3306 4526 3374 4589 “,
3410 4525 3516 4579 ltoc

246 4616 495 4689 Πνεῦμα
524 4619 610 4689 μὴ
641 4619 952 4684 σϐέννυτε,
985 4621 1150 4691 ἤγουν
1193 4622 1265 4692 μὴ
1298 4619 1523 4691 διώξητε
1552 4638 1565 4651 ο
1598 4621 1713 4687 καὶ,
1735 4620 1832 4688 Μὴ

248 4710 498 4766 λυπεῖτε
530 4713 597 4765 τὸ
621 4712 863 4782 Πνεῦμα
907 4712 974 4765 τὸ
1009 4714 1200 4783 ἅγιον,
1226 4715 1296 4767 ἐν
1322 4705 1369 4778 ᾧ
1391 4714 1835 4783 ἐσφραγίσθητε

247 4806 341 4870 είς
379 4803 605 4872 ἡμέραν
653 4802 1130 4873 ἀπολυτρώσεως
1152 4823 1165 4836 ·
1212 4806 1307 4859 καὶ
1346 4806 1507 4859 πάλιν
1528 4822 1541 4836 ·
1592 4807 1674 4859 Οὐ
1724 4805 1833 4874 γὰρ

250 4895 497 4952 ἐλάϐετε
569 4896 807 4967 πνεῦμα
879 4896 1195 4964 δουλείας,
1256 4898 1400 4952 ἀλλ’
1465 4897 1829 4965 ἐλευθερίας.

254 4984 471 5057 Ταύτην
504 4986 604 5057 τὴν
647 4988 808 5059 χάριν
848 4987 1123 5051 ἀπολέσας
1163 4989 1193 5040 ὁ
1231 4988 1413 5052 Δαυῒδ,
1446 4989 1534 5042 διὰ
1568 4990 1668 5059 τῆς
1710 5006 1829 5061 μοι·

253 5078 438 5152 χείας,
482 5079 782 5148 παρεκάλει
832 5080 926 5135 τὸν
979 5080 1130 5146 Θεὸν,
1201 5081 1408 5149 λέγων’
1458 5081 1698 5147 Ἀπόδος
1730 5099 1833 5151 μοι

252 5170 372 5239 τὴν
407 5171 773 5240 ἁγαλλίασιν
805 5173 911 5227 τοῦ
952 5174 1272 5243 σωτηρίου,
1304 5174 1403 5227 καὶ
1452 5174 1696 5244 Πνεῦμα
1733 5177 1832 5228 ei)-

253 5264 360 5331 θὲς
394 5264 738 5333 ὲτκαίνισον
771 5264 842 5318 ἐν
875 5265 1000 5331 τοῖς
1034 5266 1308 5335 ἐγκάτοις
1340 5284 1481 5336 μου.
1523 5266 1707 5338 Ὁρᾷς,
1753 5267 1833 5319 ὅτι

251 5356 368 5411 law
394 5358 450 5410 ὲν
480 5359 592 5420 τοῖς
612 5354 703 5409 τοῦ
741 5355 933 5409 πιστοῦ
964 5361 1209 5412 κατοικεῖ
1227 5359 1287 5413 τὸ
1315 5359 1540 5413 Πνεῦμα
1568 5359 1629 5411 τὸ
1658 5358 1831 5425 ἇγιον.

329 5520 376 5549 ¹⁸
414 5528 513 5571 Isa.
538 5534 685 5573 τινι.
721 5518 804 5573 18.

914 5518 1126 5574 "'Lev.
1174 5536 1322 5584 χχιιι,
1368 5522 1465 5583 12;
1508 5521 1546 5573 ll
1589 5521 1714 5574 Cor.
1767 5519 1959 5584 vr,.i6.

1939 4633 2025 4679 est
2054 4639 2120 4678 ne
2155 4621 2592 4693 persequamini;
2622 4632 2677 4675 et
2702 4641 2715 4675 :
2742 4618 2825 4679 Ne
2862 4619 3237 4681 contristemini
3262 4615 3514 4683 Spiritum

1939 4726 2203 4780 sanctum,
2251 4715 2401 4784 cujus
2442 4712 2613 4783 sigillo
2641 4711 2835 4781 signati
2878 4710 3000 4763 estis
3046 4708 3115 4761 ad
3145 4708 3284 4761 diem
3322 4707 3517 4761 libera-

1936 4808 2098 4861 tionis
2120 4807 2195 4869 ";
2241 4814 2297 4859 et
2337 4818 2568 4859 rursus:
2608 4799 2731 4855 Non
2786 4800 2923 4855 enim
2963 4800 3233 4870 accepistis
3272 4798 3515 4866 spiritum

1937 4900 2218 4961 seruitutis,
2265 4897 2354 4951 sed
2396 4896 2649 4950 libertatis
2673 4894 2738 4949 “.
2786 4892 2957 4949 Porro
2992 4908 3113 4947 cum
3162 4890 3330 4945 David
3377 4892 3516 4944 hanc

1938 4992 2165 5061 gratiam
2222 4989 2493 5043 amisisset
2543 5003 2639 5057 per
2689 4985 3046 5049 adulterium,
3091 4984 3283 5037 orabat
3344 4974 3511 5036 Deum

1940 5082 2163 5135 dicens:
2198 5078 2373 5132 Redde
2413 5078 2543 5132 mihi
2592 5078 2830 5132 ltetitiam
2865 5076 3137 5139 salutaris,
3167 5084 3214 5127 et
3260 5072 3515 5140 Spiritum

1941 5184 2138 5229 rectum
2173 5176 2369 5227 innooa
2402 5173 2457 5226 in
2487 5172 2767 5226 visceribus
2798 5170 2925 5224 meis
2951 5168 3017 5222 “.
3057 5167 3192 5235 Quia
3228 5169 3279 5222 in
3312 5167 3515 5223 intimis

1940 5263 2186 5317 sensibus
2241 5260 2412 5315 fidelis
2445 5258 2653 5313 habitat
2692 5256 2927 5327 Spiritus
2965 5264 3205 5309 sanctus.
3236 5244 3507 5310 Caeterum

1944 5365 2104 5427 prout
2146 5358 2376 5423 quisque
2434 5362 2614 5407 servat
2666 5350 2885 5405 domum
2939 5348 3020 5404 sui
3064 5347 3244 5403 cordis
3287 5358 3501 5413 puram,

2040 5529 2078 5551 υ
2120 5517 2231 5572 Joel
2265 5533 2324 5582 ιι,
2364 5515 2465 5574 Ξθς
2524 5517 2644 5568 Act.
2698 5528 2758 5575 ιι,
2826 5511 2913 5565 l6.
2993 5522 3374 5582 -~__1.uc._xvtt,
3420 5517 3512 5582 τι.

256 5586 303 5622 ¹⁹
345 5585 473 5641 Luc.
507 5591 616 5653 xit,
650 5590 737 5643 49.
815 5587 860 5619 ’°
903 5589 942 5644 ll
975 5590 1100 5644 Cor.
1147 5606 1265 5657 xm,
1298 5577 1350 5647 5.
1429 5577 1471 5627 εἶ
1517 5591 1532 5640 Ι
1574 5589 1765 5645 Thess.
1799 5577 1836 5641 ν
1884 5590 1969 5652 i9.
2050 5590 2095 5621 ”
2131 5577 2325 5658 Epltes.
2354 5602 2429 5651 tv,
2465 5584 2554 5639 30.
2630 5583 2676 5614 ³³
2704 5582 2859 5637 Rom.
2885 5577 3079 5644 vm,5.
3122 5579 3401 5644 “Psal.t.,
3426 5578 3511 5636 12.

350 5728 403 5780 7i
444 5727 539 5797 Ms.
568 5728 892 5797 πνεύματος.

350 5796 410 5867 ὃ)
446 5796 554 5862 ΑΙ..
583 5799 637 5852 τί
671 5796 831 5852 θέλω.

2012 5729 2090 5800 (9)
2145 5728 2279 5784 Ἀετό
2310 5727 2456 5784 deest
2486 5726 2536 5781 in
2577 5740 2676 5780 ms.
