4226 6316
737 330 844 389 863
2049 327 2424 386 lliEilONYlll
2465 327 2695 387 GRJECI
3905 323 4021 385 εισι

735 440 1089 509 illnminatur,
1130 448 1185 497 et
1211 439 1441 511 percipit
1476 442 1654 514 ignem
1690 442 1930 500 divinum
1972 446 2305 503 habitantem
2336 460 2353 511 Α

2432 449 2629 512 ιοιπὺν,
2676 444 2798 500 καθ’
2833 443 2862 497 δ
2911 443 2978 497 ἂν
3029 443 3289 513 φυλάττει
3333 441 3425 495 τὸν
3471 436 3620 495 οἷκον
3667 443 3765 511 τῆς
3805 441 4016 496 ἑαυτοῦ

738 534 792 588 in
825 546 885 588 se
914 547 1011 604 per
1032 530 1319 602 Iscrymas,
1344 544 1440 601 per
1463 531 1741 603 gaudium,
1772 549 1870 605 per
1893 534 2309 592 exsultationem

2432 539 2646 612 ιαρδίας
2698 535 2960 608 καθαρὸν.
2989 536 3018 587 ὁ
3055 534 3342 608 ἄνθρωπος
3387 530 3716 604 φωτίζεται,
3768 533 3863 587 καὶ
3922 534 4015 586 αι-

738 639 790 681 et
821 623 1244 681 consolationem
1271 632 1326 680 et
1359 621 1631 693 lat-titiam;
1664 640 1732 681 ac
1767 627 2032 697 pmipue
2067 638 2311 699 tempore

2432 630 2674 685 ιθάνεται
2718 625 2816 682 τοῦ
2884 626 3030 680 θείου
3087 624 3258 696 πυρὸς
3306 623 3585 688 οἰκοῦντος
3631 626 3689 678 ιν
3727 621 3877 694 αύτῷ
3923 622 4019 675 διὰ

746 719 1005 770 festorum
1056 715 1264 771 dierum
1311 722 1368 770 et
1403 730 1681 771 sacrarum
1716 717 2035 789 synasium,
2087 728 2141 776 et
2188 719 2315 776 illu-

741 806 1090 870 strationum,
1120 817 1478 862 conversante
1514 816 1568 862 et
1605 804 1824 862 uitiante
1857 805 2060 878 Spiritu
2099 818 2312 875 sancto,

742 893 904 949 simul
941 894 1181 950 exsultat
1220 896 1395 964 gratia
1445 895 1614 967 ipsius
1645 910 1765 966 qua
1800 896 2008 952 habitat
2043 897 2100 953 in
2135 899 2318 956 animo

742 981 998 1048 hominis,
1023 985 1166 1039 unde
1203 985 1442 1055 perfecte
1477 986 1766 1042 instruitur
1802 996 1858 1042 et
1893 986 2139 1044 ﬁrmatur
2171 990 2315 1060 quod

745 1087 874 1128 vere
932 1073 1274 1130 Christianus
1325 1075 1427 1141 sit,
1471 1083 1526 1128 et
1582 1076 1854 1146 acceperit
1906 1087 2153 1132 sanctum
2215 1079 2318 1134 ba-

743 1164 962 1231 ptisma.
991 1163 1163 1221 Porro
1206 1181 1275 1222 ne
1315 1165 1597 1222 videantur
1629 1166 1721 1222 tibi
1754 1169 2010 1231 absurda,
2044 1167 2220 1223 aliena
2265 1178 2321 1223 et

744 1260 932 1329 gravia
981 1275 1102 1331 quae
1149 1261 1423 1317 dicuntur.
1475 1263 1688 1318 Etenim
1740 1262 2016 1333 prophetae
2062 1261 2154 1332 qui
2195 1276 2318 1317 cum

747 1352 1064 1410 mulieribus
1111 1352 1476 1421 dormiebant,
1518 1365 1575 1410 et
1606 1353 1658 1408 in
1696 1353 1872 1408 medio
1899 1353 2024 1408 vita
2047 1363 2104 1408 et
2143 1352 2318 1408 homi-

747 1455 874 1495 num
924 1450 980 1496 et
1001 1442 1352 1513 negotiorum
1411 1442 1690 1498 constituti
1754 1452 1946 1507 erant,
1995 1442 2154 1496 istam
2201 1441 2326 1512 Spi-

745 1533 885 1588 ritus
922 1534 1096 1588 sancti
1142 1534 1369 1604 gratiam
1403 1533 1692 1589 habebant.
1734 1533 1917 1602 Neque
1953 1534 2054 1588 viri
2092 1541 2321 1600 tantum,

748 1624 841 1678 sed
870 1625 1036 1680 etiam
1071 1625 1323 1681 mulieres
1361 1640 1480 1694 qua:
1506 1623 1975 1689 vaticinabantur;
2013 1639 2120 1680 non
2171 1624 2318 1680 enim

752 1715 948 1786 refugit
977 1729 1150 1784 neque
1181 1716 1526 1771 abominetur
1557 1714 1793 1785 Spiritus
1830 1723 2054 1770 sanctus
2091 1714 2324 1770 societa-

2414 723 2691 796 δακρύων,
2717 723 2807 776 διά
2843 721 3036 793 χαρᾶς.
3083 717 3152 772 δι’
3177 717 3552 786 ἀγαλλιάσεως
3583 717 3681 771 καὶ
3713 715 4008 788 παρακλήο

2418 830 2558 878 σεως
2608 813 2703 867 καὶ
2745 809 3107 883 εὐφροσύνης,
3152 809 3249 862 καὶ
3294 808 3532 878 μάλιστα
3569 807 3649 879 τῷ
3684 805 3861 877 καιρῷ
3897 805 4019 858 τῶν

2419 907 2622 982 ἑορτῶν
2666 909 2761 963 καὶ
2796 905 3070 971 συνάξιων
3111 903 3207 958 καὶ
3252 904 3643 974 φωτισμάτων,
3675 901 4020 972 ἐπιδημοῦνο

2418 1017 2509 1065 τος
2537 998 2633 1054 τοῦ
2681 996 2837 1067 άγίου
2886 995 3206 1065 Πνεύματος
3249 994 3514 1065 συσκιρτᾷ
3554 995 3587 1063 ή
3637 992 3795 1064 χάρις
3841 989 4019 1045 αὐτοῦ

2418 1095 2454 1164 ἠ
2492 1089 2826 1146 κατοικοῦσα
2880 1087 2940 1140 ιν
2976 1087 3043 1157 τῇ
3089 1085 3236 1156 ψυχῇ
3294 1084 3390 1138 τοῦ
3439 1083 3750 1152 ἀνθρώπου,
3795 1085 3890 1137 καὶ
3928 1085 4023 1136 ιν-

2419 1181 2610 1237 τεῦθεν
2639 1179 3067 1252 πληροφορεῖται
3102 1177 3131 1229 ὀ
3175 1174 3483 1248 ἄνθρωπος,
3511 1175 3592 1228 ὄτι
3632 1175 3848 1245 άληθῶς
3877 1175 4023 1243 Χρι-

2423 1271 2638 1336 στιανός
2678 1272 2793 1324 ἔστι
2828 1267 2923 1322 καὶ
2957 1266 3148 1338 εἴληφε
3175 1265 3239 1320 τὸ
3273 1265 3426 1333 άγιον
3459 1264 3764 1335 βάπτισμα.
3797 1265 3907 1318 Καὶ
3941 1261 4023 1334 μὴ

2424 1365 2567 1434 φανῇ
2607 1379 2689 1415 σοι
2719 1360 2831 1430 (ιο)
2863 1357 2988 1423 ξένα
3023 1357 3118 1411 καὶ
3147 1357 3320 1428 βαρέα
3350 1356 3419 1410 τά
3441 1355 3728 1425 λεγόμενα.
3762 1355 3875 1407 Καὶ
3903 1354 4024 1422 γὰρ

2423 1454 2473 1508 ei
2505 1452 2780 1525 προφῆται
2812 1447 3028 1520 γυναιῇ
3074 1445 3517 1517 συγκοιμώμενοι
3551 1445 3647 1499 καί⁵
3692 1445 3860 1515 μέσον
3895 1443 4022 1513 βίου

2425 1542 2519 1596 καὶ
2573 1537 2877 1612 ἀνθρώπων
2916 1536 3010 1590 καὶ
3070 1534 3417 1608 πραγμάτων
3482 1533 3858 1602 ὑπάρχοντες,
3915 1531 4025 1602 τὴν

2424 1635 2583 1706 χάριν
2615 1631 2823 1702 ταύτην
2857 1628 2952 1682 τοῦ
2996 1628 3154 1696 ἁγίου
3205 1625 3526 1696 Πνεύματος
3572 1621 3752 1695 εἶχον·
3807 1623 3902 1675 καὶ
3955 1623 4022 1676 ού

2432 1725 2590 1798 μόνον
2626 1722 2841 1795 ἄνδρες,
2868 1719 3004 1773 άλλά
3034 1719 3127 1772 καὶ
3159 1720 3415 1787 γυναῖκες
3442 1714 3906 1789 προφητεύουσαι.
3940 1714 4022 1767 Ού

750 1817 857 1860 tem
890 1807 1178 1862 venerandi
1232 1807 1491 1878 conjugii.
1541 1805 1697 1863 Unde
1734 1806 1977 1876 plerique
2014 1820 2201 1862 eorum
2235 1810 2328 1876 qui

2432 1788 2538 1887 γὰρ
2585 1788 2859 1884 ἀναχωρεῖ
2902 1809 3024 1864 οὐδὲ
3075 1808 3423 1880 βδελύττεται
3471 1788 3534 1860 τὸ
3589 1808 3743 1866 ἅγιον
3792 1804 4027 1874 Πνεῦμα

749 1910 1094 1950 communem
1133 1896 1298 1951 vitam
1347 1894 1848 1967 degunt,'efl'ectus
1891 1896 2158 1966 ejusmodi
2205 1895 2330 1966 Spi-

753 1989 887 2044 ritus
913 1988 1088 2044 sancti
1123 1989 1310 2058 gratia:
1346 1988 1614 2053 sentiunt;
1653 1987 1749 2054 illi,
1786 1989 2027 2058 inquam,
2050 1988 2142 2058 qui
2173 2001 2332 2044 sacro

751 2079 906 2133 altari
938 2079 1219 2144 assistunt,
1243 2088 1298 2133 et
1320 2081 1410 2149 qui
1452 2080 1714 2133 accedunt
1745 2078 1811 2133 ad
1836 2078 2038 2134 Christi
2066 2078 2323 2152 mysteria

752 2171 1135 2240 percipienda;
1186 2186 1307 2224 nam
1347 2181 1566 2240 repente
1591 2185 1622 2224 e
1663 2170 1886 2240 vestigio
1917 2169 2210 2240 implentur
2257 2170 2331 2222 ia-

753 2262 957 2332 crymis
988 2269 1042 2314 et
1080 2259 1277 2330 gaudio
1297 2267 1354 2313 et
1379 2257 1584 2312 iretitia.
1614 2257 1767 2314 Unde
1796 2267 2136 2330 compertum
2169 2259 2333 2314 habet

753 2350 1123 2417 Christianus,
1169 2349 1311 2418 quod
1352 2363 1456 2404 non
1496 2349 1793 2422 simplicem
1833 2359 2027 2420 panem
2060 2357 2117 2404 et
2147 2349 2333 2404 vinum

758 2452 990 2509 tantum,
1020 2442 1113 2497 sed
1165 2455 1292 2496 vere
1328 2455 1525 2511 corpus
1574 2451 1626 2493 et
1673 2441 1990 2508 sanguinem
2033 2440 2159 2497 Filii
2209 2440 2332 2506 Dei,

759 2533 964 2605 Spiritu
1005 2543 1193 2590 sancto
1243 2531 1663 2596 sanctiﬁcatum,
1714 2530 1995 2599 percipiat.
2042 2529 2157 2585 Non
2191 2531 2336 2585 enim

755 2629 1021 2682 sentimus
1059 2639 1295 2693 unquan
1348 2622 1550 2694 aliquid
1593 2622 1722 2687 tale,
1755 2631 1849 2677 aut
1897 2619 2161 2690 ejusmodi
2212 2635 2337 2691 gra-

761 2721 889 2773 tiam
917 2728 973 2774 et
1000 2717 1391 2788 operationem,
1427 2725 1519 2769 aut
1557 2715 1911 2779 suavitatem,
1957 2718 2052 2768 aut
2080 2728 2343 2782 compun-

760 2808 1032 2871 ctionem,
1079 2808 1290 2876 quando
1343 2805 1646 2874 simplicem
1699 2817 1891 2873 panem
1932 2812 1987 2857 et
2035 2801 2218 2856 vinum
2286 2803 2339 2856 in

764 2914 946 2955 mensa
990 2910 1172 2953 nostra
1206 2896 1542 2953 comedimus
1579 2904 1636 2950 et
1668 2895 1934 2960 bibimus;
1971 2908 2026 2948 et
2071 2894 2197 2948 licet
2235 2907 2336 2963 pn-

766 2993 879 3048 rior
910 2991 982 3046 sit
1026 2991 1114 3045 hic
1145 2988 1301 3059 panis
1337 2987 1431 3042 illo
1465 3000 1624 3056 pane,
1652 2994 1709 3040 et
1744 2985 2008 3040 vetustius
2047 2999 2111 3039 ac
2152 2986 2343 3040 melius

2432 1906 2528 1977 τὴν
2565 1903 2848 1958 κοινωνίαν
2885 1900 2977 1955 τοῦ
3011 1899 3195 1972 τιμίου
3239 1899 3442 1970 γάμου.
3477 1897 3643 1953 Ὅθεν
3701 1897 3797 1948 καὶ
3837 1895 4030 1948 πολλοὶ

2432 1997 2539 2052 τῶν
2571 1999 2627 2050 ὲν
2661 1996 2853 2066 κόσμῳ
2891 1993 3192 2064 πάσχουσιν
3222 1992 3575 2063 ἐνεργήματα
3615 1988 3716 2058 τῆς
3760 1987 4029 2056 τοιαύτης

2433 2087 2655 2158 χάριτος
2701 2085 2794 2138 τοῦ
2830 2084 2985 2152 άγίου
3035 2082 3387 2152 Πνεύματος,
3429 2081 3570 2149 φημι
3629 2079 3693 2150 δὴ
3742 2079 3796 2131 οῖ
3837 2095 3898 2131 τε
3947 2076 4058 2144 τῷ·

2435 2177 2803 2246 Θυσιαστηρίῳ
2825 2173 3259 2246 παριστάμενοι,
3304 2171 3359 2225 οἵ
3395 2187 3450 2224 τε
3485 2170 3594 2223 τῶν
3640 2169 3735 2223 τοῦ
3783 2166 4030 2239 Χριστοῦ

2440 2269 2753 2342 μυστηρίων
2837 2265 3163 2340 μεταλαϐεἳν
3239 2263 3701 2336 προσερχόμενον
3764 2261 4032 2331 ἐξαίφνης

2436 2360 2544 2432 γὰρ
2579 2358 2830 2430 δακρύων
2887 2358 2981 2410 καὶ
3026 2356 3205 2428 χαρᾶς
3245 2354 3340 2410 καὶ
3377 2351 3718 2424 εὐφροσύνης
3754 2350 4034 2422 πληροῦν-

2436 2469 2526 2505 ται
2546 2467 2559 2482 ’
2597 2451 2720 2505 ὅθεν
2750 2450 2847 2505 καὶ
2881 2449 3306 2520 πληροφορείται
3340 2447 3368 2500 ὁ
3403 2444 3746 2517 Χριστιανὸς,
3784 2445 3847 2496 ού
3873 2442 4036 2512 ψιλὸν

2439 2545 2603 2614 ἄρτον
2643 2543 2737 2596 καὶ
2788 2537 2931 2594 οἶνον
2983 2537 3422 2610 μεταλαμϐάνειν
3473 2535 3618 2604 (li),
3677 2533 3814 2587 ἀλλά
3872 2533 4036 2602 σῶμα

2441 2633 2656 2704 ἀληθῶς
2685 2633 2779 2687 καὶ
2804 2626 2941 2693 αἷμα
2969 2631 3064 2683 τοῦ
3097 2628 3227 2683 Υίοῦ
3258 2627 3350 2681 τοῦ
3380 2625 3540 2689 Θεοῦ,
3572 2621 3854 2694 Πνεύματι
3889 2622 4035 2691 ἁγίῳ

2443 2725 2793 2796 ἡγιασμένον.
2822 2722 2897 2775 Ού
2928 2723 3037 2792 γάρ
3064 2718 3344 2790 πάσχομέν
3374 2735 3426 2770 τι
3449 2715 3690 2769 τοιοῦτον
3717 2715 3749 2784 ἢ
3776 2711 4038 2781 τοιαύτην

2445 2816 2604 2886 χάριν
2648 2814 2743 2867 καὶ
2774 2811 3113 2884 ὲνέργειᾳνῆ
3161 2807 3476 2879 γλυκύτητα
3511 2806 3544 2877 ἢ
3586 2803 3878 2869 κατάνυξιν

2445 2919 2597 2965 ποτε,
2627 2903 2755 2956 ὅταν
2784 2901 2876 2954 τδν
2907 2897 3062 2970 ψιλὸν
3112 2898 3276 2968 ἄρτον
3320 2897 3414 2951 καὶ
3457 2890 3597 2948 οἶνον
3636 2893 3730 2946 ἐπὶ
3758 2893 3854 2962 τῆς
3903 2907 4041 2963 τρα-

2449 2992 2619 3061 πέζης
2670 2992 2827 3062 ἡμῶν
2868 2989 3158 3060 ὲσοίωμεν,
3211 2987 3316 3042 κᾶν
3372 2983 3756 3057 καθαρώτερος
3801 2981 3961 3034 ἔσται
4013 2982 4042 3033 ὁ

764 3083 986 3147 vinum,
1033 3080 1159 3136 vino
1198 3078 1343 3150 quod
1395 3077 1729 3148 propositum
1778 3085 1833 3131 et
1878 3074 2114 3131 oblatum
2163 3083 2248 3131 est
2290 3075 2342 3130 in

2447 3085 2611 3156 ἄρτος
2654 3082 2749 3137 τοῦ
2794 3081 2983 3154 ἄρτου,
3031 3080 3126 3134 καὶ
3177 3077 3534 3148 παλαιότερος
3589 3077 3682 3127 καὶ
3731 3072 3960 3143 βελτίων
4007 3070 4037 3122 ὸ

765 3171 873 3229 alta
882 3174 950 3227 ri.

838 3348 1030 3405 Istluec
1057 3349 1123 3401 ad
1154 3345 1590 3417 cognoscendum
1628 3354 1807 3402 utrum
1843 3343 1964 3413 quis
1993 3343 2348 3401 Christianus

773 3439 881 3505 sit,
909 3436 1233 3501 conferunt;
1274 3451 1450 3506 neque
1485 3434 1629 3490 enim
1661 3443 1746 3491 est
1779 3435 1832 3488 in
1864 3443 1976 3490 tota
2008 3434 2112 3490 ilde
2145 3447 2349 3502 nostra,

768 3540 826 3586 et
853 3529 907 3584 in
933 3529 1080 3583 omni
1109 3526 1376 3593 Ecclesia,
1404 3537 1460 3581 et
1479 3526 1533 3581 in
1564 3533 1672 3581 tota
1705 3524 1983 3595 Scriptura
2015 3541 2171 3582 sacra
2196 3526 2353 3598 quid-

2449 3171 2590 3238 οἶνος
2625 3173 2720 3228 τοῦ
2758 3173 2902 3227 οἴνου
2942 3169 3036 3226 τοῦ
3076 3174 3135 3224 ὲν
3175 3167 3253 3240 τῷ
3302 3165 3682 3238 Θυσιαστηρίῳ
3723 3180 4036 3235 ντροοίριιρο⁹

2498 3268 2639 3322 ἑνου.

2457 3284 2639 3338 μενου.

2532 3357 2718 3410 Ταῦτα
2735 3357 2947 3427 ἀνάγκη
2973 3357 3123 3409 πάσα
3151 3353 3241 3407 τὸν
3258 3352 3579 3421 Χριστιανσν
3604 3348 3951 3402 ἐπίστασυαι·
3982 3345 4042 3397 ού

2454 3450 2561 3520 γάρ
2589 3450 2736 3502 ἐστιν
2771 3450 2825 3501 ὲν
2855 3449 3005 3518 πάσῃ
3036 3449 3103 3516 τῇ
3134 3445 3312 3498 πίστει
3349 3443 3524 3514 ἡμῶν,
3575 3441 3668 3494 ttat
3703 3441 3759 3492 tv
3786 3437 3940 3507 πάσῃ
3977 3440 4044 3498 τῇ

2467 3539 2764 3610 Ἐκκλησία
2779 3539 2872 3592 καὶ
2896 3542 2953 3592 ὲν
2977 3537 3124 3609 πάσῃ
3145 3539 3211 3606 τῇ
3231 3535 3351 3605 θείᾳ
3363 3535 3556 3606 Γραφῇ
3573 3531 3757 3601 ἕτερον
3775 3546 3825 3582 τι
3842 3529 4045 3581 τούτου

772 3636 936 3691 qnam
971 3620 1149 3691 magis
1190 3619 1558 3676 necessarium
1595 3619 1699 3673 hac
1734 3635 1790 3673 re
1831 3626 1925 3673 aut
1955 3619 2006 3674 ei
2035 3619 2232 3675 simile.
2271 3619 2347 3674 Ex

2455 3631 2548 3685 τοῦ
2566 3631 2890 3701 πράγματος
2906 3626 3373 3697 ἀναγκαιότερονῆ
3392 3627 3599 3696 ὅμοιον.
3615 3621 3713 3675 Ἐκ
3729 3621 3917 3674 τούτου
3935 3621 4047 3689 γάρ

776 3713 879 3768 hoc
896 3712 1043 3768 enim
1074 3711 1287 3782 penitus
1318 3709 1567 3779 intelligit
1596 3709 1777 3773 homo,
1810 3709 1954 3779 quod
1985 3710 2126 3766 Deus
2155 3711 2208 3765 in
2237 3711 2353 3782 ipso

2459 3723 2880 3792 πληροφορεῖται
2900 3723 2927 3774 δ
2945 3720 3249 3789 ἄνθρωπος,
3269 3719 3347 3770 ὅτι
3374 3716 3506 3779 Θεός
3531 3716 3680 3767 ἐστιν
3696 3714 3754 3764 tv
3784 3710 3932 3780 αὐτῷ
3951 3711 4052 3764 καὶ

778 3815 865 3859 est
889 3813 948 3859 et
976 3819 1099 3859 cum
1131 3803 1270 3872 ipso.
1303 3802 1380 3856 Ex
1401 3801 1503 3856 hoc
1533 3801 1693 3854 etiam
1718 3800 2077 3856 conﬁrmatur
2103 3801 2245 3871 quod
2279 3815 2353 3856 re

2463 3814 2576 3886 μετ’
2604 3812 2769 3866 αὐτοῦ
2787 3831 2800 3844 ·
2829 3815 2892 3866 ὲκ
2921 3811 3112 3866 τούτου
3136 3809 3419 3880 γινώσκει,
3460 3809 3542 3860 ὅτι
3572 3804 3784 3876 άληθῶς
3799 3804 3896 3856 οὐκ
3929 3802 4048 3856 ἐστι

777 3912 904 3952 vera
946 3896 1051 3951 alia
1081 3896 1216 3951 ildes
1239 3909 1343 3949 non
1371 3901 1452 3949 est
1486 3893 1537 3947 in
1576 3902 1717 3947 terra
1744 3902 1940 3962 praeter
1987 3891 2157 3947 solam
2200 3891 2353 3947 Chri-

2459 3905 2642 3968 πίστις
2667 3903 2826 3976 ἑτέρα
2861 3903 2952 3956 ἐπὶ
2984 3902 3126 3972 (τῆς)
3159 3902 3284 3973 γῆς,
3317 3903 3364 3953 εἰ
3397 3897 3471 3970 μὴ
3523 3898 3682 3968 μόνον
3711 3897 3744 3964 ἡ
3775 3895 3879 3948 τῶν
3911 3894 4050 3963 Χρι-

781 3989 1084 4045 stianorum
1117 3986 1305 4051 iidem,
1334 3984 1544 4040 tametsi
1589 3982 1902 4053 Scripturas
1927 3993 1982 4038 et
2014 3982 2276 4038 ecclesias
2304 3993 2353 4037 et

2462 3994 2713 4050 στιανῶν.
2749 3993 3053 4061 Ἐπείτοιγε
3098 3992 3192 4046 καὶ
3239 3988 3460 4062 Γραφὰς
3504 3986 3599 4040 καὶ
3627 3985 3920 4054 ἐκκλησίας
3951 3983 4045 4035 καὶ

781 4076 1052 4134 sacriilcia
1092 4086 1148 4132 et
1180 4077 1430 4131 doctores
1466 4082 1521 4129 et
1570 4073 1739 4127 libros
1767 4081 1822 4127 et
1871 4072 1964 4126 Dei
2011 4072 2258 4128 notitiam
2290 4088 2353 4127 ex

2463 4086 2649 4149 Θυσίας
2684 4085 2780 4139 καὶ
2805 4084 3159 4147 διδασκάλους
3192 4084 3286 4135 καὶ
3345 4079 3559 4150 βίϐλους
3593 4078 3692 4130 καὶ
3716 4073 4046 4142 θεογνωσίαν

783 4180 959 4241 parte,
1006 4180 1062 4226 et
1084 4172 1348 4239 quasdam
1384 4169 1626 4223 actiones
1657 4168 1848 4228 bonas,
1879 4176 1934 4221 et
1962 4165 2132 4221 festos
2166 4169 2280 4221 dies
2303 4176 2353 4223 et

2468 4177 2717 4248 μερικὴν,
2747 4176 2843 4228 καί
2868 4192 3018 4238 τινας
3042 4171 3406 4242 ἁγαθοεργίας
3427 4170 3520 4222 καὶ
3543 4165 3736 4238 ἑορτὰς
3769 4164 3861 4218 καὶ
3883 4163 4049 4215 ἀλλα-

783 4261 1213 4326 permutationes
1255 4260 1744 4323 vestimentorum,
1783 4268 1835 4312 et
1869 4273 2059 4326 preces
2097 4268 2151 4313 et
2184 4259 2353 4328 pervi-

2465 4268 2566 4336 γὰς
2585 4269 2734 4337 (τῶν)
2762 4267 2996 4338 ἱματίων
3019 4268 3111 4321 καὶ
3136 4265 3298 4336 εὐχὰς
3320 4263 3414 4317 καὶ
3437 4259 3764 4328 παννυχίδας
3776 4257 3869 4309 καὶ
3886 4256 4050 4326 ἱερεῖς

787 4351 911 4421 gilia
946 4360 1002 4405 et
1051 4351 1400 4414 sacerdotes,
1443 4358 1496 4403 et
1541 4348 1644 4402 alia
1683 4364 1843 4418 quam
1890 4348 2120 4418 plurima
2171 4361 2353 4418 gentes

2467 4359 2561 4411 καὶ
2585 4358 2718 4412 ἄλλα
2750 4358 2997 4422 πλεῖστα,
3030 4357 3180 4412 ὲθνία
3208 4356 3324 4426 (sic)
3360 4353 3565 4425 ἔχουσι.
3597 4349 3817 4420 Ταύτην
3860 4348 3914 4400 δὲ
3955 4348 4051 4415 τὴν

789 4442 1046 4496 habeant.
1098 4440 1248 4495 lianc
1297 4456 1424 4495 vero
1460 4441 1698 4495 abditam
1748 4440 1801 4495 in
1848 4440 2012 4495 corde
2058 4439 2353 4496 Christiani

2432 4447 2444 4491 ⁵
2469 4449 2856 4520 κεκρυμμένην
2890 4450 2946 4502 ἐν
2973 4452 3038 4520 τῇ
3065 4448 3261 4520 καρδίᾳ
3282 4445 3375 4498 τοῦ
3412 4439 3740 4514 Χριστιανοῦ
3772 4438 3928 4509 χάριν
3952 4436 4045 4489 καὶ

786 4532 1017 4601 gratiam
1055 4546 1118 4586 ac
1155 4531 1390 4602 Spiritus
1431 4531 1604 4584 sancti
1636 4531 2033 4599 operationem,
2075 4544 2236 4585 nemo
2263 4546 2353 4584 un-

2473 4539 2751 4612 ἐνέργειαν
2782 4538 2877 4592 τοῦ
2924 4540 3076 4608 άγίου
3111 4537 3426 4607 Πνεύματος
3473 4533 3649 4594 οὐδεὶς
3689 4527 3923 4599 οὐδαμοῦ
3962 4528 4051 4579 ἐπὶ

786 4641 949 4695 quam
986 4625 1038 4678 in
1073 4634 1210 4680 terra
1246 4623 1462 4690 accipit,
1496 4622 1598 4675 nisi
1628 4621 1724 4676 soli
1759 4621 2021 4675 duntaxat
2047 4621 2151 4675 rite
2180 4621 2353 4690 bapti-

2473 4628 2598 4697 γῆς,
2633 4630 2680 4681 εί
2717 4629 2792 4699 μὴ
2831 4629 2980 4699 μόνοι
3037 4630 3084 4680 oi
3132 4624 3309 4696 ὀρθῶς
3353 4619 3774 4692 βεϐαπτισμένοι
3815 4616 3922 4688 (12)
3972 4615 4048 4678 είς

792 4717 900 4773 zati
935 4715 1040 4770 fide
1078 4715 1128 4769 in
1161 4715 1379 4768 Patrem
1406 4723 1460 4768 et
1494 4712 1685 4768 Filium
1719 4723 1773 4767 et
1803 4710 2062 4781 Spiritum
2097 4723 2344 4767 sanctum

2477 4719 2697 4792 Πατέρα
2731 4721 2828 4774 καὶ
2869 4720 2996 4772 Υίὺν
3027 4717 3120 4771 καὶ¹
3150 4717 3305 4783 ἅγιον
3339 4711 3594 4782 Πνεῦμα,
3633 4708 3812 4762 πίστει
3849 4705 4052 4776 λαμϐά-

797 4810 869 4862 De
918 4806 1005 4862 his
1041 4805 1245 4860 divitiis
1285 4805 1486 4860 nostris
1517 4804 1650 4860 dicit
1683 4804 1977 4870 Dominus,
2011 4807 2153 4874 qunti
2187 4802 2353 4860 Simih

2477 4830 2647 4868 νουσι.
2667 4814 2802 4884 Περὶ
2826 4811 3012 4865 τούτου
3041 4808 3134 4864 τοῦ
3167 4805 3396 4862 πλούτου
3427 4801 3586 4872 ἡμῶν
3611 4800 3759 4868 λέγει
3787 4799 3815 4850 ὁ
3835 4797 4050 4865 Κύριος,

796 4909 873 4953 est
919 4912 1136 4966 regnum
1188 4897 1435 4952 (telorum
1486 4897 1732 4950 thesauro
1781 4896 2089 4950 abscondito
2138 4898 2193 4951 t'n
2223 4913 2350 4967 agro

2479 4903 2560 4955 ὅτι
2607 4902 2804 4971 Ὁμοία
2849 4901 2982 4954 ἐστὶ
3027 4899 3064 4968 ἠ
3109 4895 3396 4963 ,βασιιεία
3447 4889 3567 4944 τῶν
3618 4886 3888 4958 οὐραγῶν
3955 4887 4054 4950 θη-

801 4993 902 5047 Ιιοο
937 4999 1024 5046 est
1060 4988 1296 5058 Spiritus
1339 4996 1581 5055 sanctus,
1615 4987 1707 5058 qui
1737 4989 2044 5044 reconditus
2074 4999 2158 5045 est
2197 4990 2249 5044 in
2285 5005 2352 5046 no

2482 4994 2687 5063 σαυρῷ
2725 4993 3110 5064 κεκρυμμένῳ
3133 4993 3203 5044 ἐν
3236 4985 3416 5057 ἀγρῷ,
3450 4988 3620 5057 ἤγουν
3661 4982 3722 5036 τὸ
3750 4979 3968 5048 Πνεῦμα
3998 4975 4054 5027 τὸ

797 5086 880 5140 his
931 5085 984 5139 in
1017 5084 1104 5138 die
1131 5081 1294 5138 divini
1333 5081 1710 5151 baptismatis;
1757 5081 1824 5135 de
1853 5081 1956 5136 hoc
1994 5081 2155 5136 etiam
2185 5081 2347 5135 Paulu

2483 5085 2638 5152 ἆγμιον
2673 5084 2735 5136 τὸ
2764 5084 2960 5154 κρυϐὲν
2990 5083 3049 5134 ὲν
3095 5081 3226 5150 ἡμῖν
3257 5079 3314 5130 ἐν
3344 5076 3526 5147 ἡμέρᾳ
3563 5071 3656 5124 τοῦ
3686 5070 3830 5123 θείου
3866 5064 4052 5154 βαπτίτ

798 5177 930 5230 dicit
954 5193 971 5231 :
998 5174 1268 5228 Habemus
1295 5172 1595 5227 thesaurum
1624 5175 1781 5227 istum
1811 5174 1865 5226 in
1889 5174 2127 5227 testaceis
2154 5177 2291 5228 vasis
2309 5176 2353 5207 "

2487 5191 2709 5244 σματος.
2739 5152 2874 5244 Περὶ
2900 5171 2995 5225 τοῦ
3044 5170 3134 5225 καὶ
3170 5172 3198 5222 ὁ
3241 5167 3453 5228 Παῦλος
3487 5180 3618 5234 φησι
3641 5178 3655 5191 ⁸
3707 5162 3962 5228 Ἐχομεν
3989 5152 4054 5206 σΒὲ

803 5265 1012 5320 scilicet
1069 5265 1123 5318 in
1178 5264 1337 5318 luteis
1382 5263 1697 5333 corporibus
1749 5263 1966 5317 nostris.
2022 5266 2100 5318 Ac
2153 5280 2337 5320 rut-sus

2487 5265 2594 5319 τὸν
2622 5265 2927 5332 θησαυρὸν
2971 5263 3185 5317 τοῦτον
3226 5261 3295 5313 ὲν
3341 5255 3720 5323 ὀστρακίνοις
3752 5248 4050 5302 σκεύεσιν.

807 5352 1038 5408 Nescitis
1091 5355 1230 5422 quod
1263 5369 1483 5421 corpora
1531 5365 1698 5408 vestra
1729 5353 1973 5421 templum
2021 5352 2109 5406 Dei
2136 5366 2288 5424 smn,
2335 5374 2353 5409 ε

2491 5360 2652 5427 ἤγουν
2706 5359 2760 5408 ἐν
2809 5358 2914 5417 τοῖς
2961 5352 3200 5423 πηλίνοις
3245 5348 3401 5419 ἡμῶν
3444 5344 3687 5412 σώμασι·
3731 5339 3821 5392 καὶ
3871 5335 4050 5390 πάλιν·

889 5527 932 5556 ’⁸
977 5523 1015 5578 li
1052 5523 1177 5579 Cor.
1217 5542 1286 5586 tv,
1331 5527 1361 5576 ’ἵ

878 5657 993 5720 (i0)
1029 5653 1126 5708 Ms.
1163 5650 1393 5720 φανῶσι.

2622 5642 2676 5688 il
2721 5641 2814 5688 iis.
2853 5637 3252 5688 Ξαπτιζὸιλενοι.

887 5657 993 5720 (i0)
1029 5653 1126 5708 Ms.
1163 5650 1393 5720 φανῶσι.
2566 5642 2676 5712 (li)
2720 5641 2814 5696 Sis.
2852 5641 3235 5708 βαπτιζόμενοι

887 5728 1000 5792 (il)
1057 5724 1152 5776 Ms.
1191 5723 1641 5790 μεταλαμϐάνων.
