4226 6316
163 365 261 424 860

986 357 1045 416 s.
1082 355 1375 412 ousussu
1418 350 1766 409 DO:;TltI.\‘A
1809 349 1894 402 DE
1935 349 2280 409 INS'l‘lTUT.
2329 352 2631 410 nomen.

3308 363 3415 417 870

167 477 462 535 rscteribus
510 477 706 548 quibus
748 475 945 530 librum
986 475 1251 544 ejusmodi
1299 471 1467 526 fuisse
1513 466 1734 539 insigni-
1763 471 1812 526 Α
1841 466 1929 520 ille
1978 469 2297 524 Alexandria
2332 473 2515 525 missos
2553 484 2868 543 susceperat,
2917 484 2975 527 ut
3029 477 3187 530 etiam
3240 479 3418 549 injun-

168 584 272 624 tum
316 569 481 624 tradit
535 568 820 639 presbyter
870 565 1262 628 Massiliensis,
1301 563 1448 616 illum
1487 561 1736 615 eumdem

163 676 280 718 esse
305 662 356 715 in
386 670 669 730 comperto
699 667 804 726 est,
835 659 926 728 qui
954 656 1176 713 Orsiesii
1211 654 1470 708 Doctrina
1499 655 1563 709 de
1583 653 1738 706 insti-

165 756 362 808 tutione
391 754 768 806 monachorum
797 751 1137 813 inscribitur;
1164 763 1323 818 quem
1354 747 1569 817 quidem
1603 760 1738 800 non-

163 847 334 916 gentis
360 856 413 900 et
437 845 665 914 amplius
689 845 893 900 abhinc
934 842 1091 898 annis
1117 839 1438 895 Benedictus
1462 838 1737 893 Anianen-

161 941 235 995 sis
265 938 432 993 abbas
463 938 612 1007 operi
659 953 757 994 suo
793 937 865 992 De
904 933 1100 1006 regulis
1147 935 1469 988 diversorum
1510 929 1738 983 Patrum

162 1030 410 1094 intexuit,
439 1029 635 1084 saeculo
657 1029 874 1084 demum
907 1010 1189 1096 superiore
1215 1024 1316 1079 sub
1343 1021 1498 1078 titulo
1528 1019 1738 1075 Codicis

161 1120 479 1190 Regidarum
504 1121 569 1175 ab
591 1118 871 1175 Holsteulo
895 1117 1142 1188 evulgato
1161 1116 1263 1188 (a).
1288 1113 1546 1185 Quisquis
1590 1113 1736 1168 enim

162 1215 527 1269 Orsiesianam
557 1214 863 1268 Doctrinam
907 1211 1052 1265 illam
1101 1208 1423 1279 inspexerit,
1449 1206 1740 1278 perspiciet

1838 573 1974 629 geret
2021 561 2430 630 transferendos.
2462 563 2649 617 Aiebat
2695 567 2830 619 enim
2875 569 3013 638 quod
3061 570 3113 623 in
3139 569 3416 626 Thebaidis

1840 649 2164 708 cEenobiis—
2183 655 2476 709 habitarent
2497 656 2710 722 plurimi
2739 657 3071 723 Latinorum,
3095 662 3183 732 qui
3211 663 3420 732 ignora-

1842 753 1956 798 rent
1980 744 2713 820 Egyptiacumcrwcuntque
2749 761 3175 822 serm'onem,quo
3208 753 3418 809 Pacho-

1840 837 1934 891 mii
1970 847 2018 890 et
2049 837 2310 892 Theodori
2345 846 2393 893 et
2422 839 2643 896 Orsiesii
2674 853 2930 912 pracepta
2960 847 3252 915 conscripta
3270 861 3412 903 sunt.

1840 924 2140 996 Paucisque
2158 926 2453 996 interiectis
2480 949 2492 985 :
2520 929 2729 1002 Itaque,
2773 934 2971 999 subdit,
2993 936 3159 989 accito
3185 939 3414 1003 notario,

1839 1026 1901 1072 ut
1917 1030 2065 1074 erant
2080 1022 2145 1074 de
2155 1021 2477 1091 Egyptiaca
2487 1023 2538 1076 in
2556 1022 2597 1077 G
2606 1040 2794 1078 ra'cam
2809 1024 3037 1094 linguam
3055 1044 3223 1092 versa,
3239 1040 3416 1083 nostro

1843 1127 2079 1168 sermone
2122 1114 2337 1168 dictavi.
2392 1114 2769 1172 Praefationem
2830 1131 2960 1172 vero
3009 1134 3160 1174 suam
3215 1121 3418 1176 claudit

1839 1214 2060 1260 sanctus
2093 1205 2292 1270 Doctor
2332 1207 2416 1262 his
2450 1208 2632 1263 verbis
2672 1225 2687 1261 :
2726 1207 3126 1278 Simplicitatem
3172 1212 3420 1283 Egyptii

158 1307 438 1361 enimvero
478 1306 544 1360 ad
576 1319 694 1360 eam
722 1303 882 1374 plane
917 1302 1142 1373 digitum
1178 1300 1476 1356 intendisse
1515 1299 1735 1354 Genua-
1836 1296 2092 1352 sermonis
2123 1298 2316 1351 imitati
2339 1313 2543 1362 sumus,
2577 1316 2727 1352 ——ne
2751 1300 2890 1352 viros
2925 1301 3234 1363 apostolicos
3260 1313 3306 1355 et
3338 1314 3408 1356 to-

156 1401 330 1464 dium,
381 1414 505 1454 cum
558 1413 623 1453 eo
675 1397 730 1452 in
782 1411 945 1466 opere
999 1411 1104 1451 non
1161 1395 1333 1450 solum
1378 1393 1731 1448 monasticam

153 1490 493 1561 disciplinam
523 1491 748 1545 edoceat
780 1489 1126 1545 beatissimus
1167 1486 1256 1542 ille
1304 1486 1497 1549 Pater,
1542 1500 1727 1540 verum

152 1582 342 1645 etiam,
373 1595 482 1649 quo
512 1579 808 1649 spiritualia
839 1579 1164 1633 documenta
1196 1575 1591 1632 cauobitarum
1623 1576 1736 1629 ani-

1837 1395 1918 1438 tos
1955 1389 2144 1455 gratim
2180 1389 2441 1457 spiritalis
2492 1405 2664 1444 sermo
2730 1392 3029 1444 rhetoricus
3089 1393 3410 1447 immutaret.

1837 1476 2039 1532 Caetera
2062 1489 2239 1534 autem
2265 1495 2381 1550 quia
2420 1483 2476 1534 in
2509 1497 2688 1535 eorum
2735 1484 3052 1536 tractatibus
3084 1486 3416 1537 continentur

1834 1570 2114 1640 praelibare
2143 1572 2308 1635 nolui,
2350 1582 2407 1625 ut
2437 1572 2494 1626 in
2539 1573 2648 1626 suis
2688 1573 2964 1626 discantur
2999 1576 3336 1638 auctoribus;
3368 1585 3415 1628 et

151 1672 256 1728 mis
296 1671 456 1727 altius
487 1671 708 1743 inligat,
741 1671 938 1726 librum
975 1669 1145 1724 ferme
1186 1669 1453 1738 integrum
1491 1683 1556 1722 ex
1601 1667 1732 1726 locis
1833 1663 1898 1715 de
1927 1662 2160 1732 fontibus
2185 1664 2360 1732 potius
2382 1680 2538 1733 quam
2556 1665 2620 1717 de
2639 1665 2820 1717 riualis
2845 1664 3042 1727 bibant.
3063 1683 3192 1733 quos
3219 1677 3420 1722 sanctis

150 1778 275 1818 cum
317 1763 533 1818 Veteris
565 1773 676 1817 tum
717 1761 848 1816 Novi
891 1760 1221 1816 Testamenti
1267 1767 1542 1814 contexat.
1590 1759 1728 1825 Quid

1834 1757 2251 1809 conversationis
2282 1756 2458 1808 studia
2491 1755 2776 1810 delectant.
2805 1757 2920 1810 Huc
2954 1773 3125 1815 usque
3152 1755 3420 1826 Hierony-

147 1855 293 1924 «ιιιοὰ
320 1865 538 1909 sanctus
567 1853 790 1908 Anianae
821 1853 989 1908 abbas
1012 1851 1337 1906 Benedictus
1366 1819 1731 1904 eanrdemVOr-
1763 1819 1806 1875 Β
1844 1860 1986 1900 mus.

145 1945 297 1999 siesii
331 1944 639 1999 Doctrinam
678 1945 730 2000 in
762 1958 854 1999 sua
887 1942 1182 1998 Concordia
1220 1940 1543 2012 Regularum
1593 1941 1736 1996 haud

148 2035 521 2105 infrequenter
556 2034 989 2092 commemorat?

220 2125 414 2181 Exstat
461 2135 720 2194 praeterea
759 2126 937 2181 editus
974 2140 1002 2178 a
1044 2122 1260 2179 Canisio
1303 2137 1369 2177 ex
1417 2133 1599 2178 vetere
1633 2122 1737 2177 La-

150 2219 264 2271 tina
298 2216 547 2272 versione
575 2216 827 2283 libellus,
864 2214 1104 2284 ejusdem
1139 2223 1198 2268 ut
1235 2213 1446 2269 videtur
1480 2213 1732 2276 Orsiesii,

148 2309 226 2362 De
259 2325 351 2363 sea:
381 2308 786 2377 cogitationibus
815 2317 1120 2360 sanctorum
1163 2322 1181 2360 :
1215 2309 1472 2360 nimirum
1504 2305 1570 2359 de
1603 2303 1731 2368 Deo,

150 2401 223 2454 de'
255 2400 510 2469 passione
538 2398 766 2463 Christi,
795 2397 861 2452 de
889 2397 1018 2451 hora
1050 2397 1328 2463 transitus,
1367 2397 1436 2450 de
1473 2396 1558 2450 die
1591 2396 1738 2465 judi-

144 2493 240 2552 cii,
277 2493 343 2545 de
377 2489 590 2543 inferno
630 2498 686 2544 et
731 2489 796 2543 de
831 2493 937 2541 vlta
979 2498 1204 2543 aeterna.
1249 2487 1510 2554 Quamvis
1556 2497 1734 2541 autem

152 2581 463 2649 hujusmodi
517 2579 837 2647 opusculum
884 2579 1121 2648 junioris
1169 2579 1401 2647 alicujus
1456 2578 1739 2647 scriptoris

151 2676 322 2727 I‘etum
353 2688 474 2726 esse
499 2673 802 2740 suSpicetur
826 2670 1056 2735 Cavcus,
1083 2672 1321 2725 Orsiesio
1347 2679 1526 2724 tamen
1551 2680 1738 2725 nostro

150 2765 534 2818 ascribendutn
569 2762 903 2815 arbitrantur
931 2776 1040 2830 pra:
1071 2760 1288 2813 cmteris
1339 2759 1635 2828 Basnagius
1661 2758 1737 2829 (ὑ)

145 2866 198 2910 et
233 2854 518 2908 Fabricius
560 2853 655 2924 (ε).
706 2851 891 2921 Neque
927 2851 1201 2906 immerito
1245 2865 1376 2906 sane
1426 2869 1439 2905 :
1553 2851 1740 2920 quippe

146 2945 462 2999 conueniunt
493 2947 727 3008 nomina,
749 2945 922 3014 inquit
948 2944 1122 2999 editor
1152 2941 1407 2996 Thesauri
1433 2942 1734 3009 Canisiani;

146 3039 389 3091 convenit
417 3053 603 3106 scapus
650 3036 936 3090 admodum
964 3037 1121 3105 pius;
1161 3036 1396 3089 convenit
1440 3045 1488 3087 et
1518 3035 1684 3105 stglus
1719 3047 1738 3085 :

1912 1935 1988 1988 Ex
2023 1933 2222 2004 quibus
2263 1948 2397 2003 ergo
2427 1946 2763 2003 compertum
2817 1934 2894 1998 lit,
2939 1942 2997 1987 ut
3043 1936 3293 2004 equidem
3333 1952 3420 1989 ar-

1843 2029 2038 2104 bitror,
2068 2039 2315 2086 sanctum
2365 2029 2650 2083 Doctorem
2694 2044 2802 2083 non
2837 2028 3011 2083 solum
3047 2029 3323 2087 Pachomii
3365 2043 3421 2087 et

1844 2120 2139 2186 Theodori,
2172 2121 2268 2176 sed
2301 2122 2464 2176 etiam
2489 2121 2740 2184 Orsiesii,
2779 2137 3010 2191 quorum
3038 2139 3232 2192 nempe
3261 2123 3420 2192 paulo

1842 2225 1967 2269 ante
2010 2215 2170 2270 simul
2205 2216 2552 2278 meminerat,
2596 2213 2902 2268 litterarum
2950 2215 3280 2269 monimenta
3315 2215 3421 2268 La-

1843 2308 1954 2360 tine
1988 2307 2233 2360 vertisse.
2277 2307 2496 2360 Accedit
2535 2315 2792 2374 praetcrea
2835 2307 3148 2361 earumdem
3197 2307 3418 2361 Patrum

1842 2398 2217 2469 Egyptioruut
2251 2399 2453 2466 scripta
2512 2399 2708 2454 smnio
2734 2415 2765 2452 v
2797 2401 3077 2454 desinente
3107 2401 3314 2455 Latinis
3339 2402 3420 2455 in-

1843 2490 2102 2554 notuisse,
2129 2497 2189 2542 ut
2226 2503 2292 2542 ex
2319 2488 2598 2543 Gennadio
2627 2489 2902 2542 erudimur
2929 2489 3041 2558 (d);
3083 2491 3172 2557 qui
3202 2491 3419 2558 quidem

1843 2581 2057 2636 nonnisi
2105 2594 2172 2633 ex
2208 2580 2455 2635 versione
2500 2579 2923 2650 Hieronymiana
2965 2580 3232 2646 ejusmodi
3270 2582 3414 2635 noti-

1846 2674 1975 2727 tiam
2008 2673 2108 2728 sibi
2138 2675 2352 2726 demum
2396 2688 2586 2741 compa
2600 2687 2746 2726 rasse
2789 2672 2984 2727 merito
3011 2674 3416 2730 existimantur.

1845 2764 2030 2832 Neque
2065 2764 2224 2817 aliter
2255 2763 2356 2816 hac
2387 2764 2453 2818 de
2483 2771 2541 2816 re
2575 2764 2786 2816 censuit
2817 2762 2886 2818 cl.
2918 2762 3294 2816 Tillemontius
3322 2764 3416 2830 (ε).

1915 2856 2044 2922 Quae
2093 2870 2214 2910 cum
2255 2857 2326 2908 ita
2363 2869 2423 2909 se
2467 2853 2738 2918 habeant,
2788 2856 2840 2909 in
2879 2865 3147 2923 postrema
3193 2872 3418 2924 operum

1843 2951 2017 3004 sancti
2054 2949 2301 3003 Doctoris
2324 2947 2562 3002 editione
2587 2947 2882 3002 Veronensi
2911 2957 3276 3016 Opportunum
3308 2948 3420 3002 lor-

1848 3051 1989 3097 tasse
2051 3041 2224 3095 locum
2274 3050 2433 3094 nacta
2479 3039 2670 3093 fuisset
2723 3039 2839 3093 tunc
2873 3037 3097 3092 Orsiesii
3151 3039 3419 3095 Doctrina:

147 3145 452 3198 quanquam
483 3126 616 3182 enim
651 3127 957 3182 brevissima
989 3127 1054 3181 sit
1080 3125 1176 3179 illa
1215 3127 1596 3180 sententiarum
1632 3127 1740 3179 σοι·
1765 3147 1812 3208 c
1847 3130 2265 3201 Hieronymiana
2300 3129 2498 3192 versio,
2530 3143 2594 3182 eo
2621 3128 2831 3182 scilicet
2857 3127 3073 3182 nomine
3099 3143 3204 3195 quo
3236 3131 3419 3182 erudi-

145 3221 343 3284 lectio,
391 3227 621 3273 attanten
655 3217 729 3272 ibi
769 3217 998 3287 plurima
1042 3217 1243 3273 Veteris
1288 3228 1338 3273 et
1389 3216 1529 3273 Novi
1556 3217 1742 3272 Testa-

144 3312 319 3364 menti
374 3310 491 3363 loco
546 3320 904 3380 congeruntur
953 3307 1432 3382 (quemadmodum
1502 3311 1557 3364 in
1637 3309 1740 3365 Do-

142 3399 377 3471 ctrina),
398 3415 622 3468 quorunt
650 3415 743 3468 ope
765 3399 896 3468 ﬁdes
914 3400 1141 3468 ﬁrmari,
1166 3409 1214 3455 et
1236 3407 1538 3455 sanctorum
1565 3400 1732 3469 pietas

144 3492 408 3545 innutriri
444 3493 628 3555 possit.

221 3581 312 3636 lli.
346 3580 647 3650 Utrumque
691 3597 851 3651 porro
885 3582 1060 3637 sancti
1088 3583 1301 3639 abbatis
1339 3582 1561 3640 Orsiesii
1595 3601 1731 3656 opu-

143 3669 392 3736 sculum,
456 3671 705 3740 primitus
752 3669 1072 3741 Atlgyptiace
1123 3671 1191 3726 ab
1231 3683 1453 3728 auctore
1495 3677 1734 3730 conscri-

144 3773 331 3832 ptum,
370 3762 561 3816 deinde
590 3762 780 3818 Graeco
820 3778 1071 3819 sermone
1105 3765 1373 3819 redditum
1398 3804 1412 3828 ,
1457 3776 1731 3836 postremo

145 3851 356 3907 Latine
383 3854 766 3923 interpretatus
788 3865 871 3912 est
893 3866 1114 3911 sanctus
1141 3855 1520 3929 Hieronymus.
1549 3858 1732 3929 Siqui-

143 3947 280 4000 dem
339 3945 389 3998 in
447 3945 759 4014 prmfatione
808 3947 874 4001 ad
928 3945 1184 4018 Regulam
1235 3950 1404 4002 sancti
1454 3948 1731 4006 Pachomii

150 4039 277 4091 haec
342 4036 503 4090 habet
576 4037 771 4092 Doctor
830 4040 1096 4094 maximus
1143 4059 1157 4096 :
1211 4042 1396 4108 Accepi
1447 4042 1609 4098 libros
1666 4045 1729 4097 ab

1845 3225 2080 3282 tissimus
2105 3223 2286 3278 editor
2309 3221 2579 3276 Pachomii
2595 3220 2870 3288 Regulam,
2910 3236 3007 3275 nec
3042 3237 3147 3275 non
3178 3220 3418 3287 ejusdem

1841 3330 1906 3370 ac
1939 3315 2208 3370 Theodori
2243 3315 2503 3384 epistolas
2543 3312 2667 3367 illuc
2705 3314 2911 3381 primus
2949 3312 3175 3366 invexit.
3211 3311 3417 3366 Horum

1838 3423 2074 3478 namque
2121 3408 2287 3461 trium
2321 3416 2632 3460 sanctorum
2680 3404 2932 3474 abbatum
2979 3404 3417 3458 Tabeuueusium

1839 3513 2002 3567 opera
2033 3500 2220 3554 Grtnce
2251 3492 2458 3554 reddita
2494 3497 2723 3566 junctim
2752 3497 2816 3550 ab
2840 3498 3047 3550 homine
3081 3497 3172 3550 Dei
3202 3495 3421 3551 Silvano

1840 3592 2139 3657 presbytero
2183 3589 2380 3655 accepit
2428 3601 2650 3641 sanctus
2701 3586 2917 3652 Doctor,
2967 3601 3140 3654 eaque
3173 3587 3417 3640 simulat

1839 3690 1986 3736 erant
2020 3680 2083 3732 de
2117 3678 2435 3749 Egyptiaca
2463 3679 2520 3732 in
2548 3674 2790 3731 ercam
2837 3677 3070 3746 linguam
3117 3692 3264 3729 uersa
3303 3693 3420 3745 pro-

1839 3774 1953 3843 prio
1984 3786 2218 3826 sermone
2248 3770 2486 3834 dictavit,
2522 3779 2580 3823 ut
2610 3771 2772 3822 modo
2797 3769 2866 3822 ab
2895 3782 2958 3822 eo
2994 3768 3321 3834 accepimus.

1911 3863 2065 3932 Quod
2101 3870 2368 3932 superest,
2396 3859 2617 3916 Orsiesii
2654 3857 2959 3911 Doctrinam
2990 3872 3054 3910 ex
3096 3854 3287 3910 Codice
3314 3857 3417 3911 Re-

1838 3958 2082 4027 gularum
2125 3952 2479 4008 Holsteniauo
2515 3951 2772 4006 editionis
2821 3949 3076 4002 Romana:
3119 3948 3414 4018 descripsi~

1840 4061 1959 4100 mus
1994 4064 2006 4099 :
2037 4045 2278 4100 libellum
2301 4057 2427 4097 vero
2455 4041 2527 4096 De
2552 4055 2642 4094 sex
2664 4038 3066 4108 cogitationibus
3091 4050 3414 4103 sanctorum,

140 4126 363 4180 (contine
392 4125 484 4180 Dei
529 4128 743 4187 Silvano
786 4131 1080 4202 presbytero
1133 4132 1260 4186 ntihi
1309 4133 1553 4200 direclos,
1604 4152 1732 4205 quos
1766 4159 1810 4216 ι)
1839 4154 1907 4195 ex
1930 4137 2196 4192 Thesauro
2222 4129 2532 4191 Cauisiano.

338 4325 504 4400 l‘_lo|st.
550 4324 680 4400 Cod.
719 4327 871 4399 Reg.,
905 4346 1024 4400 pag.
1064 4333 1313 4388 131454.

218 4395 299 4469 (b)
335 4395 667 4469 ῥίψῃ-ομ).
703 4412 754 4469 c.
788 4395 920 4469 pag:
948 4395 1070 4455 (67.

221 4464 545 4543 (fLFabric.
600 4464 741 4521 Bibl.
786 4464 902 4524 Lai.
938 4475 1074 4527 med.
1128 4483 1175 4526 et
1212 4474 1382 4536 inn‘m.
1417 4485 1559 4530 attat.
1603 4485 1644 4530 t.
1683 4477 1743 4543 V,

139 4550 196 4604 p.
239 4535 365 4589 507.

1950 4343 2005 4408 d)
2044 4341 2286 4398 Gennad.
2327 4342 2418 4397 lib.
2457 4341 2532 4394 De
2563 4340 2656 4394 uir.
2688 4340 2903 4395 illustr..
2927 4353 3045 4406 cap.
3086 4338 3139 4400 7,
3167 4339 3306 4408 8&9.

1950 4344 2005 4408 d)
2044 4344 2286 4398 Gennad.
2327 4344 2418 4397 lib.
2457 4344 2532 4394 De
2563 4344 2656 4394 uir.
2688 4344 2903 4395 illustr..
2927 4353 3045 4406 cap.
3086 4344 3139 4400 7,
3173 4344 3226 4394 δ.
3256 4344 3306 4389 9.

1927 4344 1996 4484 ie)
2037 4412 2248 4484 Tillem.
2271 4411 2442 4484 nem.
2468 4411 2651 4465 eccles.
2684 4419 2811 4464 tom.
2843 4408 2952 4473 Vll,
2989 4421 3109 4478 pag.
3150 4406 3274 4469 686,
3303 4416 3387 4460 uot

1852 4481 1944 4545 16,
1971 4499 2065 4536 sur
2084 4483 2220 4536 saint
2260 4482 2502 4535 Pacbme.

156 4733 3388 4764 “Mm

1108 4930 1675 5060 SANCTI
1774 4935 2456 5066 ORSIESII

1388 5192 1682 5249 ABBATIS
1722 5193 1809 5248 TA
1819 5189 2199 5252 BENNENSIS

587 5357 1101 5438 DOCTBINA
1187 5367 1312 5440 DE
1395 5367 2160 5453 INSTITUTIONE
2239 5380 2982 5468 MONACHOBUM.

245 5682 468 5772 .“itudi,
505 5681 696 5751 Israel,
725 5689 973 5742 mandata
1007 5692 1147 5756 vine,
1181 5697 1399 5752 auribus
1431 5707 1654 5772 percipe,
1685 5717 1729 5758 et

139 5768 386 5837 intellig:
419 5774 782 5840 prudentiam.
815 5777 955 5844 Quid
990 5794 1087 5845 est,
1120 5783 1306 5854 Israel,
1340 5794 1475 5855 quod
1511 5768 1728 5849 interra

1837 5707 2172 5760 inimicorum
2211 5713 2302 5766 es?
2344 5712 2640 5768 inveterasti
2673 5717 2728 5770 in
2778 5727 2916 5773 terra
2953 5720 3151 5785 aliena,
3182 5738 3413 5775 comma-

1842 5797 2045 5850 culatus
2076 5816 2126 5852 es
2163 5817 2278 5853 cunt
2312 5807 2556 5866 mortuis,
2583 5819 2913 5868 comparatus
2971 5830 3020 5864 es
3066 5830 3178 5865 cum
3213 5814 3288 5865 his
3321 5817 3412 5867 aui
