4226 6316
726 346 828 405 871

1829 329 2101 389 ιιΑτιιιςδ
2139 323 2446 388 ᾹΞΕΥΡΤΙΙ
2513 328 2792 388 δΑευυιι
2831 328 2922 387 iV.

3913 331 4024 382 872

728 466 788 518 in
825 461 1032 531 inferno
1070 467 1213 522 sunt,
1249 465 1298 510 et
1323 452 1648 523 dereliquiin
1678 449 1873 521 [autem
1901 447 2194 518 rapientur.
2228 442 2331 496 Per
2360 452 2406 502 Α
2434 455 2583 513 ptum
2613 453 2698 500 est
2726 464 2739 500 :
2772 444 3083 500 Benedictus
3112 445 3265 498 homo
3293 445 3386 513 qui
3414 441 3635 512 confidit
3680 442 3734 495 in
3766 457 4024 504 tmmmo,

726 555 866 610 aiant
910 551 1006 607 Dei
1034 552 1082 606 si
1115 549 1466 609 atubuiasses,
1489 545 1716 616 forsitan
1739 541 2057 597 laniatareris
2080 538 2134 592 in
2163 551 2312 607 pace.

2422 536 2575 607 cujus
2615 547 2689 591 est
2735 553 2852 604 spes
2885 537 2941 592 iu
2982 552 3086 600 eo;
3116 536 3212 590 erit
3243 535 3623 607 quasiliguuns
3667 531 4017 602 {ructiferurn

732 645 888 701 Disce
919 659 1066 714 ergo,
1100 641 1197 704 ait,
1227 641 1318 694 ubi
1347 649 1421 694 est
1456 636 1738 708 prudentia
1769 647 1883 698 tua,
1923 631 2013 686 ubi
2057 639 2134 685 est
2160 627 2318 699 [οι-11·
2410 629 2573 700 juxta
2595 645 2784 698 aquas,
2808 641 2856 682 et
2883 630 2954 681 ad
2980 625 3265 681 ltuntoretn-
3289 626 3452 680 ntittit
3481 626 3686 681 radices
3717 639 3876 688 suas;
3909 640 4027 679 non

730 740 862 794 tudo
886 737 1073 809 gloria
1119 746 1278 804 atque
1327 733 1559 799 uirtutis,
1587 731 1675 786 ubi
1712 738 1792 785 est
1822 724 2196 797 intelligentia,
2228 721 2320 778 ubi

730 842 808 888 est
848 830 944 884 ius;
971 827 1248 885 oculorum
1282 836 1332 881 et
1353 841 1482 896 pou.
1512 823 1644 892 Quis
1669 820 1866 878 invenit
1891 818 2065 873 locum
2089 817 2231 890 ejus,
2266 825 2318 872 et

729 924 850 993 quis
872 924 1141 992 ingressus
1171 927 1250 974 est
1285 919 1354 973 ad
1395 918 1670 972 thesauros
1713 912 1862 968 illius
1888 911 1951 966 ³3
1975 901 2102 966 Hac
2132 908 2321 981 loque-

732 1015 895 1077 batur
933 1011 1144 1068 Baruclt
1177 1019 1399 1082 propter
1425 1023 1523 1064 eos
1551 1007 1646 1079 qui
1680 1006 1735 1062 in
1781 1015 1985 1062 terram
2027 1001 2322 1076 Babylonis

732 1117 790 1163 et
824 1104 1168 1161 inimicorum
1207 1116 1431 1158 suorum
1476 1097 1621 1156 ducti
1657 1105 1785 1154 sunt
1826 1096 1879 1152 in
1926 1094 2323 1167 captivitatem,

732 1199 861 1270 quia
915 1195 1206 1252 noluerunt
1237 1193 1624 1267 prophetarum
1654 1189 1935 1261 suscipere
1966 1185 2240 1252 mandata,
2267 1192 2326 1242 et

732 1288 890 1348 obliti
927 1297 1058 1344 sunt
1103 1285 1242 1358 legis
1276 1284 1369 1341 Del
1398 1297 1523 1355 qua
1545 1280 1670 1338 data
1699 1291 1783 1338 est
1815 1295 1913 1352 per
1943 1277 2190 1352 lioysen.
2230 1277 2325 1334 ld-

734 1382 888 1439 eirco
923 1381 1141 1436 induxit
1163 1379 1307 1434 Deus
1329 1389 1497 1448 super
1517 1388 1614 1431 eos
1640 1386 1831 1446 pmoas
1851 1381 2015 1442 atque
2037 1368 2320 1440 supplicia,

733 1485 792 1531 et
821 1472 1154 1545 capti‘vuatis
1201 1469 1446 1528 subdidit
1484 1469 1636 1542 iugo,
1687 1465 1943 1523 erudiens
1974 1479 2107 1537 ergo
2137 1477 2236 1520 eos
2268 1472 2329 1520 ut

737 1580 884 1631 suos,
909 1573 964 1622 et
985 1564 1142 1635 quasi
1171 1571 1329 1635 pater
1356 1560 1496 1619 lilios
1520 1559 1843 1624 emendsns,
1877 1555 2176 1630 noiensque
2204 1569 2329 1627 per-

735 1657 818 1716 ire
865 1665 1162 1721 correctos,
1228 1655 1328 1712 sed
1379 1652 1594 1711 saivare
1638 1651 1862 1721 cupiens
1916 1663 2014 1716 per
2059 1647 2330 1721 pmniten-

737 1747 867 1802 tiam
879 1785 894 1802 .

808 1836 871 1892 il.
916 1833 1073 1892 Unde
1114 1843 1169 1891 et
1211 1846 1312 1890 nos
1364 1830 1789 1903 apostolicorum
1837 1831 2102 1889 debemus
2134 1829 2331 1887 memi-

737 1931 888 1987 nisse
922 1929 1232 1995 verborum,
1267 1927 1360 1998 qui
1388 1927 1464 1982 ait
1497 1944 1512 1982 ι
1543 1925 1606 1984 Si
1645 1924 1980 1980 naturalibus
2028 1923 2194 1979 rantis
2225 1937 2331 1977 non

738 2022 993 2091 pepercit,
1025 2036 1120 2076 nec
1147 2020 1318 2084 ,nobis
1351 2028 1532 2090 parcet
1553 2017 1596 2075 ³.
1635 2015 1704 2072 Et
1734 2016 1828 2072 Dei
1863 2024 2134 2087 prmeepta
2174 2027 2331 2070 cont-

738 2112 891 2184 plere
922 2110 1282 2182 negligimus?
1310 2107 1440 2165 Hac
1459 2108 1641 2163 omnia
1665 2109 1721 2162 in
1742 2105 1931 2178 ﬁguris
1956 2104 2331 2175 contingebant

739 2203 885 2267 illis;
920 2203 1119 2270 scripta
1149 2211 1275 2256 sunt
1308 2211 1489 2254 autent
1535 2199 1605 2252 ad
1648 2196 2032 2266 correptionetn
2072 2201 2333 2262 nostram,

738 2295 797 2350 in
835 2309 966 2365 quos
993 2292 1126 2363 fines
1165 2291 1481 2346 seculorum
1507 2285 1880 2344 devenerunt‘.
1912 2285 1979 2342 Et
2005 2285 2080 2342 illi
2115 2286 2336 2357 quidem

739 2385 809 2443 de
827 2379 965 2441 urbe
993 2381 1148 2439 ludas
1173 2381 1422 2437 translati
1449 2388 1577 2437 sunt
1607 2380 1672 2435 ad
1705 2379 1896 2435 urbem
1924 2376 2334 2443 Chaldaeorum,

742 2478 799 2536 in
834 2477 1000 2534 terris
1032 2484 1308 2530 mutantes
1339 2472 1457 2528 loca
1485 2488 1500 2538 ;
1534 2487 1635 2529 nos
1681 2479 1866 2527 autem
1893 2469 1940 2526 si
1970 2471 2112 2525 Deus
2139 2467 2340 2524 viderit

744 2571 1104 2643 negligentes,
1133 2567 1191 2622 in
1227 2563 1414 2621 futuro
1458 2561 1659 2620 secqu
1711 2562 2026 2618 amittemus
2062 2561 2336 2618 civitatem

742 2672 1029 2729 nostram;
1062 2669 1120 2717 et
1150 2658 1394 2715 laetitiam
1455 2655 1796 2722 deserentes,
1827 2654 2108 2710 trademur
2146 2665 2340 2723 pmna-

745 2771 864 2810 I‘littt
907 2751 1237 2825 captivitati,
1293 2748 1694 2821 perdemusque
1737 2745 1993 2816 gaudium
2047 2743 2338 2815 sempiter-

745 2862 899 2911 num,
941 2843 1085 2916 quod
1133 2851 1319 2914 patres
1361 2838 1536 2896 nostri
1561 2847 1615 2896 et
1657 2839 1860 2896 fratres
1885 2837 2072 2894 labore
2098 2834 2341 2894 instabili

745 2944 1086 3007 repererunt.

820 3028 908 3083 lll.
952 3027 1124 3096 igitur
1154 3040 1263 3082 non
1292 3040 1393 3082 nos
1413 3024 1598 3080 vincat
1625 3023 1848 3087 oblivio,
1887 3036 1990 3078 nec
2022 3020 2341 3091 patientiam

747 3121 846 3177 Dei
887 3119 1265 3176 existimemus
1299 3115 1686 3188 ignorantiam,
1730 3118 1822 3187 qui
1873 3116 2078 3171 ideirco
2123 3123 2341 3169 susten~
2367 3129 2411 3189 ο

748 3223 829 3269 tat
860 3224 915 3270 et
961 3213 1166 3278 diii’ert,
1222 3221 1282 3265 ut
1324 3212 1393 3266 ad
1434 3208 1660 3266 meliora
1695 3207 1970 3274 conversi,
2005 3205 2342 3263 cruciatibus

748 3321 859 3362 non
910 3305 1214 3361 tradamur.
1260 3303 1491 3370 Quando
1560 3314 1886 3372 peccamus,
1931 3312 2036 3353 non
2093 3306 2344 3368 putemus

748 3394 918 3453 Deum
949 3393 1265 3451 consentire
1293 3392 1500 3448 nostris
1534 3390 1799 3461 peccatis,
1830 3388 1956 3458 quia
2000 3400 2108 3443 non
2156 3384 2343 3440 statim

749 3487 1028 3550 vindicat;
1082 3483 1178 3540 sed
1227 3482 1360 3538 illud
1398 3483 1724 3553 cogitemus,
1751 3481 1896 3550 quod
1926 3479 2037 3533 cito
2076 3483 2344 3533 exeuntes

749 3580 819 3634 de
840 3578 1038 3635 szeculo
1068 3575 1456 3646 separabimur
1488 3575 1541 3629 in
1579 3573 1766 3628 futuro
1796 3586 1829 3627 a
1864 3570 2108 3641 patribus
2140 3579 2197 3626 et
2234 3569 2347 3624 fra-

752 3675 930 3728 tribus
960 3672 1185 3737 nostris,
1224 3670 1316 3741 qui
1351 3669 1528 3725 locum
1566 3668 1808 3724 victoria:
1838 3666 2136 3736 possident.
2175 3662 2345 3731 Quem

754 3781 810 3820 et
848 3780 945 3819 nos
990 3763 1336 3829 habebimus,
1384 3762 1430 3817 si
1485 3761 1700 3818 illorum
1764 3759 2096 3814 voluerimus
2138 3755 2352 3813 calcare

754 3858 1006 3926 vestigia,
1036 3867 1092 3912 et
1127 3856 1261 3911 illud
1312 3854 1614 3918 attendere,
1651 3852 1795 3924 quod
1835 3850 2114 3922 apostolus
2152 3847 2352 3902 Paulus

759 3955 849 4008 hic
892 3967 1108 4022 quoque
1159 3957 1380 4007 sanctos
1411 3963 1441 4002 a
1478 3946 1858 4018 peccatoribus
1889 3954 2133 4013 separat,
2162 3951 2215 3996 et
2248 3949 2354 3995 tra-

757 4048 832 4101 dit
873 4047 1252 4112 delinquentes
1301 4042 1353 4096 in
1379 4040 1648 4096 interitum
1677 4039 1880 4100 carnis,
1910 4046 1965 4090 ut
1994 4035 2213 4104 spiritus
2243 4031 2354 4086 sal-

757 4155 850 4193 rus
874 4137 968 4208 [int
993 4139 1034 4191 ⁵.
1072 4135 1270 4191 Beatus
1299 4137 1459 4190 homo
1480 4134 1574 4205 qui
1600 4134 1754 4188 timet
1782 4128 2090 4193 Dominum,
2115 4137 2170 4181 et
2190 4139 2352 4196 quem

759 4229 984 4297 corripit
1037 4237 1095 4281 ut
1137 4228 1490 4291 emendetur;
1526 4234 1581 4279 et
1616 4224 1786 4294 legent
1818 4235 1974 4276 suam
2012 4219 2173 4275 docet
2206 4233 2354 4283 eum,

2421 718 2619 775 timebit
2673 735 2794 773 cunt
2825 729 2985 773 trstus
3030 717 3336 783 aduenerit,
3365 716 3676 788 ltabebitque
3717 716 4026 786 frondentes

2422 827 2619 874 rantes,
2642 820 2691 866 et
2726 810 2783 865 in
2813 819 3047 878 tempore
3075 808 3330 864 siccitatis
3348 808 3560 874 virebit,
3587 824 3744 876 potus
3779 806 4026 862 sollicita

2422 904 2749 974 germinans.
2778 897 2950 956 Grave
2965 901 3131 956 corin
3156 900 3424 965 omnibus,
3454 909 3504 955 et
3521 902 3677 954 homo
3701 911 3798 964 est,
3822 908 3872 954 et
3897 898 4027 969 quis

2423 992 2688 1064 cognoscit
2716 990 2878 1047 eunt!
2900 988 3016 1062 Ego
3048 989 3306 1046 Dontinus
3352 999 3602 1044 serutaus
3637 993 3798 1044 corda
3836 997 3884 1042 et
3929 1001 4026 1040 re-

2424 1101 2538 1149 nes,
2573 1091 2631 1138 ut
2669 1083 2890 1139 reddant
2918 1082 3202 1155 unicuique
3229 1080 3521 1138 secundum
3551 1081 3664 1136 uias
3683 1098 3808 1136 suas
3825 1080 3868 1138 '.

2504 1196 2566 1253 ν.
2609 1195 3020 1254 Meminerimus
3065 1194 3264 1262 nostri,
3301 1209 3403 1251 nec
3438 1203 3860 1252 contemnamus
3885 1192 4029 1251 deli-

2427 1303 2519 1349 cta
2548 1307 2671 1364 qua:
2699 1291 2965 1358 fecimus;
2995 1298 3052 1347 et
3083 1288 3295 1360 singula
3329 1287 3586 1344 mandata
3628 1289 3800 1360 patris
3827 1293 4027 1350 nostri.

2428 1394 2485 1441 et
2510 1398 2703 1440 eorum
2755 1383 2849 1456 qui
2900 1398 3002 1439 nos
3041 1381 3378 1447 docuerunt,
3425 1380 3592 1436 corde
3629 1378 3864 1436 sollicito
3901 1392 4033 1450 per-

2430 1487 2760 1542 tractemus,
2797 1490 2905 1533 non
2949 1474 3126 1532 solum
3156 1473 3446 1531 credentes
3474 1472 3529 1528 in
3557 1470 3803 1536 Christo.
3836 1474 3931 1528 sed
3973 1481 4032 1528 et

2430 1586 2531 1644 pro
2557 1572 2678 1643 ipso
2710 1570 3005 1642 patientes,
3031 1576 3087 1624 et
3116 1567 3356 1623 scientes
3391 1564 3523 1620 illud
3573 1564 3900 1636 mysterium
3955 1565 4030 1618 de

2433 1681 2543 1738 quo
2587 1664 2788 1721 dicitur
2823 1680 2839 1720 :
2871 1659 3109 1732 Spiritus
3137 1658 3314 1716 uultus
3343 1658 3535 1725 nostri,
3569 1654 3817 1714 Christus
3841 1656 4032 1710 Denti-

2360 1789 2405 1847 B
2437 1773 2534 1813 nus
2556 1758 2615 1825 ἰ
2647 1763 2699 1812 et
2713 1752 2853 1847 alibi
2883 1769 2900 1808 :
2934 1749 3178 1807 Lucerna
3206 1749 3428 1820 pedibus
3450 1748 3581 1847 rufis
3611 1746 3699 1802 le:
3719 1757 3836 1813 tua,
3865 1756 3914 1801 et
3944 1745 4038 1798 tu-

2433 1865 2550 1904 nten
2592 1845 2791 1903 semitis
2827 1845 2956 1900 meis
2978 1843 3054 1909 ’σς
3106 1851 3164 1898 et
3197 1842 3394 1898 iterum
3429 1856 3444 1894 :
3480 1838 3766 1910 Eloquium
3815 1836 4034 1893 Domini

2433 1940 2708 2010 uieificasit
2739 1937 2882 1992 nte“
2909 1951 2925 2001 ;
2953 1950 3008 1991 et
3042 1953 3057 1990 :
3097 1931 3211 1988 Le:
3254 1931 3471 1988 Dotniui
3509 1930 3872 1994 immaculata,
3905 1944 4037 1982 con-

2434 2043 2640 2089 uertens
2667 2031 2900 2087 animos.
2927 2025 3246 2084 laudatum
3277 2023 3493 2079 Dantini
3539 2023 3798 2089 lucidum,
3827 2020 4039 2075 illuni.

2435 2140 2570 2180 nens
2625 2121 2888 2179 oculos“.
2952 2117 3020 2174 Et
3075 2116 3368 2190 Apostolus
3396 2131 3412 2169 :
3440 2113 3574 2180 Leu,
3595 2113 3792 2186 inquit,
3822 2123 4034 2177 sancta,

2435 2225 2485 2273 et
2513 2215 2828 2270 Mandatum
2855 2221 3120 2276 unctum,
3149 2219 3201 2267 et
3224 2211 3458 2281 justum,
3493 2219 3542 2263 et
3586 2208 3783 2262 bonum
3803 2207 3873 2260 ".
3903 2205 4042 2272 Quae

2437 2307 2621 2364 omnia
2654 2304 3043 2377 intelligentes,
3060 2302 3209 2375 digni
3236 2302 3446 2360 erimus
3469 2299 3663 2356 audire
3693 2315 3709 2351 :
3738 2297 3874 2355 Cum
3900 2299 4040 2354 ceci-

2435 2398 2575 2455 derit
2594 2397 2778 2469 justus
2817 2412 2923 2452 non
2960 2395 3237 2462 aliidetur,
3278 2393 3404 2465 quia
3471 2390 3729 2446 Dominus
3770 2398 4040 2445 sustentat

2439 2506 2655 2548 suanm
2688 2489 2836 2545 illius
2860 2489 2946 2556 ¹δ;
2981 2497 3038 2545 et
3065 2485 3265 2544 iterum
3298 2503 3312 2540 :
3345 2484 3548 2554 Septies
3572 2484 3723 2538 cadet
3744 2482 3958 2554 justus,
3992 2492 4039 2537 et

2440 2592 2676 2654 resurget
2700 2581 2768 2637 ¹⁵.

2517 2691 2607 2749 γι.
2650 2691 2806 2748 Nune
2837 2704 2989 2762 ergo,
3016 2688 3238 2755 fratres,
3273 2685 3384 2744 Deo
3435 2697 3628 2758 agente
3669 2684 3954 2756 patienter
3985 2695 4041 2740 et

2448 2800 2548 2843 nos
2603 2784 2671 2840 ad
2723 2780 3099 2855 pmnitentiam
3152 2776 3783 2850 provocante,degravi
3847 2790 4046 2831 somno

2444 2877 2788 2953 evigilemus,
2845 2876 2973 2946 quia
3029 2872 3379 2929 adversarius
3433 2879 3621 2926 noster
3654 2872 3813 2940 quasi
3841 2870 3924 2923 leo
3954 2886 4047 2922 rn-

2445 2974 2588 3044 giens
2636 2970 2826 3026 circuit
2861 2982 3103 3039 quaerens
3144 2981 3297 3036 quem
3345 2963 3551 3019 deceret
3572 2963 3641 3029 ",
3687 2963 3778 3016 cui
3838 2961 4049 3016 acriter

2449 3063 2818 3121 resistendum
2860 3068 2968 3123 est,
3013 3067 3072 3114 et
3124 3053 3409 3112 sciendum
3439 3053 3632 3109 eadem
3660 3051 3825 3106 etiam
3856 3061 4050 3106 certa.

2446 3157 2592 3211 mina
2649 3151 2856 3211 nostris
2901 3149 3151 3206 evenisse
3187 3145 3485 3217 majoribus
3551 3141 3672 3198 Non
3723 3142 4051 3198 deﬁciamus

2444 3249 2781 3309 laborantes,
2837 3239 3214 3312 iacientesque
3272 3237 3535 3292 virtutum
3589 3233 3828 3299 semina,
3884 3243 3949 3287 ut
3995 3233 4050 3288 in

2446 3341 2631 3398 futuro
2657 3336 2855 3410 gaudia
2896 3341 3104 3391 metere
3145 3326 3442 3402 possimus,
3478 3325 3875 3396 audiemusque
3909 3323 4053 3379 Pau-

2446 3433 2558 3488 lum
2587 3432 2918 3486 docentem:
2950 3425 3033 3481 Tu
3067 3432 3248 3480 autem
3289 3421 3383 3493 qui
3437 3417 3670 3476 servasti
3714 3417 4051 3479 doctrinam.

2446 3522 2838 3585 eruditionem,
2866 3518 3131 3584 studium,
3159 3513 3498 3586 patientiam,
3521 3509 3964 3583 persecutionem
3980 3509 4048 3572 1',

2448 3625 2504 3670 et
2527 3621 2842 3670 sanctorum
2891 3607 3136 3679 exempla
3166 3613 3468 3667 sectantes.
3517 3616 3941 3671 permaneamus
3998 3600 4052 3654 in

2449 3720 2516 3764 eo
2551 3706 2698 3777 quod
2735 3703 3026 3775 capimus,
3058 3699 3322 3755 habentes
3355 3695 3658 3768 principem
3686 3703 3742 3749 et
3774 3693 4052 3763 perfectos

2453 3816 2570 3857 rem
2616 3798 2826 3855 losum.
2871 3792 3241 3862 lnleiligamus
3285 3800 3498 3844 comam
3547 3783 3744 3854 capitis
3789 3781 3968 3837 nostri
3998 3782 4053 3835 in

2453 3896 2563 3958 via,
2599 3902 2657 3946 ut
2692 3891 2768 3947 sit
2815 3893 3148 3957 unguentum
3181 3882 3234 3937 iu
3269 3879 3438 3936 barba
3469 3886 3684 3941 nostra,
3713 3884 3773 3930 ut
3795 3876 3862 3929 ad
3889 3888 4051 3931 oram

2456 3983 2738 4059 perveniat
2757 3978 3072 4035 vestimenti
3096 3975 3162 4043 “,
3187 3982 3246 4029 ut
3273 3971 3546 4041 possimus
3579 3968 3804 4036 implere
3835 3966 4056 4023 univerc

2455 4097 2516 4138 sa
2549 4093 2672 4150 qua:
2699 4075 2899 4145 scripta
2936 4075 3085 4128 sunt.

2535 4211 2646 4268 \‘ll.
2686 4209 3055 4280 Quapropter,
3099 4219 3136 4260 o
3178 4203 3346 4260 duces
3377 4211 3434 4257 et
3475 4196 3751 4271 praepositi
3776 4204 4058 4252 monaste-

762 4331 815 4374 ul
863 4287 1102 4374 ambulet
1133 4318 1187 4372 in
1225 4287 1500 4372 ntandatis
1551 4287 1695 4384 ejus'
1712 4314 1967 4369 omnibus
1998 4311 2190 4368 diebus
2231 4309 2360 4365 vita
2462 4307 2668 4364 riorum
2708 4316 2775 4357 ac
2818 4299 3129 4384 domorum,
3162 4293 3362 4384 quibus
3399 4291 3593 4384 crediti
3623 4287 4051 4384 sunthbomines,

761 4427 901 4478 suae;
937 4412 1027 4480 qui
1060 4426 1169 4465 non
1195 4418 1500 4466 murmurat
1533 4423 1632 4477 pro
1658 4417 2022 4479 peccato-suo.

2463 4409 2519 4455 et
2545 4396 2687 4468 apud
2715 4407 2852 4464 quos
2884 4381 3241 4447 inveniuntur
3268 4382 3336 4452 Τ.
3371 4383 3486 4442 sive
3506 4381 3549 4448 ι,
3591 4381 3706 4438 sive
3734 4375 3798 4443 Ε,
3830 4382 3949 4433 sive
3981 4378 4051 4439 Δ,

833 4469 922 4559 Hi.
955 4469 1152 4572 itaque
1199 4510 1255 4557 et
1312 4517 1410 4556 nos
1463 4469 1772 4556 scrutemur
1828 4499 1948 4553 vias
2002 4505 2242 4561 nostras,
2302 4505 2356 4552 et
2383 4471 2440 4533 Π
2467 4500 2526 4546 ut
2567 4490 2621 4546 in
2663 4498 2951 4544 commune
2985 4481 3184 4546 dicam,
3229 4475 3429 4572 quibus
3462 4473 3655 4532 crediti
3711 4479 3841 4572 sunt
3878 4469 4062 4572 horai.

762 4609 986 4667 gressus
1029 4593 1283 4665 proprios
1346 4591 1734 4662 dijudicemus;
1786 4598 2234 4659 revertamur-que
2286 4587 2353 4642 ad

767 4689 1082 4754 Dominum,
1115 4697 1172 4743 et
1203 4685 1447 4742 levemus
1492 4699 1614 4740 cum
1668 4683 1919 4740 manibus
1956 4683 2160 4739 nostris
2189 4681 2355 4738 corda

766 4790 954 4838 nostra
1005 4780 1059 4835 in
1095 4778 1374 4835 excelsum
1422 4787 1478 4834 et
1509 4777 1563 4832 in
1593 4775 1815 4843 cmlum,
1845 4786 1904 4831 ut
1950 4775 2005 4830 in
2058 4777 2143 4831 die
2172 4774 2356 4840 iudicii

764 4875 982 4944 adiutor
1006 4883 1190 4930 noster
1205 4872 1300 4938 sit,
1321 4880 1378 4928 et
1393 4887 1497 4927 non
1516 4868 1912 4928 eonfundamur
1926 4885 2049 4924 cum
2073 4868 2361 4938 loquemur

769 4967 1011 5024 inimicis
1044 4967 1250 5021 nostris
1297 4966 1354 5020 in
1402 4971 1556 5036 porta
1581 4971 1625 5030 ο,
1658 4965 1754 5020 sed
1783 4962 1958 5031 magis
2000 4961 2146 5034 digni
2188 4961 2352 5016 simus

770 5061 901 5116 illud
930 5059 1119 5114 audire
1147 5072 1162 5114 :
1188 5059 1399 5127 Aperite
1413 5067 1622 5127 portas,
1660 5066 1714 5110 ut
1743 5055 2076 5123 ingrediatur
2100 5051 2354 5121 populus,

725 5174 727 5180 ·
768 5153 860 5223 qui
882 5151 1110 5205 custodit
1129 5149 1398 5220 justitiam
1415 5161 1463 5203 et
1497 5147 1829 5204 ceritatem'.
1863 5146 1962 5202 Cui
1996 5147 2205 5200 veritas
2234 5157 2360 5197 cor-

769 5246 824 5302 di
856 5257 962 5310 est,
998 5253 1052 5299 et
1086 5243 1178 5313 qui
1218 5241 1458 5313 possidet
1486 5255 1696 5311 pacem,
1744 5239 1926 5294 dicere
1967 5245 2143 5308 potest
2179 5233 2357 5302 :Quia

771 5348 826 5400 in
864 5353 917 5400 te
968 5341 1332 5413 speravimus,
1366 5339 1615 5399 Domine.
1661 5338 1714 5392 in
1762 5345 2048 5391 aeternum.
2086 5331 2360 5388 Recorde-

773 5454 897 5494 mur
926 5434 1164 5498 Domini,
1198 5441 1254 5489 et
1282 5429 1620 5487 ilierusalem
1650 5428 1909 5484 ascendat
1943 5440 2105 5496 super
2132 5438 2228 5480 cor
2265 5437 2357 5477 no-

772 5540 969 5586 strum.
1009 5526 1087 5583 Ne
1113 5523 1500 5582 obliviscamur
1529 5521 1676 5577 illius
1714 5518 1975 5581 hominis,
2001 5518 2067 5572 de
2090 5529 2197 5584 quo
2223 5513 2360 5570 scri-

846 5707 867 5737 ‘
898 5704 1127 5760 Bmtelt.
1161 5718 1245 5766 ιιι,
1269 5701 1421 5756 9-15.
1501 5697 1522 5730 ³
1551 5697 1708 5753 Rom.
1759 5711 1832 5761 ut,
1863 5695 1953 5749 21.

774 5777 829 5833 9..
910 5777 932 5807 ⁸
958 5774 1067 5831 .lct'.
1121 5789 1252 5836 xvtt,
1288 5771 1317 5824 'l
1359 5770 1446 5825 i0.
1524 5772 1543 5801 ’
1570 5766 1774 5823 Titret't.
1812 5781 1885 5836 tv.
1919 5766 2010 5817 90.

781 5862 876 5911 vtt,
915 5846 1000 5900 1‘2.
1082 5845 1129 5877 "
1152 5833 1516 5904 Psal..xxxw,
1547 5838 1638 5893 91.
1745 5838 1789 5868 ¹⁶
1818 5833 1974 5890 l’t'ov.
2013 5849 2158 5897 xxxv,
2196 5833 2278 5886 iii.

2060 5696 2083 5724 ⁵
2111 5693 2128 5746 1
2158 5692 2286 5747 Cor.
2320 5708 2378 5752 κ,
2419 5689 2507 5742 11.
2587 5682 2805 5738 'l‘Cor.
2832 5679 2968 5752 v,457.

2090 5764 2134 5795 ¹⁰
2160 5762 2301 5816 Psal.
2338 5774 2528 5819 cxvttt,
2567 5753 2689 5809 103.

2090 5849 2157 5882 tv-
2196 5833 2278 5882 i6.
2361 5831 2403 5861 ‘°
2434 5831 2449 5882 I
2482 5826 2599 5880 Pet.
2634 5840 2683 5882 γ.
2717 5822 2766 5875 8.

2467 4597 2585 4648 nes,
2617 4577 2813 4651 singuli
2848 4589 2969 4630 cum
3000 4572 3198 4629 turmis
3237 4570 3351 4625 suis
3387 4574 3707 4636 exspectent
3753 4561 4062 4618 Salvator-is

2465 4677 2786 4736 adventum,
2811 4675 2870 4725 ut
2899 4662 3214 4734 conspectui
3248 4659 3393 4716 illius
3416 4663 3671 4714 ornatu:
3702 4653 3867 4708 armis
3892 4667 4064 4708 exer-

2470 4769 2643 4825 citum
2675 4767 3012 4836 praeparent.
3043 4755 3123 4812 Ne
3141 4750 3485 4823 refrigeretis
3513 4763 3608 4806 eos
3638 4749 3693 4802 in
3723 4743 4064 4809 carnalibus,

2466 4870 2524 4917 et
2575 4855 2845 4929 spiritalia
2896 4867 3002 4909 non
3057 4847 3314 4907 tribuatis
3353 4843 3636 4901 alimenta.
3669 4842 3780 4896 Aut
3826 4853 4054 4929 rursum

2468 4928 2710 5009 doceatis
2752 4943 3040 5018 spiritalia,
3094 4949 3153 4999 et
3209 4939 3266 4995 in
3314 4934 3629 4994 carnalibus
3678 4929 3959 5002 adligatis,
4007 4928 4064 4985 in

2466 5045 2610 5103 escis
2664 5039 2916 5097 videlicet
2956 5043 3124 5107 atque
3170 5031 3392 5087 vestitu.
3437 5026 3547 5084 Sed
3592 5035 3648 5082 et
3689 5023 3976 5097 spiritales
4003 5033 4061 5078 et

2469 5139 2720 5196 carnales
2763 5134 2916 5190 cibos
2948 5130 3154 5202 pariter
3183 5124 3430 5189 tribuite,
3462 5132 3518 5178 et
3547 5119 3750 5176 nullam
3794 5117 3934 5174 detis
3978 5115 4063 5172 eis

2466 5226 2812 5284 occasionem
2860 5217 3227 5291 negligentiae.
3260 5213 3369 5268 Aut
3418 5226 3542 5281 quae
3569 5218 3656 5265 est
3689 5208 3792 5266 ista
3822 5206 4064 5278 iustitia.

2467 5330 2528 5377 ut
2574 5319 2774 5376 fratres
2823 5315 3011 5371 labore
3039 5309 3372 5382 alliigamus,
3398 5313 3453 5362 et
3485 5304 3586 5375 ipsi
3622 5303 3734 5358 otio
3763 5299 4066 5356 vacetnus?

2470 5423 2566 5469 aut
2610 5413 2694 5467 eis
2733 5409 2926 5480 iugum
2975 5406 3341 5475 imponamus,
3401 5397 3546 5469 quod
3606 5394 3709 5465 ipsi
3759 5392 3907 5448 ferre
3956 5405 4063 5446 non

2471 5502 2809 5578 possumus!
2858 5499 3115 5571 Legimus
3171 5494 3228 5549 in
3265 5489 3566 5561 Evangeiio
3598 5503 3611 5539 :
3653 5485 3773 5554 Qua
3812 5497 4064 5538 mensura

2841 5679 2968 5762 [κῆ.
3040 5674 3116 5762 η⁶
3143 5673 3508 5762 Ρεῆῑλωιχνι,
3543 5665 3598 5722 5.
3655 5664 3719 5762 0'
3755 5660 3866 5762 Isti;
3906 5673 4063 5762 ιξςΙι,

2841 5730 2999 5872 “vim
3038 5746 3127 5870 εξο-
3212 5745 3256 5776 "
3760 5730 4060 5858 ..ῖξςξξοιςίι

2914 5835 2921 5848 ί
3088 5830 3298 5880 no.1",
3419 5853 3430 5866 .
3621 5841 3659 5858 ..
3707 5845 3718 5858 .
3958 5841 3974 5865 ,
4046 5843 4058 5855 .
