4226 6316
187 385 291 442 873

1013 393 1069 450 S.
1113 393 1402 451 ORSIESII
1444 395 1787 451 DOCTRINA
1835 395 1919 450 DE
1959 395 2305 454 INSTiTUT.
2356 397 2664 454 MONACII.

3340 401 3402 454 87
3417 402 3446 455 ι

189 505 350 556 mensi
383 503 613 572 fueritis,
644 507 938 576 remetietur
982 510 1203 563 vobis".
1249 509 1398 566 Unde
1433 519 1485 566 et
1523 512 1760 566 laborem
1795 517 2048 573 Aluum,
2091 529 2153 566 ne
2187 513 2379 568 habeas
2424 523 2690 580 peccatum
2745 528 2837 578 pro
2892 528 2950 564 eo
2982 512 3046 581 ".
3098 511 3176 567 Ne
3225 517 3444 567 ενριιίιι

185 604 234 648 et
259 594 541 665 refrigeria
568 613 687 651 cum
716 599 846 667 ipsis
875 599 1169 657 habeamus
1197 605 1524 667 communia,
1557 621 1654 660 nec
1678 605 1761 657 di-

184 686 421 755 scipulos
446 703 631 743 servos
660 699 932 759 putemus,
966 702 1020 746 et
1051 692 1260 747 illorum
1284 693 1557 749 tribulatio
1575 697 1645 750 sit
1667 712 1753 750 no-

184 790 297 830 stra
323 776 534 838 laetitia,
557 793 625 831 ne
647 792 829 833 sermo
843 781 1185 850 evangelicus
1208 796 1303 835 nos
1327 796 1448 835 cum
1470 780 1760 837 Pharisteis

179 867 444 937 corripiat
478 883 490 918 :
530 865 619 922 Ve:
673 868 814 922 vobis
849 869 978 936 legis
1012 872 1217 938 peritis,
1248 873 1339 940 qui
1374 873 1552 942 ligatis
1595 889 1755 927 onera

179 959 559 1025 importabilia,
602 973 648 1013 et
680 959 946 1029 imponitis
992 979 1052 1015 ea
1109 980 1262 1032 super
1296 963 1537 1018 humeros
1588 966 1760 1018 homi-

178 1064 330 1113 num,
357 1062 401 1102 et
431 1051 529 1114 ipsi
560 1067 622 1103 ne
642 1051 809 1119 digito
834 1053 1039 1121 quidem
1065 1055 1274 1108 audetis
1309 1056 1563 1124 attingere
1580 1056 1646 1107 ²⁰.

253 1139 387 1193 VIII.
431 1140 566 1195 Sunt
602 1142 763 1211 aliqui
797 1144 1134 1200 attendentes
1204 1147 1548 1216 semetipsos,
1591 1158 1648 1202 ut
1679 1147 1760 1200 ri-

182 1232 548 1299 ventesjnxta
595 1227 904 1289 mandatum
944 1235 1038 1290 Dei
1080 1237 1180 1291 sibi
1220 1237 1537 1307 loquuntur,
1587 1250 1641 1295 et
1674 1240 1762 1294 di-

176 1332 355 1380 cunt:
401 1327 538 1393 Quid
581 1328 709 1381 milii
746 1339 830 1382 est
866 1343 986 1381 cum
1025 1328 1188 1383 aliis?
1225 1331 1338 1396 Ego
1378 1345 1505 1385 vero
1545 1339 1602 1384 ut
1642 1346 1761 1385 scr-

178 1415 324 1469 viam
349 1424 478 1480 Deo,
505 1426 558 1471 et
581 1419 827 1471 mandata
853 1417 968 1485 ejus
995 1419 1241 1485 impleam
1270 1462 1284 1485 ,
1310 1437 1411 1475 non
1441 1424 1505 1475 ad
1530 1438 1614 1476 me
1641 1437 1763 1491 per-

186 1511 321 1562 tinet
350 1509 476 1578 quid
506 1510 594 1563 alii
631 1509 852 1564 laciant.
885 1510 995 1566 Hoc
1029 1512 1275 1566 Ezechiel
1297 1513 1716 1582 corripitdicens
1745 1531 1759 1568 :

181 1598 225 1653 Ο
251 1613 486 1668 pastores
520 1600 710 1666 Israel,
739 1604 972 1671 nunquid
998 1605 1294 1671 semetipsos
1340 1613 1557 1671 pascunt
1584 1613 1763 1671 pasto-

179 1707 259 1745 res
280 1692 306 1744 ?
339 1707 506 1744 nonne
531 1709 644 1745 ores
667 1705 883 1759 pascunt
902 1694 927 1745 ?
948 1692 1080 1746 Ecce
1100 1694 1180 1746 lac
1210 1695 1525 1760 comedistis,
1552 1707 1596 1747 et
1625 1693 1762 1748 lanis

177 1784 495 1848 operimini;
527 1787 664 1852 quod
693 1787 883 1853 pingue
915 1796 988 1838 est
1021 1786 1350 1851 immolastis,
1377 1798 1423 1840 et
1450 1787 1587 1855 quod
1611 1787 1763 1856 inﬁr-

1865 619 2077 658 rursnm
2126 605 2255 658 illud
2306 605 2658 658 Salomonis:
2719 605 2822 670 Qui
2869 607 3253 674 nun-pra'dicit
3305 608 3439 675 ﬁlio.

1864 707 1918 747 ut
1964 711 2017 748 se
2060 696 2320 748 custodiat
2373 712 2403 748 tt
2448 695 2827 764 perditionibus
2856 736 2869 759 ,
2913 683 3156 756 velociter
3194 696 3443 748 dissnlrr-

1866 795 1952 840 tur
1975 787 2040 840 ”.

1934 877 1999 931 Χ.
2041 879 2241 934 Omnes
2271 878 2468 949 quibus
2499 879 2730 932 fratrum
2749 893 2874 932 cura
2903 879 3187 934 commissa
3217 887 3320 952 est,
3353 893 3444 942 pa-

1868 979 1989 1022 rent
2019 985 2079 1024 se
2111 970 2364 1023 adventui
2399 969 2697 1023 Sali-atoris
2720 979 2771 1023 et
2803 968 3148 1024 formidolosa
3184 969 3436 1022 tribunali

1866 1060 2002 1130 ejus.
2038 1059 2092 1114 Si
2115 1061 2259 1114 enim
2286 1075 2382 1129 pro
2415 1074 2474 1114 se
2509 1059 2624 1129 ipso
2654 1059 2874 1113 reddere
2901 1059 3188 1137 rationein,
3224 1062 3436 1127 plenum

1863 1161 1945 1204 est
1980 1152 2306 1227 discriminis
2359 1167 2422 1206 ac
2463 1151 2709 1212 timoris;
2763 1160 2817 1205 et
2871 1161 3072 1220 quanto
3124 1153 3310 1221 magis
3344 1155 3440 1220 pro"

1865 1243 2087 1297 alterius
2115 1241 2268 1311 culpa
2303 1242 2486 1304 subire
2514 1242 2836 1304 cruciatum,
2866 1250 2920 1296 et
2953 1242 3188 1296 incidere
3229 1243 3280 1296 in
3314 1259 3433 1294 ma-

1867 1349 1967 1387 nns
2007 1333 2097 1387 Dei
2145 1333 2410 1386 viventis?
2462 1331 2569 1386 Nec
2612 1345 2900 1400 possumus
2949 1333 3243 1386 obtendere
3285 1332 3438 1400 igno-

1868 1425 2118 1486 rantiam,
2144 1440 2267 1479 cum
2300 1425 2556 1492 scriptum
2589 1424 2659 1476 sit
2689 1439 2702 1475 :
2737 1419 2905 1476 Omne
2937 1421 3137 1490 factum
3170 1422 3305 1476 Deus
3335 1427 3437 1474 nit-

1865 1521 2012 1571 dacet
2037 1519 2089 1570 in
2113 1517 2352 1586 judicio,
2384 1519 2437 1569 in
2468 1515 2704 1569 omnibus
2731 1530 2848 1585 qute
2882 1514 3113 1583 neglecta
3154 1524 3298 1577 sunt,
3335 1517 3438 1567 sire

1866 1611 2091 1671 bonum,
2137 1609 2243 1661 sive
2277 1607 2473 1659 malum
2515 1606 2596 1671 '°;
2646 1613 2700 1658 et.
2753 1607 2803 1657 in
2853 1604 3108 1671 Apostolo
3160 1604 3433 1672 legimus:

1867 1695 2058 1752 Omnes
2085 1713 2179 1750 nos
2200 1705 2398 1764 Oportet
2439 1695 2769 1760 manifeslari
2802 1705 2922 1747 ante
2958 1693 3189 1746 tribunal
3217 1693 3432 1757 Christi,

1865 1799 1918 1840 ut
1945 1788 2298 1856 unusquisque
2328 1784 2537 1851 recipiat
2570 1801 2664 1853 pro
2686 1800 2744 1836 eo
2771 1784 2909 1853 quod
2934 1795 3176 1851 operatus
3209 1795 3305 1847 est,
3331 1788 3438 1837 sire

175 1889 324 1926 suum
351 1890 452 1926 non
480 1874 856 1941 confortnstis;
884 1876 1022 1942 quod
1042 1875 1266 1944 fractum
1290 1886 1361 1928 est
1388 1892 1488 1928 non
1514 1877 1755 1945 ligastis;
1791 1875 1831 1929 Β
1861 1878 2073 1937 bonum,
2106 1877 2210 1929 sive
2234 1875 2429 1928 malum
2475 1875 2542 1928 “.
2593 1874 2758 1928 Isaias
2802 1888 3015 1942 quoque
3057 1875 3196 1927 diem
3235 1875 3436 1928 consti-

172 1969 318 2034 quod
346 1963 556 2018 errabat
582 1981 682 2018 non
709 1965 1013 2030 reduxistis,
1040 1965 1177 2035 quod
1198 1965 1419 2034 perierat
1446 1981 1545 2018 non
1567 1967 1756 2033 qutvsi-

173 2058 295 2120 stis,
330 2060 465 2128 quod
490 2059 624 2122 forte
648 2067 761 2110 erat
788 2057 982 2128 fecistis
1013 2057 1190 2109 labore
1219 2056 1459 2124 deﬁcere,
1482 2067 1530 2110 et
1552 2057 1755 2124 disper-

174 2152 322 2203 sistis
346 2167 461 2204 ores
484 2166 644 2213 meas,
662 2166 719 2202 eo
735 2149 872 2213 quod
888 2165 987 2202 non
1006 2148 1249 2202 haberent
1279 2158 1511 2215 pastores
1527 2150 1592 2203 ".
1619 2147 1752 2202 Pro-

173 2255 361 2313 pterea
400 2242 511 2311 ipse
531 2242 801 2296 Dominus
829 2242 1005 2296 veniet
1034 2255 1152 2294 cum
1184 2241 1487 2294 senioribus
1517 2251 1566 2294 et
1604 2241 1754 2309 priu-

173 2337 388 2403 cipibus
425 2336 571 2398 suis,
609 2345 662 2388 et
698 2333 1060 2402 complebitur
1109 2333 1235 2386 illud
1277 2332 1326 2385 in
1364 2333 1519 2386 nobis
1554 2349 1566 2384 :
1615 2329 1756 2386 Exa-

175 2439 345 2482 clorcs
375 2429 522 2482 restri
553 2427 926 2496 deprtcdantur
958 2443 1065 2489 vos,
1089 2434 1136 2479 et
1161 2427 1250 2496 qui
1282 2435 1545 2489 repetunt,
1575 2441 1756 2498 errare

173 2535 266 2574 vos
301 2519 501 2587 faciunt
527 2520 592 2574 ".
643 2518 780 2586 Quin
822 2518 996 2587 magis
1032 2518 1218 2572 audire
1249 2517 1508 2571 debemus
1544 2537 1557 2571 :
1592 2517 1755 2571 Dento

174 2612 521 2680 terra,cuj.us
549 2626 637 2664 rex
657 2611 797 2676 ﬁlius
820 2627 840 2664 :
864 2609 1073 2680 ingenui
1091 2621 1136 2663 et
1162 2609 1420 2678 principes
1450 2609 1526 2660 tui
1551 2610 1605 2660 in
1623 2619 1752 2659 tent-

175 2720 306 2770 pore
339 2703 610 2756 comedunt
639 2702 690 2755 in
711 2702 1038 2770 fortitudine,
1069 2713 1116 2754 et
1146 2716 1245 2753 non
1276 2700 1662 2769 confundentur
1684 2698 1749 2752 ".

250 2791 342 2847 IX.
387 2793 529 2856 Ideo.
563 2809 596 2848 o
649 2793 828 2846 homo.
864 2806 1036 2860 usque
1068 2793 1133 2845 ad
1176 2807 1334 2844 unam
1372 2792 1606 2844 animam
1635 2805 1754 2857 quae

178 2885 276 2939 tibi
309 2886 511 2939 credita
542 2897 655 2948 est,
699 2900 916 2939 monere
957 2900 1060 2938 non
1107 2898 1286 2938 cesses
1317 2893 1371 2936 et
1409 2883 1603 2938 ducere
1635 2897 1753 2951 qua:

174 2989 362 3031 sancta
399 2987 544 3042 sunt,
578 2987 632 3031 et
665 2987 716 3033 te
756 2977 928 3046 ipsum
965 2977 1226 3029 bonorum
1257 2990 1479 3046 operum
1508 2976 1752 3042 praebere

174 3069 505 3138 exemplum,
544 3079 599 3123 et
642 3083 833 3123 cavere
882 3082 1043 3135 quam
1098 3068 1360 3130 maxime,
1416 3081 1480 3120 ne
1525 3066 1750 3120 alterum

174 3177 328 3215 ames
375 3171 433 3214 et
476 3162 702 3215 alterum
749 3161 965 3226 oderis;
1002 3160 1093 3213 scd
1147 3169 1201 3212 et
1245 3158 1459 3212 cunctis
1495 3156 1752 3211 exhibeas

175 3247 572 3322 :equalitalem:
604 3267 668 3307 ne
701 3253 838 3306 forte
865 3267 1022 3321 quem
1053 3263 1104 3303 tu
1134 3249 1342 3316 diligis,
1378 3249 1518 3302 Dens
1540 3249 1746 3312 oderit;
1783 3225 1826 3282 (ἶ

174 3355 229 3398 et
258 3360 420 3414 qncnt
456 3355 507 3398 tu
547 3345 726 3399 oderis
775 3344 915 3398 Dens
964 3343 1168 3413 diligat.
1221 3341 1360 3394 Nulli
1401 3341 1606 3394 erranti
1659 3355 1754 3409 pro

175 3438 414 3491 amicitia
450 3438 778 3499 consentias,
808 3446 860 3490 ct
899 3436 1124 3489 alterum
1169 3449 1402 3502 premas,
1439 3444 1492 3488 et
1523 3434 1750 3487 alterum

173 3531 461 3596 subleves,
502 3539 556 3584 et
589 3538 776 3600 pereat
823 3529 973 3582 labor
1020 3539 1161 3582 tuus.
1211 3526 1474 3580 Sedentes
1513 3526 1565 3578 in
1620 3525 1752 3580 locis

174 3621 558 3675 humilioribus
587 3621 638 3674 in
671 3621 866 3690 quibus
894 3617 1054 3672 Pater
1079 3626 1260 3671 noster
1283 3616 1520 3684 pra-cipit
1543 3617 1752 3684 penitus

176 3728 284 3766 non
311 3712 628 3774 sedendum,
653 3720 877 3766 caveant
909 3709 1178 3778 praepositi
1208 3708 1513 3769 domorum,
1544 3721 1608 3760 ne
1641 3707 1752 3760 inr-

175 3806 321 3858 sitan
351 3805 576 3874 quilibet
615 3818 754 3857 unus
785 3817 848 3856 es
895 3800 1149 3855 fratribus
1185 3799 1469 3867 praeposito
1500 3799 1749 3867 injttriant

176 3896 390 3960 iecerit,
421 3907 473 3950 et
505 3899 670 3950 iratus
691 3895 780 3948 ille
803 3893 1092 3958 discernat,
1117 3907 1179 3944 ac
1205 3891 1344 3944 dicat
1372 3908 1384 3942 :
1411 3890 1546 3956 Quid
1576 3905 1752 3944 causa:

175 3991 352 4043 habeo
378 3991 442 4042 ad
467 3989 736 4042 hominem
758 3983 1221 4052 contemptorem?
1242 3983 1424 4036 Faciat
1453 3984 1590 4050 quod
1617 3984 1749 4046 vult,

172 4081 242 4134 ad
281 4094 364 4133 me
393 4094 498 4132 non
529 4080 792 4146 pertinet;
818 4091 914 4131 nec
939 4091 1061 4130 eum
1089 4089 1301 4139 moneo,
1339 4088 1440 4127 nec
1475 4084 1748 4126 errantem

171 4174 423 4241 corrigo;
463 4172 576 4224 sive
609 4171 867 4232 salvetur,
903 4170 1018 4222 sive
1049 4173 1253 4236 pereat.
1285 4165 1350 4217 ad
1380 4179 1462 4218 me
1493 4179 1594 4216 non
1628 4180 1747 4232 per-

171 4268 331 4318 tinet.
363 4263 406 4318 Ο
441 4265 621 4324 Ιιοιιιο,
651 4263 778 4330 quid
808 4261 921 4315 hanc
945 4256 1226 4328 loqueris?
1259 4256 1492 4324 intelligo
1524 4269 1630 4323 quo
1664 4255 1747 4306 lii--

173 4371 302 4410 rore
341 4355 651 4424 supercris;
692 4363 746 4406 et
776 4353 954 4406 odium
1006 4353 1292 4418 occupavit
1325 4364 1420 4402 cor
1466 4358 1649 4408 tuum,
1691 4355 1750 4398 ιιι

172 4447 350 4515 magis
379 4456 468 4499 tuo
495 4446 624 4498 vitio
651 4458 810 4513 quam
840 4458 938 4497 suo
964 4450 1188 4509 peccato
1219 4438 1388 4492 frater
1414 4446 1630 4506 pereat;
1662 4435 1746 4488 cui

1862 1977 2030 2020 tutam
2069 1968 2360 2035 signiﬁcat,
2392 1969 2444 2020 in
2473 1981 2574 2033 qua
2602 1967 2940 2034 indicaturus
2972 1965 3041 2017 sit
3075 1965 3214 2019 Dens
3246 1967 3431 2020 orbem

1862 2068 2018 2112 terra:
2053 2058 2105 2110 in
2143 2057 2376 2127 jnstitia,
2410 2059 2630 2111 dicens:
2667 2055 2800 2109 Ecce
2835 2057 2944 2110 dies
2983 2055 3192 2109 Domini
3221 2058 3433 2110 insana-

1857 2149 1976 2202 bilis
2011 2151 2145 2203 venit
2176 2149 2372 2218 furoris
2418 2160 2464 2202 et
2515 2150 2627 2212 ira’,
2673 2159 2725 2201 ut
2772 2157 2930 2217 ponat
2961 2151 3133 2201 orbem
3181 2158 3334 2202 terra:
3379 2153 3433 2204 in

1857 2243 2091 2305 deserto,
2126 2253 2172 2296 et
2206 2245 2392 2312 perdat
2430 2250 2726 2312 peccatores
2769 2243 2833 2294 de
2862 2257 2922 2295 eo
2953 2241 3023 2296 ³⁸.
3061 2241 3272 2296 Scimus
3307 2245 3431 2311 quia

1857 2335 2036 2387 omnia
2087 2349 2208 2403 qua:
2253 2335 2301 2386 in
2335 2334 2452 2402 lege
2494 2333 2691 2402 scripta
2744 2342 2910 2400 sunt,
2957 2341 3013 2386 et
3049 2335 3429 2402 prOpIietarnm

1859 2427 2012 2478 nobis
2041 2426 2292 2479 vaticinia
2328 2425 2691 2493 pia-dixerunt
2722 2462 2736 2488 ,
2775 2437 2999 2481 sanctus
3029 2443 3243 2496 quoque
3274 2427 3433 2480 Pater

1859 2526 2043 2571 noster
2068 2517 2324 2579 erudivit,
2362 2532 2458 2569 nos
2488 2531 2610 2570 esse
2656 2518 2962 2571 retinendos
3009 2527 3062 2572 rt
3129 2518 3432 2573 redditurus

1855 2606 2124 2660 rationem
2164 2606 2230 2660 de
2259 2606 2507 2676 singulis,
2541 2621 2708 2675 quare
2747 2622 2854 2661 ιιοιι
2888 2609 3181 2662 fecerimus
3217 2626 3302 2674 ea,
3341 2623 3435 2664 aut

1857 2697 2216 2769 negligentius
2243 2698 2552 2754 fecerimus.
2587 2699 2851 2768 Loquitur
2879 2703 3020 2754 enim
3054 2703 3138 2756 eui
3172 2705 3426 2756 traditum

1855 2800 1940 2850 est
1968 2808 1996 2846 a
2026 2791 2185 2848 Patre
2214 2808 2373 2848 omne
2397 2791 2680 2862 judicium,
2707 2803 2761 2845 ct
2788 2790 2998 2847 Veritas
3026 2795 3200 2847 erudit
3231 2795 3430 2848 vetita-

1858 2895 2006 2939 tem:
2053 2882 2173 2938 Non
2213 2885 2403 2953 putetis
2435 2884 2560 2952 quia
2603 2900 2696 2952 ego
2737 2899 2924 2937 accuso
2966 2901 3050 2939 vos
3079 2887 3147 2939 ad
3182 2884 3426 2949 Patrem;

1855 2987 1930 3031 cst
1968 2979 2056 3047 qui
2101 2994 2185 3030 vos
2231 2987 2435 3030 nrrusrt
2480 2975 2704 3045 Moyses,
2745 2977 2800 3029 in
2845 2993 2944 3045 quo
2979 2993 3063 3030 vos
3097 2981 3335 3043 speratis.
3371 2980 3429 3031 Si

1855 3073 1991 3124 enim
2041 3070 2315 3123 crederetis
2369 3068 2577 3138 Moysi,
2622 3070 2897 3122 crederetis
2943 3079 2990 3122 et
3046 3070 3172 3122 mihi
3210 3087 3227 3124 :
3261 3071 3431 3123 deme

1857 3163 1992 3215 enim
2025 3162 2110 3214 ille
2137 3161 2345 3228 scripsit
2379 3171 2444 3212 δ’.

1931 3251 2019 3305 XI.
2068 3253 2141 3305 Ex
2173 3251 2366 3321 quibus
2398 3252 2650 3306 onmihus
2682 3253 2962 3316 discimus,
3006 3255 3147 3324 quod
3184 3250 3430 3324 (δραι-ειπειί

1859 3359 1956 3397 nos
1983 3354 2130 3397 stare
2157 3355 2281 3398 ante
2323 3344 2557 3396 tribunal
2589 3345 2814 3407 Christi,
2855 3357 2910 3400 et
2944 3348 3009 3401 de
3047 3348 3274 3417 singulis
3325 3367 3428 3401 non

1856 3434 2026 3487 solum
2067 3436 2355 3503 operibus,
2399 3436 2489 3488 sed
2533 3447 2586 3488 et
2618 3436 3037 3504 cogitatimiibns
3068 3436 3336 3505 judicari;
3376 3451 3430 3493 et

1856 3537 1976 3594 post
2005 3529 2261 3581 rationem
2299 3527 2418 3580 sine
2452 3537 2665 3591 nostrae,
2695 3530 2856 3582 etiam
2883 3543 2978 3597 pro
3007 3530 3124 3584 aliis
3154 3533 3242 3600 qui
3274 3533 3427 3586 nobis

1855 3619 2044 3672 crediti
2085 3619 2228 3682 sint,
2269 3619 2574 3673 reddituros
2612 3633 2731 3673 esse
2761 3621 3007 3674 similiter
3039 3623 3326 3675 rationem.
3364 3622 3428 3676 Et

1859 3711 1961 3764 hoc
1995 3726 2100 3765 non
2135 3711 2306 3764 solum
2348 3712 2412 3765 de
2447 3713 2748 3780 praepositis
2783 3713 3065 3767 domorum
3099 3716 3422 3767 audit-mlum

1856 3813 1959 3865 est,
1988 3804 2080 3856 sed
2107 3811 2159 3855 c‘t
2187 3803 2253 3856 de
2283 3803 2733 3856 monasteriorum
2765 3803 3112 3872 principibus,
3141 3816 3195 3859 et
3225 3806 3288 3859 de
3316 3806 3427 3858 sin-

1861 3891 2001 3959 gulis
2060 3891 2318 3944 fratribus
2369 3891 2457 3958 qni
2513 3901 2830 3960 rcputantur
2876 3892 2928 3944 in
2980 3892 3184 3962 plebem
3231 3910 3246 3946 :
3300 3895 3424 3962 quia

1853 3997 2040 4035 omnes
2081 3983 2308 4036 invicem
2338 3984 2529 4036 debent
2556 3999 2650 4038 sua
2692 3999 2856 4039 Onera
2888 3997 3126 4054 portare,
3164 3999 3218 4041 ut
3248 3991 3421 4041 adim-

1855 4073 2031 4142 pleant
2058 4075 2224 4145 legem
2253 4074 2453 4130 Christi
2492 4075 2556 4138 “,
2604 4082 2655 4129 et
2687 4078 2910 4129 audiant
2940 4078 3254 4145 Apostolum
3285 4083 3388 4132 seri
3408 4108 3423 4119 ο

1853 4166 2064 4217 lientem
2097 4165 2161 4216 ad
2215 4165 2558 4218 Timotheum
2600 4181 2612 4217 :
2678 4162 2720 4216 0
2775 4164 3079 4228 Timothee,
3132 4168 3421 4235 depositum

1851 4259 2075 4319 custodi,
2113 4257 2351 4309 devitans
2391 4255 2643 4324 profanas
2676 4272 2856 4308 vocum
2886 4259 3167 4314 novitates.
3217 4270 3262 4309 et
3293 4275 3420 4325 pro-

1852 4347 2123 4416 fessionem
2153 4347 2274 4416 falsi
2308 4347 2533 4399 nominis
2576 4347 2800 4400 scientite
2834 4347 2878 4378 "
2935 4345 2997 4400 Et
3043 4363 3136 4401 nos
3167 4348 3198 4401 h
3219 4350 3374 4402 iheuu
3399 4367 3427 4404 ε

1852 4437 2155 4506 depositum
2189 4455 2216 4490 a
2261 4438 2368 4491 Deo
2404 4440 2691 4500 traditum,
2721 4439 3138 4493 conversatione
3172 4440 3420 4504 ἴτειῑνιιι...

169 4541 342 4591 debes
376 4551 654 4604 ignoscere
691 4546 744 4588 et
791 4547 915 4586 etim
955 4531 1232 4601 suscipere
1270 4530 1618 4598 ptenitentem
1641 4566 1655 4588 ,
1689 4537 1748 4581 ut
1778 4559 1820 4616 Β
1852 4545 1949 4596 pro
1988 4528 2184 4594 quibus
2231 4529 2543 4582 laborantes
2573 4539 2627 4582 et
2661 4539 3040 4599 exspectamus
3072 4530 3247 4584 futura
3291 4549 3423 4601 prir-

168 4630 352 4699 possie
393 4627 516 4680 illud
546 4625 916 4693 eratigelicnm
965 4623 1146 4676 dicere
1179 4638 1190 4674 :
1229 4621 1441 4674 Dimitte
1469 4620 1613 4671 nobis
1651 4621 1744 4671 de-

169 4725 282 4776 bita
319 4731 515 4781 nostra,
547 4720 678 4773 sicut
712 4726 760 4771 et
802 4733 893 4769 nos
928 4716 1237 4768 dimittimus
1282 4711 1601 4764 debitoribus
1649 4726 1745 4762 no-

167 4816 298 4868 stris
334 4815 403 4868 ".
447 4811 504 4865 Si
532 4825 659 4879 ergo
686 4810 767 4862 vis
813 4817 870 4860 ut
910 4807 1049 4859 Dens
1081 4814 1295 4874 peccata
1330 4813 1417 4855 tua
1447 4801 1537 4854 tibi
1569 4800 1749 4854 dimit-

172 4913 292 4964 tat;
329 4911 384 4956 et
414 4910 466 4952 lu
495 4899 706 4953 dimitte
738 4896 891 4950 fratri
925 4906 1014 4950 tuo
1041 4893 1300 4965 quidquid
1338 4891 1462 4944 illud
1489 4901 1573 4944 est
1603 4889 1746 4959 quod

174 4997 227 5048 in
277 5005 328 5047 te
363 4991 640 5062 peccavit,
680 5004 886 5043 memor
925 4987 1065 5040 illius
1100 4983 1395 5055 praecepti:
1455 4980 1536 5034 Ne
1574 4982 1746 5034 oderis

169 5094 394 5142 tratrem
422 5093 566 5133 tuum
598 5083 650 5132 in
686 5079 840 5132 corde
871 5088 958 5130 tuo
981 5077 1052 5141 ";
1080 5083 1135 5129 et
1169 5073 1472 5128 Salomonis
1520 5087 1745 5126 monen-

168 5186 284 5227 tts:
327 5171 536 5227 Suscita
569 5171 727 5225 civem
765 5179 916 5222 tuum
955 5184 1050 5236 pro
1092 5184 1191 5236 quo
1223 5165 1551 5234 spopondisti
1577 5165 1644 5231 ";
1690 5173 1744 5219 et

169 5276 368 5319 Iterum
399 5280 414 5317 :
458 5259 540 5315 Ne
565 5278 730 5316 cesses
765 5261 971 5314 erudire
1001 5258 1271 5328 parvulam
1307 5259 1394 5316 :si
1425 5259 1561 5311 enim
1595 5259 1740 5324 virga

165 5353 486 5424 percusseris
523 5366 676 5412 eum,
723 5365 824 5404 non
869 5351 1123 5402 morietur
1155 5349 1220 5401 ’⁷.
1262 5346 1478 5417 Moysen
1527 5362 1741 5415 quoque

161 5442 412 5500 ausculta
443 5440 713 5494 dicentem
747 5456 761 5492 ε
793 5440 1128 5506 Correptione
1165 5441 1412 5506 corripies
1444 5439 1737 5504 proximum

241 5605 282 5636 "
321 5599 511 5657 Matth.
543 5614 639 5661 VII.
679 5599 733 5653 ‘2.
860 5602 902 5632 ’θ
945 5599 1132 5654 Matth.
1174 5615 1326 5660 XXIII,
1368 5603 1422 5652 4.

165 5677 214 5707 ⁸·
252 5671 436 5726 Matth
475 5686 549 5726 τι.
579 5672 663 5728 η.
767 5671 812 5701 ⁸⁸
856 5671 979 5723 Lm.
1013 5688 1122 5733 six,
1154 5671 1218 5724 I7

172 5759 286 5802 ιικ,
326 5743 409 5794 I8.
515 5739 558 5771 ³⁸
608 5741 782 5792 Eri-le.
828 5755 930 5800 ιιι,
983 5744 1066 5792 Ii.
1179 5742 1219 5771 ³⁸
1273 5740 1309 5793 ΙΙ
1350 5739 1472 5793 Cor.
1505 5757 1552 5800 ι’,
1582 5739 1668 5796 I0,

174 5808 264 5867 ³⁸1
298 5812 440 5865 Titii.
483 5827 556 5872 γι,
596 5810 682 5864 ‘20.
761 5811 806 5839 ³⁸
846 5811 1012 5863 Exod.
1059 5827 1110 5871 ι’.
1161 5813 1204 5863 ι.
1283 5811 1327 5844 ν
1362 5809 1469 5864 ler.
1503 5827 1563 5870 ιι,
1611 5814 1662 5863 8.

454 5903 706 5965 Parnm.
763 5902 878 5960 Gn.
920 5901 1046 5961 XL.

1569 5601 1609 5632 "
1656 5599 1848 5657 Ezecb.
1878 5613 2065 5660 xxxiv,
2087 5596 2204 5650 2-5.

1343 5671 1387 5700 "
1426 5669 1582 5722 Prov.
1617 5685 1688 5732 τι,
1732 5671 1783 5722 1.
1885 5670 1926 5698 ’⁷
1972 5669 2127 5720 l’rnv.
2171 5683 2176 5719 ῑ

1350 5739 1472 5790 Cor.
1505 5757 1552 5790 ι’.
1582 5739 1668 5790 I0.
1772 5739 1928 5790 "Isa.
1975 5753 2089 5790 sm.
2144 5737 2176 5790 9

1852 5756 1928 5793 κιι,
1975 5753 2089 5796 Sili,
2144 5753 2197 5790 υ.

1743 5810 1784 5839 ³⁸⁸
1816 5811 1917 5863 Ι-ει.
1957 5823 2121 5871 χιι-ιι,
2148 5813 2200 5861 υ.

1852 4619 1954 4672 mia
1985 4659 1999 4684 ,
2047 4635 2114 4673 ne
2156 4619 2630 4682 I'orsitairdicatur
2674 4631 2728 4675 et
2781 4621 2976 4674 nobis:
3012 4619 3224 4676 Dimitte
3262 4640 3424 4691 papu-

1849 4709 1956 4763 lum
1981 4713 2136 4765 istum
2161 4752 2176 4775 ,
2209 4724 2265 4764 ut
2301 4711 2450 4764 abeat
2475 4712 2520 4744 ³⁸
2547 4729 2561 4778 ;
2587 4723 2641 4765 et
2679 4713 2999 4767 traditiones
3040 4698 3228 4768 I'atris.
3251 4720 3420 4769 nostri

1853 4805 2224 4858 deserentibus
2268 4805 2580 4872 ingeratur:
2623 4802 2725 4866 Qui
2759 4804 2946 4857 habent
2976 4803 3138 4873 legem
3180 4823 3283 4859 non
3329 4824 3422 4858 no-

1851 4904 2031 4949 verunt
2076 4911 2191 4956 me,
2222 4903 2458 4961 pastores
2497 4909 2706 4964 egerunt
2739 4895 2896 4964 impie
2938 4898 2991 4949 in
3042 4913 3121 4949 me
3165 4896 3231 4950 ³⁷.
3268 4897 3422 4952 Unde

1852 4987 1987 5040 alios
2028 4988 2251 5054 corripit
2283 4987 2466 5064 dicens
2501 5002 2513 5040 :
2559 4986 2670 5056 Ego
2714 4987 2834 5040 dedi
2856 4989 3210 5041 htt'retlitntem
3252 5006 3419 5041 meant

1849 5079 1902 5131 in
1926 5094 2084 5130 manu
2110 5089 2221 5142 tua,
2259 5087 2314 5130 tu
2358 5088 2528 5131 autem
2566 5095 2668 5131 non
2702 5080 2892 5132 dedisti
2929 5080 3091 5130 ullam
3121 5081 3421 5131 misericor-

1848 5170 2022 5234 diam;
2065 5184 2210 5221 senes
2256 5170 2554 5237 aggravasti
2594 5169 2722 5239 jugo
2759 5169 2828 5223 ³³.
2877 5167 3026 5235 Quod
3063 5181 3117 5222 et
3163 5185 3262 5224 nos
3313 5187 3418 5223 nun

1848 5259 2018 5310 solum
2050 5257 2258 5322 audire,
2295 5273 2477 5310 verum
2504 5259 2664 5311 etiam
2697 5257 2996 5328 intelligere
3029 5274 3255 5312 necesse
3286 5271 3412 5326 est;

1850 5348 1954 5413 Qui
1990 5348 2125 5401 enim
2172 5349 2398 5416 ignorat,
2440 5349 2771 5416 ignorabitur
2801 5349 2865 5403 ³⁹.
2906 5349 2991 5403 Ει
3040 5351 3092 5402 in
3151 5349 3258 5404 alio
3302 5352 3418 5403 loi-n

1847 5429 2108 5509 scriptum
2165 5450 2247 5494 est
2297 5458 2310 5494 :
2365 5441 2504 5506 Quia
2536 5451 2590 5493 tu
2643 5441 2912 5495 scientiam
2949 5459 3115 5496 nteant
3157 5445 3418 5512 repulisti,

2316 5597 2360 5629 "
2401 5595 2502 5650 Isa.
2551 5614 2631 5658 tu,
2680 5597 2766 5650 l2.
2913 5598 2958 5628 ”
3002 5596 3175 5650 Eccle.
3225 5613 3275 5652 Χ.
3328 5598 3415 5651 I7.

1885 5670 1926 5698 ’⁷
1972 5669 2127 5720 l’ruv.
2171 5681 2324 5725 xxiii.
2376 5669 2458 5720 I3.
2562 5669 2606 5706 "
2650 5667 2776 5721 Lev.
2821 5682 2931 5728 sis,
2981 5668 3060 5720 I7.
3155 5668 3200 5699 "
3258 5667 3418 5719 νιος.

1885 5756 1928 5793 ιι,
1975 5753 2089 5793 χιιι,
2144 5737 2197 5790 9.
2298 5737 2341 5767 ⁸³
2385 5737 2540 5792 loan.
2572 5753 2622 5793 ν.
2659 5741 2748 5792 45.
2804 5739 2891 5791 Ili.
3005 5738 3049 5773 ”
3079 5737 3198 5791 Cal.
3249 5753 3325 5793 ιιι.
3363 5735 3414 5793 5.

2385 5771 2540 5792 σιω...
2578 5771 2622 5796 .,
2659 5771 2748 5792 φ...
2804 5771 2891 5791 ιιυ.
3034 5771 3039 5773 -
3080 5771 3198 5791 νη..
3253 5771 3325 5801 τ..
3363 5771 3414 5793 υ.

2280 5807 2320 5839 ³³
2356 5809 2369 5860 l
2405 5809 2531 5860 Cor.
2560 5825 2667 5872 XIV,
2691 5810 2777 5861 58.

2984 5899 3063 5959 28
