4226 6316
746 377 850 430 875

1846 371 2120 424 l".\TliI£S
2162 369 2459 425 :EGYPTII
2507 368 2777 426 S.~i$l.'l7l.l
2824 368 2909 423 IV.

3918 369 4031 425 87".

746 496 794 537 et
842 500 934 552 ego
985 494 1231 551 repettam
1272 492 1350 546 te,
1394 499 1453 534 ne
1502 483 1789 536 sacerdotio
1832 483 2072 551 [nugaris
2105 482 2228 534 milii
2262 481 2409 542 ΨΑ
2440 482 2705 543 lanimes,
2765 484 3026 533 sustinete
3076 483 3359 541 illiil‘mOS,
3418 480 3687 551 patienter
3737 485 3878 553 agile
3959 488 4029 538 ad

821 575 933 630 XII.
979 576 1186 641 Itaque,
1217 576 1412 628 fratres
1444 574 1743 627 charissimi
1768 616 1781 637 ,
1821 577 1909 643 qui
1942 575 2315 627 cmnoliionum

748 669 913 721 vitam
939 677 994 722 et
1025 678 1293 736 przecrpta
1326 665 1627 729 seetamini,
1661 675 1797 719 state
1830 667 1881 717 in
1912 676 2131 733 arrepto
2160 664 2326 717 senu-l

747 760 1053 828 proposito.
1085 769 1139 813 et
1166 758 1381 827 implete
1407 772 1545 825 0|lllS
1572 756 1685 820 Dei,
1720 768 1773 810 ιιι
1808 757 1966 811 I'ater
1999 759 2088 825 qui
2119 772 2169 826 pt
2190 758 2327 809 imus

748 850 985 903 instituit
1023 850 1305 910 etenobia,
1340 850 1580 918 gaudens
1631 862 1726 917 pro
1765 848 1917 901 nobis
1966 848 2218 915 loquatur
2262 846 2327 898 ad

749 939 1035 994 Dominum
1066 960 1078 995 :
1114 941 1267 995 Sicut
1297 939 1487 992 tradidi
1513 940 1613 1005 eis,
1646 940 1724 993 sic
1753 938 1961 992 vivunt.
1999 938 2150 1003 Quod
2190 938 2325 989 idem

746 1040 801 1083 et
834 1032 1124 1098 Apostolus
1155 1028 1333 1081 adhuc
1365 1027 1415 1079 itt
1454 1041 1684 1095 Corpore
1714 1025 2042 1079 constitutus
2071 1022 2329 1091 loqueba-

748 1127 838 1174 tur
868 1119 1099 1174 :.Lando
1143 1130 1315 1171 autem
1352 1133 1459 1176 vos,
1490 1118 1626 1183 quod
1661 1115 1713 1167 in
1748 1113 1984 1167 omnibus
2016 1113 2327 1166 meministis

748 1214 886 1276 mei;
926 1221 973 1266 et
1004 1212 1137 1265 sicut
1187 1209 1383 1261 tradidi
1421 1208 1596 1270 vobis,
1631 1196 1937 1260 traditiones
1969 1221 2109 1258 meas
2156 1217 2302 1258 custo

746 1308 894 1361 distis
917 1306 984 1360 “..

820 1398 953 1452 XIII.
977 1397 1040 1451 Et
1058 1412 1156 1450 vos
1177 1408 1326 1464 ergo,
1353 1388 1800 1446 monasteriorum
1830 1390 2126 1460 principes,
2153 1398 2329 1443 estote

745 1486 1013 1553 solliciti,‘
1043 1468 1092 1543 et
1142 1488 1394 1541 adhibete
1444 1500 1659 1540 Omnem
1701 1498 1888 1538 curam
1934 1497 2030 1551 pro
2072 1482 2330 1535 fratribus

745 1597 867 1635 ctum
907 1580 1100 1632 timore
1124 1577 1402 1647 etjustitia
1435 1577 1565 1639 Dei;
1593 1589 1692 1628 nec
1731 1571 2027 1626 abutamini
2065 1581 2329 1641 potestate

748 1674 799 1724 ia
840 1670 1130 1740 supplicia,
1166 1669 1259 1723 sed
1288 1666 1590 1734 exemplum
1629 1668 1865 1733 pra'bete
1906 1681 2001 1719 vos
2044 1665 2251 1718 cunctis
2276 1674 2329 1718 et

745 1764 967 1816 subdito
994 1762 1182 1832 gregi,
1219 1762 1363 1813 sicut
1391 1770 1442 1814 et
1490 1758 1755 1816 Dominus
1794 1767 1977 1812 uoster
2004 1759 2054 1810 in
2079 1757 2329 1811 omnibus

2435 588 2643 635 onmes,
2677 583 2728 625 ct
2758 572 2938 625 audite
2960 574 3277 643 Apostolum
3306 569 3614 627 mouetitem
3640 592 3654 630 :
3692 574 3757 629 Et
3780 593 3894 642 vos,
3926 594 4030 642 pa-

2435 671 2556 726 tres,
2577 662 2662 725 no’
2669 664 2737 715 ite
2751 663 2820 715 ad
2843 663 2976 715 iram
2996 680 3271 729 provocare
3290 665 3428 731 ﬁlios
3445 676 3660 727 vestros,
3686 669 3773 719 sed
3788 672 4033 723 enutritc

2435 757 2555 810 illos
2574 758 2624 809 iu
2651 757 2931 824 disciplina
2974 768 3019 809 et
3042 757 3394 811 admonitione
3419 758 3778 825 Domini";et
3800 761 4030 825 scitote,

2436 847 2558 915 quia
2590 849 2672 900 cui
2701 850 2817 913 plus
2846 849 3027 902 datum
3056 859 3152 909 est,
3182 847 3299 915 p'us
3340 861 3605 917 quwretur
3645 852 3708 903 ab
3729 868 3820 915 ea;
3853 860 3909 904 et
3937 854 4031 904 cui

2434 941 2551 1008 plus
2575 940 2831 992 creditum
2867 947 2976 1003 est,
3011 941 3236 1007 amplius
3280 945 3516 1010 exigetur
3555 944 3621 997 ⁸⁸.
3663 943 3767 996 Nec.
3808 924 4029 1001 tantum

2434 1046 2498 1084 ea
2549 1031 2907 1085 consialeretis
2958 1047 3074 1097 qua:
3120 1034 3272 1086 Vobis
3321 1035 3569 1102 prosint,
3622 1038 3713 1089 sed
3760 1036 3846 1088 illa
3897 1051 4032 1105 qua

2438 1124 2812 1193 proximis;et
2859 1124 3146 1192 impleatur
3174 1125 3225 1178 iu
3273 1126 3423 1180 vobis
3463 1126 3739 1193 Scriptura
3780 1128 4026 1182 dict-ns:

2439 1215 2577 1278 Quia
2624 1228 2713 1268 vos
2775 1213 3047 1281 sequimini
3097 1216 3452 1285 unusquisque
3496 1218 3775 1269 utilitatem
3828 1219 4032 1269 domus

2435 1320 2579 1368 suae;
2608 1305 2807 1358 idcirco
2842 1304 3121 1358 continebit
3168 1307 3353 1358 coaluin
3390 1324 3553 1360 mrem
3592 1326 3763 1371 suum,
3796 1321 3843 1362 et
3876 1320 4033 1363 terra

2437 1412 2538 1459 non
2576 1396 2719 1449 dabit
2756 1396 2961 1464 [ructus
2993 1412 3137 1456 suos,
3174 1400 3421 1466 quoniam
3468 1400 3782 1468 ingrarastis
3834 1413 4031 1455 contra

2436 1503 2517 1539 me
2554 1502 2817 1539 sermones
2866 1497 3061 1539 vestros
3090 1486 3157 1539 εί.
3205 1488 3405 1541 Dicitur
3451 1499 3501 1541 et
3542 1491 3707 1545 alibi:
3751 1491 3885 1556 Quia
3919 1508 4031 1546 non

2437 1577 2635 1647 fecistis
2673 1577 2762 1628 uni
2788 1592 2852 1630 ex
2881 1576 3112 1629 minimis
3137 1579 3286 1637 meis,
3321 1593 3413 1630 nec
3447 1580 3575 1631 mihi
3607 1580 3805 1648 fecistis
3832 1584 3899 1633 ".

2510 1666 2647 1722 XVI.
2690 1668 2899 1737 Saepius
2946 1669 3144 1729 dicam,
3181 1675 3236 1722 et
3266 1670 3454 1723 eadem
3503 1683 3741 1738 repetam
3774 1692 3787 1727 :
3822 1676 4034 1729 Cavete

2439 1778 2505 1813 ne
2536 1761 2671 1814 alios
2701 1760 2961 1827 diligatis,
2992 1759 3127 1814 alios
3163 1760 3425 1825 oderitis;
3458 1777 3522 1815 ne
3560 1763 3704 1818 hunc
3741 1777 4032 1818 sustente-

745 1853 1056 1920 exemplum
1095 1866 1152 1906 se
1184 1852 1444 1921 praebuit,
1478 1852 1569 1920 qui
1615 1851 1789 1919 posuit
1821 1850 1975 1918 quasi
2010 1865 2140 1905 oves
2174 1849 2329 1903 fami-
2361 1850 2399 1902 Β
2433 1855 2537 1917 tis,
2570 1861 2624 1905 cl
2654 1850 2799 1905 illum
2832 1850 3115 1920 negligatis
3140 1889 3154 1913 ,
3199 1858 3252 1904 et
3285 1867 3470 1906 cassus
3507 1854 3817 1909 inveniatur
3874 1858 4036 1912 labor

748 1951 847 2005 lias
874 1992 888 2015 ,
920 1960 977 2003 ut
1016 1948 1379 2003 misereatnini
1413 1932 1558 2015 gregi
1600 1947 1750 2005 vobis
1777 1946 2010 2009 credito,
2046 1955 2100 1997 et
2132 1944 2324 1997 memi—

746 2041 936 2095 neritis
966 2038 1280 2110 apostolica:
1308 2038 1613 2103 sententiae,
1649 2036 1701 2091 itt
1734 2051 1837 2105 qua
1870 2037 1943 2089 ait
1971 2050 1985 2088 :
2032 2033 2185 2088 Nihil
2212 2034 2329 2087 sub-

744 2133 908 2195 traxi,
949 2141 1005 2184 ut
1037 2148 1136 2185 non
1174 2132 1547 2183 annuntiarem
1578 2127 1722 2181 vobis
1758 2143 1961 2180 omnem
2010 2125 2329 2179 voluntatem

749 2224 843 2277 Dei
871 2226 940 2289 ης
971 2234 1024 2277 et
1071 2224 1307 2275 iterum:
1354 2219 1472 2273 Non
1521 2220 1714 2272 cessavi
1756 2219 2082 2285 deprecando
2138 2233 2331 2269 unum-

743 2332 998 2385 quemque
1035 2324 1293 2378 oestrum,
1321 2320 1369 2366 et
1401 2310 1637 2365 docendo
1672 2328 1759 2365 vos
1791 2311 1993 2377 publice
2024 2309 2093 2363 ³³.
2144 2308 2332 2364 Videte

646 2400 657 2407 ’
745 2417 946 2474 quanta
989 2406 1195 2459 viscera
1268 2414 1323 2460 et
1369 2412 1571 2475 quanta
1620 2398 1991 2456 misericordia
2037 2401 2233 2456 fuerint
2278 2402 2329 2455 in

748 2500 965 2553 Itomine
993 2498 1109 2564 Dei,
1135 2497 1229 2565 qui
1277 2512 1381 2550 non
1414 2494 1591 2550 solum
1628 2494 1892 2548 sollicitus
1920 2504 2001 2548 cst
2021 2507 2127 2560 pro
2157 2491 2332 2553 omnis

747 2591 847 2643 lms
892 2588 1193 2653 Ecclesiis,
1247 2587 1341 2641 sed
1384 2586 1604 2655 languet
1642 2601 1764 2640 cum
1814 2583 2236 2654 languentibus,
2278 2592 2330 2635 et

745 2683 984 2736 onmium
1016 2681 1251 2737 stistinet
1290 2680 1583 2749 passiones.
1634 2680 1960 2742 Careamus,
2018 2694 2084 2731 ne
2116 2692 2212 2746 per
2241 2692 2335 2729 no-

746 2787 916 2829 stram
946 2775 1325 2844 negligentiam
1359 2772 1556 2842 aliquis
1588 2770 1983 2825 scandalizatur
2011 2780 2065 2823 et
2094 2770 2332 2830 corrcat‘,

746 2881 801 2923 et
842 2848 1237 2925 obliviscamur
1278 2866 1567 2920 verborum
1619 2864 1830 2917 Domini
1874 2863 2209 2925 Salvatoris,
2244 2862 2332 2931 qui

748 2963 802 3015 in
835 2958 1125 3028 Evangelio
1154 2957 1433 3027 loquitur:
1468 2953 1651 3018 Pater,
1676 2971 1805 3028 quo;
1833 2955 2025 3007 dedisti
2049 2954 2201 3015 mihi,
2232 2968 2335 3006 non

747 3053 953 3121 perdidi
985 3067 1050 3105 ex
1080 3054 1154 3103 eis
1185 3064 1498 3121 quemquam
1531 3047 1596 3101 “.
1650 3046 1864 3100 Nullam
1921 3045 2156 3097 animam
2205 3060 2336 3098 con-

751 3156 1079 3203 temnamus.
1108 3157 1173 3195 ne
1199 3131 1429 3210 quisque
1453 3154 1551 3209 per
1575 3149 1814 3192 nosuam
1845 3138 2095 3191 duritiem
2124 3148 2330 3206 pereat.

754 3236 809 3289 Si
842 3234 984 3287 enim
1019 3232 1067 3284 al
1094 3233 1215 3301 quis
1253 3238 1470 3299 propter
1503 3243 1601 3282 nos
1644 3226 1806 3281 fuerit
1838 3239 2083 3297 mortuus
2105 3265 2119 3290 ,
2154 3226 2331 3281 auinta

750 3338 935 3381 nostra
993 3339 1090 3393 pro
1144 3323 1284 3377 illius
1319 3321 1499 3375 anima
1544 3320 1816 3374 tenebitur
1858 3320 1909 3372 iu
1956 3328 2128 3374 reatu.
2178 3317 2332 3383 Quod

752 3417 968 3486 quidem
1014 3424 1066 3467 et
1106 3412 1267 3469 Pater
1305 3421 1490 3466 noster
1520 3410 1887 3464 indesinenter
1929 3408 2080 3469 nobis
2127 3409 2335 3461 solebat

751 3510 1047 3572 inculcare,
1078 3516 1125 3557 et
1162 3503 1357 3557 moncb
1380 3511 1434 3567 7t,
1466 3518 1532 3556 ne
1557 3502 1682 3553 illud
1715 3502 1986 3569 eloquium
2018 3500 2336 3568 impleretur

751 3606 804 3655 in
838 3600 1037 3655 nobis:
1086 3596 1291 3664 Singuli
1342 3594 1655 3663 opprimunt
1704 3594 2007 3661 proximum
2040 3609 2219 3645 suum.
2270 3590 2337 3645 Et

752 3696 947 3747 iterum
984 3710 997 3744 :
1032 3689 1092 3745 Si
1123 3690 1341 3741 invicem
1386 3686 1633 3738 mordetis
1673 3697 1717 3737 et
1752 3684 2040 3747 devoratis,
2082 3683 2245 3735 videte
2275 3699 2337 3735 ne

751 3787 820 3839 ad
865 3784 1080 3837 invicem
1119 3778 1503 3835 consumamini
1540 3776 1611 3828 ".
1652 3776 1726 3829 Ex
1774 3790 1880 3843 quo
1926 3784 2147 3843 apparet
2194 3774 2333 3837 quod

751 3876 841 3946 qui
876 3873 1101 3927 alterius
1130 3880 1312 3925 servat
1338 3870 1607 3930 animam,
1637 3875 1821 3920 custos
1846 3865 2040 3917 auinue
2066 3878 2175 3917 sum
2199 3864 2292 3919 sit.

826 3962 962 4019 χιν.
1020 3962 1125 4016 Sed
1168 3970 1223 4014 et
1267 3974 1361 4012 vos
1407 3958 1497 4026 qui.
1544 3956 1763 4010 secundi
1813 3956 1946 4008 estis
1977 3954 2334 4017 monasterii,

753 4059 959 4127 primos
995 4067 1093 4107 vos
1116 4050 1390 4106 exhibete
1416 4047 1728 4110 virtutibus,
1758 4062 1823 4097 ne
1850 4046 1985 4114 quis.
2000 4046 2128 4097 vitio
2158 4052 2337 4097 vestro

755 4134 961 4216 pereat.
998 4145 1075 4199 Ne
1113 4142 1407 4200 incurratis
1450 4140 1501 4192 in
1542 4138 1669 4192 illud
1701 4136 2047 4204 opprobrium
2099 4135 2151 4187 in
2194 4134 2337 4201 quod

756 4237 988 4292 incurrit
1016 4236 1127 4298 ille,
1151 4233 1249 4303 qui
1272 4229 1505 4286 comedit
1534 4240 1589 4283 et
1620 4230 1752 4283 bibit
1782 4242 1905 4282 cum
1939 4228 2122 4291 ebriis,
2150 4241 2204 4280 et
2231 4243 2335 4278 ιιι-ιι

755 4331 904 4383 dedit
952 4330 1002 4380 in
1043 4338 1285 4392 tempore
1311 4339 1409 4376 suo
1438 4321 1719 4376 conservis
1757 4320 1958 4373 cibaria
2009 4338 2022 4371 :
2074 4318 2137 4369 Et
2170 4320 2339 4371 veniet

759 4416 1016 4471 Dominus
1047 4415 1102 4466 in
1132 4412 1216 4464 die
1255 4428 1357 4480 qua
1388 4426 1488 4462 non
1516 4418 1712 4477 sperat,
1753 4416 1801 4459 et
1844 4408 1898 4459 in
1926 4407 2056 4459 liora
2093 4424 2192 4475 qua
2245 4423 2338 4459 ne—

755 4510 875 4566 scit,
911 4514 965 4557 ut
1005 4504 1201 4564 dividat
1235 4517 1371 4563 eum,
1413 4508 1461 4553 et
1510 4511 1666 4564 ponat
1699 4510 1896 4567 portent
1926 4483 2052 4566 ejus
2092 4514 2209 4550 cum
2239 4499 2337 4566 hy-

755 4598 989 4663 pocritis,
1020 4594 1107 4647 ubi
1136 4594 1290 4661 ﬂetus
1324 4605 1369 4644 et
1402 4590 1599 4643 stridor
1626 4600 1703 4643 est
1730 4592 1963 4643 dentiant
1992 4590 2059 4642 ⁵⁵.
2094 4588 2170 4642 Ne
2198 4605 2337 4657 quos

756 4686 1126 4757 apprehendat
1162 4698 1192 4735 e
1236 4681 1386 4735 vobis
1413 4680 1604 4733 similis
1631 4680 2009 4733 condemnatio
2031 4718 2045 4741 ,
2091 4678 2185 4731 sed
2215 4692 2335 4729 cum

758 4794 1002 4847 tempora
1071 4775 1318 4829 venerint
1365 4773 1676 4842 refrigerii,
1741 4786 2049 4825 mereamur
2096 4772 2283 4821 audire
2328 4786 2341 4821 :

760 4872 927 4940 Euge,
960 4886 1101 4923 serve
1120 4868 1256 4920 'bone
1281 4878 1328 4933 et
1352 4867 1546 4934 ﬁdelis,
1574 4866 1694 4931 quia
1718 4880 1874 4933 super
1902 4865 2161 4915 modicum
2179 4862 2340 4930 '[uisti

755 4965 949 5033 ﬁJctis,
992 4978 1152 5028 supra
1185 4961 1350 5015 multa
1390 4970 1439 5014 te
1465 4960 1812 5022 constituam;
1839 4956 1976 5009 intra
1998 4957 2052 5008 in
2087 4955 2339 5024 gaudium

757 5056 973 5110 Domini
1002 5056 1078 5106 tui
1104 5054 1173 5107 ⁸⁷.

829 5145 944 5199 XV.
976 5146 1087 5200 Vos
1108 5158 1345 5216 quoque,
1375 5142 1645 5213 prtepositi
1668 5141 1949 5196 domorum
1976 5136 2337 5207 singularum,

757 5238 933 5307 parati
959 5247 1134 5291 estote
1158 5237 1223 5289 ad
1250 5233 1683 5303 respondendqu
1708 5233 1979 5294 omnibus,
2006 5233 2096 5301 qui
2132 5249 2159 5285 a
2194 5233 2345 5287 vobis

756 5332 985 5398 exigunt
1014 5328 1281 5381 ratioaem
1309 5341 1469 5396 super
1507 5341 1569 5380 ea
1602 5322 1849 5393 lidequ
1879 5326 1930 5376 in
1963 5326 2116 5377 vobis
2169 5336 2252 5378 est
2273 5323 2339 5378 ".

758 5422 974 5476 Muuele
1009 5435 1105 5474 eos
1130 5419 1222 5488 qui
1270 5417 1563 5472 inordinati
1592 5424 1757 5481 sunt,
1786 5415 2143 5470 consolatuini
2172 5414 2342 5484 pusil-

831 5656 877 5686 “
924 5655 1049 5709 Osc.
1081 5666 1154 5715 tv,
1182 5650 1236 5706 6.
1312 5650 1355 5680 δι
1402 5651 1418 5701 1
1468 5647 1590 5703 Cor.
1626 5664 1701 5709 ιιι,
1737 5647 1792 5701 2.

758 5726 803 5758 ⁸⁸
847 5725 1033 5777 Matth.
1064 5737 1210 5782 xxiv,
1248 5720 1335 5777 50.
1367 5720 1457 5772 5|.
1560 5718 1603 5748 ⁸⁷
1649 5718 1832 5770 Matth.
1870 5734 1992 5772 xxv.
2025 5716 2117 5775 2|.
2152 5716 2243 5770 23.

758 5798 801 5829 "
838 5798 966 5865 Agg.
1003 5810 1050 5859 I,
1078 5792 1245 5858 9,10.
1322 5792 1368 5822 ⁵¹
1411 5788 1596 5843 Matth.
1632 5806 1757 5847 nr.
1791 5788 1877 5841 45.
1959 5788 2003 5819 ⁸³
2040 5788 2170 5839 Luc.
2217 5804 2273 5850 ll,
2313 5788 2364 5840 8.

1904 5651 1947 5681 ’δ’
1995 5647 2116 5699 Act.
2171 5662 2263 5710 xv,
2300 5643 2393 5699 9.0.

2356 5715 2402 5746 ⁵⁸
2452 5714 2464 5765 I
2503 5714 2644 5765 Petr.
2688 5729 2766 5773 ιιι,
2804 5713 2886 5766 lii.

2433 1952 2629 2006 veSIer,
2673 1950 2726 1996 et
2758 1942 2935 1995 omnis
2965 1940 3129 1995 sudor
3161 1952 3380 2009 pereat;
3418 1951 3471 2006 et
3529 1947 3743 2012 quando
3778 1949 4035 2003 cxieritis

2433 2038 2497 2091 de
2543 2050 2811 2106 corpore,
2861 2033 3020 2088 etde
3073 2034 3255 2087 mundi
3309 2033 3467 2103 hujus
3518 2038 3732 2092 turbine
3775 2040 4031 2105 liberati,

2435 2137 2645 2195 portum
2683 2142 2777 2180 vos
2823 2125 3142 2193 putaveritis
3172 2126 3369 2193 quietis
3418 2126 3651 2191 intrare;
3693 2139 3820 2184 tunc
3864 2131 4025 2187 inre-

2436 2219 2598 2273 niatis
2624 2219 2905 2286 iniustitia:
2934 2214 3235 2289 naufragia,
3263 2227 3316 2270 et
3348 2217 3399 2270 in
3435 2234 3537 2287 qua
3569 2235 3821 2276 mensura
3855 2226 4034 2281 mensi

2433 2312 2584 2374 estis,
2617 2311 2933 2365 remetiatur
2960 2310 3111 2364 vobis
3136 2310 3204 2363 ab
3233 2324 3296 2363 eo
3326 2311 3417 2379 qui
3453 2327 3713 2379 personas
3745 2316 3798 2368 in
3818 2316 4035 2383 judicio

2437 2420 2539 2457 non
2578 2404 2794 2473 accipit.
2832 2404 2887 2457 Si
2922 2404 3051 2473 quid
3088 2405 3317 2460 mortale
3348 2416 3441 2459 aut
3474 2406 3673 2473 aliquid
3725 2410 4033 2475 turpitudi-

2438 2497 2518 2549 nis
2548 2496 2617 2551 ob
2650 2496 3025 2565 negligentiam
3063 2499 3471 2566 prtepositorum
3508 2501 3560 2552 in
3586 2500 3835 2554 domibus
3873 2518 4029 2556 coin-

2438 2588 2660 2642 missum
2698 2590 2864 2641 fuerit
2891 2631 2902 2652 ,
2934 2599 3052 2656 post
3085 2589 3299 2643 illorum
3330 2592 3543 2660 propria
3574 2594 3861 2662 supplicia,
3891 2609 4036 2663 pne-

2439 2681 2646 2749 ps-situs
2675 2696 2890 2749 quoque
2927 2696 3050 2734 reus
3082 2683 3351 2736 tenebitur
3378 2684 3658 2739 criminis:
3694 2687 3837 2753 quod
3872 2689 4034 2744 nobis

2436 2785 2650 2839 St'tltpel‘
2688 2782 2889 2825 Sancta:
2936 2775 3211 2829 memoriae
3264 2774 3423 2830 Pater
3480 2789 3662 2831 noster
3700 2780 3912 2834 solebat
3948 2781 4036 2835 in-

2430 2869 2648 2931 gerere.

2518 2952 2684 3009 XVII.
2735 2953 3100 3021 Quamobrem
3131 2973 3252 3011 cum
3290 2960 3435 3012 omni
3460 2965 3713 3015 cautione
3747 2972 3799 3015 et
3830 2963 4038 3018 Sollici-

2442 3047 2620 3100 tmline
2651 3048 2844 3117 singuli
2882 3050 3231 3104 commissum
3293 3052 3397 3105 sibi
3450 3066 3665 3122 gregem
3696 3056 4034 3119 cusmdiaut.

2439 3147 2493 3190 et
2537 3136 2818 3190 imitentur
2846 3150 3089 3207 pastores
3137 3140 3203 3193 de
3247 3139 3575 3209 Evangelio.
3624 3144 3691 3194 ad
3732 3156 3874 3209 quies
3927 3159 4033 3197 non

2442 3226 2792 3289 dormientes,
2818 3230 2912 3283 sed
2939 3228 3222 3298 vigilantes
3249 3232 3394 3284 venit
3423 3230 3643 3300 angelus
3671 3231 3785 3296 llei,
3816 3244 3871 3285 et
3917 3232 4037 3288 Sal-

2443 3320 2645 3371 ratoris
2672 3322 2749 3373 eis
2780 3324 3118 3379 annuntiavit
3152 3324 3441 3376 adventum
3464 3322 3529 3374 ⁸³.
3562 3321 3661 3388 Qui
3696 3334 3750 3377 et
3787 3324 3902 3392 ipse
3955 3326 4046 3380 Ic.-

2441 3412 2661 3479 quitur:
2704 3411 2894 3465 Pastor
2920 3415 3084 3467 bonus
3110 3415 3340 3465 animant
3374 3430 3524 3466 suam
3552 3414 3694 3481 ponit
3725 3432 3820 3481 pro
3845 3419 4037 3468 ovibus

2442 3506 2550 3555 suis
2576 3519 2593 3555 :
2636 3506 2723 3573 qui
2762 3516 2932 3557 autem
2966 3506 3318 3557 mercenarius
3358 3516 3461 3566 est,
3493 3515 3541 3557 et
3582 3522 3682 3559 non
3714 3515 3791 3560 est
3826 3518 4039 3573 pastor.

2444 3595 2594 3664 cujus
2623 3612 2727 3648 non
2766 3606 2885 3649 sunt
2922 3612 3057 3659 ores,
3095 3596 3227 3650 videt
3268 3596 3447 3663 lupum
3492 3599 3809 3660 venientem,
3849 3608 3901 3649 et
3943 3599 4037 3650 di.

2443 3690 2603 3739 mittit
2634 3703 2835 3757 gregem
2864 3697 2909 3741 et
2942 3688 3096 3756 fugit,
3142 3698 3187 3740 et
3224 3686 3377 3752 lupus
3408 3688 3540 3754 rapit
3578 3704 3694 3741 eum
3740 3699 3896 3751 atque
3940 3692 4037 3743 de-

2449 3786 2640 3837 vas'at,
2686 3775 2807 3843 quia
2839 3776 3191 3828 mercenarius
3215 3784 3290 3828 est
3312 3784 3397 3841 ,νει
3426 3792 3526 3830 non
3560 3778 3628 3828 ad
3659 3794 3775 3830 eum
3804 3781 4037 3845 pertinet

2444 3866 2507 3918 de
2548 3867 2727 3918 oribus
2755 3867 2821 3918 “.
2855 3866 2927 3918 De
2959 3866 3112 3919 bouis
3135 3876 3315 3920 autem
3349 3868 3659 3936 pastoribus
3695 3868 3849 3922 Lucae
3881 3873 4037 3924 scri-

2446 3957 2523 4010 bit
2565 3956 2828 4009 historia:
2884 3955 3049 4010 Erant
3090 3968 3275 4010 autem.
3297 3968 3532 4025 pastores
3574 3961 3905 4013 observantes
3930 4001 3945 4019 .
3987 3974 4038 4015 et

2446 4052 2790 4102 custodientes
2830 4050 3030 4119 vigilias
3082 4051 3250 4105 noctis
3290 4067 3446 4119 super
3493 4068 3697 4123 gregem
3742 4069 3920 4109 suum.
3961 4053 4035 4107 Et

2444 4141 2661 4209 angelus
2709 4142 2916 4194 Domini
2955 4143 3087 4195 venit
3127 4148 3194 4195 ad
3229 4159 3341 4206 eos,
3371 4154 3416 4196 et
3450 4144 3620 4212 gloria
3664 4143 3759 4197 Dei
3794 4147 4039 4199 circum-

2448 4236 2591 4303 fulsit
2630 4252 2716 4287 eos
2737 4278 2751 4301 ,
2784 4247 2829 4289 et
2879 4237 3168 4289 timuerunt
3204 4239 3389 4290 timore
3420 4254 3630 4303 magno.
3670 4237 3924 4307 Dixitque
3956 4243 4040 4295 eis

2446 4325 2658 4394 angelus
2692 4342 2709 4377 :
2764 4322 2940 4379 Nolite
2972 4328 3171 4386 timere,
3218 4342 3331 4380 ecce
3369 4328 3508 4380 enim
3556 4330 3850 4398 evangelise
3882 4333 4038 4385 vobis

2446 4414 2695 4482 gaudium
2727 4431 3003 4482 magnum,
3040 4415 3178 4481 quod
3207 4416 3305 4468 erit
3337 4417 3477 4469 omni
3516 4417 3703 4484 popqu
3735 4434 3753 4469 :
3783 4420 3925 4481 Quia
3955 4432 4037 4473 est

2448 4506 2602 4561 hodie
2627 4507 2763 4557 vobis
2801 4516 2954 4557 natus
2982 4505 3248 4570 Salvator,
3284 4509 3466 4577 quiest
3500 4508 3740 4563 Christus
3772 4510 4037 4566 Dominus

2447 4597 2498 4646 in
2527 4595 2736 4648 ciritate
2775 4596 2963 4648 David.
2997 4594 3080 4649 'Et
3116 4599 3271 4661 huius
3320 4601 3392 4651 rei
3435 4601 3643 4666 signum
3690 4604 3787 4653 erit
3828 4604 3980 4656 vobis
4015 4621 4036 4658 :

2446 4684 2728 4738 Invenietis
2762 4685 3017 4754 infantem
3056 4690 3245 4755 pannis
3284 4692 3593 4751 involutum,
3630 4702 3675 4743 et
3703 4694 3935 4759 positum
3978 4696 4041 4747 in

2446 4778 2663 4845 prwsepi
2687 4778 2754 4831 ”.
2792 4777 2925 4831 Num
2957 4779 3030 4833 illi
3062 4781 3164 4833 soli
3191 4796 3257 4833 eo
3286 4790 3525 4850 tempore
3551 4786 3843 4850 pascebant
3873 4801 4036 4852 oves,

2450 4877 2504 4919 ct
2551 4882 2646 4933 per
2695 4866 2970 4920 desertmo
3026 4872 3395 4939 sequebantur
3444 4873 3706 4942 gregem?
3752 4874 3858 4928 Sed
3897 4879 4042 4944 quia

2452 4957 2550 5009 soli
2578 4967 2735 5010 erant
2766 4959 3020 5023 solliciti,
3062 4970 3117 5015 et
3159 4962 3457 5017 naturalem
3494 4967 3735 5017 noctium
3778 4980 4035 5021 somnum

2453 5048 2821 5101 insidiantium
2894 5051 3140 5120 luiturum
3210 5054 3376 5107 timor
3428 5057 3761 5124 soperabat;
3827 5058 4042 5113 idcirco

2455 5139 2612 5205 primi
2648 5139 2834 5192 audire
2865 5152 3183 5195 meruerunt
3210 5144 3351 5209 quod
3381 5143 3433 5197 in
3467 5145 3648 5199 vicino
3675 5148 3745 5199 sit
3776 5165 3789 5199 :
3825 5158 3878 5201 at
3903 5146 4043 5204 Hie-

2454 5230 2718 5301 rosolyma
2762 5231 3037 5285 dormiens
3063 5234 3365 5302 ignorabat.
3397 5233 3548 5290 Unde
3574 5246 3628 5289 et
3652 5236 3819 5295 David
3853 5240 3989 5293 dit-it
4021 5260 4034 5292 :

2453 5320 2588 5373 Ecce
2616 5338 2715 5375 non
2762 5322 3019 5387 dormiet,
3056 5324 3144 5388 qui
3186 5326 3411 5378 custodit
3449 5324 3620 5378 Israel
3644 5326 3712 5381 ".
3753 5325 3938 5395 Itaque
3981 5341 4046 5385 et

2452 5428 2545 5467 vos
2569 5430 2690 5467 cum
2725 5424 2957 5469 tremore
2984 5425 3037 5470 et
3075 5416 3270 5471 timore
3315 5418 3569 5487 vigilate,
3615 5433 3905 5488 operantes
3940 5438 4033 5475 ve~

2505 5641 2551 5672 ⁸³
2588 5643 2715 5694 iltiti.
2762 5644 2851 5696 5i.
2963 5642 3009 5673 “
3041 5641 3194 5695 J-iau.
3232 5658 3362 5703 XVII,
3396 5643 3480 5697 19..

2966 5714 3009 5744 ⁸⁵
3056 5713 3253 5777 Ephes.
3291 5730 3360 5770 vi.
3391 5715 3444 5766 4.

3005 5784 3051 5813 ⁸⁸
3076 5781 3210 5837 Luc.
3248 5799 3311 5847 tt,
3344 5784 3489 5837 8-H.

3632 5643 3676 5672 ⁴³
3709 5642 3833 5698 Gal.
3863 5658 3916 5706 ν,
3950 5643 4038 5699 15.

3537 5710 3744 5765 "'Luc.
3792 5730 3866 5766 xtt
3889 5755 3901 5773 ,
3940 5716 4035 5767 ιγ.

2443 5783 2659 5835 “lo-att.
2692 5784 2926 5847 x,ll-IS.
3005 5784 3051 5813 "
3076 5782 3210 5837 Luc.
3248 5799 3311 5847 tt,
3344 5784 3489 5837 8-12.
3566 5785 3612 5815 ⁸⁸
3648 5782 3791 5835 Ρδὶιι-
3818 5800 3942 5843 CH.
3980 5786 4041 5841 ι·
