  <div class='ocr_page' id='page_1' title='image "/cluster/home/n/w/nwhite01/storage/ocr_20150623/40/pst.000005712373/454.png"; bbox 0 0 4226 6316; ppageno 0'>
   <div class='ocr_carea' id='block_1_1' title="bbox 206 430 306 515">
    <p class='ocr_par' dir='ltr' id='par_1_1' title="bbox 206 430 306 515">
     <span class='ocr_line' id='line_1_1' title="bbox 206 430 306 515; baseline -0.04 -1"><span class='ocrx_word' id='word_1_1' title='bbox 206 430 306 515; x_wconf 55' lang='lat' dir='ltr'><strong>svi</strong></span> 
     </span>
    </p>
   </div>
   <div class='ocr_carea' id='block_1_2' title="bbox 1030 452 2680 513">
    <p class='ocr_par' dir='ltr' id='par_1_2' title="bbox 1030 452 2680 513">
     <span class='ocr_line' id='line_1_2' title="bbox 1030 452 2680 513; baseline -0.002 -2"><span class='ocrx_word' id='word_1_2' title='bbox 1030 456 1088 512; x_wconf 89' lang='lat' dir='ltr'><strong>S.</strong></span> <span class='ocrx_word' id='word_1_3' title='bbox 1128 456 1421 513; x_wconf 81' lang='lat' dir='ltr'><strong>ORSIESII</strong></span> <span class='ocrx_word' id='word_1_4' title='bbox 1462 453 1811 512; x_wconf 73' lang='lat' dir='ltr'><strong>DOCTRINA</strong></span> <span class='ocrx_word' id='word_1_5' title='bbox 1854 453 1941 507; x_wconf 74' lang='lat' dir='ltr'><strong>DE</strong></span> <span class='ocrx_word' id='word_1_6' title='bbox 1982 452 2327 510; x_wconf 71' lang='lat' dir='ltr'><strong>INSTITUT.</strong></span> <span class='ocrx_word' id='word_1_7' title='bbox 2373 454 2680 511; x_wconf 76' lang='lat' dir='ltr'><strong>MONACII.</strong></span> 
     </span>
    </p>
   </div>
   <div class='ocr_carea' id='block_1_3' title="bbox 3378 457 3483 514">
    <p class='ocr_par' dir='ltr' id='par_1_3' title="bbox 3378 457 3483 514">
     <span class='ocr_line' id='line_1_3' title="bbox 3378 457 3483 514; baseline -0.019 -1"><span class='ocrx_word' id='word_1_8' title='bbox 3378 457 3483 514; x_wconf 76' lang='lat'><strong>878</strong></span> 
     </span>
    </p>
   </div>
   <div class='ocr_carea' id='block_1_4' title="bbox 201 570 3481 644">
    <p class='ocr_par' dir='ltr' id='par_1_4' title="bbox 201 570 3481 644">
     <span class='ocr_line' id='line_1_4' title="bbox 201 570 3481 644; baseline -0.002 -11"><span class='ocrx_word' id='word_1_9' title='bbox 201 593 375 640; x_wconf 82' lang='lat' dir='ltr'><strong>stram</strong></span> <span class='ocrx_word' id='word_1_10' title='bbox 427 576 698 642; x_wconf 92' lang='lat' dir='ltr'><strong>salutem,</strong></span> <span class='ocrx_word' id='word_1_11' title='bbox 729 582 780 629; x_wconf 88' lang='lat' dir='ltr'><strong>et</strong></span> <span class='ocrx_word' id='word_1_12' title='bbox 810 574 1046 629; x_wconf 85' lang='lat' dir='ltr'><strong>scientes</strong></span> <span class='ocrx_word' id='word_1_13' title='bbox 1096 576 1238 644; x_wconf 89' lang='lat' dir='ltr'><strong>quod</strong></span> <span class='ocrx_word' id='word_1_14' title='bbox 1273 572 1646 629; x_wconf 84' lang='lat' dir='ltr'><strong>universitatis</strong></span> <span class='ocrx_word' id='word_1_15' title='bbox 1691 570 1794 626; x_wconf 92' lang='lat' dir='ltr'><strong>Do-</strong></span> <span class='ocrx_word' id='word_1_16' title='bbox 1828 577 1871 633; x_wconf 64' lang='grc' dir='ltr'>Α</span> <span class='ocrx_word' id='word_1_17' title='bbox 1906 586 2121 637; x_wconf 64' lang='lat' dir='ltr'><strong>semper</strong></span> <span class='ocrx_word' id='word_1_18' title='bbox 2151 570 2280 623; x_wconf 85' lang='lat' dir='ltr'><strong>illud</strong></span> <span class='ocrx_word' id='word_1_19' title='bbox 2312 572 2520 635; x_wconf 86' lang='lat' dir='ltr'><strong>timete,</strong></span> <span class='ocrx_word' id='word_1_20' title='bbox 2554 572 2696 641; x_wconf 85' lang='lat' dir='ltr'><strong>quod</strong></span> <span class='ocrx_word' id='word_1_21' title='bbox 2720 572 2856 624; x_wconf 83' lang='lat' dir='ltr'><strong>idem</strong></span> <span class='ocrx_word' id='word_1_22' title='bbox 2880 571 3170 640; x_wconf 82' lang='lat' dir='ltr'><strong>Apostolus</strong></span> <span class='ocrx_word' id='word_1_23' title='bbox 3200 572 3436 643; x_wconf 87' lang='lat' dir='ltr'><strong>loquitur</strong></span> <span class='ocrx_word' id='word_1_24' title='bbox 3465 593 3481 630; x_wconf 87' lang='lat'><strong>:</strong></span> 
     </span>
    </p>
   </div>
   <div class='ocr_carea' id='block_1_5' title="bbox 200 661 1784 738">
    <p class='ocr_par' dir='ltr' id='par_1_5' title="bbox 200 661 1784 738">
     <span class='ocr_line' id='line_1_5' title="bbox 200 661 1784 738; baseline -0.006 -14"><span class='ocrx_word' id='word_1_25' title='bbox 200 673 402 737; x_wconf 88' lang='lat' dir='ltr'><strong>minus,</strong></span> <span class='ocrx_word' id='word_1_26' title='bbox 434 683 533 738; x_wconf 90' lang='lat' dir='ltr'><strong>per</strong></span> <span class='ocrx_word' id='word_1_27' title='bbox 554 684 712 738; x_wconf 88' lang='lat' dir='ltr'><strong>quem</strong></span> <span class='ocrx_word' id='word_1_28' title='bbox 737 667 917 723; x_wconf 86' lang='lat' dir='ltr'><strong>omnis</strong></span> <span class='ocrx_word' id='word_1_29' title='bbox 940 681 1070 721; x_wconf 88' lang='lat' dir='ltr'><strong>caro</strong></span> <span class='ocrx_word' id='word_1_30' title='bbox 1103 676 1383 735; x_wconf 78' lang='lat' dir='ltr'><strong>receptura</strong></span> <span class='ocrx_word' id='word_1_31' title='bbox 1415 676 1496 721; x_wconf 87' lang='lat' dir='ltr'><strong>est</strong></span> <span class='ocrx_word' id='word_1_32' title='bbox 1519 661 1784 736; x_wconf 80' lang='lat' dir='ltr'><strong>quidquid</strong></span> 
     </span>
    </p>
   </div>
   <div class='ocr_carea' id='block_1_6' title="bbox 198 756 1785 830">
    <p class='ocr_par' dir='ltr' id='par_1_6' title="bbox 198 756 1785 830">
     <span class='ocr_line' id='line_1_6' title="bbox 198 756 1785 830; baseline -0.003 -17"><span class='ocrx_word' id='word_1_33' title='bbox 198 771 418 828; x_wconf 71' lang='lat' dir='ltr'><strong>operata</strong></span> <span class='ocrx_word' id='word_1_34' title='bbox 455 769 561 822; x_wconf 85' lang='lat' dir='ltr'><strong>est,</strong></span> <span class='ocrx_word' id='word_1_35' title='bbox 600 768 720 830; x_wconf 88' lang='lat' dir='ltr'><strong>post</strong></span> <span class='ocrx_word' id='word_1_36' title='bbox 745 760 1199 815; x_wconf 75' lang='lat' dir='ltr'><strong>resurrectionem</strong></span> <span class='ocrx_word' id='word_1_37' title='bbox 1231 756 1362 812; x_wconf 83' lang='lat' dir='ltr'><strong>solis</strong></span> <span class='ocrx_word' id='word_1_38' title='bbox 1390 757 1649 827; x_wconf 75' lang='lat' dir='ltr'><strong>apostolis</strong></span> <span class='ocrx_word' id='word_1_39' title='bbox 1686 770 1785 825; x_wconf 87' lang='lat' dir='ltr'><strong>ap-</strong></span> 
     </span>
    </p>
   </div>
   <div class='ocr_carea' id='block_1_7' title="bbox 198 844 1785 919">
    <p class='ocr_par' dir='ltr' id='par_1_7' title="bbox 198 844 1785 919">
     <span class='ocr_line' id='line_1_7' title="bbox 198 844 1785 919; baseline -0.003 -17"><span class='ocrx_word' id='word_1_40' title='bbox 198 853 401 916; x_wconf 68' lang='lat' dir='ltr'><strong>pnt&#39;ltil,</strong></span> <span class='ocrx_word' id='word_1_41' title='bbox 442 860 495 905; x_wconf 90' lang='lat' dir='ltr'><strong>et</strong></span> <span class='ocrx_word' id='word_1_42' title='bbox 525 851 658 904; x_wconf 77' lang='lat' dir='ltr'><strong>dixit</strong></span> <span class='ocrx_word' id='word_1_43' title='bbox 692 848 1063 919; x_wconf 79' lang='lat' dir='ltr'><strong>apostolorum</strong></span> <span class='ocrx_word' id='word_1_44' title='bbox 1092 847 1324 916; x_wconf 85' lang='lat' dir='ltr'><strong>principi</strong></span> <span class='ocrx_word' id='word_1_45' title='bbox 1353 846 1516 902; x_wconf 85' lang='lat' dir='ltr'><strong>Petro</strong></span> <span class='ocrx_word' id='word_1_46' title='bbox 1544 863 1558 902; x_wconf 89' lang='lat'><strong>:</strong></span> <span class='ocrx_word' id='word_1_47' title='bbox 1600 844 1785 905; x_wconf 86' lang='lat' dir='ltr'><strong>Simon</strong></span> 
     </span>
    </p>
   </div>
   <div class='ocr_carea' id='block_1_8' title="bbox 198 936 1783 1011">
    <p class='ocr_par' dir='ltr' id='par_1_8' title="bbox 198 936 1783 1011">
     <span class='ocr_line' id='line_1_8' title="bbox 198 936 1783 1011; baseline -0.003 -18"><span class='ocrx_word' id='word_1_48' title='bbox 198 941 451 1005; x_wconf 82' lang='lat' dir='ltr'><strong>Joannis,</strong></span> <span class='ocrx_word' id='word_1_49' title='bbox 483 941 660 1011; x_wconf 85' lang='lat' dir='ltr'><strong>diligis</strong></span> <span class='ocrx_word' id='word_1_50' title='bbox 692 958 771 995; x_wconf 87' lang='lat' dir='ltr'><strong>me</strong></span> <span class='ocrx_word' id='word_1_51' title='bbox 800 940 916 1010; x_wconf 87' lang='lat' dir='ltr'><strong>plus</strong></span> <span class='ocrx_word' id='word_1_52' title='bbox 944 940 1024 993; x_wconf 97' lang='lat' dir='ltr'><strong>his</strong></span> <span class='ocrx_word' id='word_1_53' title='bbox 1050 937 1378 1007; x_wconf 77' lang='lat' dir='ltr'><strong>?Respondit</strong></span> <span class='ocrx_word' id='word_1_54' title='bbox 1410 938 1457 992; x_wconf 86' lang='lat' dir='ltr'><strong>ei</strong></span> <span class='ocrx_word' id='word_1_55' title='bbox 1482 952 1499 990; x_wconf 90' lang='lat'><em>:</em></span> <span class='ocrx_word' id='word_1_56' title='bbox 1542 936 1783 1000; x_wconf 78' lang='lat' dir='ltr'><strong>Domine,</strong></span> 
     </span>
    </p>
   </div>
   <div class='ocr_carea' id='block_1_9' title="bbox 197 1029 1785 1103">
    <p class='ocr_par' dir='ltr' id='par_1_9' title="bbox 197 1029 1785 1103">
     <span class='ocr_line' id='line_1_9' title="bbox 197 1029 1785 1103; baseline -0.001 -20"><span class='ocrx_word' id='word_1_57' title='bbox 197 1050 253 1087; x_wconf 83' lang='lat' dir='ltr'><strong>tu</strong></span> <span class='ocrx_word' id='word_1_58' title='bbox 282 1035 382 1087; x_wconf 83' lang='lat' dir='ltr'><strong>scis</strong></span> <span class='ocrx_word' id='word_1_59' title='bbox 406 1036 531 1103; x_wconf 87' lang='lat' dir='ltr'><strong>quia</strong></span> <span class='ocrx_word' id='word_1_60' title='bbox 557 1051 648 1102; x_wconf 94' lang='lat' dir='ltr'><strong>ego</strong></span> <span class='ocrx_word' id='word_1_61' title='bbox 673 1033 835 1101; x_wconf 81' lang='lat' dir='ltr'><strong>diligo</strong></span> <span class='ocrx_word' id='word_1_62' title='bbox 859 1042 928 1085; x_wconf 83' lang='lat' dir='ltr'><strong>te.</strong></span> <span class='ocrx_word' id='word_1_63' title='bbox 959 1031 1096 1084; x_wconf 81' lang='lat' dir='ltr'><strong>Dicit</strong></span> <span class='ocrx_word' id='word_1_64' title='bbox 1124 1033 1169 1083; x_wconf 89' lang='lat' dir='ltr'><strong>ei</strong></span> <span class='ocrx_word' id='word_1_65' title='bbox 1198 1029 1356 1085; x_wconf 62' lang='lat' dir='ltr'><strong>Iesus</strong></span> <span class='ocrx_word' id='word_1_66' title='bbox 1387 1044 1404 1082; x_wconf 88' lang='lat'><strong><em>:</em></strong></span> <span class='ocrx_word' id='word_1_67' title='bbox 1435 1029 1600 1084; x_wconf 85' lang='lat' dir='ltr'><strong>Pasce</strong></span> <span class='ocrx_word' id='word_1_68' title='bbox 1625 1046 1785 1099; x_wconf 84' lang='lat' dir='ltr'><strong>agnos</strong></span> 
     </span>
    </p>
   </div>
   <div class='ocr_carea' id='block_1_10' title="bbox 197 1120 1788 1183">
    <p class='ocr_par' dir='ltr' id='par_1_10' title="bbox 197 1120 1788 1183">
     <span class='ocr_line' id='line_1_10' title="bbox 197 1120 1788 1183; baseline -0.004 -3"><span class='ocrx_word' id='word_1_69' title='bbox 197 1142 361 1180; x_wconf 83' lang='lat' dir='ltr'><strong>meos.</strong></span> <span class='ocrx_word' id='word_1_70' title='bbox 397 1125 535 1178; x_wconf 80' lang='lat' dir='ltr'><strong>Dicit</strong></span> <span class='ocrx_word' id='word_1_71' title='bbox 565 1127 612 1178; x_wconf 93' lang='lat' dir='ltr'><strong>ei</strong></span> <span class='ocrx_word' id='word_1_72' title='bbox 642 1141 848 1177; x_wconf 88' lang='lat' dir='ltr'><strong>rursum</strong></span> <span class='ocrx_word' id='word_1_73' title='bbox 888 1124 1115 1177; x_wconf 86' lang='lat' dir='ltr'><strong>secundo</strong></span> <span class='ocrx_word' id='word_1_74' title='bbox 1142 1139 1159 1176; x_wconf 92' lang='lat'><em>:</em></span> <span class='ocrx_word' id='word_1_75' title='bbox 1212 1121 1399 1179; x_wconf 81' lang='lat' dir='ltr'><strong>Simon</strong></span> <span class='ocrx_word' id='word_1_76' title='bbox 1428 1120 1676 1183; x_wconf 77' lang='lat' dir='ltr'><strong>Joannis,</strong></span> <span class='ocrx_word' id='word_1_77' title='bbox 1704 1121 1788 1173; x_wconf 89' lang='lat' dir='ltr'><strong>di-</strong></span> 
     </span>
    </p>
   </div>
   <div class='ocr_carea' id='block_1_11' title="bbox 196 1212 1784 1285">
    <p class='ocr_par' dir='ltr' id='par_1_11' title="bbox 196 1212 1784 1285">
     <span class='ocr_line' id='line_1_11' title="bbox 196 1212 1784 1285; baseline -0.003 -16"><span class='ocrx_word' id='word_1_78' title='bbox 196 1219 317 1285; x_wconf 84' lang='lat' dir='ltr'><strong>ligis</strong></span> <span class='ocrx_word' id='word_1_79' title='bbox 352 1218 475 1271; x_wconf 56' lang='lat' dir='ltr'><strong>me?</strong></span> <span class='ocrx_word' id='word_1_80' title='bbox 504 1215 787 1284; x_wconf 78' lang='lat' dir='ltr'><strong>Respondit</strong></span> <span class='ocrx_word' id='word_1_81' title='bbox 818 1217 864 1269; x_wconf 91' lang='lat' dir='ltr'><strong>ei</strong></span> <span class='ocrx_word' id='word_1_82' title='bbox 887 1231 905 1268; x_wconf 90' lang='lat'><strong><em>:</em></strong></span> <span class='ocrx_word' id='word_1_83' title='bbox 940 1214 1112 1268; x_wconf 88' lang='lat' dir='ltr'><strong>Etiam</strong></span> <span class='ocrx_word' id='word_1_84' title='bbox 1154 1214 1394 1277; x_wconf 82' lang='lat' dir='ltr'><strong>Domine,</strong></span> <span class='ocrx_word' id='word_1_85' title='bbox 1448 1224 1504 1266; x_wconf 87' lang='lat' dir='ltr'><strong>tu</strong></span> <span class='ocrx_word' id='word_1_86' title='bbox 1528 1215 1629 1266; x_wconf 89' lang='lat' dir='ltr'><strong>scis</strong></span> <span class='ocrx_word' id='word_1_87' title='bbox 1662 1212 1784 1278; x_wconf 83' lang='lat' dir='ltr'><strong>quia</strong></span> 
     </span>
    </p>
   </div>
   <div class='ocr_carea' id='block_1_12' title="bbox 196 1303 1787 1377">
    <p class='ocr_par' dir='ltr' id='par_1_12' title="bbox 196 1303 1787 1377">
     <span class='ocr_line' id='line_1_12' title="bbox 196 1303 1787 1377; baseline -0.002 -16"><span class='ocrx_word' id='word_1_88' title='bbox 196 1309 421 1377; x_wconf 78' lang='lat' dir='ltr'><strong>diligam</strong></span> <span class='ocrx_word' id='word_1_89' title='bbox 470 1319 536 1363; x_wconf 87' lang='lat' dir='ltr'><strong>te.</strong></span> <span class='ocrx_word' id='word_1_90' title='bbox 587 1307 733 1361; x_wconf 81' lang='lat' dir='ltr'><strong>Dicit</strong></span> <span class='ocrx_word' id='word_1_91' title='bbox 780 1309 875 1362; x_wconf 84' lang='lat' dir='ltr'><strong>ei:</strong></span> <span class='ocrx_word' id='word_1_92' title='bbox 929 1306 1093 1360; x_wconf 67' lang='lat' dir='ltr'><strong>Pasce</strong></span> <span class='ocrx_word' id='word_1_93' title='bbox 1141 1323 1259 1361; x_wconf 86' lang='lat' dir='ltr'><strong>oves</strong></span> <span class='ocrx_word' id='word_1_94' title='bbox 1309 1322 1451 1360; x_wconf 88' lang='lat' dir='ltr'><strong>meas</strong></span> <span class='ocrx_word' id='word_1_95' title='bbox 1492 1305 1556 1357; x_wconf 80' lang='lat'><strong>&quot;&quot;.</strong></span> <span class='ocrx_word' id='word_1_96' title='bbox 1604 1303 1787 1358; x_wconf 86' lang='lat' dir='ltr'><strong>Tertio</strong></span> 
     </span>
    </p>
   </div>
   <div class='ocr_carea' id='block_1_13' title="bbox 197 1383 1785 1470">
    <p class='ocr_par' dir='ltr' id='par_1_13' title="bbox 197 1383 1785 1470">
     <span class='ocr_line' id='line_1_13' title="bbox 197 1383 1785 1470; baseline -0.002 -15"><span class='ocrx_word' id='word_1_97' title='bbox 197 1383 458 1470; x_wconf 68' lang='lat' dir='ltr'><strong>praecepit</strong></span> <span class='ocrx_word' id='word_1_98' title='bbox 484 1412 539 1453; x_wconf 92' lang='lat' dir='ltr'><strong>ut</strong></span> <span class='ocrx_word' id='word_1_99' title='bbox 575 1409 820 1470; x_wconf 82' lang='lat' dir='ltr'><strong>pasceret</strong></span> <span class='ocrx_word' id='word_1_100' title='bbox 848 1415 1019 1454; x_wconf 87' lang='lat' dir='ltr'><strong>oves:</strong></span> <span class='ocrx_word' id='word_1_101' title='bbox 1052 1399 1184 1453; x_wconf 89' lang='lat' dir='ltr'><strong>etin</strong></span> <span class='ocrx_word' id='word_1_102' title='bbox 1225 1398 1314 1453; x_wconf 93' lang='lat' dir='ltr'><strong>illo</strong></span> <span class='ocrx_word' id='word_1_103' title='bbox 1345 1397 1598 1453; x_wconf 86' lang='lat' dir='ltr'><strong>omnibus</strong></span> <span class='ocrx_word' id='word_1_104' title='bbox 1628 1398 1785 1453; x_wconf 88' lang='lat' dir='ltr'><strong>nobis</strong></span> 
     </span>
    </p>
   </div>
   <div class='ocr_carea' id='block_1_14' title="bbox 196 1491 1786 1563">
    <p class='ocr_par' dir='ltr' id='par_1_14' title="bbox 196 1491 1786 1563">
     <span class='ocr_line' id='line_1_14' title="bbox 196 1491 1786 1563; baseline -0.001 -14"><span class='ocrx_word' id='word_1_105' title='bbox 196 1495 304 1549; x_wconf 87' lang='lat' dir='ltr'><strong>hoc</strong></span> <span class='ocrx_word' id='word_1_106' title='bbox 330 1494 565 1561; x_wconf 82' lang='lat' dir='ltr'><strong>injunxit</strong></span> <span class='ocrx_word' id='word_1_107' title='bbox 605 1491 839 1547; x_wconf 76' lang='lat' dir='ltr'><strong>obicium</strong></span> <span class='ocrx_word' id='word_1_108' title='bbox 870 1533 885 1557; x_wconf 93' lang='lat'><strong>,</strong></span> <span class='ocrx_word' id='word_1_109' title='bbox 923 1501 980 1546; x_wconf 89' lang='lat' dir='ltr'><strong>ut</strong></span> <span class='ocrx_word' id='word_1_110' title='bbox 1012 1492 1297 1562; x_wconf 80' lang='lat' dir='ltr'><strong>diligenter</strong></span> <span class='ocrx_word' id='word_1_111' title='bbox 1332 1506 1619 1563; x_wconf 87' lang='lat' dir='ltr'><strong>pascamus</strong></span> <span class='ocrx_word' id='word_1_112' title='bbox 1656 1507 1786 1547; x_wconf 90' lang='lat' dir='ltr'><strong>oves</strong></span> 
     </span>
    </p>
   </div>
   <div class='ocr_carea' id='block_1_15' title="bbox 195 1584 1779 1659">
    <p class='ocr_par' dir='ltr' id='par_1_15' title="bbox 195 1584 1779 1659">
     <span class='ocr_line' id='line_1_15' title="bbox 195 1584 1779 1659; baseline 0.003 -24"><span class='ocrx_word' id='word_1_113' title='bbox 195 1585 438 1647; x_wconf 82' lang='lat' dir='ltr'><strong>Domini,</strong></span> <span class='ocrx_word' id='word_1_114' title='bbox 466 1595 519 1639; x_wconf 91' lang='lat' dir='ltr'><strong>et</strong></span> <span class='ocrx_word' id='word_1_115' title='bbox 545 1585 596 1639; x_wconf 89' lang='lat' dir='ltr'><strong>in</strong></span> <span class='ocrx_word' id='word_1_116' title='bbox 624 1585 710 1641; x_wconf 82' lang='lat' dir='ltr'><strong>die</strong></span> <span class='ocrx_word' id='word_1_117' title='bbox 735 1584 1058 1639; x_wconf 90' lang='lat' dir='ltr'><strong>visitationis</strong></span> <span class='ocrx_word' id='word_1_118' title='bbox 1083 1585 1199 1654; x_wconf 82' lang='lat' dir='ltr'><strong>ejus</strong></span> <span class='ocrx_word' id='word_1_119' title='bbox 1242 1586 1553 1659; x_wconf 78' lang='lat' dir='ltr'><strong>prolabore</strong></span> <span class='ocrx_word' id='word_1_120' title='bbox 1593 1601 1656 1640; x_wconf 90' lang='lat' dir='ltr'><strong>ac</strong></span> <span class='ocrx_word' id='word_1_121' title='bbox 1685 1601 1779 1639; x_wconf 81' lang='lat' dir='ltr'><strong>cu-</strong></span> 
     </span>
    </p>
   </div>
   <div class='ocr_carea' id='block_1_16' title="bbox 194 1673 1778 1745">
    <p class='ocr_par' dir='ltr' id='par_1_16' title="bbox 194 1673 1778 1745">
     <span class='ocr_line' id='line_1_16' title="bbox 194 1673 1778 1745; baseline 0 -17"><span class='ocrx_word' id='word_1_122' title='bbox 194 1675 377 1728; x_wconf 86' lang='lat' dir='ltr'><strong>stodia</strong></span> <span class='ocrx_word' id='word_1_123' title='bbox 410 1674 733 1741; x_wconf 86' lang='lat' dir='ltr'><strong>recipiamus</strong></span> <span class='ocrx_word' id='word_1_124' title='bbox 766 1688 888 1743; x_wconf 64' lang='lat' dir='ltr'><strong>qua}</strong></span> <span class='ocrx_word' id='word_1_125' title='bbox 925 1673 1156 1728; x_wconf 90' lang='lat' dir='ltr'><strong>nobisin</strong></span> <span class='ocrx_word' id='word_1_126' title='bbox 1197 1674 1483 1745; x_wconf 71' lang='lat' dir='ltr'><strong>Evangelia</strong></span> <span class='ocrx_word' id='word_1_127' title='bbox 1507 1674 1778 1743; x_wconf 86' lang='lat' dir='ltr'><strong>promisit,</strong></span> 
     </span>
    </p>
   </div>
   <div class='ocr_carea' id='block_1_17' title="bbox 195 1763 1778 1836">
    <p class='ocr_par' dir='ltr' id='par_1_17' title="bbox 195 1763 1778 1836">
     <span class='ocr_line' id='line_1_17' title="bbox 195 1763 1778 1836; baseline 0.001 -18"><span class='ocrx_word' id='word_1_128' title='bbox 195 1766 429 1820; x_wconf 83' lang='lat' dir='ltr'><strong>dicens:</strong></span> <span class='ocrx_word' id='word_1_129' title='bbox 463 1763 641 1830; x_wconf 86' lang='lat' dir='ltr'><strong>Pater,</strong></span> <span class='ocrx_word' id='word_1_130' title='bbox 671 1764 784 1819; x_wconf 90' lang='lat' dir='ltr'><strong>volo</strong></span> <span class='ocrx_word' id='word_1_131' title='bbox 824 1776 879 1819; x_wconf 87' lang='lat' dir='ltr'><strong>ut</strong></span> <span class='ocrx_word' id='word_1_132' title='bbox 917 1768 1006 1819; x_wconf 88' lang='lat' dir='ltr'><strong>ubi</strong></span> <span class='ocrx_word' id='word_1_133' title='bbox 1039 1784 1155 1820; x_wconf 84' lang='lat' dir='ltr'><strong>sum</strong></span> <span class='ocrx_word' id='word_1_134' title='bbox 1194 1784 1306 1836; x_wconf 90' lang='lat' dir='ltr'><strong>ego,</strong></span> <span class='ocrx_word' id='word_1_135' title='bbox 1333 1778 1379 1819; x_wconf 90' lang='lat' dir='ltr'><strong>et</strong></span> <span class='ocrx_word' id='word_1_136' title='bbox 1414 1768 1500 1820; x_wconf 77' lang='lat' dir='ltr'><strong>isti</strong></span> <span class='ocrx_word' id='word_1_137' title='bbox 1539 1768 1643 1821; x_wconf 88' lang='lat' dir='ltr'><strong>sint</strong></span> <span class='ocrx_word' id='word_1_138' title='bbox 1672 1784 1778 1826; x_wconf 86' lang='lat' dir='ltr'><strong>me-</strong></span> 
     </span>
    </p>
   </div>
   <div class='ocr_carea' id='block_1_18' title="bbox 197 1854 1780 1927">
    <p class='ocr_par' dir='ltr' id='par_1_18' title="bbox 197 1854 1780 1927">
     <span class='ocr_line' id='line_1_18' title="bbox 197 1854 1780 1927; baseline 0.004 -18"><span class='ocrx_word' id='word_1_139' title='bbox 197 1872 319 1909; x_wconf 85' lang='lat' dir='ltr'><strong>cnm</strong></span> <span class='ocrx_word' id='word_1_140' title='bbox 342 1856 412 1909; x_wconf 68' lang='lat'><strong>&quot;.</strong></span> <span class='ocrx_word' id='word_1_141' title='bbox 444 1856 508 1909; x_wconf 87' lang='lat' dir='ltr'><strong>Et</strong></span> <span class='ocrx_word' id='word_1_142' title='bbox 535 1856 727 1910; x_wconf 83' lang='lat' dir='ltr'><strong>iterum</strong></span> <span class='ocrx_word' id='word_1_143' title='bbox 758 1873 773 1913; x_wconf 90' lang='lat'><strong>:</strong></span> <span class='ocrx_word' id='word_1_144' title='bbox 801 1854 901 1909; x_wconf 85' lang='lat' dir='ltr'><strong>Ubi</strong></span> <span class='ocrx_word' id='word_1_145' title='bbox 924 1874 1016 1927; x_wconf 85' lang='lat' dir='ltr'><strong>ego</strong></span> <span class='ocrx_word' id='word_1_146' title='bbox 1042 1876 1181 1922; x_wconf 82' lang='lat' dir='ltr'><strong>sum,</strong></span> <span class='ocrx_word' id='word_1_147' title='bbox 1204 1860 1274 1913; x_wconf 88' lang='lat' dir='ltr'><strong>ibi</strong></span> <span class='ocrx_word' id='word_1_148' title='bbox 1302 1872 1349 1914; x_wconf 89' lang='lat' dir='ltr'><strong>et</strong></span> <span class='ocrx_word' id='word_1_149' title='bbox 1375 1862 1615 1915; x_wconf 82' lang='lat' dir='ltr'><strong>minister</strong></span> <span class='ocrx_word' id='word_1_150' title='bbox 1639 1877 1780 1916; x_wconf 86' lang='lat' dir='ltr'><strong>meus</strong></span> 
     </span>
    </p>
   </div>
   <div class='ocr_carea' id='block_1_19' title="bbox 1905 658 3479 731">
    <p class='ocr_par' dir='ltr' id='par_1_19' title="bbox 1905 658 3479 731">
     <span class='ocr_line' id='line_1_19' title="bbox 1905 658 3479 731; baseline 0.006 -19"><span class='ocrx_word' id='word_1_151' title='bbox 1905 658 2174 729; x_wconf 80' lang='lat' dir='ltr'><strong>Templum</strong></span> <span class='ocrx_word' id='word_1_152' title='bbox 2223 660 2318 714; x_wconf 85' lang='lat' dir='ltr'><strong>Dei</strong></span> <span class='ocrx_word' id='word_1_153' title='bbox 2370 663 2518 725; x_wconf 84' lang='lat' dir='ltr'><strong>estis,</strong></span> <span class='ocrx_word' id='word_1_154' title='bbox 2560 673 2606 714; x_wconf 89' lang='lat' dir='ltr'><strong>et</strong></span> <span class='ocrx_word' id='word_1_155' title='bbox 2644 660 2879 731; x_wconf 74' lang='lat' dir='ltr'><strong>Spiritus</strong></span> <span class='ocrx_word' id='word_1_156' title='bbox 2920 661 3131 716; x_wconf 88' lang='lat' dir='ltr'><strong>Domini</strong></span> <span class='ocrx_word' id='word_1_157' title='bbox 3169 664 3368 719; x_wconf 83' lang='lat' dir='ltr'><strong>habitat</strong></span> <span class='ocrx_word' id='word_1_158' title='bbox 3424 668 3479 721; x_wconf 90' lang='lat' dir='ltr'><strong>in</strong></span> 
     </span>
    </p>
   </div>
   <div class='ocr_carea' id='block_1_20' title="bbox 1899 748 3485 825">
    <p class='ocr_par' dir='ltr' id='par_1_20' title="bbox 1899 748 3485 825">
     <span class='ocr_line' id='line_1_20' title="bbox 1899 748 3485 825; baseline 0.004 -23"><span class='ocrx_word' id='word_1_159' title='bbox 1899 750 2064 811; x_wconf 82' lang='lat' dir='ltr'><strong>vobis.</strong></span> <span class='ocrx_word' id='word_1_160' title='bbox 2085 748 2153 805; x_wconf 83' lang='lat' dir='ltr'><strong>Si</strong></span> <span class='ocrx_word' id='word_1_161' title='bbox 2185 753 2303 822; x_wconf 84' lang='lat' dir='ltr'><strong>quis</strong></span> <span class='ocrx_word' id='word_1_162' title='bbox 2327 762 2504 804; x_wconf 89' lang='lat' dir='ltr'><strong>autem</strong></span> <span class='ocrx_word' id='word_1_163' title='bbox 2550 752 2795 817; x_wconf 76' lang='lat' dir='ltr'><strong>ternplum</strong></span> <span class='ocrx_word' id='word_1_164' title='bbox 2830 751 2933 805; x_wconf 83' lang='lat' dir='ltr'><strong>Dei</strong></span> <span class='ocrx_word' id='word_1_165' title='bbox 2962 754 3250 819; x_wconf 84' lang='lat' dir='ltr'><strong>violaverit,</strong></span> <span class='ocrx_word' id='word_1_166' title='bbox 3280 757 3485 825; x_wconf 84' lang='lat' dir='ltr'><strong>disper-</strong></span> 
     </span>
    </p>
   </div>
   <div class='ocr_carea' id='block_1_21' title="bbox 1899 842 3483 901">
    <p class='ocr_par' dir='ltr' id='par_1_21' title="bbox 1899 842 3483 901">
     <span class='ocr_line' id='line_1_21' title="bbox 1899 842 3483 901; baseline 0.005 -8"><span class='ocrx_word' id='word_1_167' title='bbox 1899 843 1984 895; x_wconf 85' lang='lat' dir='ltr'><strong>det</strong></span> <span class='ocrx_word' id='word_1_168' title='bbox 2041 843 2190 898; x_wconf 84' lang='lat' dir='ltr'><strong>illum</strong></span> <span class='ocrx_word' id='word_1_169' title='bbox 2246 842 2387 897; x_wconf 83' lang='lat' dir='ltr'><strong>Deus</strong></span> <span class='ocrx_word' id='word_1_170' title='bbox 2418 843 2483 896; x_wconf 79' lang='grc'><strong>⁸⁷.</strong></span> <span class='ocrx_word' id='word_1_171' title='bbox 2525 842 2589 899; x_wconf 84' lang='grc' dir='ltr'><strong>Εῑ</strong></span> <span class='ocrx_word' id='word_1_172' title='bbox 2645 844 2889 897; x_wconf 88' lang='lat' dir='ltr'><strong>iterum:</strong></span> <span class='ocrx_word' id='word_1_173' title='bbox 2933 842 3110 899; x_wconf 88' lang='lat' dir='ltr'><strong>Nolite</strong></span> <span class='ocrx_word' id='word_1_174' title='bbox 3166 847 3483 901; x_wconf 83' lang='lat' dir='ltr'><strong>contristare</strong></span> 
     </span>
    </p>
   </div>
   <div class='ocr_carea' id='block_1_22' title="bbox 1899 931 3476 1005">
    <p class='ocr_par' dir='ltr' id='par_1_22' title="bbox 1899 931 3476 1005">
     <span class='ocr_line' id='line_1_22' title="bbox 1899 931 3476 1005; baseline 0.003 -18"><span class='ocrx_word' id='word_1_175' title='bbox 1899 931 2157 996; x_wconf 81' lang='lat' dir='ltr'><strong>Spiritum</strong></span> <span class='ocrx_word' id='word_1_176' title='bbox 2190 944 2431 989; x_wconf 88' lang='lat' dir='ltr'><strong>sanctum</strong></span> <span class='ocrx_word' id='word_1_177' title='bbox 2476 933 2591 998; x_wconf 84' lang='lat' dir='ltr'><strong>Det,</strong></span> <span class='ocrx_word' id='word_1_178' title='bbox 2632 934 2685 987; x_wconf 88' lang='lat' dir='ltr'><strong>in</strong></span> <span class='ocrx_word' id='word_1_179' title='bbox 2724 950 2827 1002; x_wconf 87' lang='lat' dir='ltr'><strong>quo</strong></span> <span class='ocrx_word' id='word_1_180' title='bbox 2869 936 3063 1005; x_wconf 81' lang='lat' dir='ltr'><strong>signati</strong></span> <span class='ocrx_word' id='word_1_181' title='bbox 3102 937 3225 990; x_wconf 86' lang='lat' dir='ltr'><strong>estis</strong></span> <span class='ocrx_word' id='word_1_182' title='bbox 3259 937 3311 990; x_wconf 90' lang='lat' dir='ltr'><strong>in</strong></span> <span class='ocrx_word' id='word_1_183' title='bbox 3340 938 3476 991; x_wconf 83' lang='lat' dir='ltr'><strong>diem</strong></span> 
     </span>
    </p>
   </div>
   <div class='ocr_carea' id='block_1_23' title="bbox 1899 1016 2753 1095">
    <p class='ocr_par' dir='ltr' id='par_1_23' title="bbox 1899 1016 2753 1095">
     <span class='ocr_line' id='line_1_23' title="bbox 1899 1016 2753 1095; baseline 0 -17"><span class='ocrx_word' id='word_1_184' title='bbox 1899 1027 2263 1093; x_wconf 78' lang='lat' dir='ltr'><strong>redemptionis</strong></span> <span class='ocrx_word' id='word_1_185' title='bbox 2288 1027 2424 1094; x_wconf 77' lang='lat' dir='ltr'><strong>justi</strong></span> <span class='ocrx_word' id='word_1_186' title='bbox 2458 1016 2656 1095; x_wconf 17' lang='lat' dir='ltr'><strong>jiudicii</strong></span> <span class='ocrx_word' id='word_1_187' title='bbox 2687 1026 2753 1078; x_wconf 77' lang='lat'><strong>&quot;.</strong></span> 
     </span>
    </p>
   </div>
   <div class='ocr_carea' id='block_1_24' title="bbox 1967 1118 3478 1188">
    <p class='ocr_par' dir='ltr' id='par_1_24' title="bbox 1967 1118 3478 1188">
     <span class='ocr_line' id='line_1_24' title="bbox 1967 1118 3478 1188; baseline 0.001 -16"><span class='ocrx_word' id='word_1_188' title='bbox 1967 1118 2086 1173; x_wconf 79' lang='lat' dir='ltr'><strong>XX.</strong></span> <span class='ocrx_word' id='word_1_189' title='bbox 2125 1118 2351 1173; x_wconf 84' lang='lat' dir='ltr'><strong>Servate</strong></span> <span class='ocrx_word' id='word_1_190' title='bbox 2381 1119 2695 1188; x_wconf 78' lang='lat' dir='ltr'><strong>pudicitiam</strong></span> <span class='ocrx_word' id='word_1_191' title='bbox 2723 1119 2966 1187; x_wconf 70' lang='lat' dir='ltr'><strong>corporis</strong></span> <span class='ocrx_word' id='word_1_192' title='bbox 3012 1120 3199 1180; x_wconf 79' lang='lat' dir='ltr'><strong>vestri.</strong></span> <span class='ocrx_word' id='word_1_193' title='bbox 3248 1129 3308 1173; x_wconf 90' lang='lat' dir='ltr'><strong>ut</strong></span> <span class='ocrx_word' id='word_1_194' title='bbox 3358 1120 3478 1174; x_wconf 57' lang='lat' dir='ltr'><strong>sitis</strong></span> 
     </span>
    </p>
   </div>
   <div class='ocr_carea' id='block_1_25' title="bbox 1896 1209 3477 1277">
    <p class='ocr_par' dir='ltr' id='par_1_25' title="bbox 1896 1209 3477 1277">
     <span class='ocr_line' id='line_1_25' title="bbox 1896 1209 3477 1277; baseline 0.003 -17"><span class='ocrx_word' id='word_1_195' title='bbox 1896 1209 2078 1263; x_wconf 79' lang='lat' dir='ltr'><strong>hortus</strong></span> <span class='ocrx_word' id='word_1_196' title='bbox 2099 1209 2398 1271; x_wconf 85' lang='lat' dir='ltr'><strong>conclusus,</strong></span> <span class='ocrx_word' id='word_1_197' title='bbox 2426 1210 2545 1276; x_wconf 74' lang='lat' dir='ltr'><strong>fons</strong></span> <span class='ocrx_word' id='word_1_198' title='bbox 2568 1211 2805 1277; x_wconf 85' lang='lat' dir='ltr'><strong>signatus</strong></span> <span class='ocrx_word' id='word_1_199' title='bbox 2844 1209 2908 1262; x_wconf 71' lang='lat'><strong>‘9.</strong></span> <span class='ocrx_word' id='word_1_200' title='bbox 2944 1209 3045 1275; x_wconf 81' lang='lat' dir='ltr'><strong>Qui</strong></span> <span class='ocrx_word' id='word_1_201' title='bbox 3074 1212 3209 1269; x_wconf 84' lang='lat' dir='ltr'><strong>enim</strong></span> <span class='ocrx_word' id='word_1_202' title='bbox 3234 1222 3386 1264; x_wconf 87' lang='lat' dir='ltr'><strong>natus</strong></span> <span class='ocrx_word' id='word_1_203' title='bbox 3414 1227 3477 1264; x_wconf 75' lang='lat' dir='ltr'><strong>ex</strong></span> 
     </span>
    </p>
   </div>
   <div class='ocr_carea' id='block_1_26' title="bbox 1899 1295 3477 1367">
    <p class='ocr_par' dir='ltr' id='par_1_26' title="bbox 1899 1295 3477 1367">
     <span class='ocr_line' id='line_1_26' title="bbox 1899 1295 3477 1367; baseline 0.001 -18"><span class='ocrx_word' id='word_1_204' title='bbox 1899 1295 2025 1359; x_wconf 85' lang='lat' dir='ltr'><strong>Deo,</strong></span> <span class='ocrx_word' id='word_1_205' title='bbox 2062 1313 2164 1351; x_wconf 88' lang='lat' dir='ltr'><strong>non</strong></span> <span class='ocrx_word' id='word_1_206' title='bbox 2201 1308 2407 1365; x_wconf 81' lang='lat' dir='ltr'><strong>peccat;</strong></span> <span class='ocrx_word' id='word_1_207' title='bbox 2445 1299 2691 1367; x_wconf 87' lang='lat' dir='ltr'><strong>quoniam</strong></span> <span class='ocrx_word' id='word_1_208' title='bbox 2716 1314 2888 1351; x_wconf 85' lang='lat' dir='ltr'><strong>semen</strong></span> <span class='ocrx_word' id='word_1_209' title='bbox 2927 1297 3068 1356; x_wconf 82' lang='lat' dir='ltr'><strong>illius</strong></span> <span class='ocrx_word' id='word_1_210' title='bbox 3090 1298 3142 1350; x_wconf 86' lang='lat' dir='ltr'><strong>in</strong></span> <span class='ocrx_word' id='word_1_211' title='bbox 3174 1314 3233 1350; x_wconf 91' lang='lat' dir='ltr'><strong>eo</strong></span> <span class='ocrx_word' id='word_1_212' title='bbox 3272 1315 3477 1367; x_wconf 88' lang='lat' dir='ltr'><strong>perma-</strong></span> 
     </span>
    </p>
   </div>
   <div class='ocr_carea' id='block_1_27' title="bbox 1897 1385 3467 1457">
    <p class='ocr_par' dir='ltr' id='par_1_27' title="bbox 1897 1385 3467 1457">
     <span class='ocr_line' id='line_1_27' title="bbox 1897 1385 3467 1457; baseline 0.001 -16"><span class='ocrx_word' id='word_1_213' title='bbox 1897 1397 1977 1441; x_wconf 86' lang='lat' dir='ltr'><strong>net</strong></span> <span class='ocrx_word' id='word_1_214' title='bbox 2008 1388 2075 1439; x_wconf 81' lang='lat'><strong>&quot;°.</strong></span> <span class='ocrx_word' id='word_1_215' title='bbox 2119 1385 2266 1441; x_wconf 84' lang='lat' dir='ltr'><strong>idem</strong></span> <span class='ocrx_word' id='word_1_216' title='bbox 2310 1386 2545 1442; x_wconf 83' lang='lat' dir='ltr'><strong>Joannes</strong></span> <span class='ocrx_word' id='word_1_217' title='bbox 2578 1387 2815 1457; x_wconf 86' lang='lat' dir='ltr'><strong>loquitur</strong></span> <span class='ocrx_word' id='word_1_218' title='bbox 2845 1407 2859 1443; x_wconf 90' lang='lat'>:</span> <span class='ocrx_word' id='word_1_219' title='bbox 2895 1386 3080 1441; x_wconf 78' lang='lat' dir='ltr'><strong>Srribo</strong></span> <span class='ocrx_word' id='word_1_220' title='bbox 3114 1387 3278 1449; x_wconf 85' lang='lat' dir='ltr'><strong>vobis,</strong></span> <span class='ocrx_word' id='word_1_221' title='bbox 3319 1389 3467 1455; x_wconf 82' lang='lat' dir='ltr'><strong>jure-</strong></span> 
     </span>
    </p>
   </div>
   <div class='ocr_carea' id='block_1_28' title="bbox 1894 1476 3476 1546">
    <p class='ocr_par' dir='ltr' id='par_1_28' title="bbox 1894 1476 3476 1546">
     <span class='ocr_line' id='line_1_28' title="bbox 1894 1476 3476 1546; baseline 0 -17"><span class='ocrx_word' id='word_1_222' title='bbox 1894 1494 2005 1542; x_wconf 88' lang='lat' dir='ltr'><strong>nes,</strong></span> <span class='ocrx_word' id='word_1_223' title='bbox 2038 1479 2283 1546; x_wconf 87' lang='lat' dir='ltr'><strong>quoniam</strong></span> <span class='ocrx_word' id='word_1_224' title='bbox 2316 1476 2476 1544; x_wconf 81' lang='lat' dir='ltr'><strong>fortes</strong></span> <span class='ocrx_word' id='word_1_225' title='bbox 2503 1478 2648 1539; x_wconf 88' lang='lat' dir='ltr'><strong>estis,</strong></span> <span class='ocrx_word' id='word_1_226' title='bbox 2688 1487 2734 1530; x_wconf 86' lang='lat' dir='ltr'><strong>et</strong></span> <span class='ocrx_word' id='word_1_227' title='bbox 2758 1494 2925 1531; x_wconf 88' lang='lat' dir='ltr'><strong>sermo</strong></span> <span class='ocrx_word' id='word_1_228' title='bbox 2956 1477 3048 1531; x_wconf 85' lang='lat' dir='ltr'><strong>Dei</strong></span> <span class='ocrx_word' id='word_1_229' title='bbox 3081 1479 3135 1530; x_wconf 86' lang='lat' dir='ltr'><strong>in</strong></span> <span class='ocrx_word' id='word_1_230' title='bbox 3171 1479 3309 1531; x_wconf 86' lang='lat' dir='ltr'><strong>vobis</strong></span> <span class='ocrx_word' id='word_1_231' title='bbox 3358 1494 3476 1546; x_wconf 87' lang='lat' dir='ltr'><strong>per-</strong></span> 
     </span>
    </p>
   </div>
   <div class='ocr_carea' id='block_1_29' title="bbox 1896 1570 3474 1638">
    <p class='ocr_par' dir='ltr' id='par_1_29' title="bbox 1896 1570 3474 1638">
     <span class='ocr_line' id='line_1_29' title="bbox 1896 1570 3474 1638; baseline 0 -15"><span class='ocrx_word' id='word_1_232' title='bbox 1896 1580 2091 1631; x_wconf 86' lang='lat' dir='ltr'><strong>manet,</strong></span> <span class='ocrx_word' id='word_1_233' title='bbox 2119 1580 2166 1623; x_wconf 88' lang='lat' dir='ltr'><strong>et</strong></span> <span class='ocrx_word' id='word_1_234' title='bbox 2199 1571 2396 1623; x_wconf 75' lang='lat' dir='ltr'><strong>vicistis</strong></span> <span class='ocrx_word' id='word_1_235' title='bbox 2428 1571 2716 1638; x_wconf 87' lang='lat' dir='ltr'><strong>malignum</strong></span> <span class='ocrx_word' id='word_1_236' title='bbox 2742 1571 2808 1624; x_wconf 85' lang='lat'><strong>&#39;“.</strong></span> <span class='ocrx_word' id='word_1_237' title='bbox 2841 1570 2973 1625; x_wconf 84' lang='lat' dir='ltr'><strong>Cum</strong></span> <span class='ocrx_word' id='word_1_238' title='bbox 3009 1579 3061 1623; x_wconf 87' lang='lat' dir='ltr'><strong>et</strong></span> <span class='ocrx_word' id='word_1_239' title='bbox 3099 1585 3191 1623; x_wconf 91' lang='lat' dir='ltr'><strong>vos</strong></span> <span class='ocrx_word' id='word_1_240' title='bbox 3237 1570 3474 1623; x_wconf 78' lang='lat' dir='ltr'><strong>viceritis</strong></span> 
     </span>
    </p>
   </div>
   <div class='ocr_carea' id='block_1_30' title="bbox 1895 1664 3473 1733">
    <p class='ocr_par' dir='ltr' id='par_1_30' title="bbox 1895 1664 3473 1733">
     <span class='ocr_line' id='line_1_30' title="bbox 1895 1664 3473 1733; baseline -0.001 -16"><span class='ocrx_word' id='word_1_241' title='bbox 1895 1664 2194 1728; x_wconf 81' lang='lat' dir='ltr'><strong>inimicum,</strong></span> <span class='ocrx_word' id='word_1_242' title='bbox 2251 1664 2357 1717; x_wconf 89' lang='lat' dir='ltr'><strong>Deo</strong></span> <span class='ocrx_word' id='word_1_243' title='bbox 2389 1664 2539 1718; x_wconf 88' lang='lat' dir='ltr'><strong>vobis</strong></span> <span class='ocrx_word' id='word_1_244' title='bbox 2593 1664 2866 1733; x_wconf 67' lang='lat' dir='ltr'><strong>prmbente</strong></span> <span class='ocrx_word' id='word_1_245' title='bbox 2912 1664 3202 1730; x_wconf 78' lang='lat' dir='ltr'><strong>auxilium,</strong></span> <span class='ocrx_word' id='word_1_246' title='bbox 3250 1674 3377 1719; x_wconf 80' lang='lat' dir='ltr'><strong>tmte</strong></span> <span class='ocrx_word' id='word_1_247' title='bbox 3418 1672 3473 1716; x_wconf 87' lang='lat' dir='ltr'><strong>et</strong></span> 
     </span>
    </p>
   </div>
   <div class='ocr_carea' id='block_1_31' title="bbox 1893 1755 3475 1829">
    <p class='ocr_par' dir='ltr' id='par_1_31' title="bbox 1893 1755 3475 1829">
     <span class='ocr_line' id='line_1_31' title="bbox 1893 1755 3475 1829; baseline 0 -19"><span class='ocrx_word' id='word_1_248' title='bbox 1893 1758 2007 1829; x_wconf 87' lang='lat' dir='ltr'><strong>ipse</strong></span> <span class='ocrx_word' id='word_1_249' title='bbox 2034 1757 2176 1818; x_wconf 78' lang='lat' dir='ltr'><strong>dicet</strong></span> <span class='ocrx_word' id='word_1_250' title='bbox 2210 1776 2223 1811; x_wconf 88' lang='lat'><strong>:</strong></span> <span class='ocrx_word' id='word_1_251' title='bbox 2268 1755 2468 1811; x_wconf 87' lang='lat' dir='ltr'><strong>Eruam</strong></span> <span class='ocrx_word' id='word_1_252' title='bbox 2500 1774 2585 1812; x_wconf 87' lang='lat' dir='ltr'><strong>eos</strong></span> <span class='ocrx_word' id='word_1_253' title='bbox 2611 1759 2674 1812; x_wconf 87' lang='lat' dir='ltr'><strong>de</strong></span> <span class='ocrx_word' id='word_1_254' title='bbox 2693 1758 2921 1826; x_wconf 78' lang='lat' dir='ltr'><strong>inferno,</strong></span> <span class='ocrx_word' id='word_1_255' title='bbox 2961 1767 3008 1811; x_wconf 88' lang='lat' dir='ltr'><strong>et</strong></span> <span class='ocrx_word' id='word_1_256' title='bbox 3028 1758 3276 1821; x_wconf 89' lang='lat' dir='ltr'><strong>redimam</strong></span> <span class='ocrx_word' id='word_1_257' title='bbox 3306 1773 3393 1811; x_wconf 89' lang='lat' dir='ltr'><strong>eos</strong></span> <span class='ocrx_word' id='word_1_258' title='bbox 3410 1757 3475 1810; x_wconf 86' lang='lat' dir='ltr'><strong>de</strong></span> 
     </span>
    </p>
   </div>
   <div class='ocr_carea' id='block_1_32' title="bbox 1893 1850 3472 1921">
    <p class='ocr_par' dir='ltr' id='par_1_32' title="bbox 1893 1850 3472 1921">
     <span class='ocr_line' id='line_1_32' title="bbox 1893 1850 3472 1921; baseline -0.001 -17"><span class='ocrx_word' id='word_1_259' title='bbox 1893 1862 2091 1906; x_wconf 88' lang='lat' dir='ltr'><strong>morte:</strong></span> <span class='ocrx_word' id='word_1_260' title='bbox 2114 1852 2203 1906; x_wconf 88' lang='lat' dir='ltr'><strong>ubi</strong></span> <span class='ocrx_word' id='word_1_261' title='bbox 2231 1864 2327 1914; x_wconf 87' lang='lat' dir='ltr'><strong>est,</strong></span> <span class='ocrx_word' id='word_1_262' title='bbox 2347 1866 2509 1921; x_wconf 85' lang='lat' dir='ltr'><strong>mors,</strong></span> <span class='ocrx_word' id='word_1_263' title='bbox 2530 1852 2789 1905; x_wconf 79' lang='lat' dir='ltr'><strong>contentio</strong></span> <span class='ocrx_word' id='word_1_264' title='bbox 2810 1862 2899 1904; x_wconf 89' lang='lat' dir='ltr'><strong>tua</strong></span> <span class='ocrx_word' id='word_1_265' title='bbox 2918 1851 2942 1904; x_wconf 75' lang='lat'><strong>1’</strong></span> <span class='ocrx_word' id='word_1_266' title='bbox 2970 1850 3055 1905; x_wconf 89' lang='lat' dir='ltr'><strong>ubi</strong></span> <span class='ocrx_word' id='word_1_267' title='bbox 3072 1862 3166 1917; x_wconf 89' lang='lat' dir='ltr'><strong>est,</strong></span> <span class='ocrx_word' id='word_1_268' title='bbox 3188 1867 3352 1917; x_wconf 89' lang='lat' dir='ltr'><strong>mors,</strong></span> <span class='ocrx_word' id='word_1_269' title='bbox 3374 1852 3472 1904; x_wconf 89' lang='lat' dir='ltr'><strong>sti-</strong></span> 
     </span>
    </p>
   </div>
   <div class='ocr_carea' id='block_1_33' title="bbox 194 1937 1795 2022">
    <p class='ocr_par' dir='ltr' id='par_1_33' title="bbox 194 1949 1781 2022">
     <span class='ocr_line' id='line_1_33' title="bbox 194 1949 1781 2022; baseline 0.003 -21"><span class='ocrx_word' id='word_1_270' title='bbox 194 1951 293 2001; x_wconf 82' lang='lat' dir='ltr'><strong>erit</strong></span> <span class='ocrx_word' id='word_1_271' title='bbox 332 1949 400 2001; x_wconf 76' lang='lat'><strong>&quot;.</strong></span> <span class='ocrx_word' id='word_1_272' title='bbox 451 1949 824 2016; x_wconf 72' lang='lat' dir='ltr'><strong>Respiciamus</strong></span> <span class='ocrx_word' id='word_1_273' title='bbox 866 1949 931 2001; x_wconf 88' lang='lat' dir='ltr'><strong>ad</strong></span> <span class='ocrx_word' id='word_1_274' title='bbox 978 1951 1287 2016; x_wconf 85' lang='lat' dir='ltr'><strong>promissa;</strong></span> <span class='ocrx_word' id='word_1_275' title='bbox 1356 1962 1409 2004; x_wconf 85' lang='lat' dir='ltr'><strong>et</strong></span> <span class='ocrx_word' id='word_1_276' title='bbox 1452 1953 1516 2004; x_wconf 88' lang='lat' dir='ltr'><strong>ad</strong></span> <span class='ocrx_word' id='word_1_277' title='bbox 1564 1954 1781 2022; x_wconf 70' lang='lat' dir='ltr'><strong>prmmia</strong></span> 
     </span>
    </p>
   </div>
   <div class='ocr_carea' id='block_1_34' title="bbox 1867 1937 3467 2022">
    <p class='ocr_par' dir='ltr' id='par_1_34' title="bbox 1890 1937 3467 2010">
     <span class='ocr_line' id='line_1_34' title="bbox 1890 1937 3467 2010; baseline 0.001 -17"><span class='ocrx_word' id='word_1_278' title='bbox 1890 1939 2063 2000; x_wconf 78' lang='lat' dir='ltr'><strong>mulus</strong></span> <span class='ocrx_word' id='word_1_279' title='bbox 2096 1947 2219 1993; x_wconf 89' lang='lat' dir='ltr'><strong>tuus</strong></span> <span class='ocrx_word' id='word_1_280' title='bbox 2241 1938 2287 1970; x_wconf 81' lang='grc'><strong>⁷⁸</strong></span> <span class='ocrx_word' id='word_1_281' title='bbox 2311 1938 2334 1992; x_wconf 82' lang='lat' dir='ltr'><strong>‘l</strong></span> <span class='ocrx_word' id='word_1_282' title='bbox 2361 1937 2416 1992; x_wconf 90' lang='lat' dir='ltr'><strong>Si</strong></span> <span class='ocrx_word' id='word_1_283' title='bbox 2451 1954 2580 1993; x_wconf 90' lang='lat' dir='ltr'><strong>vero</strong></span> <span class='ocrx_word' id='word_1_284' title='bbox 2619 1948 2848 1993; x_wconf 86' lang='lat' dir='ltr'><strong>mortem</strong></span> <span class='ocrx_word' id='word_1_285' title='bbox 2870 1940 3269 2002; x_wconf 72' lang='lat' dir='ltr'><strong>devoti-abimus.</strong></span> <span class='ocrx_word' id='word_1_286' title='bbox 3301 1954 3467 2010; x_wconf 88' lang='lat' dir='ltr'><strong>supe-</strong></span> 
     </span>
    </p>
   </div>
   <div class='ocr_carea' id='block_1_35' title="bbox 194 2042 1785 2111">
    <p class='ocr_par' dir='ltr' id='par_1_35' title="bbox 194 2042 1785 2111">
     <span class='ocr_line' id='line_1_35' title="bbox 194 2042 1785 2111; baseline 0.002 -16"><span class='ocrx_word' id='word_1_287' title='bbox 194 2043 435 2103; x_wconf 83' lang='lat' dir='ltr'><strong>creduli.</strong></span> <span class='ocrx_word' id='word_1_288' title='bbox 494 2042 705 2097; x_wconf 81' lang='lat' dir='ltr'><strong>facilius</strong></span> <span class='ocrx_word' id='word_1_289' title='bbox 754 2057 968 2095; x_wconf 86' lang='lat' dir='ltr'><strong>omnem</strong></span> <span class='ocrx_word' id='word_1_290' title='bbox 1001 2043 1341 2111; x_wconf 77' lang='lat' dir='ltr'><strong>perferamus</strong></span> <span class='ocrx_word' id='word_1_291' title='bbox 1385 2045 1648 2108; x_wconf 87' lang='lat' dir='ltr'><strong>laborem,</strong></span> <span class='ocrx_word' id='word_1_292' title='bbox 1676 2064 1785 2100; x_wconf 87' lang='lat' dir='ltr'><strong>am-</strong></span> 
     </span>
    </p>
   </div>
   <div class='ocr_carea' id='block_1_36' title="bbox 192 2130 1788 2206">
    <p class='ocr_par' dir='ltr' id='par_1_36' title="bbox 192 2130 1788 2206">
     <span class='ocr_line' id='line_1_36' title="bbox 192 2130 1788 2206; baseline 0.006 -23"><span class='ocrx_word' id='word_1_293' title='bbox 192 2132 451 2186; x_wconf 85' lang='lat' dir='ltr'><strong>bulantes</strong></span> <span class='ocrx_word' id='word_1_294' title='bbox 480 2134 618 2186; x_wconf 86' lang='lat' dir='ltr'><strong>sicut</strong></span> <span class='ocrx_word' id='word_1_295' title='bbox 649 2130 945 2186; x_wconf 77' lang='lat' dir='ltr'><strong>ambulavit</strong></span> <span class='ocrx_word' id='word_1_296' title='bbox 981 2133 1096 2198; x_wconf 87' lang='lat' dir='ltr'><strong>ipse</strong></span> <span class='ocrx_word' id='word_1_297' title='bbox 1129 2133 1405 2203; x_wconf 82' lang='lat' dir='ltr'><strong>Dominus,</strong></span> <span class='ocrx_word' id='word_1_298' title='bbox 1436 2137 1525 2206; x_wconf 86' lang='lat' dir='ltr'><strong>qui</strong></span> <span class='ocrx_word' id='word_1_299' title='bbox 1558 2139 1788 2206; x_wconf 80' lang='lat' dir='ltr'><strong>proni-is-</strong></span> 
     </span>
    </p>
   </div>
   <div class='ocr_carea' id='block_1_37' title="bbox 192 2224 790 2292">
    <p class='ocr_par' dir='ltr' id='par_1_37' title="bbox 192 2224 790 2292">
     <span class='ocr_line' id='line_1_37' title="bbox 192 2224 790 2292; baseline -0.007 -14"><span class='ocrx_word' id='word_1_300' title='bbox 192 2237 287 2278; x_wconf 67' lang='grc' dir='ltr'><strong>βυτ</strong></span> <span class='ocrx_word' id='word_1_301' title='bbox 313 2233 397 2277; x_wconf 76' lang='lat' dir='ltr'><strong>est</strong></span> <span class='ocrx_word' id='word_1_302' title='bbox 424 2224 790 2292; x_wconf 62' lang='lat' dir='ltr'><strong>prmmiorum.</strong></span> 
     </span>
    </p>
   </div>
   <div class='ocr_carea' id='block_1_38' title="bbox 269 2313 1780 2387">
    <p class='ocr_par' dir='ltr' id='par_1_38' title="bbox 269 2313 1780 2387">
     <span class='ocr_line' id='line_1_38' title="bbox 269 2313 1780 2387; baseline 0.001 -20"><span class='ocrx_word' id='word_1_303' title='bbox 269 2313 453 2367; x_wconf 73' lang='lat' dir='ltr'><strong>XVlll.</strong></span> <span class='ocrx_word' id='word_1_304' title='bbox 500 2316 603 2370; x_wconf 73' lang='lat' dir='ltr'><strong>Vos</strong></span> <span class='ocrx_word' id='word_1_305' title='bbox 629 2330 843 2384; x_wconf 84' lang='lat' dir='ltr'><strong>quoque</strong></span> <span class='ocrx_word' id='word_1_306' title='bbox 883 2316 977 2384; x_wconf 85' lang='lat' dir='ltr'><strong>qui</strong></span> <span class='ocrx_word' id='word_1_307' title='bbox 1026 2314 1250 2370; x_wconf 89' lang='lat' dir='ltr'><strong>secundi</strong></span> <span class='ocrx_word' id='word_1_308' title='bbox 1283 2316 1414 2370; x_wconf 85' lang='lat' dir='ltr'><strong>estis</strong></span> <span class='ocrx_word' id='word_1_309' title='bbox 1449 2316 1780 2387; x_wconf 75' lang='lat' dir='ltr'><strong>singularum</strong></span> 
     </span>
    </p>
   </div>
   <div class='ocr_carea' id='block_1_39' title="bbox 192 2405 1784 2473">
    <p class='ocr_par' dir='ltr' id='par_1_39' title="bbox 192 2405 1784 2473">
     <span class='ocr_line' id='line_1_39' title="bbox 192 2405 1784 2473; baseline 0.004 -17"><span class='ocrx_word' id='word_1_310' title='bbox 192 2406 508 2467; x_wconf 70' lang='lat' dir='ltr'><strong>dumorum,</strong></span> <span class='ocrx_word' id='word_1_311' title='bbox 533 2405 896 2459; x_wconf 84' lang='lat' dir='ltr'><strong>humilitatem</strong></span> <span class='ocrx_word' id='word_1_312' title='bbox 934 2406 1217 2461; x_wconf 90' lang='lat' dir='ltr'><strong>sectamini</strong></span> <span class='ocrx_word' id='word_1_313' title='bbox 1245 2416 1298 2462; x_wconf 91' lang='lat' dir='ltr'><strong>et</strong></span> <span class='ocrx_word' id='word_1_314' title='bbox 1332 2406 1689 2473; x_wconf 74' lang='lat' dir='ltr'><strong>modestiam;</strong></span> <span class='ocrx_word' id='word_1_315' title='bbox 1728 2417 1784 2463; x_wconf 89' lang='lat' dir='ltr'><strong>et</strong></span> 
     </span>
    </p>
   </div>
   <div class='ocr_carea' id='block_1_40' title="bbox 190 2492 1777 2563">
    <p class='ocr_par' dir='ltr' id='par_1_40' title="bbox 190 2492 1777 2563">
     <span class='ocr_line' id='line_1_40' title="bbox 190 2492 1777 2563; baseline 0.003 -17"><span class='ocrx_word' id='word_1_316' title='bbox 190 2492 408 2562; x_wconf 63' lang='lat' dir='ltr'><strong>singula</strong></span> <span class='ocrx_word' id='word_1_317' title='bbox 440 2504 708 2563; x_wconf 69' lang='lat' dir='ltr'><strong>prarccpta</strong></span> <span class='ocrx_word' id='word_1_318' title='bbox 750 2494 1010 2562; x_wconf 82' lang='lat' dir='ltr'><strong>majorum</strong></span> <span class='ocrx_word' id='word_1_319' title='bbox 1030 2496 1153 2549; x_wconf 72' lang='lat' dir='ltr'><strong>vita:</strong></span> <span class='ocrx_word' id='word_1_320' title='bbox 1191 2497 1498 2552; x_wconf 91' lang='lat' dir='ltr'><strong>communis</strong></span> <span class='ocrx_word' id='word_1_321' title='bbox 1532 2514 1777 2552; x_wconf 81' lang='lat' dir='ltr'><strong>normam</strong></span> 
     </span>
    </p>
   </div>
   <div class='ocr_carea' id='block_1_41' title="bbox 191 2583 1782 2651">
    <p class='ocr_par' dir='ltr' id='par_1_41' title="bbox 191 2583 1782 2651">
     <span class='ocr_line' id='line_1_41' title="bbox 191 2583 1782 2651; baseline 0.004 -19"><span class='ocrx_word' id='word_1_322' title='bbox 191 2592 422 2651; x_wconf 85' lang='lat' dir='ltr'><strong>putate,</strong></span> <span class='ocrx_word' id='word_1_323' title='bbox 475 2591 531 2635; x_wconf 93' lang='lat' dir='ltr'><strong>ut</strong></span> <span class='ocrx_word' id='word_1_324' title='bbox 582 2583 633 2636; x_wconf 93' lang='lat' dir='ltr'><strong>in</strong></span> <span class='ocrx_word' id='word_1_325' title='bbox 683 2583 788 2639; x_wconf 86' lang='lat' dir='ltr'><strong>illis</strong></span> <span class='ocrx_word' id='word_1_326' title='bbox 842 2586 1230 2639; x_wconf 81' lang='lat' dir='ltr'><strong>conservandis</strong></span> <span class='ocrx_word' id='word_1_327' title='bbox 1280 2596 1495 2641; x_wconf 87' lang='lat' dir='ltr'><strong>vestras</strong></span> <span class='ocrx_word' id='word_1_328' title='bbox 1551 2588 1782 2641; x_wconf 77' lang='lat' dir='ltr'><strong>servetis</strong></span> 
     </span>
    </p>
   </div>
   <div class='ocr_carea' id='block_1_42' title="bbox 189 2675 1779 2746">
    <p class='ocr_par' dir='ltr' id='par_1_42' title="bbox 189 2675 1779 2746">
     <span class='ocr_line' id='line_1_42' title="bbox 189 2675 1779 2746; baseline 0.002 -18"><span class='ocrx_word' id='word_1_329' title='bbox 189 2678 429 2740; x_wconf 81' lang='lat' dir='ltr'><strong>animas,</strong></span> <span class='ocrx_word' id='word_1_330' title='bbox 464 2684 519 2729; x_wconf 90' lang='lat' dir='ltr'><strong>et</strong></span> <span class='ocrx_word' id='word_1_331' title='bbox 558 2675 762 2729; x_wconf 83' lang='lat' dir='ltr'><strong>similes</strong></span> <span class='ocrx_word' id='word_1_332' title='bbox 808 2677 928 2730; x_wconf 87' lang='lat' dir='ltr'><strong>sitis</strong></span> <span class='ocrx_word' id='word_1_333' title='bbox 959 2676 1005 2730; x_wconf 87' lang='lat' dir='ltr'><strong>ei</strong></span> <span class='ocrx_word' id='word_1_334' title='bbox 1056 2675 1146 2746; x_wconf 77' lang='lat' dir='ltr'><strong>qui</strong></span> <span class='ocrx_word' id='word_1_335' title='bbox 1190 2676 1265 2729; x_wconf 89' lang='lat' dir='ltr'><strong>ait</strong></span> <span class='ocrx_word' id='word_1_336' title='bbox 1297 2692 1311 2729; x_wconf 88' lang='lat'><strong>:</strong></span> <span class='ocrx_word' id='word_1_337' title='bbox 1342 2677 1533 2731; x_wconf 84' lang='lat' dir='ltr'><strong>Anima</strong></span> <span class='ocrx_word' id='word_1_338' title='bbox 1564 2694 1678 2733; x_wconf 87' lang='lat' dir='ltr'><strong>mea</strong></span> <span class='ocrx_word' id='word_1_339' title='bbox 1726 2681 1779 2731; x_wconf 87' lang='lat' dir='ltr'><strong>in</strong></span> 
     </span>
    </p>
   </div>
   <div class='ocr_carea' id='block_1_43' title="bbox 189 2757 1777 2839">
    <p class='ocr_par' dir='ltr' id='par_1_43' title="bbox 189 2757 1777 2839">
     <span class='ocr_line' id='line_1_43' title="bbox 189 2757 1777 2839; baseline 0.005 -20"><span class='ocrx_word' id='word_1_340' title='bbox 189 2768 439 2819; x_wconf 79' lang='lat' dir='ltr'><strong>manibus</strong></span> <span class='ocrx_word' id='word_1_341' title='bbox 474 2768 599 2820; x_wconf 86' lang='lat' dir='ltr'><strong>meis</strong></span> <span class='ocrx_word' id='word_1_342' title='bbox 621 2783 820 2835; x_wconf 87' lang='lat' dir='ltr'><strong>semper</strong></span> <span class='ocrx_word' id='word_1_343' title='bbox 841 2768 905 2821; x_wconf 79' lang='lat'><strong>&#39;°.</strong></span> <span class='ocrx_word' id='word_1_344' title='bbox 932 2766 1102 2824; x_wconf 81' lang='lat' dir='ltr'><strong>Filius</strong></span> <span class='ocrx_word' id='word_1_345' title='bbox 1124 2766 1388 2839; x_wconf 75' lang='lat' dir='ltr'><strong>glorilicct</strong></span> <span class='ocrx_word' id='word_1_346' title='bbox 1431 2778 1664 2838; x_wconf 84' lang='lat' dir='ltr'><strong>patrem,</strong></span> <span class='ocrx_word' id='word_1_347' title='bbox 1698 2757 1777 2827; x_wconf 72' lang='grc' dir='ltr'>ἐι</span> 
     </span>
    </p>
   </div>
   <div class='ocr_carea' id='block_1_44' title="bbox 188 2858 1775 2932">
    <p class='ocr_par' dir='ltr' id='par_1_44' title="bbox 188 2858 1775 2932">
     <span class='ocr_line' id='line_1_44' title="bbox 188 2858 1775 2932; baseline 0.005 -21"><span class='ocrx_word' id='word_1_348' title='bbox 188 2858 451 2912; x_wconf 66' lang='grc' dir='ltr'><strong>Ιαιιεηηίιιὶ</strong></span> <span class='ocrx_word' id='word_1_349' title='bbox 484 2858 747 2915; x_wconf 83' lang='lat' dir='ltr'><strong>fructibus</strong></span> <span class='ocrx_word' id='word_1_350' title='bbox 780 2860 997 2922; x_wconf 88' lang='lat' dir='ltr'><strong>vestris,</strong></span> <span class='ocrx_word' id='word_1_351' title='bbox 1033 2861 1158 2929; x_wconf 87' lang='lat' dir='ltr'><strong>quia</strong></span> <span class='ocrx_word' id='word_1_352' title='bbox 1201 2861 1406 2931; x_wconf 86' lang='lat' dir='ltr'><strong>absque</strong></span> <span class='ocrx_word' id='word_1_353' title='bbox 1437 2863 1692 2932; x_wconf 88' lang='lat' dir='ltr'><strong>operibus</strong></span> <span class='ocrx_word' id='word_1_354' title='bbox 1719 2875 1775 2919; x_wconf 90' lang='lat' dir='ltr'><strong>et</strong></span> 
     </span>
    </p>
   </div>
   <div class='ocr_carea' id='block_1_45' title="bbox 191 2952 1776 3019">
    <p class='ocr_par' dir='ltr' id='par_1_45' title="bbox 191 2952 1776 3019">
     <span class='ocr_line' id='line_1_45' title="bbox 191 2952 1776 3019; baseline 0.006 -19"><span class='ocrx_word' id='word_1_355' title='bbox 191 2952 469 3006; x_wconf 79' lang='lat' dir='ltr'><strong>fructibus</strong></span> <span class='ocrx_word' id='word_1_356' title='bbox 497 2952 675 3006; x_wconf 89' lang='lat' dir='ltr'><strong>nullus</strong></span> <span class='ocrx_word' id='word_1_357' title='bbox 710 2952 921 3008; x_wconf 83' lang='lat' dir='ltr'><strong>Domini</strong></span> <span class='ocrx_word' id='word_1_358' title='bbox 956 2954 1219 3008; x_wconf 89' lang='lat' dir='ltr'><strong>societate</strong></span> <span class='ocrx_word' id='word_1_359' title='bbox 1244 2953 1537 3019; x_wconf 77' lang='lat' dir='ltr'><strong>laetabitur,</strong></span> <span class='ocrx_word' id='word_1_360' title='bbox 1566 2966 1625 3011; x_wconf 93' lang='lat' dir='ltr'><strong>ut</strong></span> <span class='ocrx_word' id='word_1_361' title='bbox 1655 2973 1776 3011; x_wconf 90' lang='lat' dir='ltr'><strong>cum</strong></span> 
     </span>
    </p>
   </div>
   <div class='ocr_carea' id='block_1_46' title="bbox 192 3043 1779 3113">
    <p class='ocr_par' dir='ltr' id='par_1_46' title="bbox 192 3043 1779 3113">
     <span class='ocr_line' id='line_1_46' title="bbox 192 3043 1779 3113; baseline 0.004 -16"><span class='ocrx_word' id='word_1_362' title='bbox 192 3043 497 3097; x_wconf 90' lang='lat' dir='ltr'><strong>habueritis</strong></span> <span class='ocrx_word' id='word_1_363' title='bbox 524 3043 753 3099; x_wconf 86' lang='lat' dir='ltr'><strong>lructum</strong></span> <span class='ocrx_word' id='word_1_364' title='bbox 798 3045 849 3096; x_wconf 93' lang='lat' dir='ltr'><strong>in</strong></span> <span class='ocrx_word' id='word_1_365' title='bbox 891 3044 1139 3109; x_wconf 85' lang='lat' dir='ltr'><strong>Domino,</strong></span> <span class='ocrx_word' id='word_1_366' title='bbox 1191 3044 1307 3113; x_wconf 87' lang='lat' dir='ltr'><strong>ipso</strong></span> <span class='ocrx_word' id='word_1_367' title='bbox 1340 3046 1553 3102; x_wconf 69' lang='lat' dir='ltr'><strong>haerede</strong></span> <span class='ocrx_word' id='word_1_368' title='bbox 1604 3057 1653 3104; x_wconf 85' lang='lat' dir='ltr'><strong>et</strong></span> <span class='ocrx_word' id='word_1_369' title='bbox 1688 3064 1779 3103; x_wconf 54' lang='lat' dir='ltr'><strong>co-</strong></span> 
     </span>
    </p>
   </div>
   <div class='ocr_carea' id='block_1_47' title="bbox 193 3138 751 3204">
    <p class='ocr_par' dir='ltr' id='par_1_47' title="bbox 193 3138 751 3204">
     <span class='ocr_line' id='line_1_47' title="bbox 193 3138 751 3204; baseline -0.002 -13"><span class='ocrx_word' id='word_1_370' title='bbox 193 3138 411 3191; x_wconf 74' lang='lat' dir='ltr'><strong>lnerede</strong></span> <span class='ocrx_word' id='word_1_371' title='bbox 449 3138 751 3204; x_wconf 89' lang='lat' dir='ltr'><strong>potiamini.</strong></span> 
     </span>
    </p>
   </div>
   <div class='ocr_carea' id='block_1_48' title="bbox 260 3229 1776 3303">
    <p class='ocr_par' dir='ltr' id='par_1_48' title="bbox 260 3229 1776 3303">
     <span class='ocr_line' id='line_1_48' title="bbox 260 3229 1776 3303; baseline 0.004 -18"><span class='ocrx_word' id='word_1_372' title='bbox 260 3230 409 3294; x_wconf 74' lang='lat' dir='ltr'><strong>XlX.</strong></span> <span class='ocrx_word' id='word_1_373' title='bbox 450 3229 555 3284; x_wconf 77' lang='lat' dir='ltr'><strong>Sed</strong></span> <span class='ocrx_word' id='word_1_374' title='bbox 587 3241 639 3285; x_wconf 88' lang='lat' dir='ltr'><strong>et</strong></span> <span class='ocrx_word' id='word_1_375' title='bbox 669 3247 768 3286; x_wconf 87' lang='lat' dir='ltr'><strong>vos</strong></span> <span class='ocrx_word' id='word_1_376' title='bbox 798 3246 985 3287; x_wconf 87' lang='lat' dir='ltr'><strong>omnes</strong></span> <span class='ocrx_word' id='word_1_377' title='bbox 1013 3232 1231 3293; x_wconf 79' lang='lat' dir='ltr'><strong>fratres,</strong></span> <span class='ocrx_word' id='word_1_378' title='bbox 1265 3235 1355 3302; x_wconf 81' lang='lat' dir='ltr'><strong>qui</strong></span> <span class='ocrx_word' id='word_1_379' title='bbox 1385 3235 1612 3303; x_wconf 72' lang='lat' dir='ltr'><strong>subjecu</strong></span> <span class='ocrx_word' id='word_1_380' title='bbox 1645 3237 1776 3291; x_wconf 79' lang='lat' dir='ltr'><strong>estis</strong></span> 
     </span>
    </p>
   </div>
   <div class='ocr_carea' id='block_1_49' title="bbox 185 3304 1774 3391">
    <p class='ocr_par' dir='ltr' id='par_1_49' title="bbox 185 3304 1774 3391">
     <span class='ocr_line' id='line_1_49' title="bbox 185 3304 1774 3391; baseline 0.002 -15"><span class='ocrx_word' id='word_1_381' title='bbox 185 3338 287 3391; x_wconf 86' lang='lat' dir='ltr'><strong>per</strong></span> <span class='ocrx_word' id='word_1_382' title='bbox 341 3322 588 3377; x_wconf 88' lang='lat' dir='ltr'><strong>ordinem</strong></span> <span class='ocrx_word' id='word_1_383' title='bbox 646 3321 830 3376; x_wconf 73' lang='lat' dir='ltr'><strong>liberte</strong></span> <span class='ocrx_word' id='word_1_384' title='bbox 884 3304 1183 3388; x_wconf 82' lang='lat' dir='ltr'><strong>servitutis,</strong></span> <span class='ocrx_word' id='word_1_385' title='bbox 1230 3323 1466 3378; x_wconf 83' lang='lat' dir='ltr'><strong>habetote</strong></span> <span class='ocrx_word' id='word_1_386' title='bbox 1513 3327 1774 3380; x_wconf 80' lang='lat' dir='ltr'><strong>accinctos</strong></span> 
     </span>
    </p>
   </div>
   <div class='ocr_carea' id='block_1_50' title="bbox 188 3412 1776 3478">
    <p class='ocr_par' dir='ltr' id='par_1_50' title="bbox 188 3412 1776 3478">
     <span class='ocr_line' id='line_1_50' title="bbox 188 3412 1776 3478; baseline 0.004 -15"><span class='ocrx_word' id='word_1_387' title='bbox 188 3414 394 3465; x_wconf 87' lang='lat' dir='ltr'><strong>lumbos</strong></span> <span class='ocrx_word' id='word_1_388' title='bbox 422 3421 613 3465; x_wconf 78' lang='lat' dir='ltr'><strong>vestros</strong></span> <span class='ocrx_word' id='word_1_389' title='bbox 637 3422 682 3465; x_wconf 83' lang='lat' dir='ltr'><strong>et</strong></span> <span class='ocrx_word' id='word_1_390' title='bbox 709 3414 947 3466; x_wconf 82' lang='lat' dir='ltr'><strong>ardentes</strong></span> <span class='ocrx_word' id='word_1_391' title='bbox 973 3412 1213 3466; x_wconf 85' lang='lat' dir='ltr'><strong>lucernas</strong></span> <span class='ocrx_word' id='word_1_392' title='bbox 1244 3412 1295 3467; x_wconf 85' lang='lat' dir='ltr'><strong>in</strong></span> <span class='ocrx_word' id='word_1_393' title='bbox 1324 3413 1601 3478; x_wconf 88' lang='lat' dir='ltr'><strong>manibus;</strong></span> <span class='ocrx_word' id='word_1_394' title='bbox 1636 3418 1755 3473; x_wconf 82' lang='lat' dir='ltr'><strong>simi</strong></span> <span class='ocrx_word' id='word_1_395' title='bbox 1767 3449 1776 3457; x_wconf 91' lang='lat'><strong><em>-</em></strong></span> 
     </span>
    </p>
   </div>
   <div class='ocr_carea' id='block_1_51' title="bbox 186 3505 1774 3576">
    <p class='ocr_par' dir='ltr' id='par_1_51' title="bbox 186 3505 1774 3576">
     <span class='ocr_line' id='line_1_51' title="bbox 186 3505 1774 3576; baseline 0.003 -21"><span class='ocrx_word' id='word_1_396' title='bbox 186 3505 261 3557; x_wconf 86' lang='lat' dir='ltr'><strong>les</strong></span> <span class='ocrx_word' id='word_1_397' title='bbox 305 3520 573 3558; x_wconf 85' lang='lat' dir='ltr'><strong>servorum</strong></span> <span class='ocrx_word' id='word_1_398' title='bbox 613 3505 700 3561; x_wconf 86' lang='lat' dir='ltr'><strong>aui</strong></span> <span class='ocrx_word' id='word_1_399' title='bbox 740 3513 1037 3571; x_wconf 76' lang='lat' dir='ltr'><strong>exspectant</strong></span> <span class='ocrx_word' id='word_1_400' title='bbox 1081 3505 1525 3560; x_wconf 88' lang='lat' dir='ltr'><strong>dominumsuum</strong></span> <span class='ocrx_word' id='word_1_401' title='bbox 1564 3508 1774 3576; x_wconf 84' lang='lat' dir='ltr'><strong>quando</strong></span> 
     </span>
    </p>
   </div>
   <div class='ocr_carea' id='block_1_52' title="bbox 185 3596 1770 3665">
    <p class='ocr_par' dir='ltr' id='par_1_52' title="bbox 185 3596 1770 3665">
     <span class='ocr_line' id='line_1_52' title="bbox 185 3596 1770 3665; baseline 0.002 -18"><span class='ocrx_word' id='word_1_402' title='bbox 185 3605 496 3648; x_wconf 87' lang='lat' dir='ltr'><strong>revertatur</strong></span> <span class='ocrx_word' id='word_1_403' title='bbox 542 3596 605 3647; x_wconf 86' lang='lat' dir='ltr'><strong>de</strong></span> <span class='ocrx_word' id='word_1_404' title='bbox 640 3598 861 3661; x_wconf 54' lang='lat' dir='ltr'><strong>nuptiis,</strong></span> <span class='ocrx_word' id='word_1_405' title='bbox 902 3605 955 3648; x_wconf 87' lang='lat' dir='ltr'><strong>ut</strong></span> <span class='ocrx_word' id='word_1_406' title='bbox 1006 3612 1119 3648; x_wconf 90' lang='lat' dir='ltr'><strong>cum</strong></span> <span class='ocrx_word' id='word_1_407' title='bbox 1164 3600 1353 3649; x_wconf 78' lang='lat' dir='ltr'><strong>venerit</strong></span> <span class='ocrx_word' id='word_1_408' title='bbox 1391 3607 1439 3650; x_wconf 90' lang='lat' dir='ltr'><strong>et</strong></span> <span class='ocrx_word' id='word_1_409' title='bbox 1471 3598 1770 3665; x_wconf 83' lang='lat' dir='ltr'><strong>pulsaverit,</strong></span> 
     </span>
    </p>
   </div>
   <div class='ocr_carea' id='block_1_53' title="bbox 180 3686 1772 3756">
    <p class='ocr_par' dir='ltr' id='par_1_53' title="bbox 180 3686 1772 3756">
     <span class='ocr_line' id='line_1_53' title="bbox 180 3686 1772 3756; baseline 0.001 -18"><span class='ocrx_word' id='word_1_410' title='bbox 180 3686 371 3739; x_wconf 88' lang='lat' dir='ltr'><strong>statim</strong></span> <span class='ocrx_word' id='word_1_411' title='bbox 418 3686 657 3754; x_wconf 86' lang='lat' dir='ltr'><strong>aperiant</strong></span> <span class='ocrx_word' id='word_1_412' title='bbox 686 3688 752 3740; x_wconf 90' lang='lat' dir='ltr'><strong>ei.</strong></span> <span class='ocrx_word' id='word_1_413' title='bbox 796 3687 951 3741; x_wconf 78' lang='lat' dir='ltr'><strong>Beati</strong></span> <span class='ocrx_word' id='word_1_414' title='bbox 992 3688 1150 3751; x_wconf 86' lang='lat' dir='ltr'><strong>servi,</strong></span> <span class='ocrx_word' id='word_1_415' title='bbox 1184 3704 1313 3756; x_wconf 85' lang='lat' dir='ltr'><strong>quos</strong></span> <span class='ocrx_word' id='word_1_416' title='bbox 1349 3690 1556 3742; x_wconf 83' lang='lat' dir='ltr'><strong>veniens</strong></span> <span class='ocrx_word' id='word_1_417' title='bbox 1595 3687 1772 3741; x_wconf 88' lang='lat' dir='ltr'><strong>Domi-</strong></span> 
     </span>
    </p>
   </div>
   <div class='ocr_carea' id='block_1_54' title="bbox 181 3778 1772 3853">
    <p class='ocr_par' dir='ltr' id='par_1_54' title="bbox 181 3778 1772 3853">
     <span class='ocr_line' id='line_1_54' title="bbox 181 3778 1772 3853; baseline 0.004 -26"><span class='ocrx_word' id='word_1_418' title='bbox 181 3794 286 3832; x_wconf 87' lang='lat' dir='ltr'><strong>nus</strong></span> <span class='ocrx_word' id='word_1_419' title='bbox 312 3778 568 3832; x_wconf 80' lang='lat' dir='ltr'><strong>invenerit</strong></span> <span class='ocrx_word' id='word_1_420' title='bbox 590 3779 861 3846; x_wconf 83' lang='lat' dir='ltr'><strong>vigilantes</strong></span> <span class='ocrx_word' id='word_1_421' title='bbox 886 3780 950 3835; x_wconf 82' lang='grc'>⁶¹.</span> <span class='ocrx_word' id='word_1_422' title='bbox 984 3779 1072 3834; x_wconf 90' lang='lat' dir='ltr'><strong>Sic</strong></span> <span class='ocrx_word' id='word_1_423' title='bbox 1098 3791 1149 3833; x_wconf 87' lang='lat' dir='ltr'><strong>et</strong></span> <span class='ocrx_word' id='word_1_424' title='bbox 1180 3782 1331 3833; x_wconf 84' lang='lat' dir='ltr'><strong>vobis</strong></span> <span class='ocrx_word' id='word_1_425' title='bbox 1357 3781 1465 3845; x_wconf 81' lang='lat' dir='ltr'><strong>lict,</strong></span> <span class='ocrx_word' id='word_1_426' title='bbox 1500 3784 1543 3834; x_wconf 91' lang='lat' dir='ltr'><strong>si</strong></span> <span class='ocrx_word' id='word_1_427' title='bbox 1586 3782 1772 3853; x_wconf 80' lang='lat' dir='ltr'><strong>longus</strong></span> 
     </span>
    </p>
   </div>
   <div class='ocr_carea' id='block_1_55' title="bbox 183 3868 1769 3937">
    <p class='ocr_par' dir='ltr' id='par_1_55' title="bbox 183 3868 1769 3937">
     <span class='ocr_line' id='line_1_55' title="bbox 183 3868 1769 3937; baseline 0.004 -20"><span class='ocrx_word' id='word_1_428' title='bbox 183 3868 343 3921; x_wconf 83' lang='lat' dir='ltr'><strong>labor</strong></span> <span class='ocrx_word' id='word_1_429' title='bbox 379 3868 751 3922; x_wconf 84' lang='lat' dir='ltr'><strong>lassitudinem</strong></span> <span class='ocrx_word' id='word_1_430' title='bbox 798 3884 902 3923; x_wconf 88' lang='lat' dir='ltr'><strong>non</strong></span> <span class='ocrx_word' id='word_1_431' title='bbox 937 3880 1191 3937; x_wconf 82' lang='lat' dir='ltr'><strong>operetur</strong></span> <span class='ocrx_word' id='word_1_432' title='bbox 1232 3870 1284 3922; x_wconf 91' lang='lat' dir='ltr'><strong>iu</strong></span> <span class='ocrx_word' id='word_1_433' title='bbox 1320 3870 1512 3932; x_wconf 80' lang='lat' dir='ltr'><strong>vobis;</strong></span> <span class='ocrx_word' id='word_1_434' title='bbox 1557 3872 1769 3925; x_wconf 80' lang='lat' dir='ltr'><strong>vocabi-</strong></span> 
     </span>
    </p>
   </div>
   <div class='ocr_carea' id='block_1_56' title="bbox 181 3956 1771 4027">
    <p class='ocr_par' dir='ltr' id='par_1_56' title="bbox 181 3956 1771 4027">
     <span class='ocr_line' id='line_1_56' title="bbox 181 3956 1771 4027; baseline 0.003 -19"><span class='ocrx_word' id='word_1_435' title='bbox 181 3956 320 4009; x_wconf 86' lang='lat' dir='ltr'><strong>tnini</strong></span> <span class='ocrx_word' id='word_1_436' title='bbox 362 3957 430 4008; x_wconf 90' lang='lat' dir='ltr'><strong>ad</strong></span> <span class='ocrx_word' id='word_1_437' title='bbox 459 3956 684 4012; x_wconf 61' lang='lat' dir='ltr'><strong>caeleste</strong></span> <span class='ocrx_word' id='word_1_438' title='bbox 724 3958 1055 4022; x_wconf 79' lang='lat' dir='ltr'><strong>convivium,</strong></span> <span class='ocrx_word' id='word_1_439' title='bbox 1091 3967 1144 4011; x_wconf 93' lang='lat' dir='ltr'><strong>et</strong></span> <span class='ocrx_word' id='word_1_440' title='bbox 1174 3958 1347 4027; x_wconf 81' lang='lat' dir='ltr'><strong>angeli</strong></span> <span class='ocrx_word' id='word_1_441' title='bbox 1382 3959 1771 4014; x_wconf 83' lang='lat' dir='ltr'><strong>ministrabunt</strong></span> 
     </span>
    </p>
   </div>
   <div class='ocr_carea' id='block_1_57' title="bbox 178 4046 1768 4117">
    <p class='ocr_par' dir='ltr' id='par_1_57' title="bbox 178 4046 1768 4117">
     <span class='ocr_line' id='line_1_57' title="bbox 178 4046 1768 4117; baseline 0.001 -15"><span class='ocrx_word' id='word_1_442' title='bbox 178 4048 363 4102; x_wconf 79' lang='lat' dir='ltr'><strong>vobis.</strong></span> <span class='ocrx_word' id='word_1_443' title='bbox 400 4046 491 4102; x_wconf 73' lang='lat' dir='ltr'><strong>lla:</strong></span> <span class='ocrx_word' id='word_1_444' title='bbox 527 4057 649 4100; x_wconf 91' lang='lat' dir='ltr'><strong>sunt</strong></span> <span class='ocrx_word' id='word_1_445' title='bbox 689 4048 1137 4117; x_wconf 85' lang='lat' dir='ltr'><strong>repromissioues</strong></span> <span class='ocrx_word' id='word_1_446' title='bbox 1168 4050 1584 4103; x_wconf 87' lang='lat' dir='ltr'><strong>custodientium</strong></span> <span class='ocrx_word' id='word_1_447' title='bbox 1614 4069 1768 4104; x_wconf 87' lang='lat' dir='ltr'><strong>man-</strong></span> 
     </span>
    </p>
   </div>
   <div class='ocr_carea' id='block_1_58' title="bbox 176 4133 1771 4205">
    <p class='ocr_par' dir='ltr' id='par_1_58' title="bbox 176 4133 1771 4205">
     <span class='ocr_line' id='line_1_58' title="bbox 176 4133 1771 4205; baseline -0.001 -16"><span class='ocrx_word' id='word_1_448' title='bbox 176 4138 311 4189; x_wconf 86' lang='lat' dir='ltr'><strong>dala</strong></span> <span class='ocrx_word' id='word_1_449' title='bbox 341 4136 456 4198; x_wconf 84' lang='lat' dir='ltr'><strong>Dei,</strong></span> <span class='ocrx_word' id='word_1_450' title='bbox 487 4145 541 4189; x_wconf 88' lang='lat' dir='ltr'><strong>et</strong></span> <span class='ocrx_word' id='word_1_451' title='bbox 569 4137 667 4190; x_wconf 90' lang='lat' dir='ltr'><strong>ista</strong></span> <span class='ocrx_word' id='word_1_452' title='bbox 700 4136 921 4203; x_wconf 76' lang='lat' dir='ltr'><strong>pranuia</strong></span> <span class='ocrx_word' id='word_1_453' title='bbox 953 4134 1276 4188; x_wconf 80' lang='lat' dir='ltr'><strong>futurorum.</strong></span> <span class='ocrx_word' id='word_1_454' title='bbox 1310 4133 1561 4205; x_wconf 35' lang='lat' dir='ltr'><strong>Gaudete,</strong></span> <span class='ocrx_word' id='word_1_455' title='bbox 1581 4136 1632 4188; x_wconf 89' lang='lat' dir='ltr'><strong>in</strong></span> <span class='ocrx_word' id='word_1_456' title='bbox 1670 4136 1771 4188; x_wconf 84' lang='lat' dir='ltr'><strong>Do-</strong></span> 
     </span>
    </p>
   </div>
   <div class='ocr_carea' id='block_1_59' title="bbox 176 4225 1770 4296">
    <p class='ocr_par' dir='ltr' id='par_1_59' title="bbox 176 4225 1770 4296">
     <span class='ocr_line' id='line_1_59' title="bbox 176 4225 1770 4296; baseline 0 -15"><span class='ocrx_word' id='word_1_457' title='bbox 176 4229 370 4293; x_wconf 86' lang='lat' dir='ltr'><strong>mino;</strong></span> <span class='ocrx_word' id='word_1_458' title='bbox 404 4244 610 4280; x_wconf 88' lang='lat' dir='ltr'><strong>rursum</strong></span> <span class='ocrx_word' id='word_1_459' title='bbox 664 4228 803 4291; x_wconf 87' lang='lat' dir='ltr'><strong>dico,</strong></span> <span class='ocrx_word' id='word_1_460' title='bbox 852 4230 1074 4296; x_wconf 86' lang='lat' dir='ltr'><strong>gaudete</strong></span> <span class='ocrx_word' id='word_1_461' title='bbox 1110 4228 1174 4279; x_wconf 66' lang='grc' dir='ltr'><strong>δ’.</strong></span> <span class='ocrx_word' id='word_1_462' title='bbox 1232 4225 1469 4294; x_wconf 86' lang='lat' dir='ltr'><strong>Subjecti</strong></span> <span class='ocrx_word' id='word_1_463' title='bbox 1522 4227 1770 4282; x_wconf 83' lang='lat' dir='ltr'><strong>Putribus</strong></span> 
     </span>
    </p>
   </div>
   <div class='ocr_carea' id='block_1_60' title="bbox 174 4318 1767 4385">
    <p class='ocr_par' dir='ltr' id='par_1_60' title="bbox 174 4318 1767 4385">
     <span class='ocr_line' id='line_1_60' title="bbox 174 4318 1767 4385; baseline -0.001 -10"><span class='ocrx_word' id='word_1_464' title='bbox 174 4336 309 4375; x_wconf 85' lang='lat' dir='ltr'><strong>cum</strong></span> <span class='ocrx_word' id='word_1_465' title='bbox 334 4320 479 4374; x_wconf 89' lang='lat' dir='ltr'><strong>omni</strong></span> <span class='ocrx_word' id='word_1_466' title='bbox 514 4319 851 4385; x_wconf 88' lang='lat' dir='ltr'><strong>obedientia;</strong></span> <span class='ocrx_word' id='word_1_467' title='bbox 887 4321 1004 4374; x_wconf 87' lang='lat' dir='ltr'><strong>sine</strong></span> <span class='ocrx_word' id='word_1_468' title='bbox 1030 4318 1549 4373; x_wconf 84' lang='lat' dir='ltr'><strong>murmuratiouibus</strong></span> <span class='ocrx_word' id='word_1_469' title='bbox 1580 4331 1635 4372; x_wconf 87' lang='lat' dir='ltr'><strong>et</strong></span> <span class='ocrx_word' id='word_1_470' title='bbox 1674 4334 1767 4373; x_wconf 63' lang='grc' dir='ltr'>σοι</span> 
     </span>
    </p>
   </div>
   <div class='ocr_carea' id='block_1_61' title="bbox 176 4411 1769 4483">
    <p class='ocr_par' dir='ltr' id='par_1_61' title="bbox 176 4411 1769 4483">
     <span class='ocr_line' id='line_1_61' title="bbox 176 4411 1769 4483; baseline -0.001 -17"><span class='ocrx_word' id='word_1_471' title='bbox 176 4411 545 4483; x_wconf 71' lang='lat' dir='ltr'><strong>gitationibus</strong></span> <span class='ocrx_word' id='word_1_472' title='bbox 595 4411 778 4476; x_wconf 86' lang='lat' dir='ltr'><strong>variis,</strong></span> <span class='ocrx_word' id='word_1_473' title='bbox 830 4411 1232 4479; x_wconf 86' lang='lat' dir='ltr'><strong>simplicitatem</strong></span> <span class='ocrx_word' id='word_1_474' title='bbox 1272 4411 1468 4466; x_wconf 68' lang='lat' dir='ltr'><strong>animae</strong></span> <span class='ocrx_word' id='word_1_475' title='bbox 1511 4412 1576 4465; x_wconf 88' lang='lat' dir='ltr'><strong>ad</strong></span> <span class='ocrx_word' id='word_1_476' title='bbox 1631 4414 1769 4465; x_wconf 87' lang='lat' dir='ltr'><strong>bona</strong></span> 
     </span>
    </p>
   </div>
   <div class='ocr_carea' id='block_1_62' title="bbox 175 4504 1767 4575">
    <p class='ocr_par' dir='ltr' id='par_1_62' title="bbox 175 4504 1767 4575">
     <span class='ocr_line' id='line_1_62' title="bbox 175 4504 1767 4575; baseline 0.001 -20"><span class='ocrx_word' id='word_1_477' title='bbox 175 4520 353 4573; x_wconf 86' lang='lat' dir='ltr'><strong>opera</strong></span> <span class='ocrx_word' id='word_1_478' title='bbox 394 4504 750 4575; x_wconf 82' lang='lat' dir='ltr'><strong>perferentes,</strong></span> <span class='ocrx_word' id='word_1_479' title='bbox 777 4514 832 4557; x_wconf 91' lang='lat' dir='ltr'><strong>ut</strong></span> <span class='ocrx_word' id='word_1_480' title='bbox 863 4504 1003 4573; x_wconf 87' lang='lat' dir='ltr'><strong>pleni</strong></span> <span class='ocrx_word' id='word_1_481' title='bbox 1039 4504 1325 4558; x_wconf 77' lang='lat' dir='ltr'><strong>virtutibus</strong></span> <span class='ocrx_word' id='word_1_482' title='bbox 1353 4514 1406 4557; x_wconf 88' lang='lat' dir='ltr'><strong>et</strong></span> <span class='ocrx_word' id='word_1_483' title='bbox 1435 4505 1628 4558; x_wconf 88' lang='lat' dir='ltr'><strong>timore</strong></span> <span class='ocrx_word' id='word_1_484' title='bbox 1654 4504 1767 4569; x_wconf 88' lang='lat' dir='ltr'><strong>Dei,</strong></span> 
     </span>
    </p>
   </div>
   <div class='ocr_carea' id='block_1_63' title="bbox 173 4595 1767 4667">
    <p class='ocr_par' dir='ltr' id='par_1_63' title="bbox 173 4595 1767 4667">
     <span class='ocr_line' id='line_1_63' title="bbox 173 4595 1767 4667; baseline -0.003 -16"><span class='ocrx_word' id='word_1_485' title='bbox 173 4596 335 4667; x_wconf 76' lang='lat' dir='ltr'><strong>digni</strong></span> <span class='ocrx_word' id='word_1_486' title='bbox 360 4596 667 4651; x_wconf 83' lang='lat' dir='ltr'><strong>elliciamini</strong></span> <span class='ocrx_word' id='word_1_487' title='bbox 693 4597 979 4665; x_wconf 90' lang='lat' dir='ltr'><strong>adoptione</strong></span> <span class='ocrx_word' id='word_1_488' title='bbox 1012 4596 1123 4650; x_wconf 90' lang='lat' dir='ltr'><strong>Dei.</strong></span> <span class='ocrx_word' id='word_1_489' title='bbox 1144 4595 1376 4663; x_wconf 80' lang='lat' dir='ltr'><strong>Arripite</strong></span> <span class='ocrx_word' id='word_1_490' title='bbox 1398 4605 1601 4649; x_wconf 84' lang='lat' dir='ltr'><strong>scutum</strong></span> <span class='ocrx_word' id='word_1_491' title='bbox 1621 4596 1767 4664; x_wconf 77' lang='lat' dir='ltr'><strong>ﬁdei,</strong></span> 
     </span>
    </p>
   </div>
   <div class='ocr_carea' id='block_1_64' title="bbox 175 4686 1769 4758">
    <p class='ocr_par' dir='ltr' id='par_1_64' title="bbox 175 4686 1769 4758">
     <span class='ocr_line' id='line_1_64' title="bbox 175 4686 1769 4758; baseline -0.001 -16"><span class='ocrx_word' id='word_1_492' title='bbox 175 4692 231 4743; x_wconf 88' lang='lat' dir='ltr'><strong>in</strong></span> <span class='ocrx_word' id='word_1_493' title='bbox 284 4705 395 4758; x_wconf 86' lang='lat' dir='ltr'><strong>quo</strong></span> <span class='ocrx_word' id='word_1_494' title='bbox 438 4688 647 4755; x_wconf 85' lang='lat' dir='ltr'><strong>possitis</strong></span> <span class='ocrx_word' id='word_1_495' title='bbox 686 4704 864 4742; x_wconf 87' lang='lat' dir='ltr'><strong>onmes</strong></span> <span class='ocrx_word' id='word_1_496' title='bbox 907 4690 1130 4757; x_wconf 82' lang='lat' dir='ltr'><strong>sagittas</strong></span> <span class='ocrx_word' id='word_1_497' title='bbox 1168 4686 1369 4739; x_wconf 87' lang='lat' dir='ltr'><strong>diaboli</strong></span> <span class='ocrx_word' id='word_1_498' title='bbox 1412 4689 1652 4740; x_wconf 82' lang='lat' dir='ltr'><strong>ardentes</strong></span> <span class='ocrx_word' id='word_1_499' title='bbox 1687 4704 1769 4740; x_wconf 81' lang='lat' dir='ltr'><strong>re-</strong></span> 
     </span>
    </p>
   </div>
   <div class='ocr_carea' id='block_1_65' title="bbox 172 4780 1768 4850">
    <p class='ocr_par' dir='ltr' id='par_1_65' title="bbox 172 4780 1768 4850">
     <span class='ocr_line' id='line_1_65' title="bbox 172 4780 1768 4850; baseline -0.002 -14"><span class='ocrx_word' id='word_1_500' title='bbox 172 4781 488 4849; x_wconf 84' lang='lat' dir='ltr'><strong>stinguere,</strong></span> <span class='ocrx_word' id='word_1_501' title='bbox 542 4791 587 4834; x_wconf 88' lang='lat' dir='ltr'><strong>et</strong></span> <span class='ocrx_word' id='word_1_502' title='bbox 642 4780 873 4850; x_wconf 84' lang='lat' dir='ltr'><strong>gladium</strong></span> <span class='ocrx_word' id='word_1_503' title='bbox 933 4782 1179 4848; x_wconf 86' lang='lat' dir='ltr'><strong>spiritus,</strong></span> <span class='ocrx_word' id='word_1_504' title='bbox 1237 4781 1375 4849; x_wconf 87' lang='lat' dir='ltr'><strong>quod</strong></span> <span class='ocrx_word' id='word_1_505' title='bbox 1425 4790 1502 4833; x_wconf 78' lang='lat' dir='ltr'><strong>est</strong></span> <span class='ocrx_word' id='word_1_506' title='bbox 1558 4780 1768 4834; x_wconf 88' lang='lat' dir='ltr'><strong>verbum</strong></span> 
     </span>
    </p>
   </div>
   <div class='ocr_carea' id='block_1_66' title="bbox 179 4867 1765 4939">
    <p class='ocr_par' dir='ltr' id='par_1_66' title="bbox 179 4867 1765 4939">
     <span class='ocr_line' id='line_1_66' title="bbox 179 4867 1765 4939; baseline 0.002 -17"><span class='ocrx_word' id='word_1_507' title='bbox 179 4867 284 4922; x_wconf 87' lang='lat' dir='ltr'><strong>Dei</strong></span> <span class='ocrx_word' id='word_1_508' title='bbox 322 4868 390 4920; x_wconf 79' lang='lat'><strong>&quot;.</strong></span> <span class='ocrx_word' id='word_1_509' title='bbox 439 4867 616 4922; x_wconf 85' lang='lat' dir='ltr'><strong>Estote</strong></span> <span class='ocrx_word' id='word_1_510' title='bbox 639 4872 922 4937; x_wconf 82' lang='lat' dir='ltr'><strong>prudentes</strong></span> <span class='ocrx_word' id='word_1_511' title='bbox 956 4870 1088 4923; x_wconf 79' lang='lat' dir='ltr'><strong>sicut</strong></span> <span class='ocrx_word' id='word_1_512' title='bbox 1127 4880 1408 4935; x_wconf 85' lang='lat' dir='ltr'><strong>serpentes,</strong></span> <span class='ocrx_word' id='word_1_513' title='bbox 1442 4872 1765 4939; x_wconf 81' lang='lat' dir='ltr'><strong>etsimplices</strong></span> 
     </span>
    </p>
   </div>
   <div class='ocr_carea' id='block_1_67' title="bbox 171 4961 1766 5031">
    <p class='ocr_par' dir='ltr' id='par_1_67' title="bbox 171 4961 1766 5031">
     <span class='ocr_line' id='line_1_67' title="bbox 171 4961 1766 5031; baseline 0.001 -17"><span class='ocrx_word' id='word_1_514' title='bbox 171 4963 321 5016; x_wconf 79' lang='lat' dir='ltr'><strong>sicut</strong></span> <span class='ocrx_word' id='word_1_515' title='bbox 358 4961 615 5017; x_wconf 74' lang='lat' dir='ltr'><strong>columba:</strong></span> <span class='ocrx_word' id='word_1_516' title='bbox 637 4962 703 5015; x_wconf 75' lang='lat'><strong>“.</strong></span> <span class='ocrx_word' id='word_1_517' title='bbox 735 4963 933 5017; x_wconf 86' lang='lat' dir='ltr'><strong>Audite</strong></span> <span class='ocrx_word' id='word_1_518' title='bbox 981 4961 1202 5015; x_wconf 78' lang='lat' dir='ltr'><strong>Paulum</strong></span> <span class='ocrx_word' id='word_1_519' title='bbox 1237 4961 1577 5031; x_wconf 88' lang='lat' dir='ltr'><strong>loquentem:</strong></span> <span class='ocrx_word' id='word_1_520' title='bbox 1612 4962 1766 5029; x_wconf 85' lang='lat' dir='ltr'><strong>Filii,</strong></span> 
     </span>
    </p>
   </div>
   <div class='ocr_carea' id='block_1_68' title="bbox 172 5052 1767 5122">
    <p class='ocr_par' dir='ltr' id='par_1_68' title="bbox 172 5052 1767 5122">
     <span class='ocr_line' id='line_1_68' title="bbox 172 5052 1767 5122; baseline 0.001 -16"><span class='ocrx_word' id='word_1_521' title='bbox 172 5053 391 5106; x_wconf 83' lang='lat' dir='ltr'><strong>obedite</strong></span> <span class='ocrx_word' id='word_1_522' title='bbox 417 5054 719 5119; x_wconf 84' lang='lat' dir='ltr'><strong>parentibus</strong></span> <span class='ocrx_word' id='word_1_523' title='bbox 744 5053 811 5118; x_wconf 82' lang='lat'><strong>“,</strong></span> <span class='ocrx_word' id='word_1_524' title='bbox 830 5063 885 5109; x_wconf 88' lang='lat' dir='ltr'><strong>et</strong></span> <span class='ocrx_word' id='word_1_525' title='bbox 912 5053 1182 5122; x_wconf 82' lang='lat' dir='ltr'><strong>possidete</strong></span> <span class='ocrx_word' id='word_1_526' title='bbox 1206 5052 1433 5109; x_wconf 79' lang='lat' dir='ltr'><strong>salutem</strong></span> <span class='ocrx_word' id='word_1_527' title='bbox 1468 5053 1767 5108; x_wconf 88' lang='lat' dir='ltr'><strong>animarum</strong></span> 
     </span>
    </p>
   </div>
   <div class='ocr_carea' id='block_1_69' title="bbox 172 5142 1767 5213">
    <p class='ocr_par' dir='ltr' id='par_1_69' title="bbox 172 5142 1767 5213">
     <span class='ocr_line' id='line_1_69' title="bbox 172 5142 1767 5213; baseline 0.003 -21"><span class='ocrx_word' id='word_1_528' title='bbox 172 5152 491 5197; x_wconf 73' lang='lat' dir='ltr'><strong>vestrarum</strong></span> <span class='ocrx_word' id='word_1_529' title='bbox 536 5156 631 5211; x_wconf 91' lang='lat' dir='ltr'><strong>per</strong></span> <span class='ocrx_word' id='word_1_530' title='bbox 673 5158 768 5197; x_wconf 89' lang='lat' dir='ltr'><strong>eos</strong></span> <span class='ocrx_word' id='word_1_531' title='bbox 800 5143 891 5212; x_wconf 91' lang='lat' dir='ltr'><strong>qui</strong></span> <span class='ocrx_word' id='word_1_532' title='bbox 934 5142 1084 5197; x_wconf 87' lang='lat' dir='ltr'><strong>vobis</strong></span> <span class='ocrx_word' id='word_1_533' title='bbox 1126 5142 1395 5213; x_wconf 67' lang='lat' dir='ltr'><strong>praepositi</strong></span> <span class='ocrx_word' id='word_1_534' title='bbox 1439 5152 1583 5197; x_wconf 90' lang='lat' dir='ltr'><strong>sunt.</strong></span> <span class='ocrx_word' id='word_1_535' title='bbox 1620 5145 1684 5198; x_wconf 88' lang='lat' dir='ltr'><strong>Et</strong></span> <span class='ocrx_word' id='word_1_536' title='bbox 1716 5144 1767 5197; x_wconf 90' lang='lat' dir='ltr'><strong>in</strong></span> 
     </span>
    </p>
   </div>
   <div class='ocr_carea' id='block_1_70' title="bbox 166 5234 1765 5304">
    <p class='ocr_par' dir='ltr' id='par_1_70' title="bbox 166 5234 1765 5304">
     <span class='ocr_line' id='line_1_70' title="bbox 166 5234 1765 5304; baseline -0.001 -17"><span class='ocrx_word' id='word_1_537' title='bbox 166 5234 287 5289; x_wconf 87' lang='lat' dir='ltr'><strong>alio</strong></span> <span class='ocrx_word' id='word_1_538' title='bbox 320 5248 542 5302; x_wconf 89' lang='lat' dir='ltr'><strong>quoque</strong></span> <span class='ocrx_word' id='word_1_539' title='bbox 574 5234 692 5288; x_wconf 92' lang='lat' dir='ltr'><strong>loco</strong></span> <span class='ocrx_word' id='word_1_540' title='bbox 719 5235 980 5304; x_wconf 87' lang='lat' dir='ltr'><strong>scriptum</strong></span> <span class='ocrx_word' id='word_1_541' title='bbox 1009 5244 1091 5289; x_wconf 88' lang='lat' dir='ltr'><strong>est</strong></span> <span class='ocrx_word' id='word_1_542' title='bbox 1118 5249 1132 5286; x_wconf 91' lang='lat'><strong>:</strong></span> <span class='ocrx_word' id='word_1_543' title='bbox 1171 5235 1489 5304; x_wconf 84' lang='lat' dir='ltr'><strong>Acquiescite</strong></span> <span class='ocrx_word' id='word_1_544' title='bbox 1512 5236 1765 5303; x_wconf 83' lang='lat' dir='ltr'><strong>principi-</strong></span> 
     </span>
    </p>
   </div>
   <div class='ocr_carea' id='block_1_71' title="bbox 168 5322 1766 5392">
    <p class='ocr_par' dir='ltr' id='par_1_71' title="bbox 168 5322 1766 5392">
     <span class='ocr_line' id='line_1_71' title="bbox 168 5322 1766 5392; baseline 0.001 -16"><span class='ocrx_word' id='word_1_545' title='bbox 168 5323 275 5376; x_wconf 85' lang='lat' dir='ltr'><strong>bus</strong></span> <span class='ocrx_word' id='word_1_546' title='bbox 310 5324 499 5377; x_wconf 90' lang='lat' dir='ltr'><strong>vestris</strong></span> <span class='ocrx_word' id='word_1_547' title='bbox 529 5333 577 5376; x_wconf 91' lang='lat' dir='ltr'><strong>et</strong></span> <span class='ocrx_word' id='word_1_548' title='bbox 600 5323 946 5392; x_wconf 79' lang='lat' dir='ltr'><strong>subjicimini,</strong></span> <span class='ocrx_word' id='word_1_549' title='bbox 972 5325 1095 5391; x_wconf 89' lang='lat' dir='ltr'><strong>quia</strong></span> <span class='ocrx_word' id='word_1_550' title='bbox 1125 5322 1225 5391; x_wconf 87' lang='lat' dir='ltr'><strong>ipsi</strong></span> <span class='ocrx_word' id='word_1_551' title='bbox 1260 5324 1476 5392; x_wconf 85' lang='lat' dir='ltr'><strong>vigilant</strong></span> <span class='ocrx_word' id='word_1_552' title='bbox 1530 5340 1621 5391; x_wconf 85' lang='lat' dir='ltr'><strong>pro</strong></span> <span class='ocrx_word' id='word_1_553' title='bbox 1650 5326 1766 5377; x_wconf 91' lang='lat' dir='ltr'><strong>ani-</strong></span> 
     </span>
    </p>
   </div>
   <div class='ocr_carea' id='block_1_72' title="bbox 166 5410 1767 5479">
    <p class='ocr_par' dir='ltr' id='par_1_72' title="bbox 166 5410 1767 5479">
     <span class='ocr_line' id='line_1_72' title="bbox 166 5410 1767 5479; baseline 0.002 -15"><span class='ocrx_word' id='word_1_554' title='bbox 166 5410 374 5464; x_wconf 85' lang='lat' dir='ltr'><strong>mabus</strong></span> <span class='ocrx_word' id='word_1_555' title='bbox 424 5413 638 5473; x_wconf 83' lang='lat' dir='ltr'><strong>vestris,</strong></span> <span class='ocrx_word' id='word_1_556' title='bbox 692 5412 946 5463; x_wconf 84' lang='lat' dir='ltr'><strong>rationem</strong></span> <span class='ocrx_word' id='word_1_557' title='bbox 988 5412 1259 5466; x_wconf 82' lang='lat' dir='ltr'><strong>reddentes</strong></span> <span class='ocrx_word' id='word_1_558' title='bbox 1302 5430 1396 5479; x_wconf 81' lang='lat' dir='ltr'><strong>pro</strong></span> <span class='ocrx_word' id='word_1_559' title='bbox 1430 5416 1567 5466; x_wconf 78' lang='lat' dir='ltr'><strong>vobis</strong></span> <span class='ocrx_word' id='word_1_560' title='bbox 1596 5414 1662 5467; x_wconf 56' lang='grc' dir='ltr'><strong>Μ.</strong></span> <span class='ocrx_word' id='word_1_561' title='bbox 1702 5417 1767 5469; x_wconf 66' lang='lat' dir='ltr'><strong>lit</strong></span> 
     </span>
    </p>
   </div>
   <div class='ocr_carea' id='block_1_73' title="bbox 240 5615 1425 5687">
    <p class='ocr_par' dir='ltr' id='par_1_73' title="bbox 240 5615 1425 5687">
     <span class='ocr_line' id='line_1_73' title="bbox 240 5615 1425 5687; baseline 0 -17"><span class='ocrx_word' id='word_1_562' title='bbox 240 5621 290 5652; x_wconf 78' lang='grc'><strong>⁸⁷</strong></span> <span class='ocrx_word' id='word_1_563' title='bbox 316 5616 474 5671; x_wconf 76' lang='lat' dir='ltr'><strong>Joan.</strong></span> <span class='ocrx_word' id='word_1_564' title='bbox 506 5615 856 5687; x_wconf 10' lang='lat' dir='ltr'><strong>“adii-£77.77</strong></span> <span class='ocrx_word' id='word_1_565' title='bbox 908 5615 1142 5675; x_wconf 74' lang='lat' dir='ltr'><strong>&quot;-Joau.</strong></span> <span class='ocrx_word' id='word_1_566' title='bbox 1178 5633 1305 5679; x_wconf 80' lang='lat' dir='ltr'><strong>xvu.</strong></span> <span class='ocrx_word' id='word_1_567' title='bbox 1336 5618 1425 5687; x_wconf 53' lang='grc' dir='ltr'><strong>ξι.</strong></span> 
     </span>
    </p>
   </div>
   <div class='ocr_carea' id='block_1_74' title="bbox 166 5686 1363 5753">
    <p class='ocr_par' dir='ltr' id='par_1_74' title="bbox 166 5686 1363 5753">
     <span class='ocr_line' id='line_1_74' title="bbox 166 5686 1363 5753; baseline 0.021 -37"><span class='ocrx_word' id='word_1_568' title='bbox 166 5688 215 5717; x_wconf 73' lang='grc' dir='ltr'><strong><em>ω</em></strong></span> <span class='ocrx_word' id='word_1_569' title='bbox 250 5690 490 5753; x_wconf 58' lang='lat' dir='ltr'><strong>pinum),</strong></span> <span class='ocrx_word' id='word_1_570' title='bbox 519 5702 590 5749; x_wconf 75' lang='lat' dir='ltr'><strong>iv,</strong></span> <span class='ocrx_word' id='word_1_571' title='bbox 616 5686 667 5737; x_wconf 66' lang='grc'><strong>4.</strong></span> <span class='ocrx_word' id='word_1_572' title='bbox 746 5686 790 5716; x_wconf 75' lang='grc'><strong>⁸³</strong></span> <span class='ocrx_word' id='word_1_573' title='bbox 820 5686 994 5752; x_wconf 75' lang='lat' dir='ltr'><strong>pres</strong></span> <span class='ocrx_word' id='word_1_574' title='bbox 1049 5703 1120 5749; x_wconf 72' lang='lat' dir='ltr'><strong>vr,</strong></span> <span class='ocrx_word' id='word_1_575' title='bbox 1163 5688 1242 5748; x_wconf 84' lang='lat' dir='ltr'><strong>I6,</strong></span> <span class='ocrx_word' id='word_1_576' title='bbox 1276 5686 1363 5741; x_wconf 71' lang='lat' dir='ltr'><strong>i7.</strong></span> 
     </span>
    </p>
   </div>
   <div class='ocr_carea' id='block_1_75' title="bbox 168 5754 1630 5825">
    <p class='ocr_par' dir='ltr' id='par_1_75' title="bbox 168 5754 1630 5825">
     <span class='ocr_line' id='line_1_75' title="bbox 168 5754 1630 5825; baseline -0.003 -10"><span class='ocrx_word' id='word_1_577' title='bbox 168 5760 363 5825; x_wconf 58' lang='lat' dir='ltr'><strong>nuit}.</strong></span> <span class='ocrx_word' id='word_1_578' title='bbox 395 5757 477 5809; x_wconf 77' lang='lat'><strong>17.</strong></span> <span class='ocrx_word' id='word_1_579' title='bbox 585 5756 630 5786; x_wconf 71' lang='grc' dir='ltr'><strong>ε³</strong></span> <span class='ocrx_word' id='word_1_580' title='bbox 653 5754 847 5819; x_wconf 74' lang='lat' dir='ltr'><strong>Epltes.</strong></span> <span class='ocrx_word' id='word_1_581' title='bbox 885 5770 955 5818; x_wconf 78' lang='lat' dir='ltr'><strong>IV,</strong></span> <span class='ocrx_word' id='word_1_582' title='bbox 984 5758 1071 5810; x_wconf 80' lang='grc'><strong>50.</strong></span> <span class='ocrx_word' id='word_1_583' title='bbox 1177 5758 1220 5789; x_wconf 81' lang='grc'><strong>⁶⁹</strong></span> <span class='ocrx_word' id='word_1_584' title='bbox 1251 5756 1409 5811; x_wconf 84' lang='lat' dir='ltr'><strong>Cant.</strong></span> <span class='ocrx_word' id='word_1_585' title='bbox 1442 5776 1511 5821; x_wconf 80' lang='lat' dir='ltr'><strong>tv.</strong></span> <span class='ocrx_word' id='word_1_586' title='bbox 1544 5760 1630 5812; x_wconf 74' lang='grc'><strong>12.</strong></span> 
     </span>
    </p>
   </div>
   <div class='ocr_carea' id='block_1_76' title="bbox 165 5825 1677 5890">
    <p class='ocr_par' dir='ltr' id='par_1_76' title="bbox 165 5825 1677 5890">
     <span class='ocr_line' id='line_1_76' title="bbox 165 5825 1677 5890; baseline 0.001 -12"><span class='ocrx_word' id='word_1_587' title='bbox 165 5830 184 5884; x_wconf 83' lang='grc' dir='ltr'><strong>ι</strong></span> <span class='ocrx_word' id='word_1_588' title='bbox 222 5832 362 5885; x_wconf 71' lang='lat' dir='ltr'><strong>Cur.</strong></span> <span class='ocrx_word' id='word_1_589' title='bbox 390 5842 478 5888; x_wconf 76' lang='lat' dir='ltr'><strong>xv,</strong></span> <span class='ocrx_word' id='word_1_590' title='bbox 686 5825 730 5854; x_wconf 72' lang='grc'><strong>⁷³</strong></span> <span class='ocrx_word' id='word_1_591' title='bbox 767 5825 921 5877; x_wconf 80' lang='lat' dir='ltr'><strong>Rom.</strong></span> <span class='ocrx_word' id='word_1_592' title='bbox 952 5842 1021 5889; x_wconf 87' lang='lat' dir='ltr'><strong>vt,</strong></span> <span class='ocrx_word' id='word_1_593' title='bbox 1065 5827 1115 5879; x_wconf 83' lang='lat'><strong>9.</strong></span> <span class='ocrx_word' id='word_1_594' title='bbox 1205 5827 1251 5857; x_wconf 69' lang='lat'><strong>7&quot;</strong></span> <span class='ocrx_word' id='word_1_595' title='bbox 1287 5826 1439 5883; x_wconf 84' lang='lat' dir='ltr'><strong>Rom.</strong></span> <span class='ocrx_word' id='word_1_596' title='bbox 1472 5844 1588 5890; x_wconf 88' lang='lat' dir='ltr'><strong>vnt,</strong></span> <span class='ocrx_word' id='word_1_597' title='bbox 1627 5832 1677 5884; x_wconf 69' lang='grc'>4,</span> 
     </span>
    </p>
   </div>
   <div class='ocr_carea' id='block_1_77' title="bbox 163 5895 1785 5965">
    <p class='ocr_par' dir='ltr' id='par_1_77' title="bbox 163 5895 1785 5965">
     <span class='ocr_line' id='line_1_77' title="bbox 163 5895 1785 5965; baseline 0.002 -13"><span class='ocrx_word' id='word_1_598' title='bbox 163 5896 635 5960; x_wconf 72' lang='lat' dir='ltr'><strong>&quot;tcor.x,tt.</strong></span> <span class='ocrx_word' id='word_1_599' title='bbox 714 5895 1357 5965; x_wconf 74' lang='lat' dir='ltr'><strong>&quot;l‘ro\&#39;.xxut,15,ili.</strong></span> <span class='ocrx_word' id='word_1_600' title='bbox 1465 5901 1507 5931; x_wconf 69' lang='grc' dir='ltr'>ευ</span> <span class='ocrx_word' id='word_1_601' title='bbox 1540 5903 1667 5955; x_wconf 83' lang='lat' dir='ltr'><strong>ibid.</strong></span> <span class='ocrx_word' id='word_1_602' title='bbox 1701 5903 1785 5956; x_wconf 85' lang='lat' dir='ltr'><strong>t7.</strong></span> 
     </span>
    </p>
   </div>
   <div class='ocr_carea' id='block_1_78' title="bbox 1532 5618 2019 5688">
    <p class='ocr_par' dir='ltr' id='par_1_78' title="bbox 1532 5618 2019 5688">
     <span class='ocr_line' id='line_1_78' title="bbox 1532 5618 2019 5688; baseline 0.008 -15"><span class='ocrx_word' id='word_1_603' title='bbox 1532 5620 1578 5649; x_wconf 69' lang='grc' dir='ltr'><strong>δ’</strong></span> <span class='ocrx_word' id='word_1_604' title='bbox 1608 5618 1761 5674; x_wconf 82' lang='lat' dir='ltr'><strong>Juan.</strong></span> <span class='ocrx_word' id='word_1_605' title='bbox 1811 5640 1905 5688; x_wconf 62' lang='grc' dir='ltr'>λιι,</span> <span class='ocrx_word' id='word_1_606' title='bbox 1934 5628 2019 5681; x_wconf 73' lang='lat'><strong>9.6.</strong></span> 
     </span>
    </p>
   </div>
   <div class='ocr_carea' id='block_1_79' title="bbox 1444 5690 2224 5822">
    <p class='ocr_par' dir='ltr' id='par_1_79' title="bbox 1444 5690 2224 5822">
     <span class='ocr_line' id='line_1_79' title="bbox 1444 5690 2224 5755; baseline 0.017 -16"><span class='ocrx_word' id='word_1_607' title='bbox 1444 5690 1488 5727; x_wconf 62' lang='lat' dir='ltr'><strong>“it</strong></span> <span class='ocrx_word' id='word_1_608' title='bbox 1512 5690 1701 5744; x_wconf 80' lang='lat' dir='ltr'><strong>Matth.</strong></span> <span class='ocrx_word' id='word_1_609' title='bbox 1734 5709 1785 5750; x_wconf 69' lang='grc' dir='ltr'><strong>κ.</strong></span> <span class='ocrx_word' id='word_1_610' title='bbox 1818 5696 1901 5749; x_wconf 76' lang='lat' dir='ltr'><strong>lli.</strong></span> <span class='ocrx_word' id='word_1_611' title='bbox 2002 5700 2046 5729; x_wconf 76' lang='lat'><strong>“</strong></span> <span class='ocrx_word' id='word_1_612' title='bbox 2077 5701 2224 5755; x_wconf 64' lang='lat' dir='ltr'><strong>(lolos</strong></span> 
     </span>
     <span class='ocr_line' id='line_1_80' title="bbox 1444 5760 2224 5822; baseline 0.013 -9"><span class='ocrx_word' id='word_1_613' title='bbox 1444 5776 1511 5821; x_wconf 85' lang='lat' dir='ltr'><strong>Iv.</strong></span> <span class='ocrx_word' id='word_1_614' title='bbox 1544 5760 1630 5812; x_wconf 74' lang='grc'><strong>12.</strong></span> <span class='ocrx_word' id='word_1_615' title='bbox 1774 5766 1817 5794; x_wconf 83' lang='grc'><strong>⁷⁰</strong></span> <span class='ocrx_word' id='word_1_616' title='bbox 1846 5764 1862 5817; x_wconf 92' lang='lat' dir='ltr'><strong>l</strong></span> <span class='ocrx_word' id='word_1_617' title='bbox 1890 5766 2040 5822; x_wconf 72' lang='lat' dir='ltr'><strong>Joan.</strong></span> <span class='ocrx_word' id='word_1_618' title='bbox 2074 5786 2156 5822; x_wconf 90' lang='grc' dir='ltr'>ιιι.</span> <span class='ocrx_word' id='word_1_619' title='bbox 2192 5772 2224 5822; x_wconf 85' lang='grc'><strong>9</strong></span> 
     </span>
    </p>
   </div>
   <div class='ocr_carea' id='block_1_80' title="bbox 1758 5786 2244 5891">
    <p class='ocr_par' dir='ltr' id='par_1_80' title="bbox 1758 5786 2244 5891">
     <span class='ocr_line' id='line_1_81' title="bbox 1778 5786 2244 5829; baseline 0.011 -9"><span class='ocrx_word' id='word_1_620' title='bbox 1778 5786 1816 5794; x_wconf 75' lang='grc' dir='ltr'><strong>’ν</strong></span> <span class='ocrx_word' id='word_1_621' title='bbox 1846 5786 1862 5817; x_wconf 92' lang='grc' dir='ltr'><strong>ι</strong></span> <span class='ocrx_word' id='word_1_622' title='bbox 1890 5786 2040 5822; x_wconf 65' lang='lat' dir='ltr'><strong>anan.</strong></span> <span class='ocrx_word' id='word_1_623' title='bbox 2074 5786 2156 5829; x_wconf 85' lang='grc' dir='ltr'>ιιι.</span> <span class='ocrx_word' id='word_1_624' title='bbox 2192 5786 2244 5825; x_wconf 67' lang='grc' dir='ltr'><strong>υ.</strong></span> 
     </span>
     <span class='ocr_line' id='line_1_82' title="bbox 1758 5834 2244 5891; baseline 0.008 -4"><span class='ocrx_word' id='word_1_625' title='bbox 1758 5834 1801 5863; x_wconf 87' lang='grc'><strong>⁷⁸</strong></span> <span class='ocrx_word' id='word_1_626' title='bbox 1827 5836 1952 5889; x_wconf 85' lang='lat' dir='ltr'><strong>ibid.</strong></span> <span class='ocrx_word' id='word_1_627' title='bbox 1983 5839 2033 5891; x_wconf 82' lang='lat'><strong>9.</strong></span> <span class='ocrx_word' id='word_1_628' title='bbox 2133 5842 2176 5871; x_wconf 80' lang='grc'><strong>⁷⁸</strong></span> <span class='ocrx_word' id='word_1_629' title='bbox 2214 5843 2244 5891; x_wconf 72' lang='lat'><strong>.\.</strong></span> 
     </span>
    </p>
   </div>
   <div class='ocr_carea' id='block_1_81' title="bbox 1889 2029 3469 2101">
    <p class='ocr_par' dir='ltr' id='par_1_81' title="bbox 1889 2029 3469 2101">
     <span class='ocr_line' id='line_1_83' title="bbox 1889 2029 3469 2101; baseline 0.002 -18"><span class='ocrx_word' id='word_1_630' title='bbox 1889 2029 2129 2084; x_wconf 89' lang='lat' dir='ltr'><strong>rabimus</strong></span> <span class='ocrx_word' id='word_1_631' title='bbox 2150 2044 2292 2098; x_wconf 89' lang='lat' dir='ltr'><strong>eam,</strong></span> <span class='ocrx_word' id='word_1_632' title='bbox 2324 2040 2379 2084; x_wconf 87' lang='lat' dir='ltr'><strong>et</strong></span> <span class='ocrx_word' id='word_1_633' title='bbox 2402 2029 2612 2085; x_wconf 89' lang='lat' dir='ltr'><strong>dicetur</strong></span> <span class='ocrx_word' id='word_1_634' title='bbox 2637 2030 2791 2085; x_wconf 89' lang='lat' dir='ltr'><strong>nobis</strong></span> <span class='ocrx_word' id='word_1_635' title='bbox 2819 2048 2832 2085; x_wconf 90' lang='lat'><strong>:</strong></span> <span class='ocrx_word' id='word_1_636' title='bbox 2872 2030 3013 2085; x_wconf 78' lang='lat' dir='ltr'><strong>Jtors</strong></span> <span class='ocrx_word' id='word_1_637' title='bbox 3035 2032 3108 2086; x_wconf 88' lang='lat' dir='ltr'><strong>eis</strong></span> <span class='ocrx_word' id='word_1_638' title='bbox 3136 2049 3469 2101; x_wconf 86' lang='lat' dir='ltr'><strong>nequaquam</strong></span> 
     </span>
    </p>
   </div>
   <div class='ocr_carea' id='block_1_82' title="bbox 1882 2120 3470 2191">
    <p class='ocr_par' dir='ltr' id='par_1_82' title="bbox 1882 2120 3470 2191">
     <span class='ocr_line' id='line_1_84' title="bbox 1882 2120 3470 2191; baseline 0.003 -16"><span class='ocrx_word' id='word_1_639' title='bbox 1882 2120 2247 2190; x_wconf 81' lang='lat' dir='ltr'><strong>dominabitur</strong></span> <span class='ocrx_word' id='word_1_640' title='bbox 2271 2121 2338 2176; x_wconf 79' lang='lat'><strong>&quot;2</strong></span> <span class='ocrx_word' id='word_1_641' title='bbox 2375 2120 2629 2191; x_wconf 86' lang='lat' dir='ltr'><strong>quoniam</strong></span> <span class='ocrx_word' id='word_1_642' title='bbox 2677 2137 2822 2177; x_wconf 89' lang='lat' dir='ltr'><strong>mors</strong></span> <span class='ocrx_word' id='word_1_643' title='bbox 2866 2136 2968 2191; x_wconf 87' lang='lat' dir='ltr'><strong>qua</strong></span> <span class='ocrx_word' id='word_1_644' title='bbox 3006 2133 3229 2191; x_wconf 85' lang='lat' dir='ltr'><strong>peccato</strong></span> <span class='ocrx_word' id='word_1_645' title='bbox 3271 2126 3470 2180; x_wconf 89' lang='lat' dir='ltr'><strong>mortui</strong></span> 
     </span>
    </p>
   </div>
   <div class='ocr_carea' id='block_1_83' title="bbox 1887 2212 3468 2286">
    <p class='ocr_par' dir='ltr' id='par_1_83' title="bbox 1887 2212 3468 2286">
     <span class='ocr_line' id='line_1_85' title="bbox 1887 2212 3468 2286; baseline 0.003 -20"><span class='ocrx_word' id='word_1_646' title='bbox 1887 2212 2054 2267; x_wconf 88' lang='lat' dir='ltr'><strong>semel</strong></span> <span class='ocrx_word' id='word_1_647' title='bbox 2085 2228 2297 2276; x_wconf 90' lang='lat' dir='ltr'><strong>sumus,</strong></span> <span class='ocrx_word' id='word_1_648' title='bbox 2342 2213 2396 2267; x_wconf 91' lang='lat' dir='ltr'><strong>in</strong></span> <span class='ocrx_word' id='word_1_649' title='bbox 2447 2212 2603 2269; x_wconf 87' lang='lat' dir='ltr'><strong>nobis</strong></span> <span class='ocrx_word' id='word_1_650' title='bbox 2638 2225 2848 2268; x_wconf 89' lang='lat' dir='ltr'><strong>mortua</strong></span> <span class='ocrx_word' id='word_1_651' title='bbox 2885 2225 2989 2286; x_wconf 82' lang='lat' dir='ltr'><strong>est,</strong></span> <span class='ocrx_word' id='word_1_652' title='bbox 3024 2226 3078 2270; x_wconf 92' lang='lat' dir='ltr'><strong>et</strong></span> <span class='ocrx_word' id='word_1_653' title='bbox 3117 2216 3221 2269; x_wconf 88' lang='lat' dir='ltr'><strong>vita</strong></span> <span class='ocrx_word' id='word_1_654' title='bbox 3271 2231 3376 2285; x_wconf 87' lang='lat' dir='ltr'><strong>qua</strong></span> <span class='ocrx_word' id='word_1_655' title='bbox 3414 2217 3468 2272; x_wconf 92' lang='lat' dir='ltr'><strong>iu</strong></span> 
     </span>
    </p>
   </div>
   <div class='ocr_carea' id='block_1_84' title="bbox 1884 2305 3468 2377">
    <p class='ocr_par' dir='ltr' id='par_1_84' title="bbox 1884 2305 3468 2377">
     <span class='ocr_line' id='line_1_86' title="bbox 1884 2305 3468 2377; baseline 0.003 -18"><span class='ocrx_word' id='word_1_656' title='bbox 1884 2305 2104 2361; x_wconf 86' lang='lat' dir='ltr'><strong>Christo</strong></span> <span class='ocrx_word' id='word_1_657' title='bbox 2154 2305 2423 2371; x_wconf 92' lang='lat' dir='ltr'><strong>vivimus,</strong></span> <span class='ocrx_word' id='word_1_658' title='bbox 2499 2321 2716 2377; x_wconf 73' lang='lat' dir='ltr'><strong>semper</strong></span> <span class='ocrx_word' id='word_1_659' title='bbox 2759 2307 3009 2363; x_wconf 85' lang='lat' dir='ltr'><strong>vivimus.</strong></span> <span class='ocrx_word' id='word_1_660' title='bbox 3056 2306 3158 2375; x_wconf 88' lang='lat' dir='ltr'><strong>Qui</strong></span> <span class='ocrx_word' id='word_1_661' title='bbox 3216 2307 3359 2361; x_wconf 89' lang='lat' dir='ltr'><strong>enim</strong></span> <span class='ocrx_word' id='word_1_662' title='bbox 3416 2308 3468 2363; x_wconf 87' lang='lat' dir='ltr'><strong>in</strong></span> 
     </span>
    </p>
   </div>
   <div class='ocr_carea' id='block_1_85' title="bbox 1886 2398 3469 2468">
    <p class='ocr_par' dir='ltr' id='par_1_85' title="bbox 1886 2398 3469 2468">
     <span class='ocr_line' id='line_1_87' title="bbox 1886 2398 3469 2468; baseline -0.001 -14"><span class='ocrx_word' id='word_1_663' title='bbox 1886 2414 2052 2454; x_wconf 88' lang='lat' dir='ltr'><strong>carne</strong></span> <span class='ocrx_word' id='word_1_664' title='bbox 2102 2400 2353 2463; x_wconf 84' lang='lat' dir='ltr'><strong>moritur,</strong></span> <span class='ocrx_word' id='word_1_665' title='bbox 2400 2398 2782 2466; x_wconf 80' lang='lat' dir='ltr'><strong>iustiﬁcabitur</strong></span> <span class='ocrx_word' id='word_1_666' title='bbox 2818 2416 2844 2452; x_wconf 88' lang='lat' dir='ltr'><strong>a</strong></span> <span class='ocrx_word' id='word_1_667' title='bbox 2888 2408 3110 2465; x_wconf 87' lang='lat' dir='ltr'><strong>peccato</strong></span> <span class='ocrx_word' id='word_1_668' title='bbox 3138 2399 3205 2454; x_wconf 76' lang='grc'><strong>⁷⁸.</strong></span> <span class='ocrx_word' id='word_1_669' title='bbox 3255 2398 3469 2468; x_wconf 86' lang='lat' dir='ltr'><strong>Nequa-</strong></span> 
     </span>
    </p>
   </div>
   <div class='ocr_carea' id='block_1_86' title="bbox 1884 2490 3469 2561">
    <p class='ocr_par' dir='ltr' id='par_1_86' title="bbox 1884 2490 3469 2561">
     <span class='ocr_line' id='line_1_88' title="bbox 1884 2490 3469 2561; baseline 0 -17"><span class='ocrx_word' id='word_1_670' title='bbox 1884 2506 2046 2561; x_wconf 89' lang='lat' dir='ltr'><strong>quam</strong></span> <span class='ocrx_word' id='word_1_671' title='bbox 2074 2490 2211 2545; x_wconf 88' lang='lat' dir='ltr'><strong>ultra</strong></span> <span class='ocrx_word' id='word_1_672' title='bbox 2242 2491 2485 2547; x_wconf 90' lang='lat' dir='ltr'><strong>vivamus</strong></span> <span class='ocrx_word' id='word_1_673' title='bbox 2515 2491 2568 2545; x_wconf 94' lang='lat' dir='ltr'><strong>in</strong></span> <span class='ocrx_word' id='word_1_674' title='bbox 2601 2491 2883 2555; x_wconf 80' lang='lat' dir='ltr'><strong>desideriis</strong></span> <span class='ocrx_word' id='word_1_675' title='bbox 2911 2492 3212 2555; x_wconf 89' lang='lat' dir='ltr'><strong>hominum,</strong></span> <span class='ocrx_word' id='word_1_676' title='bbox 3259 2494 3351 2546; x_wconf 89' lang='lat' dir='ltr'><strong>sed</strong></span> <span class='ocrx_word' id='word_1_677' title='bbox 3383 2508 3469 2544; x_wconf 88' lang='lat' dir='ltr'><strong>re-</strong></span> 
     </span>
    </p>
   </div>
   <div class='ocr_carea' id='block_1_87' title="bbox 1886 2582 3466 2654">
    <p class='ocr_par' dir='ltr' id='par_1_87' title="bbox 1886 2582 3466 2654">
     <span class='ocr_line' id='line_1_89' title="bbox 1886 2582 3466 2654; baseline 0.002 -18"><span class='ocrx_word' id='word_1_678' title='bbox 1886 2583 2085 2654; x_wconf 87' lang='lat' dir='ltr'><strong>liquam</strong></span> <span class='ocrx_word' id='word_1_679' title='bbox 2138 2582 2303 2637; x_wconf 85' lang='lat' dir='ltr'><strong>vitam</strong></span> <span class='ocrx_word' id='word_1_680' title='bbox 2354 2582 2407 2637; x_wconf 90' lang='lat' dir='ltr'><strong>in</strong></span> <span class='ocrx_word' id='word_1_681' title='bbox 2466 2583 2742 2637; x_wconf 82' lang='lat' dir='ltr'><strong>voluntate</strong></span> <span class='ocrx_word' id='word_1_682' title='bbox 2806 2584 2897 2639; x_wconf 87' lang='lat' dir='ltr'><strong>Dei</strong></span> <span class='ocrx_word' id='word_1_683' title='bbox 2958 2586 3295 2653; x_wconf 67' lang='lat' dir='ltr'><strong>evpleamus.</strong></span> <span class='ocrx_word' id='word_1_684' title='bbox 3362 2583 3466 2652; x_wconf 85' lang='lat' dir='ltr'><strong>Qui</strong></span> 
     </span>
    </p>
   </div>
   <div class='ocr_carea' id='block_1_88' title="bbox 1887 2675 3467 2743">
    <p class='ocr_par' dir='ltr' id='par_1_88' title="bbox 1887 2675 3467 2743">
     <span class='ocr_line' id='line_1_90' title="bbox 1887 2675 3467 2743; baseline 0.003 -13"><span class='ocrx_word' id='word_1_685' title='bbox 1887 2677 2088 2732; x_wconf 87' lang='lat' dir='ltr'><strong>timetis</strong></span> <span class='ocrx_word' id='word_1_686' title='bbox 2119 2675 2426 2743; x_wconf 89' lang='lat' dir='ltr'><strong>Dominum,</strong></span> <span class='ocrx_word' id='word_1_687' title='bbox 2469 2687 2676 2731; x_wconf 85' lang='lat' dir='ltr'><strong>armate</strong></span> <span class='ocrx_word' id='word_1_688' title='bbox 2706 2691 2801 2730; x_wconf 93' lang='lat' dir='ltr'><strong>vos</strong></span> <span class='ocrx_word' id='word_1_689' title='bbox 2851 2678 3118 2741; x_wconf 79' lang='lat' dir='ltr'><strong>castitate,</strong></span> <span class='ocrx_word' id='word_1_690' title='bbox 3171 2687 3228 2731; x_wconf 91' lang='lat' dir='ltr'><strong>ut</strong></span> <span class='ocrx_word' id='word_1_691' title='bbox 3275 2679 3467 2734; x_wconf 84' lang='lat' dir='ltr'><strong>audire</strong></span> 
     </span>
    </p>
   </div>
   <div class='ocr_carea' id='block_1_89' title="bbox 1891 2765 3467 2832">
    <p class='ocr_par' dir='ltr' id='par_1_89' title="bbox 1891 2765 3467 2832">
     <span class='ocr_line' id='line_1_91' title="bbox 1891 2765 3467 2832; baseline 0.003 -13"><span class='ocrx_word' id='word_1_692' title='bbox 1891 2766 2247 2820; x_wconf 88' lang='lat' dir='ltr'><strong>mereamini:</strong></span> <span class='ocrx_word' id='word_1_693' title='bbox 2292 2765 2393 2819; x_wconf 83' lang='lat' dir='ltr'><strong>Vos</strong></span> <span class='ocrx_word' id='word_1_694' title='bbox 2440 2776 2616 2820; x_wconf 86' lang='lat' dir='ltr'><strong>autem</strong></span> <span class='ocrx_word' id='word_1_695' title='bbox 2664 2784 2765 2821; x_wconf 86' lang='lat' dir='ltr'><strong>non</strong></span> <span class='ocrx_word' id='word_1_696' title='bbox 2807 2769 2929 2823; x_wconf 88' lang='lat' dir='ltr'><strong>estis</strong></span> <span class='ocrx_word' id='word_1_697' title='bbox 2980 2769 3034 2821; x_wconf 87' lang='lat' dir='ltr'><strong>in</strong></span> <span class='ocrx_word' id='word_1_698' title='bbox 3080 2786 3257 2832; x_wconf 80' lang='lat' dir='ltr'><strong>carne,</strong></span> <span class='ocrx_word' id='word_1_699' title='bbox 3292 2769 3380 2824; x_wconf 86' lang='lat' dir='ltr'><strong>sed</strong></span> <span class='ocrx_word' id='word_1_700' title='bbox 3413 2774 3467 2824; x_wconf 84' lang='lat' dir='ltr'><strong>in</strong></span> 
     </span>
    </p>
   </div>
   <div class='ocr_carea' id='block_1_90' title="bbox 1882 2857 3464 2929">
    <p class='ocr_par' dir='ltr' id='par_1_90' title="bbox 1882 2857 3464 2929">
     <span class='ocr_line' id='line_1_92' title="bbox 1882 2857 3464 2929; baseline 0.003 -17"><span class='ocrx_word' id='word_1_701' title='bbox 1882 2857 2151 2927; x_wconf 78' lang='lat' dir='ltr'><strong>spiritu&quot;.</strong></span> <span class='ocrx_word' id='word_1_702' title='bbox 2182 2858 2239 2911; x_wconf 85' lang='lat' dir='ltr'><strong>Et</strong></span> <span class='ocrx_word' id='word_1_703' title='bbox 2268 2857 2460 2913; x_wconf 90' lang='lat' dir='ltr'><strong>scitote</strong></span> <span class='ocrx_word' id='word_1_704' title='bbox 2483 2859 2624 2927; x_wconf 89' lang='lat' dir='ltr'><strong>quod</strong></span> <span class='ocrx_word' id='word_1_705' title='bbox 2652 2858 2908 2928; x_wconf 76' lang='lat' dir='ltr'><strong>perfectis</strong></span> <span class='ocrx_word' id='word_1_706' title='bbox 2943 2861 3184 2929; x_wconf 80' lang='lat' dir='ltr'><strong>perfecta</strong></span> <span class='ocrx_word' id='word_1_707' title='bbox 3220 2864 3464 2917; x_wconf 88' lang='lat' dir='ltr'><strong>tribuan-</strong></span> 
     </span>
    </p>
   </div>
   <div class='ocr_carea' id='block_1_91' title="bbox 1882 2949 3462 3021">
    <p class='ocr_par' dir='ltr' id='par_1_91' title="bbox 1882 2949 3462 3021">
     <span class='ocr_line' id='line_1_93' title="bbox 1882 2949 3462 3021; baseline 0.006 -23"><span class='ocrx_word' id='word_1_708' title='bbox 1882 2959 1989 3016; x_wconf 81' lang='lat' dir='ltr'><strong>tur,</strong></span> <span class='ocrx_word' id='word_1_709' title='bbox 2015 2959 2067 3004; x_wconf 92' lang='lat' dir='ltr'><strong>et</strong></span> <span class='ocrx_word' id='word_1_710' title='bbox 2109 2949 2373 3004; x_wconf 85' lang='lat' dir='ltr'><strong>inanibus-</strong></span> <span class='ocrx_word' id='word_1_711' title='bbox 2398 2949 2693 3003; x_wconf 84' lang='lat' dir='ltr'><strong>reddantur</strong></span> <span class='ocrx_word' id='word_1_712' title='bbox 2742 2951 2938 3017; x_wconf 84' lang='lat' dir='ltr'><strong>inania,</strong></span> <span class='ocrx_word' id='word_1_713' title='bbox 2967 2951 3120 3021; x_wconf 80' lang='lat' dir='ltr'><strong>juxta</strong></span> <span class='ocrx_word' id='word_1_714' title='bbox 3159 2967 3462 3008; x_wconf 88' lang='lat' dir='ltr'><strong>sermonem</strong></span> 
     </span>
    </p>
   </div>
   <div class='ocr_carea' id='block_1_92' title="bbox 1881 3037 3464 3114">
    <p class='ocr_par' dir='ltr' id='par_1_92' title="bbox 1881 3037 3464 3114">
     <span class='ocr_line' id='line_1_94' title="bbox 1881 3037 3464 3114; baseline 0.008 -28"><span class='ocrx_word' id='word_1_715' title='bbox 1881 3037 2245 3107; x_wconf 73' lang='lat' dir='ltr'><strong>evangelicum</strong></span> <span class='ocrx_word' id='word_1_716' title='bbox 2280 3057 2291 3091; x_wconf 92' lang='lat'>:</span> <span class='ocrx_word' id='word_1_717' title='bbox 2333 3037 2602 3103; x_wconf 69' lang='lat' dir='ltr'><strong>Qui/taliet</strong></span> <span class='ocrx_word' id='word_1_718' title='bbox 2630 3040 2846 3093; x_wconf 87' lang='lat' dir='ltr'><strong>dabitur</strong></span> <span class='ocrx_word' id='word_1_719' title='bbox 2877 3042 2944 3107; x_wconf 81' lang='lat' dir='ltr'><strong>ei,</strong></span> <span class='ocrx_word' id='word_1_720' title='bbox 2970 3052 3015 3095; x_wconf 88' lang='lat' dir='ltr'><strong>et</strong></span> <span class='ocrx_word' id='word_1_721' title='bbox 3040 3042 3464 3114; x_wconf 85' lang='lat' dir='ltr'><strong>abundabit:qui</strong></span> 
     </span>
    </p>
   </div>
   <div class='ocr_carea' id='block_1_93' title="bbox 1881 3129 3461 3205">
    <p class='ocr_par' dir='ltr' id='par_1_93' title="bbox 1881 3129 3461 3205">
     <span class='ocr_line' id='line_1_95' title="bbox 1881 3129 3461 3205; baseline 0.004 -22"><span class='ocrx_word' id='word_1_722' title='bbox 1881 3138 2055 3183; x_wconf 86' lang='lat' dir='ltr'><strong>autem</strong></span> <span class='ocrx_word' id='word_1_723' title='bbox 2078 3145 2178 3181; x_wconf 90' lang='lat' dir='ltr'><strong>non</strong></span> <span class='ocrx_word' id='word_1_724' title='bbox 2201 3129 2375 3191; x_wconf 90' lang='lat' dir='ltr'><strong>habet,</strong></span> <span class='ocrx_word' id='word_1_725' title='bbox 2416 3131 2555 3199; x_wconf 82' lang='lat' dir='ltr'><strong>quod</strong></span> <span class='ocrx_word' id='word_1_726' title='bbox 2582 3130 2855 3184; x_wconf 87' lang='lat' dir='ltr'><strong>videbatur</strong></span> <span class='ocrx_word' id='word_1_727' title='bbox 2883 3134 3072 3188; x_wconf 88' lang='lat' dir='ltr'><strong>habere</strong></span> <span class='ocrx_word' id='word_1_728' title='bbox 3101 3136 3370 3205; x_wconf 73' lang='lat' dir='ltr'><strong>auferetur</strong></span> <span class='ocrx_word' id='word_1_729' title='bbox 3396 3142 3461 3190; x_wconf 91' lang='lat' dir='ltr'><strong>ab</strong></span> 
     </span>
    </p>
   </div>
   <div class='ocr_carea' id='block_1_94' title="bbox 1881 3224 3463 3302">
    <p class='ocr_par' dir='ltr' id='par_1_94' title="bbox 1881 3224 3463 3302">
     <span class='ocr_line' id='line_1_96' title="bbox 1881 3224 3463 3302; baseline 0.007 -25"><span class='ocrx_word' id='word_1_730' title='bbox 1881 3242 1938 3278; x_wconf 87' lang='lat' dir='ltr'><strong>eo</strong></span> <span class='ocrx_word' id='word_1_731' title='bbox 1954 3226 2020 3283; x_wconf 79' lang='grc'><strong>⁷⁸,</strong></span> <span class='ocrx_word' id='word_1_732' title='bbox 2050 3224 2856 3300; x_wconf 81' lang='lat' dir='ltr'><strong>Imitemurvirginessapientcs</strong></span> <span class='ocrx_word' id='word_1_733' title='bbox 2878 3231 2943 3293; x_wconf 77' lang='grc'><strong>⁷⁷,</strong></span> <span class='ocrx_word' id='word_1_734' title='bbox 2972 3247 3092 3299; x_wconf 80' lang='lat' dir='ltr'><strong>qua:</strong></span> <span class='ocrx_word' id='word_1_735' title='bbox 3112 3248 3231 3287; x_wconf 90' lang='lat' dir='ltr'><strong>cum</strong></span> <span class='ocrx_word' id='word_1_736' title='bbox 3262 3248 3463 3302; x_wconf 81' lang='lat' dir='ltr'><strong>sponso</strong></span> 
     </span>
    </p>
   </div>
   <div class='ocr_carea' id='block_1_95' title="bbox 1884 3316 3462 3390">
    <p class='ocr_par' dir='ltr' id='par_1_95' title="bbox 1884 3316 3462 3390">
     <span class='ocr_line' id='line_1_97' title="bbox 1884 3316 3462 3390; baseline 0.006 -22"><span class='ocrx_word' id='word_1_737' title='bbox 1884 3316 2173 3372; x_wconf 82' lang='lat' dir='ltr'><strong>thalamum</strong></span> <span class='ocrx_word' id='word_1_738' title='bbox 2199 3318 2757 3387; x_wconf 79' lang='lat' dir='ltr'><strong>ingredimerucrunt,</strong></span> <span class='ocrx_word' id='word_1_739' title='bbox 2786 3336 2906 3390; x_wconf 65' lang='lat' dir='ltr'><strong>qua:</strong></span> <span class='ocrx_word' id='word_1_740' title='bbox 2940 3321 3212 3376; x_wconf 78' lang='lat' dir='ltr'><strong>habebant</strong></span> <span class='ocrx_word' id='word_1_741' title='bbox 3244 3325 3294 3377; x_wconf 90' lang='lat' dir='ltr'><strong>in</strong></span> <span class='ocrx_word' id='word_1_742' title='bbox 3320 3326 3462 3388; x_wconf 71' lang='lat' dir='ltr'><strong>vasis</strong></span> 
     </span>
    </p>
   </div>
   <div class='ocr_carea' id='block_1_96' title="bbox 1881 3409 3461 3485">
    <p class='ocr_par' dir='ltr' id='par_1_96' title="bbox 1881 3409 3461 3485">
     <span class='ocr_line' id='line_1_98' title="bbox 1881 3409 3461 3485; baseline 0.007 -24"><span class='ocrx_word' id='word_1_743' title='bbox 1881 3409 1994 3464; x_wconf 90' lang='lat' dir='ltr'><strong>suis</strong></span> <span class='ocrx_word' id='word_1_744' title='bbox 2031 3421 2085 3464; x_wconf 89' lang='lat' dir='ltr'><strong>et</strong></span> <span class='ocrx_word' id='word_1_745' title='bbox 2123 3410 2460 3479; x_wconf 76' lang='lat' dir='ltr'><strong>lampadibus</strong></span> <span class='ocrx_word' id='word_1_746' title='bbox 2491 3411 2665 3466; x_wconf 88' lang='lat' dir='ltr'><strong>oleum</strong></span> <span class='ocrx_word' id='word_1_747' title='bbox 2697 3413 2958 3475; x_wconf 85' lang='lat' dir='ltr'><strong>bonorum</strong></span> <span class='ocrx_word' id='word_1_748' title='bbox 2996 3431 3242 3485; x_wconf 65' lang='lat' dir='ltr'><strong>cpi-rum.</strong></span> <span class='ocrx_word' id='word_1_749' title='bbox 3292 3417 3461 3473; x_wconf 81' lang='lat' dir='ltr'><strong>Porro</strong></span> 
     </span>
    </p>
   </div>
   <div class='ocr_carea' id='block_1_97' title="bbox 1881 3502 3457 3579">
    <p class='ocr_par' dir='ltr' id='par_1_97' title="bbox 1881 3502 3457 3579">
     <span class='ocr_line' id='line_1_99' title="bbox 1881 3502 3457 3579; baseline 0.004 -25"><span class='ocrx_word' id='word_1_750' title='bbox 1881 3502 2061 3557; x_wconf 66' lang='lat' dir='ltr'><strong>stulta:</strong></span> <span class='ocrx_word' id='word_1_751' title='bbox 2089 3502 2325 3571; x_wconf 77' lang='lat' dir='ltr'><strong>virgines</strong></span> <span class='ocrx_word' id='word_1_752' title='bbox 2356 3502 2593 3557; x_wconf 87' lang='lat' dir='ltr'><strong>clausam</strong></span> <span class='ocrx_word' id='word_1_753' title='bbox 2617 3504 2835 3558; x_wconf 85' lang='lat' dir='ltr'><strong>thalami</strong></span> <span class='ocrx_word' id='word_1_754' title='bbox 2867 3503 3088 3574; x_wconf 86' lang='lat' dir='ltr'><strong>januam</strong></span> <span class='ocrx_word' id='word_1_755' title='bbox 3117 3520 3457 3579; x_wconf 77' lang='lat' dir='ltr'><strong>repererunt,</strong></span> 
     </span>
    </p>
   </div>
   <div class='ocr_carea' id='block_1_98' title="bbox 1879 3585 3458 3671">
    <p class='ocr_par' dir='ltr' id='par_1_98' title="bbox 1879 3585 3458 3671">
     <span class='ocr_line' id='line_1_100' title="bbox 1879 3585 3458 3671; baseline 0.008 -28"><span class='ocrx_word' id='word_1_756' title='bbox 1879 3594 2002 3661; x_wconf 87' lang='lat' dir='ltr'><strong>quia</strong></span> <span class='ocrx_word' id='word_1_757' title='bbox 2022 3603 2144 3647; x_wconf 84' lang='lat' dir='ltr'><strong>ante</strong></span> <span class='ocrx_word' id='word_1_758' title='bbox 2162 3595 2378 3660; x_wconf 89' lang='lat' dir='ltr'><strong>nuptias</strong></span> <span class='ocrx_word' id='word_1_759' title='bbox 2397 3610 2586 3664; x_wconf 85' lang='lat' dir='ltr'><strong>parare</strong></span> <span class='ocrx_word' id='word_1_760' title='bbox 2605 3597 2704 3649; x_wconf 88' lang='lat' dir='ltr'><strong>sibi</strong></span> <span class='ocrx_word' id='word_1_761' title='bbox 2725 3598 2900 3651; x_wconf 91' lang='lat' dir='ltr'><strong>oleum</strong></span> <span class='ocrx_word' id='word_1_762' title='bbox 2926 3598 3232 3654; x_wconf 89' lang='lat' dir='ltr'><strong>noluerunt.</strong></span> <span class='ocrx_word' id='word_1_763' title='bbox 3259 3599 3385 3671; x_wconf 72' lang='lat' dir='ltr'><strong>liter:</strong></span> <span class='ocrx_word' id='word_1_764' title='bbox 3404 3585 3458 3667; x_wconf 71' lang='lat' dir='ltr'><strong>in</strong></span> 
     </span>
    </p>
   </div>
   <div class='ocr_carea' id='block_1_99' title="bbox 1877 3682 3457 3756">
    <p class='ocr_par' dir='ltr' id='par_1_99' title="bbox 1877 3682 3457 3756">
     <span class='ocr_line' id='line_1_101' title="bbox 1877 3682 3457 3756; baseline 0.008 -24"><span class='ocrx_word' id='word_1_765' title='bbox 1877 3683 2048 3751; x_wconf 72' lang='lat' dir='ltr'><strong>ﬁgura</strong></span> <span class='ocrx_word' id='word_1_766' title='bbox 2082 3682 2442 3753; x_wconf 81' lang='lat' dir='ltr'><strong>contingebant</strong></span> <span class='ocrx_word' id='word_1_767' title='bbox 2476 3686 2582 3738; x_wconf 88' lang='lat' dir='ltr'><strong>illis</strong></span> <span class='ocrx_word' id='word_1_768' title='bbox 2606 3704 2624 3752; x_wconf 88' lang='grc'><strong><em>;</em></strong></span> <span class='ocrx_word' id='word_1_769' title='bbox 2650 3688 2843 3756; x_wconf 78' lang='lat' dir='ltr'><strong>scripta</strong></span> <span class='ocrx_word' id='word_1_770' title='bbox 2881 3699 3000 3749; x_wconf 86' lang='lat' dir='ltr'><strong>sunt</strong></span> <span class='ocrx_word' id='word_1_771' title='bbox 3037 3691 3174 3743; x_wconf 85' lang='lat' dir='ltr'><strong>enim</strong></span> <span class='ocrx_word' id='word_1_772' title='bbox 3230 3695 3299 3746; x_wconf 88' lang='lat' dir='ltr'><strong>ad</strong></span> <span class='ocrx_word' id='word_1_773' title='bbox 3340 3711 3457 3747; x_wconf 81' lang='lat' dir='ltr'><strong>cor-</strong></span> 
     </span>
    </p>
   </div>
   <div class='ocr_carea' id='block_1_100' title="bbox 1878 3775 3453 3848">
    <p class='ocr_par' dir='ltr' id='par_1_100' title="bbox 1878 3775 3453 3848">
     <span class='ocr_line' id='line_1_102' title="bbox 1878 3775 3453 3848; baseline 0.01 -24"><span class='ocrx_word' id='word_1_774' title='bbox 1878 3775 2157 3828; x_wconf 83' lang='lat' dir='ltr'><strong>rectionem</strong></span> <span class='ocrx_word' id='word_1_775' title='bbox 2185 3788 2413 3828; x_wconf 76' lang='lat' dir='ltr'><strong>nostram</strong></span> <span class='ocrx_word' id='word_1_776' title='bbox 2441 3777 2485 3807; x_wconf 79' lang='grc'><strong>⁷⁸</strong></span> <span class='ocrx_word' id='word_1_777' title='bbox 2510 3794 2522 3841; x_wconf 90' lang='lat'><strong>;</strong></span> <span class='ocrx_word' id='word_1_778' title='bbox 2560 3788 2613 3829; x_wconf 92' lang='lat' dir='ltr'><strong>ut</strong></span> <span class='ocrx_word' id='word_1_779' title='bbox 2644 3781 2907 3835; x_wconf 85' lang='lat' dir='ltr'><strong>evitemus</strong></span> <span class='ocrx_word' id='word_1_780' title='bbox 2954 3791 3156 3848; x_wconf 86' lang='lat' dir='ltr'><strong>vetera,</strong></span> <span class='ocrx_word' id='word_1_781' title='bbox 3186 3796 3240 3839; x_wconf 88' lang='lat' dir='ltr'><strong>et</strong></span> <span class='ocrx_word' id='word_1_782' title='bbox 3266 3802 3453 3840; x_wconf 75' lang='lat' dir='ltr'><strong>servo-</strong></span> 
     </span>
    </p>
   </div>
   <div class='ocr_carea' id='block_1_101' title="bbox 1878 3867 3453 3947">
    <p class='ocr_par' dir='ltr' id='par_1_101' title="bbox 1878 3867 3453 3947">
     <span class='ocr_line' id='line_1_103' title="bbox 1878 3867 3453 3947; baseline 0.01 -30"><span class='ocrx_word' id='word_1_783' title='bbox 1878 3881 1995 3919; x_wconf 87' lang='lat' dir='ltr'><strong>mus</strong></span> <span class='ocrx_word' id='word_1_784' title='bbox 2029 3877 2288 3934; x_wconf 67' lang='lat' dir='ltr'><strong>prmccpta</strong></span> <span class='ocrx_word' id='word_1_785' title='bbox 2323 3867 2615 3936; x_wconf 80' lang='lat' dir='ltr'><strong>Sapientis,</strong></span> <span class='ocrx_word' id='word_1_786' title='bbox 2643 3872 2733 3941; x_wconf 82' lang='lat' dir='ltr'><strong>qui</strong></span> <span class='ocrx_word' id='word_1_787' title='bbox 2758 3874 2835 3927; x_wconf 84' lang='lat' dir='ltr'><strong>ait</strong></span> <span class='ocrx_word' id='word_1_788' title='bbox 2867 3892 2880 3927; x_wconf 89' lang='lat'>:</span> <span class='ocrx_word' id='word_1_789' title='bbox 2922 3873 3029 3928; x_wconf 76' lang='lat' dir='ltr'><strong>Fi’i</strong></span> <span class='ocrx_word' id='word_1_790' title='bbox 3060 3880 3150 3941; x_wconf 85' lang='lat' dir='ltr'><strong>mi,</strong></span> <span class='ocrx_word' id='word_1_791' title='bbox 3182 3879 3225 3930; x_wconf 85' lang='lat' dir='ltr'><strong>si</strong></span> <span class='ocrx_word' id='word_1_792' title='bbox 3247 3882 3453 3947; x_wconf 80' lang='lat' dir='ltr'><strong>sapiens</strong></span> 
     </span>
    </p>
   </div>
   <div class='ocr_carea' id='block_1_102' title="bbox 1875 3957 3456 4033">
    <p class='ocr_par' dir='ltr' id='par_1_102' title="bbox 1875 3957 3456 4033">
     <span class='ocr_line' id='line_1_104' title="bbox 1875 3957 3456 4033; baseline 0.009 -24"><span class='ocrx_word' id='word_1_793' title='bbox 1875 3957 2034 4024; x_wconf 78' lang='lat' dir='ltr'><strong>fuerit</strong></span> <span class='ocrx_word' id='word_1_794' title='bbox 2071 3975 2162 4011; x_wconf 86' lang='lat' dir='ltr'><strong>cor</strong></span> <span class='ocrx_word' id='word_1_795' title='bbox 2191 3970 2360 4024; x_wconf 88' lang='lat' dir='ltr'><strong>tuum,</strong></span> <span class='ocrx_word' id='word_1_796' title='bbox 2390 3960 2685 4033; x_wconf 68' lang='lat' dir='ltr'><strong>la&#39;ti/icabis</strong></span> <span class='ocrx_word' id='word_1_797' title='bbox 2723 3980 2813 4018; x_wconf 83' lang='lat' dir='ltr'><strong>cor</strong></span> <span class='ocrx_word' id='word_1_798' title='bbox 2839 3982 3030 4029; x_wconf 87' lang='lat' dir='ltr'><strong>meum,</strong></span> <span class='ocrx_word' id='word_1_799' title='bbox 3059 3978 3104 4020; x_wconf 88' lang='lat' dir='ltr'><strong>et</strong></span> <span class='ocrx_word' id='word_1_800' title='bbox 3150 3986 3456 4031; x_wconf 83' lang='lat' dir='ltr'><strong>commemo-</strong></span> 
     </span>
    </p>
   </div>
   <div class='ocr_carea' id='block_1_103' title="bbox 1874 4046 3449 4121">
    <p class='ocr_par' dir='ltr' id='par_1_103' title="bbox 1874 4046 3449 4121">
     <span class='ocr_line' id='line_1_105' title="bbox 1874 4046 3449 4121; baseline 0.011 -24"><span class='ocrx_word' id='word_1_801' title='bbox 1874 4047 2062 4099; x_wconf 89' lang='lat' dir='ltr'><strong>rabunt</strong></span> <span class='ocrx_word' id='word_1_802' title='bbox 2111 4046 2253 4100; x_wconf 82' lang='lat' dir='ltr'><strong>labia</strong></span> <span class='ocrx_word' id='word_1_803' title='bbox 2300 4065 2412 4102; x_wconf 89' lang='lat' dir='ltr'><strong>mea</strong></span> <span class='ocrx_word' id='word_1_804' title='bbox 2456 4068 2715 4105; x_wconf 83' lang='lat' dir='ltr'><strong>sermones</strong></span> <span class='ocrx_word' id='word_1_805' title='bbox 2767 4057 2971 4121; x_wconf 72' lang='lat' dir='ltr'><strong>tuos&quot;,</strong></span> <span class='ocrx_word' id='word_1_806' title='bbox 3018 4059 3060 4111; x_wconf 91' lang='lat' dir='ltr'><strong>si</strong></span> <span class='ocrx_word' id='word_1_807' title='bbox 3100 4068 3276 4114; x_wconf 88' lang='lat' dir='ltr'><strong>lumen</strong></span> <span class='ocrx_word' id='word_1_808' title='bbox 3321 4062 3449 4115; x_wconf 75' lang='lat' dir='ltr'><strong>rcc-i</strong></span> 
     </span>
    </p>
   </div>
   <div class='ocr_carea' id='block_1_104' title="bbox 1876 4135 3452 4219">
    <p class='ocr_par' dir='ltr' id='par_1_104' title="bbox 1876 4135 3452 4219">
     <span class='ocr_line' id='line_1_106' title="bbox 1876 4135 3452 4219; baseline 0.013 -32"><span class='ocrx_word' id='word_1_809' title='bbox 1876 4135 2094 4191; x_wconf 76' lang='lat' dir='ltr'><strong>fuerint.</strong></span> <span class='ocrx_word' id='word_1_810' title='bbox 2128 4140 2191 4192; x_wconf 73' lang='lat' dir='ltr'><strong>Et</strong></span> <span class='ocrx_word' id='word_1_811' title='bbox 2226 4141 2419 4194; x_wconf 85' lang='lat' dir='ltr'><strong>iterum</strong></span> <span class='ocrx_word' id='word_1_812' title='bbox 2454 4158 2464 4191; x_wconf 95' lang='lat'>:</span> <span class='ocrx_word' id='word_1_813' title='bbox 2517 4141 2637 4199; x_wconf 81' lang='lat' dir='ltr'><strong>Non</strong></span> <span class='ocrx_word' id='word_1_814' title='bbox 2675 4146 2950 4201; x_wconf 68' lang='lat' dir='ltr'><strong>tumuletur</strong></span> <span class='ocrx_word' id='word_1_815' title='bbox 2972 4163 3061 4202; x_wconf 89' lang='lat' dir='ltr'><strong>cor</strong></span> <span class='ocrx_word' id='word_1_816' title='bbox 3085 4162 3231 4204; x_wconf 87' lang='lat' dir='ltr'><strong>tuum</strong></span> <span class='ocrx_word' id='word_1_817' title='bbox 3263 4170 3452 4219; x_wconf 79' lang='lat' dir='ltr'><strong>pecca-</strong></span> 
     </span>
    </p>
   </div>
   <div class='ocr_carea' id='block_1_105' title="bbox 1874 4232 3453 4305">
    <p class='ocr_par' dir='ltr' id='par_1_105' title="bbox 1874 4232 3453 4305">
     <span class='ocr_line' id='line_1_107' title="bbox 1874 4232 3453 4305; baseline 0.012 -24"><span class='ocrx_word' id='word_1_818' title='bbox 1874 4241 2029 4293; x_wconf 90' lang='lat' dir='ltr'><strong>tores,</strong></span> <span class='ocrx_word' id='word_1_819' title='bbox 2059 4233 2149 4283; x_wconf 81' lang='lat' dir='ltr'><strong>sed</strong></span> <span class='ocrx_word' id='word_1_820' title='bbox 2173 4232 2226 4285; x_wconf 88' lang='lat' dir='ltr'><strong>in</strong></span> <span class='ocrx_word' id='word_1_821' title='bbox 2265 4233 2453 4286; x_wconf 87' lang='lat' dir='ltr'><strong>timore</strong></span> <span class='ocrx_word' id='word_1_822' title='bbox 2492 4233 2584 4288; x_wconf 87' lang='lat' dir='ltr'><strong>Dei</strong></span> <span class='ocrx_word' id='word_1_823' title='bbox 2614 4246 2722 4289; x_wconf 92' lang='lat' dir='ltr'><strong>esto</strong></span> <span class='ocrx_word' id='word_1_824' title='bbox 2757 4249 2863 4293; x_wconf 87' lang='lat' dir='ltr'><strong>tota</strong></span> <span class='ocrx_word' id='word_1_825' title='bbox 2895 4242 3015 4305; x_wconf 79' lang='lat' dir='ltr'><strong>die;</strong></span> <span class='ocrx_word' id='word_1_826' title='bbox 3047 4254 3093 4296; x_wconf 88' lang='lat' dir='ltr'><strong>et</strong></span> <span class='ocrx_word' id='word_1_827' title='bbox 3136 4244 3230 4298; x_wconf 85' lang='lat' dir='ltr'><strong>Dei</strong></span> <span class='ocrx_word' id='word_1_828' title='bbox 3257 4247 3453 4299; x_wconf 80' lang='lat' dir='ltr'><strong>cultant</strong></span> 
     </span>
    </p>
   </div>
   <div class='ocr_carea' id='block_1_106' title="bbox 1876 4323 2397 4394">
    <p class='ocr_par' dir='ltr' id='par_1_106' title="bbox 1876 4323 2397 4394">
     <span class='ocr_line' id='line_1_108' title="bbox 1876 4323 2397 4394; baseline 0.006 -19"><span class='ocrx_word' id='word_1_829' title='bbox 1876 4324 2089 4377; x_wconf 81' lang='lat' dir='ltr'><strong>observa</strong></span> <span class='ocrx_word' id='word_1_830' title='bbox 2108 4323 2309 4394; x_wconf 86' lang='lat' dir='ltr'><strong>jugiter</strong></span> <span class='ocrx_word' id='word_1_831' title='bbox 2333 4325 2397 4378; x_wconf 79' lang='grc' dir='ltr'><strong>⁸ο.</strong></span> 
     </span>
    </p>
   </div>
   <div class='ocr_carea' id='block_1_107' title="bbox 1947 4413 3450 4499">
    <p class='ocr_par' dir='ltr' id='par_1_107' title="bbox 1947 4413 3450 4499">
     <span class='ocr_line' id='line_1_109' title="bbox 1947 4413 3450 4499; baseline 0.012 -33"><span class='ocrx_word' id='word_1_832' title='bbox 1947 4413 2090 4469; x_wconf 74' lang='lat' dir='ltr'><strong>XXI.</strong></span> <span class='ocrx_word' id='word_1_833' title='bbox 2152 4417 2445 4487; x_wconf 78' lang='lat' dir='ltr'><strong>Vigilemus</strong></span> <span class='ocrx_word' id='word_1_834' title='bbox 2501 4422 2806 4490; x_wconf 83' lang='lat' dir='ltr'><strong>attentius,</strong></span> <span class='ocrx_word' id='word_1_835' title='bbox 2866 4435 2921 4482; x_wconf 85' lang='lat' dir='ltr'><strong>ct</strong></span> <span class='ocrx_word' id='word_1_836' title='bbox 2971 4429 3249 4495; x_wconf 86' lang='lat' dir='ltr'><strong>sciamus,</strong></span> <span class='ocrx_word' id='word_1_837' title='bbox 3310 4436 3450 4499; x_wconf 70' lang='lat' dir='ltr'><strong>quod</strong></span> 
     </span>
    </p>
   </div>
   <div class='ocr_carea' id='block_1_108' title="bbox 1877 4510 3446 4592">
    <p class='ocr_par' dir='ltr' id='par_1_108' title="bbox 1877 4510 3446 4592">
     <span class='ocr_line' id='line_1_110' title="bbox 1877 4510 3446 4592; baseline 0.013 -35"><span class='ocrx_word' id='word_1_838' title='bbox 1877 4520 2125 4577; x_wconf 80' lang='lat' dir='ltr'><strong>magnam</strong></span> <span class='ocrx_word' id='word_1_839' title='bbox 2161 4510 2313 4563; x_wconf 86' lang='lat' dir='ltr'><strong>nobis</strong></span> <span class='ocrx_word' id='word_1_840' title='bbox 2350 4511 2488 4565; x_wconf 84' lang='lat' dir='ltr'><strong>Deus</strong></span> <span class='ocrx_word' id='word_1_841' title='bbox 2522 4517 2833 4582; x_wconf 80' lang='lat' dir='ltr'><strong>przestiterit</strong></span> <span class='ocrx_word' id='word_1_842' title='bbox 2858 4521 3084 4589; x_wconf 75' lang='lat' dir='ltr'><strong>gratiam</strong></span> <span class='ocrx_word' id='word_1_843' title='bbox 3117 4540 3210 4592; x_wconf 88' lang='lat' dir='ltr'><strong>per</strong></span> <span class='ocrx_word' id='word_1_844' title='bbox 3230 4525 3446 4590; x_wconf 74' lang='lat' dir='ltr'><strong>Patrem</strong></span> 
     </span>
    </p>
   </div>
   <div class='ocr_carea' id='block_1_109' title="bbox 1804 4600 3451 4694">
    <p class='ocr_par' dir='ltr' id='par_1_109' title="bbox 1804 4600 3451 4694">
     <span class='ocr_line' id='line_1_111' title="bbox 1804 4600 3451 4694; baseline 0.014 -45"><span class='ocrx_word' id='word_1_845' title='bbox 1804 4640 1850 4694; x_wconf 70' lang='grc' dir='ltr'>Β</span> <span class='ocrx_word' id='word_1_846' title='bbox 1880 4607 2117 4653; x_wconf 78' lang='lat' dir='ltr'><strong>nostrum</strong></span> <span class='ocrx_word' id='word_1_847' title='bbox 2148 4600 2520 4669; x_wconf 81' lang='lat' dir='ltr'><strong>Pacltomium,</strong></span> <span class='ocrx_word' id='word_1_848' title='bbox 2562 4614 2620 4660; x_wconf 93' lang='lat' dir='ltr'><strong>ut</strong></span> <span class='ocrx_word' id='word_1_849' title='bbox 2646 4610 3083 4667; x_wconf 87' lang='lat' dir='ltr'><strong>renuntiaremus</strong></span> <span class='ocrx_word' id='word_1_850' title='bbox 3134 4617 3366 4677; x_wconf 73' lang='lat' dir='ltr'><strong>smcuto;</strong></span> <span class='ocrx_word' id='word_1_851' title='bbox 3398 4631 3451 4672; x_wconf 81' lang='lat' dir='ltr'><strong>et</strong></span> 
     </span>
    </p>
   </div>
   <div class='ocr_carea' id='block_1_110' title="bbox 1878 4692 3450 4765">
    <p class='ocr_par' dir='ltr' id='par_1_110' title="bbox 1878 4692 3450 4765">
     <span class='ocr_line' id='line_1_112' title="bbox 1878 4692 3450 4765; baseline 0.013 -23"><span class='ocrx_word' id='word_1_852' title='bbox 1878 4705 2092 4745; x_wconf 89' lang='lat' dir='ltr'><strong>onmem</strong></span> <span class='ocrx_word' id='word_1_853' title='bbox 2123 4692 2543 4750; x_wconf 87' lang='lat' dir='ltr'><strong>sollicitudinem</strong></span> <span class='ocrx_word' id='word_1_854' title='bbox 2575 4701 2779 4765; x_wconf 83' lang='lat' dir='ltr'><strong>nnnnli,</strong></span> <span class='ocrx_word' id='word_1_855' title='bbox 2804 4712 2855 4755; x_wconf 91' lang='lat' dir='ltr'><strong>et</strong></span> <span class='ocrx_word' id='word_1_856' title='bbox 2886 4713 3047 4757; x_wconf 87' lang='lat' dir='ltr'><strong>curas</strong></span> <span class='ocrx_word' id='word_1_857' title='bbox 3081 4720 3259 4759; x_wconf 75' lang='lat' dir='ltr'><strong>rerum</strong></span> <span class='ocrx_word' id='word_1_858' title='bbox 3283 4723 3450 4761; x_wconf 69' lang='lat' dir='ltr'><strong>BSBCII-</strong></span> 
     </span>
    </p>
   </div>
   <div class='ocr_carea' id='block_1_111' title="bbox 1878 4777 3451 4858">
    <p class='ocr_par' dir='ltr' id='par_1_111' title="bbox 1878 4777 3451 4858">
     <span class='ocr_line' id='line_1_113' title="bbox 1878 4777 3451 4858; baseline 0.014 -29"><span class='ocrx_word' id='word_1_859' title='bbox 1878 4777 2069 4832; x_wconf 89' lang='lat' dir='ltr'><strong>larium</strong></span> <span class='ocrx_word' id='word_1_860' title='bbox 2111 4795 2209 4848; x_wconf 87' lang='lat' dir='ltr'><strong>pro</strong></span> <span class='ocrx_word' id='word_1_861' title='bbox 2257 4783 2425 4837; x_wconf 92' lang='lat' dir='ltr'><strong>nibilo</strong></span> <span class='ocrx_word' id='word_1_862' title='bbox 2474 4800 2814 4853; x_wconf 79' lang='lat' dir='ltr'><strong>poneremus.</strong></span> <span class='ocrx_word' id='word_1_863' title='bbox 2871 4790 3001 4858; x_wconf 72' lang='lat' dir='ltr'><strong>Quae</strong></span> <span class='ocrx_word' id='word_1_864' title='bbox 3049 4796 3202 4851; x_wconf 92' lang='lat' dir='ltr'><strong>nobis</strong></span> <span class='ocrx_word' id='word_1_865' title='bbox 3236 4802 3451 4851; x_wconf 85' lang='lat' dir='ltr'><strong>occasio</strong></span> 
     </span>
    </p>
   </div>
   <div class='ocr_carea' id='block_1_112' title="bbox 1882 4869 3447 4953">
    <p class='ocr_par' dir='ltr' id='par_1_112' title="bbox 1882 4869 3447 4953">
     <span class='ocr_line' id='line_1_114' title="bbox 1882 4869 3447 4953; baseline 0.015 -32"><span class='ocrx_word' id='word_1_866' title='bbox 1882 4869 2065 4924; x_wconf 88' lang='lat' dir='ltr'><strong>relicta</strong></span> <span class='ocrx_word' id='word_1_867' title='bbox 2092 4882 2196 4935; x_wconf 90' lang='lat' dir='ltr'><strong>est,</strong></span> <span class='ocrx_word' id='word_1_868' title='bbox 2228 4883 2284 4927; x_wconf 91' lang='lat' dir='ltr'><strong>ut</strong></span> <span class='ocrx_word' id='word_1_869' title='bbox 2316 4874 2611 4932; x_wconf 80' lang='lat' dir='ltr'><strong>habeamus</strong></span> <span class='ocrx_word' id='word_1_870' title='bbox 2639 4880 2932 4950; x_wconf 85' lang='lat' dir='ltr'><strong>quidquam</strong></span> <span class='ocrx_word' id='word_1_871' title='bbox 2958 4888 3232 4953; x_wconf 86' lang='lat' dir='ltr'><strong>proprium</strong></span> <span class='ocrx_word' id='word_1_872' title='bbox 3261 4905 3289 4943; x_wconf 89' lang='lat' dir='ltr'><strong>a</strong></span> <span class='ocrx_word' id='word_1_873' title='bbox 3309 4890 3447 4943; x_wconf 91' lang='lat' dir='ltr'><strong>luni-</strong></span> 
     </span>
    </p>
   </div>
   <div class='ocr_carea' id='block_1_113' title="bbox 1872 4959 3436 5042">
    <p class='ocr_par' dir='ltr' id='par_1_113' title="bbox 1872 4959 3436 5042">
     <span class='ocr_line' id='line_1_115' title="bbox 1872 4959 3436 5042; baseline 0.013 -30"><span class='ocrx_word' id='word_1_874' title='bbox 1872 4959 1993 5021; x_wconf 82' lang='lat' dir='ltr'><strong>culo</strong></span> <span class='ocrx_word' id='word_1_875' title='bbox 2045 4977 2215 5037; x_wconf 84' lang='lat' dir='ltr'><strong>usque</strong></span> <span class='ocrx_word' id='word_1_876' title='bbox 2262 4965 2327 5017; x_wconf 84' lang='lat' dir='ltr'><strong>ad</strong></span> <span class='ocrx_word' id='word_1_877' title='bbox 2382 4967 2669 5038; x_wconf 79' lang='lat' dir='ltr'><strong>corrigiam</strong></span> <span class='ocrx_word' id='word_1_878' title='bbox 2729 4973 3118 5042; x_wconf 80' lang='lat' dir='ltr'><strong>calceamenti,</strong></span> <span class='ocrx_word' id='word_1_879' title='bbox 3176 4993 3297 5032; x_wconf 87' lang='lat' dir='ltr'><strong>cum</strong></span> <span class='ocrx_word' id='word_1_880' title='bbox 3348 4983 3436 5035; x_wconf 52' lang='lat' dir='ltr'><strong>Ita:</strong></span> 
     </span>
    </p>
   </div>
   <div class='ocr_carea' id='block_1_114' title="bbox 1875 5052 3441 5132">
    <p class='ocr_par' dir='ltr' id='par_1_114' title="bbox 1875 5052 3441 5132">
     <span class='ocr_line' id='line_1_116' title="bbox 1875 5052 3441 5132; baseline 0.017 -31"><span class='ocrx_word' id='word_1_881' title='bbox 1875 5052 2096 5106; x_wconf 88' lang='lat' dir='ltr'><strong>beamus</strong></span> <span class='ocrx_word' id='word_1_882' title='bbox 2132 5054 2471 5122; x_wconf 72' lang='lat' dir='ltr'><strong>praepositos,</strong></span> <span class='ocrx_word' id='word_1_883' title='bbox 2496 5060 2585 5126; x_wconf 89' lang='lat' dir='ltr'><strong>qui</strong></span> <span class='ocrx_word' id='word_1_884' title='bbox 2631 5077 2728 5132; x_wconf 91' lang='lat' dir='ltr'><strong>pro</strong></span> <span class='ocrx_word' id='word_1_885' title='bbox 2782 5063 2934 5118; x_wconf 89' lang='lat' dir='ltr'><strong>nobis</strong></span> <span class='ocrx_word' id='word_1_886' title='bbox 2977 5082 3099 5120; x_wconf 91' lang='lat' dir='ltr'><strong>cum</strong></span> <span class='ocrx_word' id='word_1_887' title='bbox 3160 5070 3350 5125; x_wconf 79' lang='lat' dir='ltr'><strong>timore</strong></span> <span class='ocrx_word' id='word_1_888' title='bbox 3386 5088 3441 5127; x_wconf 77' lang='lat' dir='ltr'><strong>et</strong></span> 
     </span>
    </p>
   </div>
   <div class='ocr_carea' id='block_1_115' title="bbox 1877 5144 3449 5227">
    <p class='ocr_par' dir='ltr' id='par_1_115' title="bbox 1877 5144 3449 5227">
     <span class='ocr_line' id='line_1_117' title="bbox 1877 5144 3449 5227; baseline 0.017 -35"><span class='ocrx_word' id='word_1_889' title='bbox 1877 5150 2110 5197; x_wconf 87' lang='lat' dir='ltr'><strong>tremore</strong></span> <span class='ocrx_word' id='word_1_890' title='bbox 2146 5144 2360 5199; x_wconf 80' lang='lat' dir='ltr'><strong>solliciti</strong></span> <span class='ocrx_word' id='word_1_891' title='bbox 2409 5160 2536 5204; x_wconf 90' lang='lat' dir='ltr'><strong>sunt</strong></span> <span class='ocrx_word' id='word_1_892' title='bbox 2586 5161 2692 5205; x_wconf 89' lang='lat' dir='ltr'><strong>tam</strong></span> <span class='ocrx_word' id='word_1_893' title='bbox 2750 5155 2799 5207; x_wconf 92' lang='lat' dir='ltr'><strong>in</strong></span> <span class='ocrx_word' id='word_1_894' title='bbox 2832 5157 2975 5221; x_wconf 90' lang='lat' dir='ltr'><strong>cibo,</strong></span> <span class='ocrx_word' id='word_1_895' title='bbox 3009 5167 3063 5211; x_wconf 86' lang='lat' dir='ltr'><strong>et</strong></span> <span class='ocrx_word' id='word_1_896' title='bbox 3119 5162 3330 5227; x_wconf 77' lang='lat' dir='ltr'><strong>vestitu,</strong></span> <span class='ocrx_word' id='word_1_897' title='bbox 3394 5176 3449 5219; x_wconf 75' lang='grc' dir='ltr'><strong>σοι</strong></span> 
     </span>
    </p>
   </div>
   <div class='ocr_carea' id='block_1_116' title="bbox 1878 5234 3449 5314">
    <p class='ocr_par' dir='ltr' id='par_1_116' title="bbox 1878 5234 3449 5314">
     <span class='ocr_line' id='line_1_118' title="bbox 1878 5234 3449 5314; baseline 0.017 -29"><span class='ocrx_word' id='word_1_898' title='bbox 1878 5234 2180 5301; x_wconf 85' lang='lat' dir='ltr'><strong>corpusculi</strong></span> <span class='ocrx_word' id='word_1_899' title='bbox 2221 5238 2477 5308; x_wconf 82' lang='lat' dir='ltr'><strong>languore</strong></span> <span class='ocrx_word' id='word_1_900' title='bbox 2512 5243 2557 5297; x_wconf 90' lang='lat' dir='ltr'><strong>si</strong></span> <span class='ocrx_word' id='word_1_901' title='bbox 2606 5242 2745 5299; x_wconf 77' lang='lat' dir='ltr'><strong>forte</strong></span> <span class='ocrx_word' id='word_1_902' title='bbox 2768 5246 3075 5314; x_wconf 88' lang='lat' dir='ltr'><strong>obvenerit;</strong></span> <span class='ocrx_word' id='word_1_903' title='bbox 3114 5263 3171 5306; x_wconf 90' lang='lat' dir='ltr'><strong>ut</strong></span> <span class='ocrx_word' id='word_1_904' title='bbox 3207 5255 3256 5308; x_wconf 92' lang='lat' dir='ltr'><strong>in</strong></span> <span class='ocrx_word' id='word_1_905' title='bbox 3305 5259 3449 5311; x_wconf 79' lang='lat' dir='ltr'><strong>nullo</strong></span> 
     </span>
    </p>
   </div>
   <div class='ocr_carea' id='block_1_117' title="bbox 1879 5325 3447 5403">
    <p class='ocr_par' dir='ltr' id='par_1_117' title="bbox 1879 5325 3447 5403">
     <span class='ocr_line' id='line_1_119' title="bbox 1879 5325 3447 5403; baseline 0.017 -27"><span class='ocrx_word' id='word_1_906' title='bbox 1879 5325 2182 5394; x_wconf 88' lang='lat' dir='ltr'><strong>timeamus,</strong></span> <span class='ocrx_word' id='word_1_907' title='bbox 2215 5339 2269 5382; x_wconf 92' lang='lat' dir='ltr'><strong>et</strong></span> <span class='ocrx_word' id='word_1_908' title='bbox 2300 5347 2393 5398; x_wconf 89' lang='lat' dir='ltr'><strong>per</strong></span> <span class='ocrx_word' id='word_1_909' title='bbox 2422 5336 2760 5391; x_wconf 85' lang='lat' dir='ltr'><strong>occasionem</strong></span> <span class='ocrx_word' id='word_1_910' title='bbox 2791 5343 2970 5395; x_wconf 90' lang='lat' dir='ltr'><strong>carnis</strong></span> <span class='ocrx_word' id='word_1_911' title='bbox 3005 5345 3199 5399; x_wconf 65' lang='lat' dir='ltr'><strong>animus</strong></span> <span class='ocrx_word' id='word_1_912' title='bbox 3243 5352 3447 5403; x_wconf 77' lang='lat' dir='ltr'><strong>emolu-</strong></span> 
     </span>
    </p>
   </div>
   <div class='ocr_carea' id='block_1_118' title="bbox 1877 5421 3445 5504">
    <p class='ocr_par' dir='ltr' id='par_1_118' title="bbox 1877 5421 3445 5504">
     <span class='ocr_line' id='line_1_120' title="bbox 1877 5421 3445 5504; baseline 0.017 -36"><span class='ocrx_word' id='word_1_913' title='bbox 1877 5426 2056 5468; x_wconf 84' lang='lat' dir='ltr'><strong>mema</strong></span> <span class='ocrx_word' id='word_1_914' title='bbox 2090 5421 2414 5487; x_wconf 85' lang='lat' dir='ltr'><strong>perdamus?</strong></span> <span class='ocrx_word' id='word_1_915' title='bbox 2454 5424 2631 5480; x_wconf 80' lang='lat' dir='ltr'><strong>Liberi</strong></span> <span class='ocrx_word' id='word_1_916' title='bbox 2688 5446 2904 5495; x_wconf 84' lang='lat' dir='ltr'><strong>sumus;</strong></span> <span class='ocrx_word' id='word_1_917' title='bbox 2934 5433 3119 5504; x_wconf 77' lang='lat' dir='ltr'><strong>jugqu</strong></span> <span class='ocrx_word' id='word_1_918' title='bbox 3165 5439 3230 5491; x_wconf 87' lang='lat' dir='ltr'><strong>dc</strong></span> <span class='ocrx_word' id='word_1_919' title='bbox 3270 5444 3445 5495; x_wconf 85' lang='lat' dir='ltr'><strong>cervi-</strong></span> 
     </span>
    </p>
   </div>
   <div class='ocr_carea' id='block_1_119' title="bbox 2102 5631 3443 5717">
    <p class='ocr_par' dir='ltr' id='par_1_119' title="bbox 2102 5631 3443 5717">
     <span class='ocr_line' id='line_1_121' title="bbox 2102 5631 3443 5717; baseline 0.019 -35"><span class='ocrx_word' id='word_1_920' title='bbox 2102 5631 2170 5717; x_wconf 40' lang='lat'><strong>“?</strong></span> <span class='ocrx_word' id='word_1_921' title='bbox 2214 5632 2351 5687; x_wconf 77' lang='lat' dir='ltr'><strong>[’sal.</strong></span> <span class='ocrx_word' id='word_1_922' title='bbox 2379 5651 2566 5717; x_wconf 36' lang='lat' dir='ltr'><strong>cum&quot;,</strong></span> <span class='ocrx_word' id='word_1_923' title='bbox 2766 5714 2776 5717; x_wconf 28' lang='grc' dir='ltr'><strong>Α</strong></span> <span class='ocrx_word' id='word_1_924' title='bbox 2877 5645 2917 5675; x_wconf 75' lang='grc'>⁶¹</span> <span class='ocrx_word' id='word_1_925' title='bbox 2963 5645 3089 5700; x_wconf 81' lang='lat' dir='ltr'><strong>Luc.</strong></span> <span class='ocrx_word' id='word_1_926' title='bbox 3125 5663 3220 5706; x_wconf 84' lang='lat' dir='ltr'><strong>xu.</strong></span> <span class='ocrx_word' id='word_1_927' title='bbox 3253 5651 3443 5717; x_wconf 73' lang='lat'><strong>55-37.</strong></span> 
     </span>
    </p>
   </div>
   <div class='ocr_carea' id='block_1_120' title="bbox 2002 5700 3451 5779">
    <p class='ocr_par' dir='ltr' id='par_1_120' title="bbox 2002 5700 3451 5779">
     <span class='ocr_line' id='line_1_122' title="bbox 2002 5700 3451 5779; baseline 0.014 -27"><span class='ocrx_word' id='word_1_928' title='bbox 2002 5700 2046 5729; x_wconf 77' lang='lat'><strong>“</strong></span> <span class='ocrx_word' id='word_1_929' title='bbox 2077 5701 2278 5779; x_wconf 53' lang='lat' dir='ltr'><strong>(Ioltrss.</strong></span> <span class='ocrx_word' id='word_1_930' title='bbox 2318 5721 2401 5779; x_wconf 59' lang='lat' dir='ltr'><strong>tu,</strong></span> <span class='ocrx_word' id='word_1_931' title='bbox 2428 5700 2563 5779; x_wconf 60' lang='grc' dir='ltr'><strong>ρο.)</strong></span> <span class='ocrx_word' id='word_1_932' title='bbox 2599 5712 2643 5741; x_wconf 68' lang='grc' dir='ltr'><strong>δ”</strong></span> <span class='ocrx_word' id='word_1_933' title='bbox 2686 5712 2849 5766; x_wconf 89' lang='lat' dir='ltr'><strong>llebr.</strong></span> <span class='ocrx_word' id='word_1_934' title='bbox 2884 5731 3001 5779; x_wconf 72' lang='lat' dir='ltr'><strong>xm,</strong></span> <span class='ocrx_word' id='word_1_935' title='bbox 3042 5718 3124 5770; x_wconf 84' lang='lat' dir='ltr'><strong>I7.</strong></span> <span class='ocrx_word' id='word_1_936' title='bbox 3188 5700 3451 5775; x_wconf 36' lang='grc' dir='ltr'><strong>ίάτίιύδῖ.</strong></span> 
     </span>
    </p>
   </div>
   <div class='ocr_carea' id='block_1_121' title="bbox 2383 5777 3449 5859">
    <p class='ocr_par' dir='ltr' id='par_1_121' title="bbox 2383 5777 3449 5859">
     <span class='ocr_line' id='line_1_123' title="bbox 2383 5777 3449 5859; baseline 0.017 -30"><span class='ocrx_word' id='word_1_937' title='bbox 2383 5777 2426 5815; x_wconf 76' lang='grc' dir='ltr'><strong>τί</strong></span> <span class='ocrx_word' id='word_1_938' title='bbox 2460 5778 2475 5831; x_wconf 91' lang='grc' dir='ltr'><strong>Ι</strong></span> <span class='ocrx_word' id='word_1_939' title='bbox 2508 5778 2661 5859; x_wconf 48' lang='lat' dir='ltr'><strong>inata.</strong></span> <span class='ocrx_word' id='word_1_940' title='bbox 2689 5784 2876 5859; x_wconf 78' lang='lat' dir='ltr'><strong>tt,__H_._</strong></span> <span class='ocrx_word' id='word_1_941' title='bbox 2959 5788 3004 5859; x_wconf 53' lang='grc'><strong>7³</strong></span> <span class='ocrx_word' id='word_1_942' title='bbox 3027 5786 3152 5842; x_wconf 82' lang='lat' dir='ltr'><strong>Ose.</strong></span> <span class='ocrx_word' id='word_1_943' title='bbox 3190 5805 3311 5853; x_wconf 79' lang='lat' dir='ltr'><strong>xm,</strong></span> <span class='ocrx_word' id='word_1_944' title='bbox 3348 5793 3449 5854; x_wconf 82' lang='lat' dir='ltr'><strong>l5;</strong></span> 
     </span>
    </p>
   </div>
   <div class='ocr_carea' id='block_1_122' title="bbox 2133 5842 3448 5933">
    <p class='ocr_par' dir='ltr' id='par_1_122' title="bbox 2133 5842 3448 5933">
     <span class='ocr_line' id='line_1_124' title="bbox 2133 5842 3448 5933; baseline 0.018 -40"><span class='ocrx_word' id='word_1_945' title='bbox 2133 5842 2176 5871; x_wconf 80' lang='grc'><strong>⁷⁸</strong></span> <span class='ocrx_word' id='word_1_946' title='bbox 2214 5842 2376 5898; x_wconf 73' lang='lat' dir='ltr'><strong>Marc.</strong></span> <span class='ocrx_word' id='word_1_947' title='bbox 2414 5864 2481 5909; x_wconf 85' lang='lat' dir='ltr'><strong>tv,</strong></span> <span class='ocrx_word' id='word_1_948' title='bbox 2516 5849 2605 5901; x_wconf 60' lang='grc' dir='ltr'><strong>ἐϋ.</strong></span> <span class='ocrx_word' id='word_1_949' title='bbox 2736 5842 2789 5886; x_wconf 17' lang='grc' dir='ltr'><strong>ί⁷⁷</strong></span> <span class='ocrx_word' id='word_1_950' title='bbox 2829 5853 3018 5911; x_wconf 76' lang='lat' dir='ltr'><strong>Matth.</strong></span> <span class='ocrx_word' id='word_1_951' title='bbox 3077 5873 3199 5926; x_wconf 77' lang='lat' dir='ltr'><strong>xxv,</strong></span> 
     </span>
    </p>
   </div>
  </div>
