4226 6316
758 387 863 445 879

1859 389 2134 447 PATIIES
2175 392 2475 447 rEGYPTII
2523 393 2793 448 SKECL'IJ
2841 394 2906 449 IV

3931 401 4037 453 230

773 501 932 556 tibus
976 500 1182 556 nostris
1215 501 1501 554 mundana:
1548 504 1828 559 servitutis
1877 505 2205 573 abiecimus:
2255 522 2350 558 cur
2380 511 2420 564 Α
2451 508 2641 558 creavit
2697 508 2832 559 vos?
2885 505 3074 560 Nonne
3121 507 3283 560 Pater
3335 525 3468 563 unus
3508 512 3735 562 omnium
3771 517 4034 566 oestrum?

748 610 978 650 tttrstun
1019 593 1264 646 volumus
1317 595 1514 647 reverti
1555 597 1621 649 ad
1680 599 1935 650 vomitum
1991 607 2257 658 nostrum,
2292 607 2344 648 et

763 684 968 754 aliquid
998 684 1200 738 habere
1227 685 1368 739 unde
1402 686 1620 740 solliciti
1656 688 1841 749 simus,
1873 699 1926 742 ct
1954 689 2092 754 quod
2123 690 2345 755 perdere

763 776 1107 830 metuamus?
1127 775 1206 829 Ad
1241 791 1376 847 quos
1407 794 1536 833 usus
1569 778 1898 846 superfluum
1931 780 2222 848 palliolmn,
2253 788 2346 832 aut

761 866 935 935 epulae
964 867 1251 934 lautiores,
1302 877 1394 922 aut
1449 870 1638 923 melior
1672 871 1862 932 lectus,
1911 885 2036 924 cum
2077 871 2255 924 oumia
2292 873 2343 924 iu

761 972 1053 1015 connuune
1104 958 1212 1012 sint
1255 971 1599 1030 prmparata,
1657 969 1710 1013 et
1757 959 1890 1013 nihil
1945 975 2108 1014 cruce
2138 958 2343 1015 Christi

764 1051 953 1104 durius
978 1050 1052 1105 sit
1081 1048 1277 1118 Ijuxta
1314 1067 1473 1119 quam
1509 1053 1747 1105 viventes
1789 1049 1980 1106 Patres
2012 1053 2346 1116 uostri,aodi-

767 1137 1069 1193 ﬁcaverunt
1093 1157 1193 1195 nos
1227 1156 1390 1209 super
1438 1140 1846 1194 fundamentum
1880 1142 2243 1210 apostolorum
2292 1151 2346 1196 ct

765 1230 1172 1298 prophetarum,
1229 1241 1283 1285 et
1329 1230 1741 1297 Evangeliorum
1791 1231 2170 1300 disciplinam,
2224 1248 2343 1300 quae

767 1320 1008 1389 augulari
1037 1320 1344 1373 continetur
1373 1319 1545 1388 lapide
1577 1319 1805 1373 Domino
1849 1317 1973 1373 Jesu
2006 1319 2222 1374 Christo
2253 1321 2296 1353 ⁸⁸
2328 1339 2340 1373 :

764 1426 924 1478 quem
963 1423 1255 1479 sequentes
1295 1412 1360 1464 de
1385 1411 1657 1465 mortifera
1694 1412 1972 1466 altitudine
2004 1410 2073 1466 ad
2123 1414 2340 1467 vitaletn

763 1504 1140 1557 descendimus
1191 1504 1571 1568 humilitatem,
1608 1504 1824 1558 divitias
1853 1513 2172 1573 paupertate
2225 1521 2343 1560 mtt-

765 1601 970 1658 tanles,
1012 1603 1066 1645 et
1089 1592 1310 1647 delicias
1330 1593 1558 1663 simplici
1603 1595 1744 1648 cibo.

832 1681 1006 1738 XXII.
1035 1681 1230 1747 Nolite,
1274 1683 1495 1737 obsecro
1518 1699 1629 1742 vos.
1658 1685 1900 1738 oblivisci
1938 1686 2102 1740 semel
2137 1688 2339 1755 arrepti

761 1776 1048 1846 propositi.
1070 1786 1123 1830 et
1149 1776 1468 1831 traditiones
1488 1777 1663 1832 Patris
1687 1779 1855 1831 nostri
1884 1779 2060 1833 scalas
2089 1795 2341 1848 putemus

2453 595 2628 658 Quare
2675 597 3028 663 dereliqutstis
3077 599 3431 668 unusquisque
3486 599 3709 667 fratrem
3753 617 3926 663 suum,
3981 616 4035 653 ut

2448 687 2797 740 abominabile
2818 690 3046 751 Iacerent
3077 700 3441 742 testamentum
3479 700 3689 758 patrum
3718 693 4038 744 vestrorum?

2450 778 2738 831 Uerelictus
2784 791 2858 832 est
2896 777 3065 843 Juda,
3122 780 3212 833 sed
3271 779 3591 833 abominatio
3646 780 3790 849 facta
3843 791 3921 834 est
3982 784 4036 834 in

2448 866 2698 923 Israel".
2725 870 3064 940 Quapropter
3088 876 3240 940 juxta
3268 871 3398 925 illud
3424 874 3565 940 quod
3589 872 3848 926 Dominus
3870 883 4035 940 atque

2447 958 2696 1022 Salvator
2729 962 2981 1027 praecepit
3013 961 3270 1026 apostolis
3308 961 3498 1015 dicens
3535 979 3551 1015 :
3591 958 3906 1014 Mandatum
3933 977 4030 1013 no-

2447 1067 2561 1105 vum
2587 1054 2652 1103 do
2679 1053 2838 1113 robis,
2873 1062 2925 1104 ut
2954 1053 3183 1122 diligatis
3217 1054 3456 1115 invicem,
3500 1054 3635 1105 sicut
3669 1061 3719 1105 et
3745 1069 3837 1120 ego
3867 1052 4033 1104 dilexi

2446 1160 2575 1208 tos;
2621 1155 2667 1197 et
2703 1145 2757 1196 in
2787 1143 2884 1197 hoc
2920 1146 3176 1208 sciemim‘,
3214 1145 3353 1213 quod
3383 1143 3632 1211 discipuli
3663 1146 3762 1196 mei
3787 1145 3908 1196 estis
3939 1143 3987 1173 ⁸⁶
4017 1159 4033 1206 ;

2448 1251 2545 1290 nos
2571 1236 2798 1289 invicem
2820 1251 3006 1290 amare
3031 1238 3308 1298 debemus,
3337 1243 3390 1289 et
3417 1235 3708 1289 ostendere
3731 1234 3873 1301 quod
3905 1248 4036 1284 vere

2445 1330 2615 1381 simus
2645 1326 2830 1380 Iantuli
2862 1326 3075 1381 Domini
3111 1327 3278 1380 nostri
3309 1325 3433 1380 Jesu
3461 1325 3689 1388 Christi,
3726 1335 3780 1379 et
3802 1324 3897 1377 lilii
3922 1321 4032 1375 P.1-

2444 1418 2669 1481 chomii,
2699 1429 2752 1471 et
2778 1418 3024 1486 discipuli
3060 1418 3455 1472 cmuobiorum.

2517 1507 2713 1562 XXIV.
2746 1507 2801 1562 Si
2831 1509 3151 1577 pra-positus
3183 1509 3375 1562 domus
3407 1508 3645 1576 aliquem
3695 1504 4029 1573 corripuerit

2444 1612 2507 1652 ex
2545 1598 2800 1650 fratribus
2819 1602 2908 1664 qui
2935 1598 3036 1651 sibi
3071 1596 3300 1664 subjecti
3327 1585 3477 1661 sunt,
3522 1595 3780 1650 erudiens
3807 1610 3930 1648 eum
3976 1593 4033 1646 in

2447 1689 2642 1742 timore
2682 1688 2795 1750 Dei,
2847 1697 2902 1742 et
2925 1688 3148 1755 cupiens
3175 1690 3240 1740 ab
3266 1702 3452 1741 errore
3481 1689 3788 1754 corrigere;
3812 1697 3867 1740 et
3890 1686 4035 1738 alius

2446 1779 2675 1833 voluerit
2703 1795 2797 1847 pro
2829 1795 2892 1832 eo
2917 1779 3086 1846 loqui,
3111 1789 3164 1832 et
3196 1795 3319 1833 eum
3361 1777 3673 1842 defendere,
3705 1779 4033 1831 subt'erlctts

763 1867 828 1920 ad
869 1867 1128 1921 calorum
1175 1883 1334 1942 regna
1384 1873 1683 1924 tendentes.
1730 1868 1809 1922 Ne
1848 1869 2164 1925 deSideretis
2219 1887 2338 1940 quae
2373 1859 2414 1917 Β
2444 1886 2540 1926 cor
2570 1870 2749 1924 illius:
2793 1871 2887 1938 qui
2931 1872 3033 1925 hoc
3061 1867 3211 1933 facit,
3240 1879 3424 1937 peccat
3466 1871 3695 1922 insuam
3727 1869 3968 1920 animam
4015 1884 4030 1925 ί

762 1970 891 2012 ante
944 1959 1214 2013 calcastis.
1268 1959 1475 2015 Sttﬂicit
1514 1963 1668 2016 nobis
1705 1961 1906 2017 habere
1956 1964 2098 2032 quod
2136 1963 2339 2019 homini

761 2047 896 2100 Satis
950 2055 1053 2112 est,
1107 2048 1212 2104 duo
1267 2050 1613 2114 leviIOuaria,
1666 2063 1719 2104 et
1768 2052 1931 2105 alium
1975 2054 2252 2118 attritum,
2289 2065 2340 2109 et

763 2137 1033 2205 palliolum
1087 2138 1309 2206 lincmn,
1360 2142 1492 2196 duos
1542 2142 1803 2206 cucullos,
1860 2158 2052 2196 zonam
2106 2143 2336 2207 lineam,

760 2229 1006 2293 gallicas,
1042 2229 1233 2298 pellem
1259 2240 1313 2285 et
1347 2231 1572 2300 virgam.
1602 2231 1698 2284 Cui
1739 2234 2096 2285 ministerium
2125 2233 2337 2300 aliquod

761 2327 817 2372 et
855 2317 1187 2388 dispensatio
1225 2329 1309 2373 est
1355 2320 1558 2372 credita
1603 2322 1936 2385 monasterii,
1992 2333 2046 2374 et
2094 2321 2136 2374 si
2176 2337 2238 2376 ex
2275 2338 2338 2376 ea

763 2410 972 2465 lucrum
1022 2409 1204 2472 faciat,
1251 2410 1428 2466 Scelus
1453 2421 1689 2480 putetur,
1716 2423 1770 2464 et
1801 2413 2141 2480 sacrilegium
2184 2415 2339 2483 quid-

749 2515 926 2570 .quam
957 2515 1022 2554 ex
1055 2515 1117 2554 ea
1151 2501 1463 2570 contingere
1493 2510 1546 2556 et
1583 2501 1633 2554 in
1668 2503 1937 2570 propriam
1988 2512 2194 2558 vertere
2244 2520 2330 2557 re—

763 2591 964 2656 quiem,
997 2591 1148 2658 quasi
1181 2590 1485 2656 despiciens
1508 2604 1601 2644 cos
1625 2591 1714 2658 qui
1745 2607 1847 2645 non
1875 2593 2091 2653 habent,
2120 2605 2168 2646 et
2196 2595 2335 2650 lelici

761 2691 1082 2752 paupertate
1116 2690 1239 2735 sunt
1272 2682 1485 2747 divites,
1513 2695 1569 2736 ut
1602 2698 1709 2736 nou
1741 2685 1912 2738 solum
1948 2684 2061 2748 ipse
2098 2687 2333 2753 perierit,

761 2772 854 2827 sed
881 2783 936 2826 et
970 2783 1193 2828 caeteros
1217 2783 1472 2843 provocet
1502 2775 1565 2828 ad
1600 2777 1955 2844 pereundum.
2008 2776 2071 2830 Et
2101 2779 2175 2832 illi
2215 2783 2337 2850 qui“-

765 2866 886 2918 detn
913 2865 1003 2935 qui
1030 2864 1452 2920 incurvaverunt
1475 2868 1737 2919 cervicem
1769 2883 1944 2932 suam,
1977 2879 2028 2923 el
2048 2887 2166 2924 cum
2191 2875 2335 2926 oruui

764 2955 1071 3009 humilitate
1104 2966 1157 3010 et
1193 2954 1486 3010 aIIlictionc
1521 2957 1765 3025 lugentes
1810 2970 1969 3028 atque
2020 2963 2337 3031 piitllgt'lllcs

761 3049 816 3101 in
850 3047 1254 3116 prasentiarum
1290 3047 1607 3116 placuerunt
1630 3050 1755 3113 Deo,
1785 3066 1904 3104 cum
1934 3052 1997 3105 de
2019 3055 2336 3122 corpusculo

762 3139 869 3194 isto
917 3139 1170 3203 exierint,
1220 3139 1506 3204 ducentur,
1537 3149 1587 3192 ct
1616 3144 1936 3195 accumbent
1966 3159 2086 3198 cum
2130 3147 2344 3199 sanctis

757 3230 1004 3303 patribus
1036 3230 1328 3295 Abraham,
1357 3230 1505 3287 ISaac
1529 3241 1582 3287 et
1604 3229 1791 3298 Jacob,
1819 3236 2096 3304 prephetis
2125 3248 2176 3290 et
2202 3253 2332 3306 apo-

759 3322 952 3388 stolis;
1018 3334 1072 3378 et
1122 3325 1490 3407 consolatione
1545 3326 1704 3392 iligna
1769 3328 2032 3390 fruentur,
2095 3328 2234 3383 sicut
2282 3340 2336 3383 et

755 3413 995 3470 La’zarus
1031 3414 1225 3469 fruitus
1273 3428 1358 3470 est
1401 3417 1453 3469 in
1501 3417 1624 3471 sinu
1676 3419 1965 3473 Abraham.
1999 3419 2098 3485 Qui
2155 3434 2332 3474 autem

759 3510 1012 3562 vixerunt
1039 3509 1088 3560 in
1113 3507 1380 3570 cmnobio,
1407 3517 1459 3562 et
1483 3509 1546 3562 de
1575 3511 1844 3563 conuuuni
1890 3510 1940 3563 in
1969 3527 2095 3564 suos
2133 3511 2333 3580 aliquid

757 3609 1071 3654 averterunt
1119 3616 1265 3664 usus,
1307 3616 1383 3655 vae
1430 3603 1544 3657 eisl
1589 3618 1708 3657 cum
1752 3603 1818 3657 de
1851 3605 2077 3672 eoi-pore
2102 3607 2335 3658 exierint

760 3694 971 3748 dicetur
996 3693 1098 3747 illis
1125 3710 1136 3746 :
1168 3693 1479 3747 Mementote
1505 3694 1630 3764 quia
1665 3695 1931 3764 recepistis
1972 3697 2104 3748 bona
2138 3697 2191 3746 in
2223 3697 2326 3748 vita

759 3798 930 3841 vestra
961 3787 1041 3852 ";
1104 3786 1362 3841 fratribus
1423 3787 1790 3842 laborantibus
1822 3827 1836 3851 ,
1891 3797 1944 3841 et
1996 3786 2213 3854 jejuniis
2283 3797 2336 3841 et

758 3879 1088 3931 contitmitia
1115 3889 1162 3931 et
1197 3879 1503 3933 incessabili
1538 3879 1720 3932 labore
1750 3879 2089 3932 sudantibus.
2132 3878 2216 3932 lilc
2245 3895 2334 3933 rco

758 3969 938 4023 videte
964 3984 1058 4023 eos
1089 3969 1140 4021 in
1172 3968 1376 4040 gaudio
1405 3980 1569 4038 atque
1603 3968 1808 4033 lautitia,
1859 3969 1951 4038 qui
2003 3969 2336 4038 reliquerunt

760 4071 1084 4130 praesentem
1120 4061 1308 4127 vitam,
1349 4070 1406 4115 ut
1442 4059 1675 4114 futuram
1711 4070 2211 4129 consequerentur:
2242 4075 2335 4112 vos

761 4160 940 4204 autem
966 4151 1017 4203 in
1058 4152 1312 4220 squalore
1343 4166 1408 4204 ac
1435 4151 1716 4204 tormentis
1743 4161 1796 4203 et
1831 4151 2046 4204 miseria
2071 4151 2335 4204 constitu-

760 4253 864 4304 tos,
891 4242 1013 4309 quia
1050 4242 1296 4296 noluistis
1326 4242 1688 4311 evangelicum
1718 4243 1905 4295 aulire
1932 4256 2256 4304 sermonem,
2284 4253 2339 4295 ct

761 4335 911 4385 Isaiae
973 4333 1376 4402 coutcmpsistis
1423 4333 1581 4386 verba
1609 4333 1835 4386 dicentis
1868 4350 1880 4385 :
1915 4332 2045 4385 Ecce
2092 4333 2181 4398 qui
2228 4348 2336 4384 ser-

766 4427 912 4477 viunt
946 4423 1072 4477 mihi
1101 4424 1405 4488 comedent;
1439 4439 1527 4476 res
1555 4434 1728 4475 autent
1770 4425 2030 4477 esurietis.
2080 4423 2211 4475 Ecce
2245 4427 2335 4491 qui

2444 1963 2569 2031 quia
2598 1961 2861 2014 subvertit
2914 1978 3033 2016 eum
3066 1962 3159 2030 qui
3193 1961 3391 2029 corrigi
3423 1970 3654 2030 poterat,
3687 1968 3742 2013 et
3797 1975 4032 2012 consur-

2443 2059 2654 2117 gentem
2692 2047 2879 2114 dejicit
2929 2049 2981 2101 iu
3038 2059 3285 2113 terram,
3340 2059 3502 2116 atque
3543 2050 3610 2102 ad
3649 2047 3873 2101 meliora
3915 2058 4025 2100 teu-

2443 2145 2657 2194 dt‘llielll
2717 2139 2854 2193 mala
2898 2139 3261 2207 persuasione
3311 2139 3543 2206 dtcepit,
3599 2153 3792 2190 errans
3828 2139 3944 2204 ipse
3977 2148 4032 2191 et

2443 2235 2580 2288 alios
2611 2248 2796 2287 errare
2835 2229 3061 2286 faciens.
3085 2231 3218 2284 lluic
3245 2231 3370 2283 illud
3404 2232 3681 2299 aptabitur
3713 2246 4027 2297 congruen-

2446 2335 2525 2378 ter
2559 2342 2572 2377 :
2626 2322 2714 2376 I’te
2759 2324 2846 2391 qui
2885 2334 3063 2390 potum
3121 2323 3214 2374 dat
3251 2323 3492 2390 proximo
3521 2337 3614 2374 suo
3643 2321 4053 2373 subrersionem.

2442 2412 2729 2477 turbidum,
2766 2421 2811 2463 et
2861 2410 3126 2463 inebrians
3159 2411 3370 2475 eum";
3419 2407 3510 2463 Va:
3538 2411 3626 2478 qui
3663 2425 3842 2462 errare
3897 2407 4030 2475 facit

2443 2520 2635 2556 cwcnm
2670 2503 2832 2555 invia
2886 2501 2969 2566 ⁸⁸;
3023 2501 3128 2564 Qui
3157 2501 3479 2554 scandalizat
3515 2501 3810 2568 quempiam
3859 2503 3919 2550 de
3947 2499 4031 2550 Itis

2441 2597 2531 2664 qui
2574 2595 2790 2646 credunt
2831 2593 2941 2647 Deo
2975 2610 2993 2649 :
3046 2595 3249 2661 expedit
3277 2595 3322 2646 ei
3371 2605 3424 2645 ut
3459 2594 3789 2661 appendatur
3809 2593 3855 2643 ei
3887 2591 4030 2642 mola

2442 2687 2673 2739 asinaria
2705 2702 2859 2752 super
2875 2686 3071 2740 collum
3103 2686 3237 2753 ejus,
3264 2699 3309 2738 et
3349 2685 3774 2753 praecipiteturin
3799 2698 3939 2734 mare
3959 2682 4029 2735 ".

2444 2776 2577 2843 Quia
2621 2779 2926 2841 subvertit,
2979 2789 3039 2831 ut
3103 2779 3361 2841 diximus,
3419 2777 3794 2829 sublevantem
3834 2791 3916 2836 se,
3966 2782 4026 2827 cl

2444 2869 2782 2922 obedientem
2818 2868 3096 2922 transtulit
3137 2869 3204 2921 ad
3232 2867 3577 2935 superbiam;
3617 2879 3672 2920 et
3700 2885 3820 2920 eum
3848 2866 3940 2934 qui
3975 2868 4030 2919 in

2443 2960 2726 3014 dulcedine
2751 2959 3034 3012 Citat‘ilulls
3076 2968 3289 3026 poteiat
3329 2956 3629 3019 ambulare,
3674 2956 4031 3010 convertitiu

2441 3051 2892 3113 amaritudinem;
2939 3059 2992 3102 et
3049 3049 3349 3115 subjectum
3422 3048 3626 3117 legibus
3706 3046 4030 3100 monasterii

2457 3143 2613 3195 malis
2642 3142 2886 3195 consiliis
2918 3142 3252 3209 depravavit,
3307 3142 3537 3208 fecitque
3583 3141 3766 3195 odisse
3815 3154 3938 3193 eum
3972 3150 4032 3192 et

2441 3234 2751 3287 contristari
2781 3241 2968 3287 contra
3021 3233 3166 3286 illum
3222 3234 3315 3302 qui
3350 3249 3472 3286 eum
3531 3231 3759 3286 docebat
3812 3230 4031 3284 Domini

2440 3323 2807 3393 disciplinam,
2834 3325 2957 3378 lites
2988 3340 3173 3377 serens
3205 3324 3349 3376 inter
3381 3323 3578 3377 fratres
3608 3331 3769 3391 atque
3806 3321 4028 3374 Δίες-οτι

2439 3418 2576 3480 dias,
2614 3429 2666 3470 et
2739 3433 2846 3470 nou
2902 3417 3094 3470 timens
3128 3415 3253 3468 illud
3287 3415 3426 3483 quod
3471 3414 3732 3480 scriptum
3784 3421 3910 3464 est:
3945 3409 4031 3462 Tu

2438 3507 2553 3574 quis
2585 3523 2657 3570 es,
2715 3506 2805 3573 qui
2859 3506 3062 3566 iudicas
3095 3507 3324 3557 alienum
3352 3519 3552 3556 sertum
3577 3503 3602 3554 .9
3644 3501 3753 3555 Suo
3809 3500 4029 3554 domino

2436 3610 2561 3660 stat,
2597 3607 2686 3650 aut
2709 3597 2872 3651 cadit.
2907 3594 3074 3649 Stabit
3108 3607 3312 3658 autem;
3336 3603 3515 3660 potens
3571 3609 3644 3645 esu
3672 3593 3807 3644 enim
3837 3590 4034 3642 Durni-

2441 3695 2537 3742 nns
2570 3703 2775 3740 rursum
2795 3696 3026 3739 statuere
3048 3686 3279 3738 illum".
3305 3684 3607 3739 Considera
3635 3684 3762 3751 quid
3793 3683 4026 3735 dixerit:

2441 3776 2634 3830 Potens
2673 3789 2744 3828 est
2790 3791 2962 3829 autem
2999 3775 3255 3827 Dominus
3289 3785 3519 3827 statuere
3550 3774 3722 3826 illum.
3766 3769 3881 3823 Non
3935 3772 4031 3826 ille

2439 3881 2631 3935 potens
2672 3867 2882 3934 est,qui
2917 3867 3077 3919 verba
3113 3867 3318 3919 Domini
3348 3869 3607 3933 praeterit.

2517 3957 2683 4012 XXV.
2721 3957 2892 4023 Unde,
2924 3958 3138 4022 fratres,
3177 3972 3498 4025 magnopere
3529 3959 3822 4011 devitetnus
3843 3955 4032 4008 alicu-

2432 4051 2521 4119 jus
2560 4062 2795 4104 mentem
2841 4053 3148 4104 subvcrterc
3180 4060 3365 4123 contra
3415 4051 3687 4102 doctorem
3749 4059 3801 4100 et
3839 4053 4034 4100 inom-

2443 4157 2608 4196 torctn
2646 4158 2838 4205 suum;
2877 4152 2930 4194 et
2972 4141 3378 4194 meminerimus
3421 4139 3712 4207 Scriptura:
3744 4139 4027 4193 dicentis:

2440 4233 2625 4288 Littera
2662 4249 2752 4287 cor
2796 4245 2943 4284 tuum
2983 4250 3014 4284 ιι
3056 4234 3281 4295 ntal.tiu,
3318 4239 3370 4282 ut
3406 4231 3622 4282 salvetis
3646 4230 3712 4281 ".
3771 4229 3878 4306 βω
3921 4247 4030 4296 pro

2439 4315 2758 4378 obedientia'
2783 4324 3091 4392 superbiam
3143 4333 3195 4376 et
3244 4325 3638 4375 contumaciam
3674 4319 3726 4373 in
3762 4322 4032 4374 cordibus

2441 4417 2644 4470 nostris
2676 4416 2904 4468 invicem
2939 4415 3287 4466 semiuemus.
3319 4412 3421 4477 Qui
3462 4412 3605 4464 enim
3639 4418 3788 4462 timet
3827 4407 4032 4460 Domi-

761 4517 988 4569 serviunt
1023 4514 1370 4576 nti/tibibent,
1401 4530 1486 4568 vos
1522 4526 1693 4567 autem
1720 4515 1904 4567 sitietis
1956 4512 2087 4567 Ecce
2112 4517 2202 4582 qui
2226 4533 2334 4567 ser-
2369 4532 2410 4585 D
2443 4525 2567 4559 num
2609 4522 2787 4571 suum,
2822 4506 2862 4558 si
2909 4504 3103 4560 viderit
3136 4506 3357 4557 fratrem
3393 4517 3548 4555 suum
3586 4514 3769 4554 errare
3799 4511 3846 4550 et
3885 4498 4032 4561 labi,

762 4608 905 4660 aiunt
965 4606 1092 4658 mihi
1146 4605 1524 4668 exsultabant;
1559 4614 1604 4656 et
1647 4620 1734 4656 vos
1783 4603 2074 4657 clamabitis
2125 4615 2337 4676 propter

763 4698 997 4751 dolorem
1052 4698 1222 4749 cordis
1262 4697 1452 4762 vestri,
1505 4708 1550 4747 et
1605 4696 1665 4747 ob
1711 4697 2074 4748 contritionem
2124 4698 2336 4763 spiritus

761 4790 1030 4859 ejulabitis
1054 4789 1119 4841 ⁸⁸.
1152 4788 1392 4841 Audistis
1430 4802 1614 4841 ontttes
1636 4786 2002 4841 .beatitudmes
2029 4785 2339 4857 Scriptura;

762 4897 906 4944 rum,
933 4890 988 4934 ct
1021 4878 1268 4933 noluistis
1302 4881 1572 4946 suscipere
1592 4877 1950 4946 disciplinam.

833 4971 1028 5028 XXIII.
1053 4972 1200 5038 Ideo,
1232 4970 1447 5032 fratres,
1484 4969 1718 5038 mquales
1743 4972 1931 5032 simus,
1953 4986 1981 5022 a
2012 4971 2233 5024 minimo
2252 4989 2338 5025 us-

764 5079 868 5134 que
902 5062 969 5115 ad
998 5060 1317 5122 maximum,
1348 5069 1455 5109 tam
1493 5057 1643 5109 dives
1666 5072 1824 5125 quam
1858 5071 2081 5124 pauper,
2113 5071 2338 5110 concor-

764 5152 852 5205 dia
880 5160 936 5204 et
961 5149 1264 5202 humilitate
1293 5145 1537 5215 perfecti,
1572 5155 1628 5196 ut
1653 5146 1718 5196 de
1751 5143 1901 5196 vobis
1931 5157 2145 5211 quoque
2171 5146 2339 5212 possit

765 5242 869 5297 dici
901 5257 915 5294 :
954 5238 1058 5304 Qui
1083 5238 1326 5298 multum,
1365 5251 1467 5288 non
1507 5233 1830 5294 abundavit;
1866 5233 1955 5300 qui
1999 5248 2208 5300 parum,
2235 5250 2337 5286 non

764 5327 1077 5398 tnu’iguit“.
1114 5326 1190 5378 Ne
1225 5325 1349 5393 quis
1383 5325 1494 5377 suis
1529 5324 1806 5390 provideat
1847 5321 2073 5383 deliciis,
2114 5337 2340 5375 cernens

763 5423 986 5474 fratrem
1041 5420 1092 5472 in
1124 5427 1441 5485 paupertate
1491 5425 1544 5466 et
1580 5415 1822 5482 angustia
1871 5414 2245 5475 constitutum,
2288 5423 2343 5465 et

762 5511 976 5565 dicatur
1031 5508 1076 5560 ei
1134 5506 1261 5559 illud
1311 5502 1726 5571 propheticum:
1774 5497 1960 5552 Nonne
2015 5499 2150 5552 Deus
2205 5516 2338 5551 unus

1442 5645 1483 5674 ⁸¹
1517 5643 1642 5696 Luc.
1682 5659 1789 5703 xvi,
1829 5642 1920 5694 23.

1488 5716 1528 5743 ⁸⁷
1566 5713 1760 5764 linitur.
1797 5730 1851 5768 II.
1889 5715 1970 5764 15.

1638 5786 1680 5812 ⁹⁶
1707 5785 1825 5836 ιίυλ.
1862 5785 1919 5816 δν

829 5653 868 5682 ⁸⁸
909 5651 1102 5716 Epltcs.
1133 5663 1191 5709 ll,
1224 5646 1314 5699 ‘20.

759 5729 800 5757 "‘
843 5724 995 5773 Juun.
1024 5736 1140 5776 sui.
1191 5718 1280 5775 Si,
1322 5716 1409 5768 55.

755 5813 824 5860 n,
876 5793 962 5846 14.
1037 5789 1263 5842 "Prov.
1293 5803 1437 5849 xxiv,
1478 5785 1559 5837 Il.

2030 5645 2074 5673 ’⁸³
2115 5643 2211 5696 lsu.
2255 5661 2377 5702 nxv,
2415 5648 2615 5705 15,14.

2070 5714 2113 5743 ⁸³
2144 5717 2294 5768 ltcut.
2329 5733 2491 5780 um,
2535 5719 2611 5769 ιδ.

2437 4601 2608 4669 magis
2633 4602 2790 4654 debet
2829 4610 3132 4652 monstrare
3158 4613 3276 4665 qua:
3303 4607 3490 4649 sancta
3528 4604 3674 4656 sunt,
3713 4603 3766 4645 et
3800 4603 4028 4645 rectum

2437 4691 2542 4744 iter
2579 4693 2887 4754 ostendere,
2930 4701 2987 4742 ut
3027 4705 3147 4742 cum
3193 4689 3337 4741 omni
3385 4689 3634 4741 castitate
3682 4696 3734 4739 et
3776 4696 4032 4738 tremore

2440 4782 2534 4835 Dei
2562 4782 2839 4836 .incedens
2859 4820 2873 4846 ,
2915 4780 3058 4834 illam
3106 4779 3412 4833 Salomonis
3440 4791 3763 4847 exsequatur
3791 4790 4032 4830 seuteuo

2441 4876 2570 4927 tiam
2605 4887 2618 4923 :
2651 4870 2841 4926 Libera
2879 4889 2977 4925 ’τοι
3015 4872 3103 4941 qui
3140 4872 3403 4924 ducuntur
3438 4873 3506 4922 ad
3542 4882 3778 4930 mortem,
3805 4877 3849 4919 et
3879 4871 4033 4921 redi-

2444 4981 2582 5017 ntere
2607 4967 2667 5017 de
2697 4963 3051 5031 interfectiane
3099 4980 3200 5016 non
3230 4977 3392 5015 cesses
3412 4960 3483 5015 ".
3523 4959 3632 5014 Nec
3677 4960 3828 5014 dieas
3857 4974 3872 5008 :
3918 4959 4033 5015 Ne-

2444 5057 2559 5111 scio
2595 5057 2756 5109 hunc.
2805 5054 2952 5108 Scito
2986 5056 3239 5123 quoniam
3285 5056 3423 5106 Deus
3457 5054 3621 5106 corda
3655 5051 3895 5104 omnium
3935 5065 4033 5104 no-

2448 5149 2541 5200 vit.
2574 5147 2639 5202 Et
2669 5145 2834 5200 Judas
2864 5148 2914 5200 in
2943 5145 3176 5215 Epistola
3206 5143 3443 5212 loquitur
3480 5159 3575 5196 sua
3609 5159 3622 5194 :
3664 5141 3730 5193 Et
3764 5141 3856 5193 fias
3899 5144 4032 5207 qui-

2440 5245 2556 5292 dem
2605 5240 2668 5291 de
2707 5240 2822 5306 igne
2851 5240 3130 5305 rapientes,
3170 5249 3214 5289 et
3240 5237 3359 5289 odio
3399 5236 3646 5289 habentes
3669 5239 4030 5286 commacula-

2441 5337 2546 5378 tum
2592 5326 2822 5377 tunicam
2851 5325 2915 5376 ⁸³.
2947 5323 3246 5378 Caveamus
3297 5321 3668 5392 hujuscemodi
3726 5319 4027 5374 vestimen-

2443 5427 2574 5479 tum,
2613 5430 2666 5468 et
2699 5417 2988 5467 induamur
3027 5417 3204 5483 potius
3245 5427 3572 5468 armaturam
3618 5414 3736 5477 Dei,
3767 5423 3821 5465 ut
3853 5414 4021 5481 possi-

2441 5525 2556 5560 mus
2591 5509 2826 5561 resistere
2875 5519 3054 5561 contra
3094 5509 3315 5561 insidias
3359 5509 3577 5562 diaboli.
3611 5507 3735 5560 Non
3765 5518 3842 5560 est
3885 5509 4029 5560 enim

3410 5648 3455 5680 ⁸⁵
3485 5647 3712 5700 Malarh.
3751 5664 3811 5701 ll.
3831 5647 3963 5705 ~I0,I
3985 5648 3998 5695 l
4023 5689 4040 5702 ,

3298 5719 3343 5749 "’
3375 5719 3529 5774 Iiom.
3567 5735 3676 5778 xiv,
3707 5719 3761 5772 4.
3843 5721 3881 5748 ⁸³
3918 5715 4038 5768 Jer.

2767 5647 2810 5677 “
2835 5647 2872 5699 ll
2906 5645 3034 5701 Cor.
3061 5665 3176 5712 vttt,
3214 5652 3297 5702 I5.

2691 5719 2735 5746 ⁸⁹
2770 5720 2954 5771 Matth.
2986 5734 3136 5784 )H'tlt,
3165 5720 3217 5774 6.
