4226 6316
249 349 347 404 881

1073 352 1128 402 S.
1173 349 1457 405 UliSlESll
1501 353 1839 407 DOC'I‘RINA
1887 353 1970 407 DE
2012 356 2357 420 INSTITUT.
2401 357 2701 414 MONACII.

3382 347 3485 420 8'32

249 467 397 518 nobis
427 479 602 532 pugna
619 477 799 519 contra
831 483 1037 519 carnem
1070 480 1116 520 et
1143 469 1470 536 sanguinem,
1510 475 1598 522 sed
1633 470 1817 522 odrero
1852 475 1894 528 Α
1927 487 2043 526 ucm
2079 476 2465 545 evangelicum,
2496 491 2715 528 avarum
2740 475 3116 543 eorripieutem
3139 497 3148 531 :
3170 476 3356 542 Stulte,
3390 480 3486 531 huc

253 571 338 606 sus
364 562 640 621 potestates
680 563 724 606 et
749 555 1094 622 principatus,
1127 558 1372 608 adversus
1412 566 1628 608 rectores
1680 567 1823 608 tene-

250 645 464 698 brorum
496 644 714 714 harum,
757 647 1001 701 adversus
1044 647 1308 717 spiritalia
1352 649 1594 717 nequitia:
1632 648 1686 700 in
1732 665 1824 701 cae-

252 738 462 793 lestibus
485 739 551 793 “.
871 789 874 792 λ

326 829 518 883 XXVI.
558 831 669 885 lloc
695 846 908 901 quoque
942 833 1173 887 maxime
1201 833 1588 902 providendum
1624 847 1727 898 est,
1759 850 1824 890 ne

254 923 376 989 quis
426 921 477 977 in
515 921 738 974 alteram
778 922 992 976 domum
1038 932 1094 978 et
1133 922 1355 986 alterius
1387 925 1635 978 cellulam
1682 940 1827 979 com-

256 1018 473 1066 mendet
507 1012 730 1081 aliquid,
758 1021 812 1066 et
840 1023 1028 1068 contra
1059 1016 1370 1069 monasterii
1401 1015 1562 1070 faciat
1587 1015 1826 1086 discipli—

259 1120 403 1160 nam.
435 1105 534 1171 Qui
584 1106 702 1159 talis
744 1117 842 1170 est,
881 1124 985 1185 non
1018 1119 1098 1161 est
1131 1109 1182 1162 in
1215 1124 1438 1163 numero
1461 1108 1707 1173 l'ratrum,
1735 1109 1826 1164 sed

259 1199 628 1252 mercenarius
664 1207 716 1254 et
752 1200 991 1266 advena;
1037 1215 1135 1254 nec
1180 1199 1383 1255 Pascha
1427 1199 1638 1254 Domini
1690 1202 1827 1256 inter

257 1299 478 1343 sanctos
502 1291 656 1344 debet
693 1292 994 1354 cemedere,
1026 1290 1148 1358 quia
1191 1290 1369 1369 factus
1392 1300 1473 1345 est
1498 1291 1634 1359 lapis
1667 1306 1824 1345 scan-

258 1383 365 1435 dali
421 1384 472 1435 in
516 1382 864 1444 monasterio,
896 1393 951 1435 et
990 1381 1056 1435 de
1088 1397 1151 1436 eo
1193 1393 1374 1451 posset
1419 1383 1564 1436 dici:
1606 1381 1829 1449 Lapides

259 1478 323 1527 de
369 1474 449 1526 via
485 1491 597 1526 mea
640 1475 880 1542 projicite
901 1474 967 1528 ⁸⁵.
1019 1473 1074 1527 Si
1115 1475 1257 1527 enim
1287 1475 1604 1528 levitonaria
1647 1484 1828 1528 nostra

259 1568 477 1634 quando
515 1566 773 1627 lavamus,
804 1567 945 1620 sicca
983 1581 1085 1619 non
1109 1565 1328 1629 fuerint,
1363 1579 1528 1633 usque
1553 1565 1618 1618 ad
1645 1580 1831 1634 vespe-

265 1673 380 1707 ram
437 1672 539 1708 non
598 1657 856 1709 habemus
904 1665 1218 1724 potestatem
1279 1654 1418 1722 apud
1469 1669 1566 1707 nos
1608 1667 1829 1718 tenere,

263 1749 562 1813 damusque
595 1748 883 1814 praeposito
936 1749 1020 1800 cui
1073 1745 1259 1798 crediti
1301 1761 1508 1809 smmis,
1543 1747 1622 1798 vel
1658 1748 1705 1799 ei
1742 1745 1826 1800 cui

261 1838 528 1890 creditum
575 1848 658 1891 est
705 1835 998 1894 cellarium,
1053 1845 1110 1889 ut
1154 1836 1360 1888 delerat
1394 1837 1460 1888 ad
1497 1851 1618 1889 eum
1658 1836 1828 1889 locum

263 1929 351 1980 ubi
383 1929 699 1982 vestimenta
722 1928 922 1993 pariter
943 1929 1180 1981 omnium
1212 1936 1647 1989 reservantur,ct
1678 1942 1833 1981 mane

264 2020 420 2073 nobis
449 2019 646 2072 dantur
673 2031 731 2073 ut
762 2019 1132 2088 expandamus
1165 2019 1252 2072 illa
1294 2019 1358 2071 ad
1388 2018 1555 2071 solem
1577 2057 1590 2079 ,
1628 2027 1678 2070 et
1711 2033 1830 2071 cum

264 2108 408 2158 sicca
445 2104 644 2159 iuerint
670 2121 775 2159 non
807 2108 944 2172 apud
981 2122 1077 2162 nos
1117 2117 1392 2170 tenemus,
1424 2106 1518 2158 sed
1559 2106 1748 2160 damus
1775 2110 1827 2160 in

263 2212 552 2251 commune
577 2198 1001 2267 servandajuxta
1020 2207 1283 2266 praecepta
1308 2197 1598 2267 majorum:
1635 2208 1834 2265 quanto

264 2291 441 2358 magis
468 2303 525 2341 ea
568 2305 685 2359 quae
723 2290 938 2358 proprie
976 2291 1122 2344 visus
1145 2305 1204 2345 es
1243 2290 1541 2358 possidere,
1573 2291 1618 2344 si
1678 2289 1830 2342 alteri

263 2378 731 2438 commendaveris
759 2392 852 2437 aut
882 2385 933 2436 in
974 2392 1057 2436 tua
1100 2383 1332 2438 volucris
1365 2398 1483 2437 esse
1539 2393 1833 2451 potestate,

267 2484 461 2533 peccas
494 2470 544 2521 in
582 2470 896 2524 monasterii
943 2470 1300 2539 diseipliuam,
1344 2481 1397 2525 ct
1443 2487 1544 2524 non
1581 2471 1836 2540 intelligis

266 2557 498 2612 Paulum
527 2561 618 2613 tibi
661 2561 963 2630 loquentem
991 2579 1004 2614 :
1039 2559 1139 2614 Vos
1167 2573 1337 2613 autem
1367 2563 1416 2614 in
1441 2561 1728 2615 libertatem
1753 2580 1838 2616 vo-

267 2653 374 2703 cati
415 2653 569 2715 estis;
612 2661 906 2705 tantumne
957 2651 1190 2706 libertate
1231 2653 1284 2704 in
1319 2657 1838 2711 occasionemcarnis

270 2745 580 2809 abutamini,
608 2745 696 2797 sed
717 2745 969 2798 charitate
1002 2747 1186 2800 servile
1203 2747 1417 2800 invicem
1438 2747 1483 2779 ³⁸
1504 2764 1517 2812 ;
1541 2757 1590 2802 et
1611 2748 1833 2802 iterum:

271 2833 529 2888 Dominus
549 2834 706 2901 juxta
738 2843 847 2898 est;
892 2833 1049 2887 nolite
1078 2851 1186 2888 esse
1219 2836 1447 2895 solliciti,
1478 2837 1568 2890 sed
1597 2847 1760 2890 estote
1788 2840 1840 2892 in

269 2924 508 2976 oratione
551 2925 733 2978 intenti
774 2935 820 2978 et
859 2925 1392 2993 deprecationibus".
1451 2925 1598 2981 Sciat
1628 2943 1841 2998 quoque

275 3015 363 3068 ille
398 3017 487 3084 qui
519 3017 584 3070 ab
611 3018 717 3071 alio
745 3019 1042 3086 susceperit
1067 3022 1526 3085 commendatum,
1557 3033 1609 3075 et
1648 3038 1758 3076 rem
1783 3038 1841 3077 se

273 3105 570 3157 athitralur
611 3105 787 3159 facere
828 3105 968 3173 piam
1007 3115 1065 3158 ut
1106 3105 1324 3160 fratrem
1369 3109 1670 3176 refrigeret,
1699 3109 1840 3175 quod

276 3207 461 3261 νοω-οι
497 3205 681 3248 contra
715 3196 948 3248 animam
986 3211 1136 3249 suam
1159 3237 1172 3258 ,
1224 3198 1540 3252 subverteus
1603 3200 1839 3266 regulam

278 3282 610 3333 monasterii.
638 3281 681 3336 Ο
709 3282 891 3344 stulte,
930 3285 1108 3336 anima
1142 3294 1228 3337 tua
1267 3287 1558 3338 commissa
1600 3296 1680 3340 est
1711 3303 1844 3354 prze-

275 3375 452 3439 posito
483 3382 602 3437 tuo;
641 3384 692 3425 et
717 3375 804 3440 qui
839 3374 1070 3426 animam
1099 3384 1240 3427 tuam
1268 3391 1568 3444 corpusque
1609 3380 1845 3445 custodit

275 3465 527 3533 indignus
565 3465 848 3519 habebitur
884 3475 940 3519 ut
970 3468 1205 3534 peritura
1237 3469 1563 3522 conservet?
1594 3471 1847 3524 Amemus

272 3557 563 3623 justitiam,
605 3565 660 3609 ut
700 3557 1081 3623 justiticemur.
1125 3557 1377 3626 Legimus
1417 3561 1559 3614 enim
1594 3578 1606 3612 :
1640 3560 1847 3616 Miseri-

279 3649 466 3700 cordia
490 3649 710 3700 occurrit
747 3648 828 3700 his
852 3649 940 3718 qui
959 3649 1159 3717 faciunt
1195 3651 1459 3703 veritatem
1484 3654 1554 3706 ".

354 3738 563 3794 XXVII.
610 3738 722 3793 Hoc
766 3755 975 3809 quoque
1012 3743 1406 3796 observandum
1447 3752 1563 3809 est,
1601 3759 1666 3797 nc
1703 3749 1845 3812 quis,

279 3829 446 3882 stulta
501 3828 824 3896 cogitatione
880 3830 1175 3899 deceptus,
1233 3831 1340 3883 imo
1389 3833 1582 3886 diaboli
1643 3834 1850 3902 laqueis

282 3921 544 3984 irretitus,
572 3921 715 3974 dicat
746 3922 797 3974 iu
835 3923 994 3976 corde
1032 3937 1129 3975 suo
1161 3940 1173 3975 :
1210 3922 1434 3988 Quando
1464 3926 1687 3990 morior,
1724 3935 1850 3982 tunc

281 4013 423 4066 dono
473 4011 729 4067 fratribus
758 4015 899 4083 quod
930 4014 1185 4069 habuero.
1228 4012 1273 4069 Ο
1319 4016 1632 4072 stultissime
1675 4019 1850 4072 homi-

283 4121 432 4170 num,
495 4106 582 4159 ubi
636 4106 737 4159 hoc
788 4107 1046 4176 scriptum
1083 4107 1380 4162 invenisti?
1425 4109 1614 4165 Nonne
1665 4127 1855 4166 omnes

282 4199 454 4254 sancti
496 4197 794 4252 servientes
839 4199 947 4252 Deo
983 4198 1167 4252 statim
1201 4215 1414 4254 omncut
1468 4203 1644 4255 szcculi
1681 4204 1852 4257 sarci-

284 4305 410 4346 nam
438 4291 840 4357 deposuerunt?
873 4290 1062 4346 Nonne
1094 4291 1148 4345 in
1189 4291 1412 4346 Actibus
1445 4294 1803 4360 apostolorum
1836 4334 1852 4358 ,

282 4383 463 4436 omnia
495 4397 614 4451 quae
651 4381 958 4447 habebant,
997 4384 1062 4438 ad
1107 4382 1269 4452 pedes
1307 4383 1670 4453 apostolorum
1705 4383 1852 4439 dele-

1931 575 2077 615 nocte
2096 567 2331 623 animant
2358 573 2592 632 expetent
2620 581 2650 615 a
2679 580 2727 616 te
2753 580 2771 617 :
2800 580 2917 634 qui!
2941 577 3113 620 autem
3151 567 3481 632 prwparasti,

1927 656 2076 723 cujus
2110 670 2260 707 erunt
2287 656 2341 708 'i
2371 665 2425 708 et
2461 656 2652 708 iterum
2681 671 2697 707 :
2725 653 2788 709 In
2819 655 2908 709 illa
2932 657 3017 710 die
3047 654 3285 723 peribunt
3312 671 3488 709 oumes

1926 744 2260 814 cogitationes
2309 761 2487 798 eorunt
2504 746 2546 800 ⁸.
2577 747 2771 814 Stulte,
2806 761 2988 816 quare.
3009 762 3113 801 non
3170 747 3256 801 vis
3304 746 3491 799 audire

1928 835 2209 889 [totninum
2237 837 2604 890 cohortantem
2641 854 2652 887 :
2689 835 2851 903 Vade,
2879 845 2941 891 et-
2969 836 3127 892 vende
3155 836 3331 894 omnia
3373 850 3492 904 quc

1927 927 2102 990 habes,
2121 937 2170 980 et
2194 929 2262 979 da
2276 927 2610 996 pauperibus,
2639 939 2685 982 et
2714 928 2834 982 tolle
2848 944 3048 982 crucem
3083 937 3249 993 tuam,
3277 935 3336 986 et.
3353 927 3491 992 veni,

1927 1028 1972 1070 et
1999 1033 2208 1088 sequere
2232 1035 2311 1071 nte
2333 1019 2390 1069 "t
2417 1019 2567 1085 Quod
2597 1019 2912 1073 adolescens
2939 1018 3161 1073 audiens
3195 1031 3493 1072 conversus

1927 1116 2010 1160 est
2045 1116 2219 1171 retro;
2254 1121 2356 1161 non
2397 1107 2539 1160 euint
2568 1117 2683 1161 erat
2716 1117 2917 1161 rectum
2956 1122 3048 1161 cor
3069 1107 3269 1178 ipsius;
3299 1107 3491 1161 etideo

1930 1213 2033 1251 non
2088 1199 2256 1267 potuit
2305 1213 2523 1266 gravent
2564 1199 2868 1252 divitiarum
2914 1199 3176 1252 sarcinam
3205 1199 3491 1267 deponere.

1935 1288 2179 1343 Habebat
2218 1291 2431 1357 quidem
2460 1290 2812 1354 voluntatem,
2848 1299 2904 1343 ut
2940 1288 3218 1359 Scriptura
3243 1298 3490 1351 testatur,

1933 1380 2180 1449 periectze
2208 1383 2352 1444 vitm,
2381 1391 2435 1435 et
2467 1382 2750 1451 splendore
2771 1381 3031 1435 virtutum
3067 1380 3382 1434 trahebatur
3429 1379 3495 1432 ad

1931 1473 2160 1534 laudem,
2217 1473 2309 1526 sed
2345 1473 2684 1527 rctraltebant
2749 1488 2869 1528 eum
2906 1482 3211 1528 currentem
3266 1470 3488 1532 divitizc,

1935 1577 2033 1615 nec
2063 1573 2268 1632 poterat
2297 1563 2590 1620 Salvatoris
2614 1567 2800 1620 audire
2829 1567 3150 1630 doctrinam,
3169 1565 3293 1634 quia
3320 1562 3498 1616 adhuc

1937 1655 2001 1706 de
2029 1654 2210 1706 tuuudi
2241 1655 2444 1709 deliciis
2481 1656 2766 1725 cogitabat.
2799 1655 2950 1712 Unde
2975 1667 3024 1709 ct
3053 1654 3302 1713 Salvator
3329 1653 3499 1722 loqui-

1937 1752 2053 1798 tur:
2090 1746 2306 1816 Di/ﬁcile
2350 1758 2423 1800 est
2468 1765 2552 1801 eos
2594 1749 2680 1814 qui
2719 1749 2904 1801 habent
2955 1748 3161 1801 divitias
3201 1747 3400 1799 intrare
3444 1745 3499 1796 in

1939 1851 2092 1904 regna
2134 1839 2376 1890 cwlorum
2403 1839 2482 1903 ¹⁹;
2519 1848 2571 1892 et
2615 1840 2804 1892 iterum
2842 1857 2853 1891 :
2892 1838 3057 1891 Nemo
3101 1849 3262 1904 potest
3297 1839 3499 1890 duobus

1933 1927 2157 1979 dominis
2217 1931 2446 1982 servire:
2483 1940 2568 1982 aut
2622 1931 2757 1982 enim
2807 1946 2967 1982 unum
3015 1931 3132 1983 odio
3180 1930 3409 1991 habebit,
3450 1938 3498 1980 et

1934 2017 2154 2070 alterunt
2191 2019 2401 2086 diliget;
2435 2030 2522 2071 aut
2576 2021 2663 2071 uni
2710 2025 2783 2072 est
2823 2021 3085 2083 obediens,
3121 2028 3164 2071 et
3212 2029 3499 2071 contemnet

1932 2108 2176 2160 alterum.
2228 2108 2346 2162 Non
2389 2111 2599 2176 potestis
2635 2108 2739 2162 Deo
2779 2109 2971 2162 servire
3015 2118 3062 2162 et
3093 2125 3400 2160 mammona:
3434 2110 3498 2158 ¹¹.

1939 2199 2187 2253 l’ltarisa‘i
2216 2209 2394 2253 autem
2422 2215 2542 2253 cum
2575 2209 2755 2254 essent
2785 2201 2954 2266 avari,
2990 2201 3102 2254 hzec
3132 2201 3423 2254 audiebant
3449 2211 3502 2254 et

1938 2291 2230 2344 irt'idebanl
2261 2311 2272 2342 :
2315 2305 2540 2358 quorum
2575 2291 2994 2346 incredulitatem
3037 2291 3363 2350 devitemus,
3397 2302 3495 2341 nec

1939 2382 2259 2435 irrideamus
2322 2396 2414 2435 eos
2475 2382 2563 2450 qui
2617 2396 2712 2434 nos
2756 2390 3065 2449 provocant.
3118 2379 3504 2434 Renunliemus

1939 2472 2159 2536 mundo,
2192 2482 2249 2523 ut
2281 2470 2502 2538 perfecti
2530 2470 2821 2538 perfectum
2853 2484 3142 2537 sequamur
3169 2470 3501 2522 thesaurum.

1939 2564 2175 2630 Quorum
2214 2564 2445 2616 animam
2476 2564 2707 2631 possidet
2768 2562 3015 2624 avaritia,
3052 2561 3135 2614 his
3163 2561 3376 2613 videtur
3409 2575 3506 2627 pro

1939 2657 2151 2709 Christo
2177 2655 2336 2708 stulta
2366 2664 2670 2723 paupertas.
2709 2651 2951 2717 Quantus
2976 2663 3049 2705 est
3075 2668 3312 2720 magnus,
3339 2661 3505 2718 pietas

1941 2763 2056 2799 cum
2078 2745 2402 2814 sufﬁcientia.
2435 2742 2582 2796 Nihil
2615 2743 2746 2795 enim
2781 2742 3050 2794 intulimus
3081 2742 3133 2793 in
3186 2740 3322 2793 hunc
3353 2757 3506 2792 utun-

1942 2838 2086 2900 dunt,
2132 2851 2220 2888 nec
2268 2835 2478 2903 auferre
2525 2835 2650 2902 quid
2702 2848 3018 2899 possumus;
3069 2831 3313 2885 habentes
3365 2832 3504 2884 enim

1943 2929 2131 2980 victum
2182 2937 2225 2977 et
2259 2925 2512 2986 vestitum,
2555 2925 2632 2976 his
2690 2924 2918 2976 contenti
2958 2927 3137 2975 simus.
3192 2920 3294 2985 Qui
3335 2931 3508 2974 autem

1945 3019 2117 3070 volunt
2142 3017 2322 3070 divites
2342 3016 2479 3084 ﬁeri,
2499 3015 2732 3067 incidunt
2755 3012 3153 3064 intentationem
3175 3023 3221 3063 et
3243 3009 3506 3077 laqueum,

1872 3143 1912 3200 Ο
1946 3109 1997 3162 in
2029 3109 2466 3175 concupiscentias
2503 3107 2689 3159 ntultas
2723 3123 2838 3174 quiv
2866 3114 2983 3157 sunt
3024 3105 3197 3158 stulta:
3227 3115 3273 3157 et
3316 3105 3508 3164 nexia',

1949 3213 1993 3252 et
2025 3200 2324 3269 demergunt
2369 3199 2604 3251 homines
2653 3200 2703 3248 in
2753 3197 3022 3249 interitum
3054 3205 3099 3248 et
3144 3195 3485 3257 perditionem

1951 3291 2129 3344 Radix
2153 3293 2289 3343 enim
2326 3291 2555 3342 omnium
2580 3289 2834 3339 malorum
2861 3287 3120 3353 cupiditas
3141 3287 3206 3338 ¹¹.

2022 3379 2258 3436 ΧΧΗΙΙ.
2301 3381 2476 3449 Usque
2512 3382 2666 3433 hodie
2703 3379 2846 3433 Elius
2894 3379 3139 3434 lsraelem
3171 3378 3388 3444 conripit
3430 3382 3512 3430 di.

1953 3490 2122 3529 cens:
2161 3473 2442 3543 Quousque
2483 3472 2792 3524 claudicatis
2842 3472 3010 3538 pede?
3041 3469 3098 3524 Si
3141 3470 3273 3523 Deus
3318 3480 3414 3534 est,
3448 3471 3513 3522 ite

1951 3579 2001 3621 et
2027 3567 2305 3636 sequimini
2333 3582 2449 3618 eum
2484 3565 2547 3616 ¹³.
2582 3565 2646 3616 Et
2677 3565 2830 3617 nobis
2859 3564 3096 3632 loquitur
3125 3581 3138 3616 :
3175 3561 3231 3615 Si
3266 3563 3514 3614 mandata

1953 3670 2076 3713 sunt
2115 3658 2205 3710 Dei
2238 3671 2357 3726 qum
2401 3671 2494 3725 per
2526 3656 2741 3710 Patrem
2787 3667 3026 3709 nostrum
3067 3654 3290 3707 tradi-tit
3335 3653 3510 3714 nobis,

1952 3762 2006 3805 et
2053 3766 2172 3820 qua:
2219 3760 2504 3818 sequentes
2557 3764 2846 3816 possumus
2903 3745 3184 3813 pervenire
3231 3745 3293 3797 ad
3354 3758 3514 3810 regna

1955 3842 2236 3905 cmlorum,
2284 3849 2396 3894 toto
2446 3841 2631 3892 eadem
2683 3838 2950 3892 desiderio
3004 3835 3414 3904 compleamus:
3468 3832 3515 3887 si

1956 3944 2130 3985 autem
2178 3932 2451 3998 sequimur
2491 3930 2849 3996 cogitationes
2897 3938 3130 3988 nostras.
3169 3935 3222 3981 et
3267 3927 3330 3979 ad
3375 3927 3517 3980 aliud

1959 4025 2126 4077 tendit
2158 4023 2389 4084 animus,
2417 4037 2512 4075 cur
2539 4037 2640 4073 non
2673 4036 2913 4074 errorem
2951 4019 3274 4088 simpliciter
3295 4019 3526 4072 conlitu-

1959 4127 2097 4173 nmr,
2129 4123 2183 4164 et
2208 4111 2561 4173 ostendimus,
2595 4125 2692 4162 nos
2719 4124 2838 4162 esse
2867 4109 3010 4177 quod
3045 4106 3214 4162 videri
3232 4108 3506 4162 erubesci-

1959 4205 2110 4257 mus?
2145 4201 2221 4256 Ne
2263 4201 2398 4255 forte
2433 4201 2643 4254 dicatur
2690 4211 2740 4254 ct
2779 4199 2932 4254 nobis
2981 4217 2994 4253 :
3045 4199 3221 4264 Quare
3252 4197 3517 4267 polluistis

1960 4298 2130 4348 locum
2175 4309 2342 4346 meum
2393 4305 2631 4346 sanctum
2665 4291 2744 4342 “1'
2777 4290 2877 4345 Et:
2918 4290 3147 4359 lc'jiciam
3186 4306 3272 4344 eos
3311 4307 3339 4345 e
3365 4292 3520 4345 donta

1960 4402 2072 4438 mea
2120 4385 2185 4436 ".
2236 4384 2509 4452 Siquidem
2562 4382 2916 4437 conciliabula
2955 4381 3343 4435 monachorum
3393 4397 3519 4436 vere

283 4473 475 4527 rebaut
498 4472 580 4523 "‘i
609 4473 677 4525 At
705 4472 974 4542 quomodo
1000 4474 1200 4541 poteris
1229 4485 1474 4528 mortuus
1507 4472 1728 4542 justitize
1757 4475 1853 4529 in-
1886 4501 1929 4556 υ
1964 4475 2050 4526 Dei
2077 4475 2274 4526 domus
2315 4481 2416 4536 est,
2446 4480 2500 4524 et
2538 4482 2849 4528 sanetorum
2885 4471 3058 4534 vinea,
3091 4472 3232 4525 sicut
3263 4471 3521 4541 scriptum

284 4566 450 4617 duere
480 4566 884 4626 vestimentum,
905 4563 995 4633 qui
1024 4563 1149 4619 illud
1178 4563 1332 4618 vivus
1361 4565 1557 4618 habere
1588 4580 1692 4618 non
1737 4580 1850 4618 me-

287 4649 482 4703 ruisti?
511 4647 690 4714 Quare
717 4650 915 4705 oblitus
968 4667 1026 4706 es
1067 4651 1216 4717 illud,
1255 4655 1398 4721 quod
1437 4653 1695 4722 scriptum
1723 4664 1803 4707 est
1836 4671 1850 4708 :

287 4740 441 4806 Quod
475 4742 801 4795 seminaverit
833 4743 986 4795 homo
1009 4784 1024 4809 ,
1066 4747 1161 4798 hoc
1201 4755 1248 4797 et
1295 4747 1506 4806 metet‘;
1548 4756 1601 4799 et
1633 4762 1647 4798 :
1679 4746 1854 4800 Unus-

281 4837 505 4901 quisque
551 4833 761 4906 recipiet
805 4832 965 4898 juxta
990 4835 1129 4902 quod
1171 4837 1348 4904 egit’;
1383 4846 1471 4890 et:
1509 4834 1702 4891 Reddet
1732 4840 1854 4890 uni-

291 4925 477 4993 cuique
491 4922 649 4991 juxta
678 4940 833 4994 opera
861 4940 958 4976 sua
983 4923 1004 4955 ³
1030 4941 1044 4989 ;
1093 4934 1145 4977 et
1177 4926 1371 4979 iterum
1404 4943 1417 4978 :
1452 4926 1854 4996 Ego'Dominus

283 5027 524 5068 scrutatis
556 5015 716 5068 corda
757 5024 806 5068 et
833 5015 1058 5084 probans
1112 5031 1256 5070 renes
1275 5057 1289 5082 ,
1327 5027 1384 5072 ut
1413 5020 1626 5092 reddam
1655 5020 1859 5072 unicui-

282 5122 387 5175 que
413 5107 574 5174 juxta
605 5107 713 5160 vias
746 5123 868 5160 suas
894 5116 941 5160 et
971 5108 1128 5177 juxta
1162 5107 1386 5176 fructum
1431 5109 1855 5162 adinventionunt

279 5200 398 5268 ejus
417 5198 523 5252 “’2
563 5196 740 5264 Quare
772 5201 1008 5254 nondum
1025 5201 1258 5254 versaris
1295 5200 1346 5253 in
1393 5201 1522 5265 vita,
1561 5210 1613 5254 et
1656 5201 1708 5253 in
1761 5202 1858 5254 hoc

283 5290 608 5360 corpusculo
639 5292 964 5346 constitutus
986 5306 1092 5346 non
1118 5293 1271 5347 audis
1300 5291 1466 5345 David
1495 5294 1797 5359 loquentem
1840 5311 1852 5345 :

291 5381 656 5445 Thesaurisat,
689 5391 738 5434 et
762 5381 969 5448 ignorat
990 5382 1074 5434 cui
1099 5390 1375 5437 conareoat
1409 5398 1467 5434 ea
1487 5381 1540 5438 'z
1579 5391 1631 5436 et
1661 5396 1857 5436 sermo-

363 5535 423 5604 ’ξ
453 5541 649 5604 ιιλριιειιιζ
677 5549 753 5600 νι,
788 5542 874 5598 11,
903 5535 989 5588 12.
1066 5539 1113 5570 ’⁸
1137 5538 1246 5593 Jer.
1283 5555 1333 5603 ι,
1359 5538 1448 5595 26,

287 5618 362 5676 t_v_,
394 5602 578 5676 δείλῃ-ι
607 5602 724 5676 Gal.
767 5619 836 5669 γι,
867 5605 918 5660 8.
995 5608 1014 5637 ’
1036 5606 1228 5676 Ephesi
1255 5602 1328 5670 vt,
1363 5609 1415 5663 8.
1491 5609 1510 5640 ³
1536 5609 1688 5661 Ιῖιιιιι.
1726 5610 1856 5668 ιι,6.

282 5673 377 5726 ‘20.
459 5673 481 5704 ⁸
519 5672 817 5738 PsaLNLV,
848 5676 902 5729 4.
977 5677 997 5708 ⁹
1039 5672 1226 5732 Matth.
1263 5693 1372 5739 xIx,
1400 5678 1488 5731 9.1.

284 5741 446 5796 6-10.
529 5743 567 5773 ¹⁸
611 5742 669 5796 lll
705 5742 836 5809 Heg.
866 5761 1017 5808 svnt,
1047 5747 1131 5799 ‘ll.
1218 5748 1470 5803 “Ezech.
1507 5765 1596 5814 ιιι,
1621 5747 1709 5804 ΞΟ.

1527 5539 1573 5568 16
1598 5539 1692 5569 Γηι
1750 5556 1777 5569 11
1843 5540 1898 5569 l2

1598 5538 1715 5592 Gal.
1750 5556 1797 5600 v,
1841 5540 1920 5596 l5.
2032 5538 2074 5568 "
2106 5538 2336 5603 Philipp.
2368 5551 2420 5588 tv

1602 5625 1688 5660 nn.
1726 5610 1856 5664 ".6.
1933 5609 2000 5640 δ”
2030 5606 2138 5659 Jer.
2169 5621 2300 5664 xvn,
2338 5604 2420 5657 10.

1571 5679 1611 5709 ¹⁰
1654 5677 1835 5731 Matth.
1875 5696 1984 5742 xix,
2019 5677 2108 5729 9.5.

1789 5751 1827 5778 ”’
1863 5751 1982 5804 Osc.
2009 5763 2080 5812 Ix,
2121 5745 2197 5798 l5.

1959 4564 2182 4635 legimus
2214 4581 2227 4616 :
2279 4561 2436 4616 Vinea
2463 4563 2603 4632 facta
2631 4570 2705 4615 est
2735 4561 3006 4617 Salontoni
3033 4564 3086 4616 in
3116 4562 3230 4616 loco
3259 4565 3346 4632 qui
3371 4569 3522 4617 vocit-

1957 4666 2041 4708 tur
2083 4655 2403 4718 Beelamon;
2446 4652 2586 4706 dedit
2625 4661 2738 4707 eant
2784 4653 3114 4716 custodibus;
3170 4654 3522 4721 unusquisqur

1959 4744 2107 4811 aﬁ'ert
2137 4759 2230 4808 pro
2266 4743 2522 4810 fructibus
2551 4743 2665 4809 ejus
2693 4741 2832 4794 mille
2874 4750 3164 4809 argenteos.
3213 4739 3382 4794 Vinea
3411 4757 3523 4793 utea

1958 4837 2012 4888 in
2055 4845 2329 4902 conspectu
2366 4849 2475 4885 meo
2526 4843 2648 4886 est:
2686 4832 2828 4886 mille
2876 4832 3171 4895 Salomoni,
3211 4842 3260 4886 et
3311 4834 3522 4886 ducents

1960 4925 2040 4976 his
2069 4925 2158 4994 qui
2185 4922 2484 4976 custodiunt
2514 4921 2742 4989 fructum
2765 4921 2878 4990 ejus
2912 4921 2975 4975 ¹⁶.
2997 4919 3072 4976 Ne
3099 4921 3260 4992 igitur
3281 4923 3525 4990 polluen-

1963 5029 2040 5071 tes
2070 5028 2188 5073 eam
2220 5014 2583 5084 projiciamur,
2617 5012 2759 5068 sicut
2790 5013 2842 5067 in
2871 5011 3162 5083 Evangelia
3199 5013 3425 5083 legimus
3456 5014 3518 5081 ⁸⁷,

1958 5106 2159 5174 ejectos
2191 5119 2309 5161 esse
2337 5107 2403 5160 de
2435 5104 2631 5173 templo
2663 5104 2755 5173 qui
2800 5106 3101 5159 vendebant
3137 5105 3186 5160 in
3214 5119 3279 5160 eo
3308 5121 3436 5162 oves
3469 5119 3523 5162 et

1960 5201 2156 5253 boves:
2188 5197 2806 5266 nummulariosquoque
2829 5197 3136 5267 ingrediens
3162 5199 3414 5253 Dominus
3436 5209 3521 5254 at-

1959 5305 2062 5357 que
2098 5290 2366 5352 Salvator,
2405 5297 2460 5342 et
2491 5287 2695 5345 iaciens
2725 5288 2824 5342 sibi
2857 5287 3123 5359 ﬂagellent
3151 5290 3216 5343 de
3245 5290 3518 5358 funiculis,

1958 5382 2118 5450 ejecit
2151 5395 2181 5434 e
2214 5378 2431 5448 templo,
2461 5388 2514 5432 et
2543 5378 2770 5434 fundens
2805 5394 2911 5434 aera
2944 5395 3264 5450 mensasque
3289 5382 3523 5436 venden-

2032 5538 2074 5568 ’ν
2106 5535 2336 5603 Philipp.
2368 5551 2442 5598 iv,
2473 5537 2526 5601 5,
2554 5537 2604 5589 6.
2628 5536 2672 5567 ’°
2704 5534 2848 5588 Psal.
2881 5551 3098 5600 Lxxxtv,
3130 5535 3215 5590 11.
3323 5537 3367 5568 ⁸⁸
3400 5517 3533 5592 Act:

2324 5577 2336 5588 .
2368 5551 2442 5598 iv,
2473 5537 2526 5601 5,
2554 5537 2604 5589 6.
2628 5536 2672 5567 ’°
2704 5534 2848 5588 Psal.
2881 5551 3098 5600 Lxxxtv,
3130 5535 3215 5590 11.

2517 5609 2535 5636 ⁸
2579 5605 2732 5674 Ρδιιι.
2775 5620 3002 5669 xxxviii,
3035 5605 3085 5657 ⁵1.
3173 5607 3191 5637 ⁷
3233 5605 3361 5660 Luc.
3424 5621 3523 5674 ιιι,

2189 5675 2227 5706 ⁸⁸
2258 5675 2440 5726 Matth.
2478 5689 2549 5737 vt,
2583 5675 2686 5734 ‘24;
2716 5673 2839 5726 Luc.
2874 5690 2983 5729 XVI.
3009 5674 3094 5728 13.
3173 5676 3214 5707 "
3243 5675 3422 5729 lTim.
3449 5673 3521 5741 \‘t,

2283 5745 2321 5775 ”
2351 5745 2502 5798 Cant.
2546 5761 2650 5808 ιἰιι,
2695 5745 2775 5809 11,
2804 5744 2887 5797 l2.
2953 5744 3169 5800 "Joan.
3215 5761 3275 5812 lt,
3309 5747 3395 5809 l-i,
3435 5743 3521 5802 lb.
