4226 6316
224 369 327 422 885

1045 369 1100 422 S.
1150 366 1444 423 ORSIESII
1484 366 1830 425 ῐῖΟΟΤΙΗΝΑ
1877 373 1964 423 DE
1994 366 2347 430 INSTITUT.
2387 362 2669 423 MONAC’II

3381 359 3485 416 685

215 494 391 536 autem
431 483 485 535 in
529 492 678 536 nocte.
715 483 962 552 graditur
1003 484 1266 554 impingit,
1319 486 1443 552 quia
1485 487 1657 541 lumen
1703 503 1802 539 non
1835 491 1879 546 A
1911 488 1963 540 in
1993 487 2182 542 eodem
2222 485 2341 541 loco
2365 484 2562 555 jungit,
2592 499 2655 538 ac
2693 483 2821 539 dicit
2860 500 2873 538 :
2914 480 3046 542 Dedi
3075 480 3148 533 eis
3176 474 3488 531 consolatio-

217 582 294 626 est
331 573 384 624 in
425 588 484 626 eo
527 572 606 628 "5
635 570 748 626 Nos
784 583 983 652 autem,
1026 575 1166 628 sicut
1198 577 1331 628 dixit
1361 577 1671 645 Apostolus,
1703 593 1804 629 non

218 679 402 717 sumus
430 664 531 732 ﬁlii
562 665 1016 733 pra-varieationis
1047 667 1102 718 in
1133 667 1506 736 perditionem,
1547 667 1637 721 sed
1680 668 1805 736 ﬁdei

219 755 275 808 in
301 757 702 824 acquisitianem
734 759 925 811 unitate
963 755 1031 823 '°;
1064 767 1117 813 et
1157 759 1282 813 alibi
1316 778 1328 813 :
1365 758 1578 828 Omnes,
1609 760 1803 830 inquit,

219 846 323 915 ﬁlii
353 847 486 901 lucis
515 847 661 910 estis,
706 859 752 901 et
793 847 893 916 lilii
933 847 1050 904 Dei.
1101 847 1225 904 Non
1263 869 1442 906 sumus
1478 853 1580 921 ﬁlii
1619 854 1804 917 noctis,

221 955 390 1010 neque
422 943 756 994 tenebrarum
785 941 852 997 “-.
883 942 939 997 Si
970 957 1099 1013 ergo
1132 953 1318 997 sumus
1346 944 1438 998 lilii
1466 944 1619 1009 lucis,
1647 946 1807 999 debe-

227 1047 352 1086 mus
383 1033 526 1086 scire
553 1049 673 1101 qute
706 1033 841 1090 lueis
874 1045 1019 1102 sunt,
1047 1045 1100 1092 et
1132 1035 1309 1092 facere
1348 1038 1554 1092 fructus
1592 1037 1807 1093 luminis

223 1122 276 1176 in
307 1123 458 1177 omni
486 1139 651 1194 opere
679 1126 822 1182 bono
857 1145 869 1181 :
902 1127 1043 1196 quod
1088 1128 1232 1182 enim
1282 1129 1678 1192 tnanil'estatur,
1719 1129 1803 1184 lus

221 1223 331 1268 est.
370 1215 425 1269 Si
467 1217 518 1270 in
558 1226 666 1273 toto
694 1221 864 1274 corde
903 1229 1243 1275 revertamur
1290 1223 1353 1274 ad
1401 1222 1708 1286 Dominum,
1756 1233 1809 1278 et

222 1306 276 1360 in
334 1309 618 1378 praeceptis
653 1321 966 1366 sanctorum
1006 1312 1149 1368 illius
1179 1322 1234 1368 et
1264 1312 1440 1368 Patris
1472 1315 1642 1370 nostri
1678 1316 1807 1369 sim-

222 1399 354 1468 plici
379 1400 539 1455 corde
557 1416 969 1471 conversamur,
992 1405 1388 1461 abundabimus
1410 1407 1461 1460 in
1480 1407 1626 1460 omni
1645 1422 1808 1476 Opere

223 1491 389 1546 bono.
432 1491 583 1559 Quod
633 1494 675 1549 si
723 1510 1044 1564 superentur
1092 1499 1275 1552 carnis
1325 1499 1712 1566 voluptatibus,
1755 1501 1806 1552 in

220 1583 312 1638 die
344 1584 499 1651 quasi
548 1584 600 1638 in
649 1587 822 1640 media
873 1595 1030 1642 nocte
1071 1589 1332 1657 parietem
1373 1589 1727 1659 palpabimns,
1758 1600 1810 1643 et

233 1689 343 1727 non
377 1675 718 1730 inveniemus
753 1677 892 1730 riam
934 1679 1171 1733 civitatis
1195 1690 1248 1733 et
1281 1679 1574 1735 habitaculi
1615 1681 1806 1745 nomri,

227 1764 298 1818 de
324 1780 435 1833 quo
463 1765 663 1819 dicitur
694 1783 705 1818 :
742 1765 1098 1820 Esuriemium
1127 1779 1172 1822 et
1204 1770 1496 1827 sitientium
1519 1773 1694 1825 anima
1719 1775 1806 1826 de-

221 1855 332 1925 ﬁcit
368 1855 447 1919 ";
481 1857 608 1924 quia
636 1867 1084 1927 contempserunt
1113 1859 1284 1929 legent
1308 1861 1410 1916 sibi
1443 1879 1470 1914 a
1505 1863 1615 1917 Deo
1646 1865 1813 1917 tradi-

229 1960 364 2013 tam,
401 1959 456 2003 et
489 1966 674 2003 vocem
718 1952 1103 2019 prophetarum
1142 1968 1247 2007 non
1289 1955 1611 2022 audierunt;
1647 1966 1699 2009 et
1728 1957 1810 2010 id-

223 2043 376 2096 circo
406 2057 511 2097 non
552 2051 843 2112 potuerunt
883 2045 950 2099 ad
982 2050 1304 2115 promissam
1339 2049 1582 2118 requiem
1620 2066 1811 2120 perre-

222 2148 368 2186 D'I'P.

304 2220 549 2278 XXXVI.
579 2221 879 2295 Vigilemus
911 2236 962 2281 ct
994 2229 1183 2282 attenti
1229 2230 1428 2296 simus;
1461 2232 1504 2285 si
1536 2232 1678 2287 enim
1714 2249 1810 2287 na-

225 2312 499 2369 tnraltbus
543 2330 648 2369 non
691 2319 951 2386 pepercit,
997 2334 1094 2372 nec
1139 2321 1293 2376 nobis
1338 2335 1527 2392 parcet
1574 2324 1639 2378 ⁵³.
1697 2324 1812 2379 Non

221 2406 292 2458 de
317 2407 556 2472 cunctis,
595 2409 687 2462 sed
706 2411 770 2463 de
804 2411 1210 2481 negligentibus,
1230 2414 1440 2482 loquor,
1470 2417 1665 2485 quibus
1693 2419 1815 2488 jure

223 2498 504 2565 optabitur
537 2499 625 2553 illa
668 2500 967 2570 deploratio
1012 2522 1024 2557 :
1071 2503 1162 2558 Va:
1208 2508 1281 2559 eis
1307 2510 1398 2576 qui
1437 2521 1756 2576 recesserunt
1784 2529 1814 2566 a

221 2589 346 2641 me!
377 2578 650 2660 Manifesti
690 2603 809 2646 sunt
846 2595 970 2663 quia
1006 2596 1164 2662 impie
1193 2610 1405 2666 egerunt
1439 2601 1491 2652 in
1525 2575 1604 2653 me
1636 2617 1654 2654 :
1690 2605 1816 2671 quia

221 2679 626 2750 rlereliquerunt
653 2700 732 2735 me
759 2683 953 2752 fontem
994 2703 1145 2760 aqua:
1189 2688 1339 2750 vivae,
1367 2698 1415 2742 et
1439 2689 1683 2758 foderunt
1718 2690 1817 2745 sibi

225 2771 485 2825 contritas
513 2771 682 2838 lacus,
728 2774 816 2844 qui
847 2791 949 2828 non
977 2788 1195 2842 possunt
1229 2796 1420 2848 aquam
1449 2784 1718 2837 continere
1748 2783 1814 2836 “.

225 2858 301 2914 Et
331 2861 459 2929 quia
497 2877 602 2918 non
649 2865 937 2919 audierunt
966 2866 1179 2935 judices
1207 2870 1344 2939 ejus,
1381 2874 1602 2929 audiant
1636 2875 1818 2930 dicen-

221 2963 340 3008 tem
377 2954 546 3008 Deum
574 2974 587 3010 :
619 2955 884 3011 Constitui
925 2977 1080 3028 super
1103 2977 1189 3016 vos
1224 2964 1595 3032 speculatores.
1626 2967 1820 3022 Audite

221 3056 404 3108 “storem
447 3049 604 3102 tuba’.
649 3048 713 3102 Et
755 3051 1052 3104 dixerunt:
1092 3052 1218 3108 Non
1255 3058 1530 3111 audiemus
1560 3060 1626 3112 ".
1670 3060 1821 3116 Unde

1911 595 2025 631 nem
2055 593 2253 644 veram,
2283 594 2463 646 pacem
2494 592 2650 645 super
2675 593 2856 644 pacem
2889 575 2969 628 his
3011 572 3104 644 qui
3140 580 3290 625 erant
3328 582 3486 638 prope

1909 682 1957 724 et
1989 670 2140 741 longe
2152 687 2172 736 ,°
2207 670 2440 740 dixitque
2468 668 2746 733 Dominus,
2779 667 2988 721 Sanabo
3023 681 3111 720 eos
3139 663 3205 716 ⁸³.
3232 661 3398 729 Cujus
3430 669 3490 714 ut

1909 762 2064 832 plene
2115 761 2539 817 misericordiam
2585 774 2992 829 cognoscamus,
3039 755 3288 812 Jeremiae
3374 767 3486 806 sero

1911 869 2069 907 mone
2105 854 2282 918 docet,
2323 853 2554 908 dicens:
2599 849 2656 907 Si
2691 850 2944 905 eleuatum
2996 849 3155 918 fuerit
3206 844 3391 900 caelum
3433 843 3488 896 111

1910 944 2153 1011 sublime,
2175 953 2223 998 et
2248 945 2292 998 si
2318 944 2658 997 humiliatum
2677 943 3022 1010 pavimentum
3041 950 3196 994 terrae
3219 938 3486 1000 deorsum,

1909 1053 2002 1107 ego
2033 1053 2136 1089 non
2169 1035 2387 1104 reprobo
2415 1043 2617 1106 gentem
2647 1033 2813 1088 Israel
2841 1048 2936 1102 pro
2972 1031 3210 1085 omnibus
3247 1044 3366 1098 qua:
3405 1025 3486 1096 {e-

1911 1146 1962 1183 ce
1972 1141 2087 1182 runt
2121 1128 2186 1182 “.

1983 1219 2272 1278 XXXVIII.
2308 1222 2554 1291 Cumque
2586 1229 2736 1274 tanta
2763 1217 3052 1274 clementia
3078 1217 3148 1271 sit
3183 1214 3487 1270 Salvatoris

1912 1313 2147 1379 Domini,
2187 1323 2242 1368 et
2275 1329 2371 1370 nos
2409 1321 2664 1382 provocet
2703 1311 2770 1366 ad
2808 1309 3063 1369 salutem,
3108 1294 3489 1361 convertamus

1912 1404 2075 1459 corda
2115 1413 2299 1457 nostra
2351 1404 2418 1455 ad
2451 1417 2573 1455 eum
2615 1418 2628 1453 :
2670 1399 2811 1466 Quia
2850 1400 2965 1469 jam
3015 1399 3146 1451 hora
3185 1406 3262 1451 est
3312 1406 3368 1449 ut
3425 1396 3491 1448 de

1911 1511 2093 1550 somno
2125 1494 2428 1562 eulgilemus
2463 1511 2481 1547 .'
2511 1509 2613 1547 nox
2644 1491 2931 1562 prtecessit,
2962 1491 3072 1544 dies
3108 1499 3281 1542 autem
3307 1503 3493 1557 appro-

1910 1586 2178 1656 pinquavit
2199 1586 2554 1654 ;deponamus
2579 1599 2701 1653 ergo
2729 1597 2883 1651 opera
2917 1583 3268 1643 tenebrarum,
3297 1579 3492 1632 indua-

1911 1694 2032 1731 mur
2055 1693 2206 1730 arma
2230 1676 2362 1730 lucis
2390 1677 2457 1728 ⁸⁸.
2488 1674 2663 1729 Filioli
2693 1673 2820 1739 mei,
2841 1672 3071 1741 primum
3100 1687 3166 1724 ex
3194 1680 3305 1725 toto
3328 1669 3493 1724 Corde

1911 1765 2424 1838 diligamus-Deum;
2453 1765 2648 1820 deinde
2711 1762 3073 1829 nosmetipsos
3101 1775 3344 1814 amemus
3375 1773 3494 1819 mu-

1844 1832 1885 1887 B
1917 1872 2028 1924 1110,
2061 1875 2330 1915 memores
2359 1868 2753 1929 praeceptorum
2789 1856 2883 1910 Dei
2921 1854 3243 1917 Salvatoris,
3287 1853 3341 1906 in
3377 1853 3496 1922 qui-

1916 1951 2015 2006 bus
2044 1952 2119 2005 ait
2145 1968 2156 2001 :
2198 1949 2386 2004 Pacem
2417 1966 2584 2004 meam
2619 1949 2685 2002 do
2723 1947 2892 2010 vobis,
2924 1963 3101 2013 pacem
3130 1963 3296 1999 meam
3332 1945 3493 1998 relin-

1913 2060 2014 2111 quo
2040 2043 2180 2097 vobis
2215 2057 2233 2096 :
2300 2058 2402 2096 non
2434 2041 2565 2095 sicut
2592 2040 2822 2094 mundus
2850 2040 2938 2091 dat
2972 2054 3174 2106 pacem,
3203 2053 3295 2106 ego
3318 2038 3383 2088 do
3409 2052 3498 2090 110·

1916 2137 1993 2189 bis
2033 2135 2098 2188 “.
2148 2133 2214 2191 In
2245 2135 2326 2188 Itis
2373 2134 2512 2187 enim
2557 2133 2759 2186 duobus
2802 2129 3069 2183 mandatis
3103 2139 3216 2183 tota
3252 2127 3338 2182 lex
3371 2144 3497 2196 peu-

1916 2230 2021 2293 det,
2055 2239 2099 2280 et
2125 2228 2386 2296 prapltette
2418 2227 2484 2279 ".

1989 2317 2234 2373 XXXIX.
2267 2318 2324 2371 Si
2362 2319 2485 2386 quis
2519 2317 2572 2372 in
2603 2318 2763 2370 domo
2801 2315 3118 2369 monasterii
3161 2312 3262 2368 sub
3292 2328 3500 2384 pracpo-

1919 2412 2022 2463 sito
2050 2423 2296 2474 manens,
2329 2409 2475 2461 nulla
2507 2422 2563 2462 re
2591 2407 2839 2477 indigens
2882 2422 3042 2476 quam
3075 2407 3128 2461 111
3165 2396 3498 2462 monasterio

1927 2502 2127 2556 habere
2146 2501 2470 2570 permissum
2496 2508 2607 2567 est;
2632 2509 2684 2554 et
2714 2498 2872 2552 habet
2902 2508 3134 2568 patrem,
3159 2497 3499 2566 fratremque

1921 2610 1974 2653 et
2009 2600 2239 2652 amicum
2275 2596 2682 2662 charisSimum,
2721 2594 2854 2648 nihil
2900 2597 2966 2648 ab
2998 2595 3078 2650 eis
3108 2595 3321 2664 penitus
3353 2591 3500 2648 acci-

1927 2693 2061 2761 piat,
2095 2691 2199 2743 non
2231 2688 2488 2752 tunicam,
2522 2701 2628 2741 non
2657 2686 3083 2756 palliolum,-noo
3118 2686 3277 2739 aliam
3311 2700 3503 2755 quam-

1923 2787 2051 2840 lilth
2083 2799 2215 2837 rem.
2253 2781 2308 2836 Si
2347 2788 2530 2834 autem
2563 2777 2971 2848 comprobatum
3009 2776 3172 2831 fuerit
3217 2762 3361 2846 quod
3403 2777 3507 2831 mi-

1923 2895 2025 2932 nus
2063 2875 2255 2930 habeat
2281 2873 2344 2927 de
2371 2871 2452 2925 bis
2479 2886 2598 2940 quze
2637 2878 2902 2940 praecepta
2947 2879 3092 2931 sunt,
3131 2869 3288 2937 culpa
3322 2871 3502 2924 omnis

1929 2980 2093 3038 atque
2120 2966 2388 3023 correctio
2407 2965 2472 3017 ad
2507 2963 2851 3034 praepositum
2881 2969 3250 3015 convertetur.

2001 3061 2112 3115 XL.
2151 3059 2258 3113 Vos
2276 3059 2438 3125 igitur
2458 3056 2550 3127 qui
2572 3057 2704 3110 estis
2728 3053 3002 3123 principes
3027 3050 3502 3109 monasteriorum,

228 3138 334 3192 iata
370 3138 763 3197 incredulitas?
789 3158 969 3197 nonne
995 3159 1058 3199 ex
1087 3159 1172 3210 eo,
1207 3149 1330 3213 quia
1365 3148 1570 3203 alienos
1614 3167 1815 3222 1108110-
1848 3167 1890 3223 c
1928 3157 1969 3208 si
2002 3167 2138 3223 quos
2169 3151 2350 3215 aliqua
2385 3163 2444 3202 re
2477 3147 2718 3233 t'ideritis
2746 3145 2988 3215 indigere
3015 3156 3211 3199 etesse
3241 3143 3291 3194 in
3340 3155 3507 3206 angu-

226 3241 458 3294 νει-11111,
506 3241 561 3285 et
619 3249 721 3286 non
767 3237 1037 3290 adversati
1083 3239 1248 3291 sunt?
1287 3238 1549 3307 Loquitur
1596 3253 1649 3296 et
1693 3245 1816 3298 alibi

227 3321 473 3389 Spiritus
498 3334 827 3393 sanctusper
843 3327 1159 3394 prophetam
1193 3347 1204 3383 :
1234 3326 1342 3397 Ego
1364 3331 1500 3382 enim
1539 3349 1650 3385 sum
1684 3333 1825 3389 Deus

227 3412 496 3467 Dominus
531 3425 674 3480 tuus,
699 3417 788 3487 qui
815 3418 1038 3485 {armavi
1067 3420 1273 3484 caelum,
1307 3432 1353 3474 et
1388 3426 1558 3477 creari
1585 3436 1777 3480 terram
1805 3445 1823 3481 :

222 3506 393 3572 cujus
435 3523 622 3558 manus
668 3510 1012 3564 condiderunt
1057 3529 1259 3568 omnem
1297 3517 1412 3568 caeli
1458 3518 1734 3582 militiam,
1774 3530 1820 3572 et

227 3611 338 3648 non
380 3599 584 3650 ostendi
623 3615 739 3652 eam
781 3602 896 3666 tibi,
943 3613 999 3654 ut
1047 3606 1346 3662 ambulares
1403 3619 1517 3677 post
1558 3611 1706 3664 illam
1756 3614 1820 3669 ⁸³.

226 3686 392 3752 Quod
423 3689 638 3756 quidem
670 3701 721 3744 et
748 3708 843 3760 per
876 3692 1112 3764 Moysem
1142 3701 1417 3769 przecepit,
1446 3702 1630 3757 dicens
1659 3723 1670 3756 :
1707 3705 1825 3760 Non

219 3795 354 3832 cum
393 3783 690 3848 suspexeris
716 3785 923 3851 uelum,
958 3797 1006 3839 et
1042 3789 1238 3844 videris
1276 3793 1436 3845 solent
1466 3805 1513 3847 et
1547 3796 1729 3849 lunam
1761 3817 1823 3852 ac

225 3871 418 3923 stellas
459 3882 506 3924 et
558 3889 710 3926 omne
760 3889 1126 3931 ornamentum
1174 3882 1310 3946 caeli,
1344 3900 1522 3937 errore
1575 3887 1821 3954 deceptus

223 3965 423 4016 adores
462 3981 522 4017 ea
566 3967 630 4018 ³⁷.
673 3966 780 4036 Ego
829 3987 944 4023 sum
985 3971 1120 4025 Deus
1162 3977 1251 4043 qui
1295 3978 1456 4030 eduxi
1501 3989 1548 4031 te
1574 3981 1637 4034 de
1681 3992 1821 4036 terra

225 4053 482 4122 (Egypti,
512 4065 559 4108 et
602 4056 766 4110 Deum
798 4069 947 4113 extra
978 4079 1055 4115 me
1089 4066 1278 4126 nescis,
1308 4078 1352 4119 et
1389 4069 1478 4135 qui
1502 4069 1673 4124 salvos
1702 4090 1823 4140 pos-

215 4158 308 4200 set
340 4148 517 4213 facere
560 4166 661 4202 non
697 4161 772 4204 est
812 4163 1003 4218 prteter
1045 4171 1142 4207 me.
1183 4155 1293 4226 Ego
1325 4172 1442 4211 sum
1481 4163 1571 4230 qui
1613 4174 1662 4215 te
1700 4167 1820 4231 pavi

217 4239 286 4292 ’ἄη
326 4239 636 4305 solitudine,
675 4243 727 4294 in
767 4256 908 4296 terra
943 4247 1281 4301 inltabilabtli
1321 4266 1338 4304 :
1378 4261 1424 4304 et
1468 4253 1666 4319 impleti
1698 4267 1818 4310 sunt

222 4330 540 4392 saturitate,
591 4344 637 4384 et
680 4333 878 4388 elevata
912 4348 1033 4390 sunt
1064 4342 1225 4393 corda
1266 4358 1448 4396 eorum
1483 4345 1548 4399 ⁸⁸.
1588 4343 1818 4415 Idcirco,

221 4419 387 4473 obliti
423 4432 542 4473 sunt
569 4425 690 4485 mei,
716 4435 765 4476 et
796 4441 888 4490 ego
917 4428 1125 4481 tradam
1153 4448 1240 4484 eos
1265 4434 1579 4499 dispersioni
1611 4437 1663 4489 in
1695 4456 1820 4507 gen-

219 4513 371 4566 tibus
408 4515 608 4568 cunctis
637 4516 703 4568 ".

304 4599 574 4658 XXXVII.
618 4604 748 4670 Qua:
783 4608 1066 4684 audientes
1109 4616 1263 4680 quasi
1299 4615 1365 4671 de
1400 4634 1592 4676 somno
1625 4639 1819 4692 exper—

218 4693 530 4763 giscantur,
573 4703 626 4746 ct
659 4696 996 4761 prtebeamus
1034 4716 1132 4756 nos
1167 4703 1354 4773 dignos
1401 4710 1611 4766 Domini
1645 4717 1816 4768 servi-

222 4785 357 4846 11111,
387 4795 442 4837 111
479 4787 825 4852 misereatur,
858 4799 912 4843 ct
939 4791 1084 4845 dicat
1113 4797 1268 4849 nobis
1302 4815 1313 4850 :
1354 4780 1602 4857 lnvocate
1632 4823 1736 4872 me,
1765 4820 1821 4863 et

213 4891 329 4966 ego
373 4879 659 4966 exstitiatn
712 4896 824 4934 vos.
873 4882 992 4952 Ipse
1027 4886 1169 4939 enim
1223 4890 1295 4942 ait
1342 4910 1354 4944 :
1413 4892 1517 4957 Qui
1567 4898 1815 4966 dispersit

217 4965 429 5029 Israel,
480 4973 812 5038 congregavit
856 4989 969 5024 eum
1005 4975 1079 5038 ⁸ος
1115 4987 1170 5030 ct
1206 4978 1332 5033 alibi
1376 4999 1388 5034 :
1430 4981 1552 5038 Non
1593 4965 1810 5054 faciam,

218 5058 434 5124 inquit,
461 5057 618 5126 juxta
643 5060 776 5114 iram
802 5062 1001 5129 furoris
1037 5069 1164 5133 mei,
1197 5087 1288 5124 nec
1323 5074 1397 5125 sic
1427 5077 1720 5145 relinquam
1761 5096 1814 5135 ut

211 5150 433 5201 rlcleam
486 5147 737 5217 Epitraint
780 5154 856 5220 5‘;
892 5165 946 5209 ct
991 5157 1185 5214 iterum
1235 5179 1246 5215 :
1301 5162 1423 5218 Non
1471 5171 1523 5219 in
1559 5182 1814 5224 mter-num

209 5241 449 5312 puniam
477 5259 585 5306 vos,
620 5260 711 5297 nec
738 5261 943 5315 semper
974 5250 1178 5306 irascar
1215 5256 1376 5310 vobis.
1413 5257 1644 5327 Spiritus
1680 5268 1815 5318 enim

211 5349 246 5383 α
292 5344 381 5382 me
419 5331 705 5397 egreditur,
739 5347 784 5386 et
825 5350 976 5389 omne
1009 5343 1149 5405 quod
1184 5345 1350 5411 spirat
1385 5363 1482 5417 ego
1524 5351 1620 5413 feet
1653 5353 1715 5404 °'.
1757 5353 1817 5406 Iit

296 5515 348 5553 ⁸⁵
390 5519 542 5573 1111111.
580 5536 652 5577 XI.
693 5520 746 5585 9,
783 5521 866 5574 10.
948 5522 995 5552 ⁶⁰
1031 5519 1189 5578 IIcltr.
1231 5543 1281 5586 κ,
1325 5528 1414 5581 59.

213 5594 316 5647 15.
415 5591 460 5622 ⁵⁵
499 5591 610 5646 Jcr.
649 5607 718 5654 γι,
763 5593 845 5645 17.
959 5591 1005 5622 ⁸⁸
1047 5593 1146 5646 Isa.
1187 5611 1307 5660 λιν,
1347 5599 1398 5656 7,
1432 5599 1512 5651 I8.

212 5663 514 5732 annali).
598 5663 639 5692 ‘”
683 5662 805 5715 Osc.
838 5678 913 5721 111,
955 5662 1008 5715 9.
1088 5663 1132 5693 “
1173 5665 1281 5720 Jcr.
1312 5683 1388 5732 111,
1423 5669 1506 5721 19..

210 5734 315 5786 εἶτ.
351 5730 444 5854 1⁸³³³⁷
490 5733 677 5786 Matth.
714 5747 840 5794 un,
873 5732 958 5786 40.
1041 5734 1083 5763 θ’
1119 5733 1236 5790 Act.
1291 5730 1382 5802 xx,
1420 5740 1507 5792 ΞΒ.

216 5817 314 5854 1v.
391 5841 402 5854 .

216 5817 314 5866 λγ,
351 5817 402 5854 s.

1491 5529 1533 5560 “
1566 5529 1580 5581 I
1607 5530 1794 5584 Thess.
1825 5549 1871 5593 ν,

1595 5603 1638 5631 ⁵⁷
1684 5603 1833 5655 Dent.
1863 5618 1932 5668 tv,
1966 5603 2047 5654 111.

1599 5671 1644 5700 ⁶³
1686 5675 1809 5724 111111.
1841 5673 1926 5726 Isi.

1590 5742 1630 5773 ‘9
1673 5740 1822 5796 lium.
1874 5760 1957 5807 xv,
2011 5745 2134 5809 I-S;
2182 5741 2296 5796 l‘sztl
2356 5742 2638 5806 Lanuuio:

1927 3249 2027 3301 stin
2075 3245 2421 3306 constitutos,
2477 3240 2625 3294 ~olite
2668 3253 2762 3293 eos
2803 3236 3090 3308 negligere,
3135 3237 3368 3289 scientes
3416 3246 3509 3284 vos

1929 3338 2235 3394 red-'itnros
2283 3335 2547 3388 rationem
2599 3346 2694 3400 pro
2728 3331 2876 3383 omni
2921 3345 3104 3400 grege,
3158 3343 3315 3396 super
3357 3340 3509 3392 quem

1926 3449 2015 3488 11111
2067 3429 2301 3499 Spiritus
2347 3435 2560 3479 sanctus
2604 3424 2871 3477 constituit
2904 3423 3183 3488 inspicere,
3219 3429 3266 3470 et
3300 3431 3509 3480 pasrere

1929 3522 2219 3576 Ecclesium
2259 3519 2351 3572 Dei
2387 3532 2544 3586 quam
2587 3514 2861 3580 acquisivit
2898 3512 3110 3579 proprio
3151 3507 3415 3576 sanguine
3439 3505 3505 3557 ⁸⁸.

1931 3615 2218 3682 Propterea
2268 3627 2359 3664 nos
2397 3609 2488 3679 qui
2531 3609 2774 3676 {artiores
2817 3621 3020 3666 sumus,
3080 3603 3324 3656 debemus
3357 3597 3511 3665 inﬁr-

1929 3706 2135 3758 mitates
2171 3703 2523 3757 invalidorum
2572 3709 2805 3767 portare,
2841 3706 2888 3749 et
2936 3712 3035 3749 non
3090 3695 3340 3747 nobismet
3378 3692 3508 3758 ipsis

1927 3803 2166 3867 placere,
2233 3797 2323 3849 sed
2376 3793 2614 3864 proximo
2662 3792 2714 3844 in
2773 3791 2903 3843 bona
2942 3789 3010 3841 ad
3076 3785 3506 3854 (udi/irationem.

1930 3891 2068 3944 Nam
2128 3902 2172 3942 et
2219 3889 2459 3943 Christus
2514 3902 2615 3939 11011
2661 3883 2760 3937 sibi
2804 3881 3022 3949 placuit,
3052 3880 3177 3943 sed,
3207 3879 3338 3930 sicut
3380 3876 3512 3928 seri-

1927 3996 2070 4053 ptum
2101 3994 2171 4034 est
2207 3998 2224 4034 :
2274 3979 2568 4047 Opprubria
2612 3974 3042 4043 exprobrantium
3083 3970 3176 4022 tibi
3207 3969 3508 4022 ceciderunt

1927 4090 2081 4142 super
2119 4089 2196 4124 me
2231 4073 2305 4135 ‘9;
2351 4080 2408 4124 et
2449 4069 2683 4122 iterum:
2728 4064 2847 4118 Non
2883 4079 3086 4132 quwro,
3133 4061 3326 4128 inquit,
3367 4057 3508 4125 quod

1927 4167 2054 4218 mihi
2090 4162 2317 4228 expedit.
2349 4162 2440 4214 sed
2478 4159 2613 4228 quod
2656 4155 2916 4218 omnibus,
2953 4165 3005 4208 ut
3050 4151 3182 4206 salvi
3212 4152 3341 4210 ﬁant
3369 4151 3433 4198 "°.

1999 4254 2134 4308 XLI.
2174 4253 2230 4308 Si
2267 4262 2446 4305 autem
2498 4248 2754 4303 Dominus
2810 4261 2873 4299 ac
2923 4243 3174 4298 Salvator
3218 4249 3398 4294 noster
3434 4239 3507 4292 ita

1925 4346 2186 4417 praecipit,
2221 4355 2268 4395 et
2305 4343 2476 4398 SztnCli
2514 4344 2584 4395 ita
2625 4337 2927 4406 conversati
2972 4344 3117 4397 sunt,
3148 4331 3340 4387 Patres
3368 4346 3502 4400 quo-

1928 4458 2030 4509 qttc
2056 4439 2222 4492 nostri
2251 4437 2322 4490 ita
2350 4450 2445 4488 nos
2474 4436 2794 4492 docuerunt,
2820 4441 3212 4496 Consurgamus
3237 4442 3265 4478 a
3293 4440 3504 4485 somno,

1856 4519 1897 4572 ῐ)
1929 4541 1982 4584 et
2017 4544 2136 4597 qua:
2173 4535 2296 4580 sunt
2331 4525 2485 4578 nobis
2539 4529 2802 4592 pnccepta
2847 4517 3127 4571 iaciamus.
3170 4515 3508 4580 Qtta'cunqtte

1926 4623 2059 4675 enim
2101 4622 2298 4689 scripta
2348 4628 2491 4680 sunt,
2528 4615 2594 4666 ad
2636 4621 2867 4665 nostram
2914 4608 3259 4662 eruditionem
3307 4608 3507 4673 scripta

1925 4725 2063 4777 sunt,
2111 4723 2164 4764 ut
2199 4727 2289 4778 per
2322 4707 2630 4777 patientiam
2662 4714 2707 4758 et
2749 4701 3158 4756 consolationem
3199 4697 3507 4766 Scripturaa

1927 4823 2041 4858 rum
2079 4820 2216 4871 spent
2245 4800 2529 4854 habeamus
2557 4797 2635 4860 7‘;
2671 4805 2726 4850 et
2759 4791 2934 4846 nullus
2966 4801 3207 4844 nostrum
3239 4805 3403 4844 causa
3438 4791 3507 4843 sit

1923 4899 2129 4950 erroris
2177 4895 2361 4956 alieni,
2417 4906 2515 4945 nec
2566 4888 2882 4942 arntuletnur
2943 4899 3035 4937 eos
3100 4882 3188 4951 qui
3250 4897 3504 4950 prospere

1922 4999 2083 5058 agunt
2109 4989 2158 5038 in
2197 4988 2301 5038 vita
2335 5000 2451 5038 sua.
2479 4982 2612 5036 Cum
2637 4981 2781 5035 enim
2809 4976 2990 5032 omnia
3015 4973 3324 5028 necessaria
3354 4974 3501 5027 carni

1931 5080 2128 5134 I'uctint
2176 5077 2473 5140 ronsCCuti,
2523 5075 2819 5129 morientes
2855 5071 2987 5125 nihil
3035 5083 3216 5123 secum
3252 5077 3500 5134 asporta-

1932 5172 2080 5224 bllttl.
2116 5170 2235 5223 Fdii
2279 5167 2455 5221 surculi
2487 5168 2646 5236 hujus
2681 5164 2878 5218 habent
2916 5161 2968 5213 in
3012 5160 3112 5214 hoc
3143 5157 3338 5211 saeculo
3371 5159 3504 5209 lida-

1927 5263 2089 5324 Cium,
2128 5261 2382 5329 quoniam
2436 5259 2502 5312 de
2557 5253 2756 5312 mundo
2809 5259 2967 5316 sunt,
2999 5261 3052 5304 ct
3093 5248 3321 5303 mundus
3361 5258 3503 5299 amat

1928 5355 2070 5410 ttuod
2104 5369 2258 5406 annm
2295 5361 2396 5405 est.
2441 5350 2540 5416 Qui
2579 5357 2754 5401 autem
2793 5343 2883 5396 lilii
2921 5341 3009 5397 Dei
3041 5348 3187 5405 sunt,
3218 5336 3356 5391 illius
3391 5352 3502 5388 ειη·-

1905 5533 1955 5586 5.
2031 5534 2075 5561 δ²
2120 5533 2258 5584 1³1111.
2289 5546 2394 5593 CH,
2427 5531 2478 5582 5.
2557 5527 2774 5580 “llam.
2814 5540 2887 5587 st,
2915 5524 3004 5576 2i.
3067 5526 3132 5593 7”
3169 5522 3277 5576 Jer.
3319 5523 3498 5593 tt,_l2,

2127 5603 2173 5633 ’³⁸
2217 5590 2390 5656 Exod.
2431 5617 2520 5653 xx.
2547 5599 2599 5652 2.
2678 5599 2724 5632 δ’
2763 5594 2873 5646 .Icr.
2917 5611 2990 5654 Ix,
3026 5592 3110 5653 15,
3147 5595 3225 5645 l6.
3305 5594 3350 5622 ⁶⁰
3390 5590 3496 5645 ,ιι-τ.

2412 5671 2456 5701 ⁸⁵
2500 5670 2654 5722 110111.
2692 5681 2809 5728 xttl,
2839 5664 2923 5724 ll,
2963 5664 3041 5717 l2.
3122 5664 3166 5693 ⁸⁵
3204 5662 3358 5717 Jonn.
3395 5678 3500 5724 sur,

2730 5735 2774 5766 το
2805 5737 2819 5788 1
2853 5736 2975 5789 Cor.
3012 5751 3062 5788 .\‘.
3100 5733 3186 5786 53.
3264 5734 3303 5763 ⁷¹
3343 5731 3499 5786 lium.

2006 5675 2048 5703 δ”
2094 5674 2220 5724 ibid.
2255 5675 2336 5724 19.
