4226 6316
801 340 901 396 887

1917 343 2189 399 PATRL'S
2225 345 2530 400 EGYP'I‘H
2576 346 2843 402 SzECULl
2886 347 2972 402 IV.

3973 345 4073 400 888

805 452 982 505 monis
1025 453 1320 519 evangelici
1357 455 1713 508 recordamur
1747 473 1758 506 :
1790 453 1847 509 Si
1881 458 2106 520 mundus
2142 474 2226 512 eos
2258 459 2389 524 odit,
2421 464 2467 520 Α
2496 461 2618 514 vina
2671 461 3012 523 meditemur,
3058 460 3354 530 putetiutus
3400 458 3539 512 illud
3571 459 3774 521 dicere,
3823 461 3968 525 quod
4019 472 4068 514 et

807 543 994 596 scitote
1026 545 1166 612 quod
1206 561 1287 598 me
1328 546 1559 610 primum
1607 547 1775 600 oderit
1807 548 1885 611 7’;
1915 557 1967 602 et
2003 547 2196 602 iterum
2235 571 2246 604 :
2281 548 2386 614 Qui

806 635 1030 687 coluerit
1079 647 1191 689 esse
1248 637 1452 689 amicus
1498 637 1657 706 hujus
1713 638 1922 703 mundi,
1982 641 2234 695 inimicus
2297 642 2386 711 fiet

811 726 915 780 Deo
941 726 1023 790 ";
1069 738 1122 781 et
1153 745 1365 784 rursum
1416 745 1430 784 :
1471 731 1888 789 Tribulationem
1940 736 2197 802 habebitis
2237 754 2257 793 :
2295 741 2387 793 sed

805 816 1090 884 conﬁdite,
1131 834 1222 887 ego
1273 821 1376 874 vici
1426 824 1679 878 mundum
1722 825 1802 891 7‘;
1847 839 1900 880 et
1949 826 2144 881 iterum
2182 845 2196 880 :
2232 826 2386 882 Beati

802 907 893 970 qui
937 905 1145 975 lugent,
1188 911 1435 976 quoniam
1473 913 1578 980 ipsi
1625 917 2055 970 consolabuntur.
2100 915 2252 971 Beati
2279 907 2384 987 'qui

801 999 1041 1051 esuriant
1065 1010 1111 1052 et
1140 1000 1627 1069 sitiuntjustitiam,
1659 1008 1907 1073 quoniam
1937 1008 2038 1076 ipsi
2062 1011 2382 1062 saturabun-

801 1097 908 1142 tur.
947 1087 1098 1143 Beati
1131 1095 1221 1162 qui
1243 1096 1648 1161 persecutionem
1684 1100 1958 1166 patiuntur
1994 1111 2203 1170 propter
2222 1104 2385 1170 justi-

804 1179 958 1244 tiam,
986 1184 1234 1248 quoniam
1275 1186 1506 1252 ipsorum
1540 1198 1614 1242 est
1663 1205 1877 1256 regnum
1925 1191 2172 1246 caelorum
2200 1193 2268 1246 ⁷⁸.
2310 1196 2383 1250 De

803 1267 928 1322 tiliis
963 1281 1143 1326 autem
1187 1275 1358 1328 noetis
1389 1275 1517 1343 quid
1545 1291 1576 1330 e
1606 1282 1883 1332 contrario
1927 1281 2165 1335 dicitur?
2193 1281 2383 1338 Nonne

800 1358 970 1412 illud?
1013 1359 1101 1415 Va:
1127 1364 1292 1428 vobis,
1325 1365 1543 1430 divites,
1575 1368 1821 1436 quoniam
1854 1371 2114 1438 recepistis
2146 1373 2384 1426 consola-

797 1452 993 1504 tionem
1032 1443 1274 1508 tte'stram.
1327 1454 1413 1510 Va:
1461 1458 1601 1511 vobis
1636 1460 1727 1528 qui
1767 1463 2003 1514 saturati
2043 1465 2169 1517 estis
2220 1481 2377 1529 nunc,

796 1543 923 1609 quia
951 1545 1214 1600 esurietis.
1267 1546 1357 1601 Va:
1395 1550 1532 1602 vobis
1566 1551 1656 1620 qui
1684 1567 1820 1605 nunc
1852 1553 2050 1619 ridetis,
2082 1557 2206 1625 quia
2237 1557 2380 1625 luge-

796 1633 920 1688 bitis
947 1652 1011 1688 ac
1040 1639 1228 1706 flebitis
1253 1641 1318 1694 ⁷⁸.

868 1723 1026 1780 XLII.
1063 1728 1426 1794 Quamobrem
1455 1735 1635 1789 mundi
1669 1736 1937 1791 amicitias
1965 1737 2290 1804 devitcmus,
2321 1750 2377 1795 ut

798 1815 929 1871 illud
974 1834 1284 1875 mereamur
1331 1825 1520 1880 audire
1555 1845 1568 1880 :
1600 1828 1682 1880 Ad
1719 1845 1988 1896 vesperum
2023 1833 2380 1885 demorabitur
2413 1820 2454 1878 Β

793 1910 968 1975 ﬂetus,
997 1921 1045 1964 et
1081 1913 1151 1965 ad
1181 1917 1500 1972 matutinum
1526 1915 1732 1974 ltetitia.
1767 1923 1978 1977 Audiuit
2018 1923 2292 1986 Dominus,
2328 1934 2376 1979 et

797 2001 1042 2055 misertus
1069 2014 1143 2058 est
1177 2008 1298 2060 mei.
1327 2005 1547 2063 Scidisti
1577 2028 1786 2066 saccum
1812 2031 2003 2081 meum,
2028 2026 2074 2068 et
2101 2017 2376 2070 acciuzisti

793 2108 875 2145 me
905 2095 1093 2148 laetitia
1129 2098 1193 2150 ".
1227 2098 1357 2164 Quis
1389 2103 1531 2155 eni‘m
1565 2115 1879 2159 sanctorum
1919 2121 2022 2159 non
2058 2107 2110 2160 itt
2146 2108 2280 2162 lucta
2314 2123 2379 2162 ac

797 2186 1013 2240 tristitia
1044 2203 1140 2256 per
1178 2192 1360 2246 mundi
1391 2193 1548 2262 hujus
1594 2197 2041 2252 transivitviam‘?
2079 2199 2374 2255 leremias:

794 2273 918 2328 Non
945 2279 1078 2339 sedi,
1113 2280 1307 2350 inquit,
1337 2300 1453 2336 cum
1479 2287 1699 2340 consilio
1725 2287 2038 2352 ludentium,
2067 2289 2154 2342 sed
2187 2298 2370 2342 treme-

792 2367 912 2420 bant
955 2386 986 2422 a
1027 2371 1166 2438 facie
1207 2390 1393 2428 manus
1427 2375 1550 2429 (uie.
1601 2377 1760 2431 Solus
1802 2380 2078 2443 sedebam,
2130 2381 2374 2448 quoniam

791 2459 1150 2514 amaritudine
1177 2466 1400 2529 repletus
1441 2481 1557 2518 sum
1590 2465 1658 2521 ⁷⁸.
1693 2466 1858 2520 David
1887 2484 2101 2540 quoque
2134 2471 2322 2526 scribit
2363 2487 2376 2524 :

795 2547 966 2611 Quasi
1005 2550 1186 2620 lugens
1213 2570 1274 2606 ac
1308 2571 1549 2622 intereas,
1578 2560 1654 2610 sic
1687 2560 2006 2611 humiliabar
2033 2561 2096 2612 τ’.
2140 2560 2376 2626 Quorum

794 2657 892 2694 nus
940 2645 1179 2713 vestigiis
1231 2645 1565 2714 insistentes,
1627 2650 1972 2719 intelligimus
2035 2655 2176 2722 quod
2232 2654 2379 2708 salus

795 2745 976 2787 nostra
1011 2735 1064 2788 itt
1097 2740 1338 2806 tempore
1368 2742 1736 2796 tribulationis
1763 2744 1852 2809 sit,
1886 2754 1940 2796 et
1966 2745 2238 2815 [implicitae
2265 2744 2377 2815 pol-

793 2826 1020 2880 licitatio
1060 2828 1353 2899 impleatur
1395 2834 1628 2889 dicentis
1661 2852 1673 2888 :
1716 2833 1839 2888 Non
1885 2837 2248 2907 relinquuntur
2287 2843 2377 2909 qui

789 2919 843 2970 in
883 2921 1129 2988 angustia
1160 2934 1301 2988 sunt,
1339 2927 1440 2978 nisi
1481 2927 1550 2978 ad
1594 2937 1792 2994 tempus
1837 2927 1903 2980 ⁸ο.
1943 2926 1996 2981 Si
2048 2943 2177 2998 ergo
2215 2929 2376 2984 liabet

796 3019 1011 3080 tempus
1049 3013 1323 3070 tribulatio
1359 3026 1412 3071 et
1458 3019 1737 3085 angustia,
1784 3027 1839 3072 et
1873 3035 1978 3074 non
2027 3021 2130 3075 etit
2173 3023 2375 3089 sempi—

796 3113 983 3166 terna,
1015 3105 1350 3161 semincmtts
1382 3107 1440 3160 in
1474 3106 1748 3179 lacrymis,
1784 3119 1843 3162 ut
1874 3117 2138 3164 metamus
2169 3111 2218 3163 iu
2253 3127 2377 3180 gau-

799 3193 913 3258 dio,
946 3209 1053 3248 non
1085 3196 1433 3265 deﬁcientes;
1472 3200 1614 3266 quod
1648 3200 1960 3254 noverimus
1992 3201 2273 3255 Dominum
2311 3203 2375 3257 dc
2405 3193 2446 3215 “

794 3285 1096 3339 tcutatione
1124 3285 1356 3342 liberare
1388 3288 1624 3342 cultores
1656 3304 1805 3345 suos.

848 3368 1048 3430 "XLIII.
1087 3376 1345 3433 Dominus
1377 3388 1532 3447 pater
1553 3390 1739 3435 noster
1764 3389 1844 3436 est
1879 3400 1891 3436 :
1932 3382 2188 3437 Dominus
2211 3383 2374 3450 judex

798 3480 1086 3525 nosterest
1112 3488 1125 3524 :
1155 3471 1414 3526 Dominus
1437 3473 1710 3544 princeps,
1749 3475 2009 3530 Dominus
2035 3491 2125 3530 rex
2157 3486 2373 3531 noster:

797 3561 1058 3616 Dominus
1099 3562 1214 3630 ipse
1245 3577 1345 3616 nos
1380 3563 1610 3620 salvabit
1655 3584 1666 3617 :
1704 3566 1859 3636 cujus
1892 3577 2153 3637 praecepta
2195 3569 2239 3622 si
2279 3585 2376 3624 tte-

793 3653 1169 3722 glexcrimus,
1211 3657 1652 3726 permanebimus
1686 3657 1739 3710 in
1776 3659 2044 3728 angustia.
2085 3659 2199 3728 Ipse
2232 3661 2374 3713 enim

793 3747 926 3798 dicit
959 3763 974 3799 :
1009 3745 1112 3809 Qui
1148 3759 1440 3816 sequuntur
1471 3765 1553 3802 me
1573 3748 1910 3817 possidebunt
1943 3759 2160 3816 terram,
2192 3763 2238 3804 et
2264 3751 2376 3805 lue-

794 3836 1097 3890 reditubunt
1128 3847 1356 3891 montem
1394 3848 1634 3892 sanctum
1671 3856 1843 3893 meum
1870 3840 1914 3872 “
1958 3859 1971 3894 :
2007 3855 2166 3910 quem
2196 3852 2250 3896 et
2279 3856 2378 3914 ιιοβ

797 3923 1221 3990 possidebimus,
1250 3928 1294 3980 si
1325 3925 1647 3994 impleamus
1677 3927 1848 3996 legem
1875 3929 1992 3999 ejus
2015 3941 2068 3984 et
2092 3933 2378 3986 audiamus

798 4017 927 4069 illud
959 4017 1102 4086 quod
1137 4017 1337 4071 dicitur
1371 4036 1386 4073 :
1427 4017 1659 4074 Mundus
1690 4020 1850 4090 facite
1874 4022 1928 4074 in
1961 4035 2234 4091 conspectu
2266 4024 2379 4092 ejus

795 4113 907 4163 vias
935 4121 1131 4162 uestras
1164 4111 1238 4176 υς
1266 4122 1321 4166 et
1363 4112 1558 4166 iterum
1593 4131 1606 4166 :
1653 4113 1840 4167 Tollite
1870 4115 2188 4183 offendicula
2211 4118 2274 4171 de
2297 4117 2380 4170 via

791 4202 977 4275 populi
1006 4202 1108 4253 mei
1126 4202 1172 4234 ⁸³
1195 4212 1282 4266 ;et
1307 4203 1434 4257 alibi
1459 4222 1472 4257 ;
1503 4201 1693 4272 Ejicite
1716 4206 1778 4259 de
1794 4206 2011 4260 consilio
2036 4208 2377 4275 pestilentem,

793 4274 840 4346 .5:
887 4296 1184 4362 egredietur
1226 4312 1343 4347 cum
1378 4312 1438 4348 eo
1475 4297 1734 4350 contentio
1765 4298 1830 4352 “.
1870 4298 1970 4364 Qui
2012 4299 2215 4366 justum
2251 4302 2382 4355 dicit

795 4384 1148 4453 mjustum,et
1168 4383 1425 4452 injustam
1445 4387 1652 4455 judicat
1676 4386 1906 4454 justum,
1929 4399 2154 4457 uterque
2177 4392 2226 4442 itt
2253 4405 2380 4445 con-

2495 554 2660 609 David
2689 577 2698 607 ;
2728 550 3018 606 Exsultabo
3049 569 3205 620 super
3231 551 3437 620 eloquia
3461 564 3572 611 tua,
3601 551 3738 604 sicut
3761 548 3853 617 qui
3881 550 4069 602 inreuit

2491 646 2660 715 spolia
2701 645 2869 698 multa
2896 644 2982 710 ⁸⁹;
3018 655 3072 698 et
3103 658 3117 696 :
3153 642 3324 708 Quam
3366 641 3543 695 dulcia
3578 641 3776 711 gutturi
3809 656 3922 693 meo
3963 640 4067 692 elo-

2487 738 2611 808 quia
2660 746 2773 802 tua,
2822 753 2978 804 super
3014 735 3114 790 mel
3151 741 3200 788 et
3238 733 3415 801 favum
3456 733 3536 787 ori
3586 732 3742 786 meo!
3771 731 4068 786 Cantnbiles

2489 829 2620 882 mihi
2651 838 2800 881 erant
2823 826 3232 897 justiﬁcotiones
3259 835 3362 879 tute
3395 826 3450 878 in
3488 825 3600 879 loco
3631 825 4068 893 peregrinationis

2487 936 2616 973 mea:
2656 919 2739 984 ”;
2779 929 2830 972 ct
2867 918 2918 970 itt
2950 917 3055 970 alio
3098 917 3214 970 loco
3247 935 3260 970 :
3298 913 3420 968 Non
3469 916 3711 982 proposui
3742 923 3864 967 ante
3891 912 4069 966 oculos

2489 1028 2628 1064 meos
2658 1028 2762 1064 rem
2797 1012 3030 1080 iniquam
3058 1026 3077 1063 :
3109 1009 3356 1078 facientes
3389 1007 3717 1074 iniquitatem
3741 1005 4067 1059 odio'habui.

2487 1101 2556 1156 Et
2591 1119 2693 1156 non
2723 1103 2945 1156 adlttesit
2986 1103 3114 1155 mitti
3154 1117 3244 1154 cor
3273 1116 3490 1168 pravum
3525 1114 3544 1152 :
3570 1097 3891 1151 declinantes
3930 1115 3962 1150 a
3993 1112 4070 1149 me

2488 1193 2746 1262 malignos
2778 1209 2880 1247 non
2911 1193 3254 1261 agnoscebant
3283 1205 3300 1242 :
3337 1190 3694 1245 detrahentem
3729 1191 3782 1242 in
3813 1193 4068 1241 absconso

2485 1285 2724 1349 proximo
2749 1295 2865 1347 suo,
2902 1285 3038 1336 hunc
3062 1283 3407 1351 persequebar
3434 1297 3453 1334 :
3485 1279 3706 1348 superbo
3737 1278 3886 1331 oculo
3912 1287 3964 1331 et
3989 1275 4071 1329 in.

2484 1373 2719 1427 satiabili
2750 1376 2906 1427 corde
2934 1389 3052 1426 cum
3081 1376 3178 1425 hoc
3207 1371 3370 1424 simul
3398 1387 3500 1423 non
3525 1369 3760 1422 edebam.
3787 1365 3943 1421 Oculi
3969 1366 4069 1419 mei

2485 1481 2643 1534 super
2673 1465 2851 1532 ﬁdeles
2883 1479 3059 1530 ιρι-ναι,
3091 1471 3150 1517 ut
3179 1463 3402 1533 facerem
3440 1478 3526 1515 eos
3561 1461 3737 1514 sedere
3771 1475 3972 1512 mecum
3998 1457 4067 1510 ".

2559 1556 2738 1610 XLIV.
2777 1555 3018 1622 Quorum
3046 1557 3286 1608 omnium
3325 1571 3421 1609 uos
3457 1554 3730 1607 imitemur
3765 1565 3925 1618 Opera
3949 1590 3965 1612 ,
4012 1558 4069 1602 ιιι

2484 1649 2554 1703 sit
2588 1649 2639 1701 in
2675 1648 2862 1702 diebus
2897 1649 3096 1701 nostris
3134 1663 3236 1714 pax
3283 1657 3337 1700 et
3374 1646 3615 1714 iustitia,
3660 1654 3714 1697 et
3754 1655 3859 1697 neu
3906 1641 4068 1695 nobis

2487 1739 2613 1794 illud
2645 1739 2864 1794 eveniat
2893 1741 3035 1809 quod
3063 1740 3189 1794 alibi
3227 1739 3458 1808 legimus
3487 1757 3501 1794 :
3528 1739 3699 1807 Super
3721 1743 3863 1789 terra
3887 1733 4071 1803 populi

2484 1833 2584 1885 mei
2625 1832 2790 1899 spina:
2821 1844 2867 1884 et
2905 1830 3082 1899 fenum
3109 1841 3422 1900 consurgent
3447 1832 3513 1886 ".
3559 1828 3664 1883 Sed
3701 1828 3873 1897 magis
3903 1828 4067 1902 inno-

2482 1937 2667 1976 vemus
2717 1922 2871 1977 nobis
2898 1922 3130 1987 novalia,
3175 1934 3229 1976 et
3260 1937 3366 1976 non
3402 1922 3729 1976 seminemus
3760 1932 3918 1988 super
3951 1917 4068 1984 spi-

2484 2028 2599 2066 nas.
2630 2011 2872 2080 Cumque
2909 2012 3328 2066 custodierimus
3362 2025 3482 2078 qua:
3522 2011 3778 2063 mandata
3812 2016 3937 2060 sunt
3970 2023 4070 2060 uo-

2482 2105 2584 2167 bis,
2623 2104 2895 2158 manifesti
2928 2103 3131 2156 erimus
3175 2104 3317 2170 quod
3354 2102 3638 2170 diligamus
3676 2099 3874 2160 Deum,
3925 2096 4072 2151 sicut

2485 2205 2714 2249 testatur
2743 2207 2795 2250 et
2827 2197 2878 2249 in
2912 2195 3020 2249 alio
3048 2194 3164 2249 loco
3197 2194 3478 2261 Scriptura
3505 2193 3685 2247 divina
3717 2210 3730 2246 :
3765 2189 3871 2254 Qui
3915 2190 4068 2241 audit

2483 2289 2733 2340 mandata
2769 2304 2882 2341 utea
2916 2297 2963 2340 et
2991 2298 3158 2341 servat
3186 2303 3271 2350 ea,
3309 2285 3395 2338 ille
3424 2293 3497 2338 est
3521 2285 3612 2353 qui
3639 2283 3807 2352 diligit
3839 2298 3952 2344 me;
3979 2282 4069 2350 qui

2483 2392 2658 2433 autem
2688 2381 2866 2448 diliget
2903 2395 3001 2441 me,
3031 2379 3281 2447 diligetur
3311 2396 3342 2430 a
3389 2375 3549 2430 Patre
3583 2392 3714 2438 meo,
3741 2385 3787 2427 et
3818 2390 3911 2442 ego
3940 2374 4072 2425 dili-

2482 2489 2602 2541 gam
2639 2488 2777 2535 eum,
2806 2481 2853 2524 et
2885 2471 3151 2524 veniemus
3193 2487 3286 2539 ego
3331 2479 3377 2522 et
3429 2466 3594 2520 Pater
3627 2482 3787 2527 meus,
3817 2475 3864 2517 et
3910 2480 4070 2515 utan-

2485 2566 2679 2616 sionem
2741 2564 2880 2625 apud
2942 2580 3059 2616 eum
3113 2563 3390 2629 faciemus,
3444 2571 3492 2614 et
3562 2559 3829 2612 ostendant
3890 2558 3936 2608 ei
3991 2571 4070 2609 me

2484 2657 2652 2722 ipsum
2682 2654 2765 2719 ’3;
2795 2665 2847 2706 et
2885 2673 2896 2707 :
2948 2652 3047 2707 Vos
3089 2655 3244 2706 amici
3281 2653 3380 2705 mei
3419 2651 3564 2716 estis,
3604 2651 3649 2703 si
3685 2648 3913 2718 feceritis
3948 2661 4067 2715 qut:

2483 2748 2731 2816 principio
2771 2747 2913 2800 vobis
2944 2746 3011 2800 ".
3061 2745 3338 2799 Tollantus
3384 2744 3661 2797 nobiscum
3710 2741 3908 2793 multos
3950 2754 4064 2793 ser-

2486 2855 2691 2905 mones,
2711 2852 2762 2893 et
2790 2849 3175 2894 convertamur
3196 2838 3262 2891 ad
3293 2837 3575 2890 Dominum
3603 2833 3767 2887 Deum
3797 2841 4066 2892 nostrum,

2483 2945 2536 2987 et
2571 2935 2813 2987 dicamus
2851 2935 2940 2987 ei:
2989 2931 3142 2987 Potes
3181 2932 3440 2984 dimittere
3465 2940 3695 2997 peccata,
3734 2937 3788 2979 ut
3836 2924 4069 2990 accipia-

2484 3042 2599 3078 mus
2631 3030 2784 3088 bona,
2827 3036 2873 3076 et
2904 3024 3184 3077 reddamus
3213 3023 3261 3076 ei
3296 3023 3525 3091 fructum
3572 3019 3830 3071 labiorum
3862 3028 4073 3069 nostroo

2487 3133 2600 3167 rum
2629 3117 2695 3179 ³⁵,
2730 3127 2782 3170 et
2809 3116 3104 3169 delectetur
3139 3116 3188 3167 iu
3229 3114 3384 3167 nobis
3423 3113 3600 3165 anima
3644 3118 3847 3163 nostra.

2555 3206 2709 3260 XLV.
2751 3209 2928 3275 Atque
2959 3207 3163 3258 utinam
3201 3206 3460 3273 paeniteat
3494 3217 3588 3254 nos
3635 3199 3840 3253 erroris
3881 3209 3935 3251 et
3969 3212 4070 3250 ne-

2479 3300 2768 3369 gligmtlim,
2799 3309 2852 3351 et
2882 3299 3127 3352 conversi
3155 3299 3220 3350 ad
3248 3298 3426 3366 priora
3454 3295 3697 3347 dicamus
3731 3311 3742 3345 :
3773 3293 3938 3344 Assur
3962 3307 4073 3344 non

2478 3392 2698 3447 sulcabit
2742 3408 2872 3455 nos;
2907 3407 3061 3456 super
3093 3406 3248 3459 equos
3281 3405 3383 3442 non
3417 3387 3776 3444 ascendemus.
3816 3400 3907 3438 nec
3951 3383 4070 3452 jam

2477 3489 2707 3541 dicemus
2732 3503 2748 3540 :
2773 3487 2861 3540 Dii
2904 3487 3069 3539 nostri
3101 3500 3254 3552 Opera
3285 3498 3536 3548 manuum
3563 3488 3886 3533 nostrarum.
3931 3475 4071 3527 Deus

2477 3580 2566 3647 qui
2596 3579 2648 3630 in
2684 3588 2733 3630 te
2765 3588 2838 3631 est
2877 3577 3201 3631 miserebitur
3237 3574 3424 3644 pupilli
3453 3586 3471 3624 :
3502 3571 3703 3626 sonabo
3755 3567 4070 3621 habitacula

2477 3687 2659 3723 eorum
2683 3669 2750 3724 ".
2784 3668 3126 3738 Rursumque
3164 3668 3307 3720 dicet
3357 3665 3418 3718 de
3463 3663 3664 3717 nobis:
3707 3659 3938 3727 Diligam
3986 3675 4072 3713 eos

2482 3759 2774 3827 manifeste,
2806 3769 2852 3811 et
2887 3767 3118 3811 arertam
3151 3758 3285 3809 iram
3320 3771 3488 3809 meam
3535 3755 3599 3806 ab
3637 3752 3733 3805 eis.
3777 3749 3884 3803 Ero
3916 3751 4077 3818 quasi

2482 3865 2566 3902 ros
2592 3863 2610 3898 :
2639 3848 2810 3902 Israel
2845 3849 3050 3918 [ιυτεὸἱι
3099 3859 3152 3900 ut
3193 3847 3384 3908 lilium,
3413 3855 3460 3899 et
3506 3846 3671 3897 mittet
3711 3844 3916 3894 radices
3945 3858 4071 3892 suas

2479 3942 2630 4012 quasi
2659 3940 2912 3994 Libanus.
2951 3939 3111 3993 Ibunt
3154 3940 3288 3992 rami
3328 3937 3478 4007 ejus,
3517 3947 3564 3990 et
3593 3936 3690 3989 erit
3733 3933 3888 4003 Quasi
3933 3931 4072 3984 olim

2479 4034 2778 4101 fructifera,
2797 4043 2842 4085 et
2868 4031 2999 4085 odor
3025 4033 3140 4101 ejus
3174 4039 3227 4082 ut
3257 4029 3444 4082 thuris.
3471 4025 3809 4080 Reuertemur
3836 4032 3885 4076 et
3917 4023 4073 4075 sede-

2481 4124 2605 4177 bunt
2639 4123 2995 4194 unusquisque
3028 4122 3084 4174 in
3129 4117 3483 4173 tabernaculis
3519 4117 3651 4178 suis,
3699 4126 3746 4168 et
3787 4115 3977 4176 virens,
4022 4122 4070 4163 et

2480 4213 2934 4281 confirmabuntur
2961 4213 3225 4280 frumento
3250 4225 3267 4264 :
3294 4207 3503 4279 ﬂorebit
3529 4207 3664 4259 sicut
3696 4205 3841 4255 uinea
3868 4214 4073 4251 mentae

2482 4310 2561 4362 ria
2588 4325 2787 4368 eorum,
2819 4307 2954 4360 sicut
2983 4305 3114 4358 odor
3140 4305 3310 4357 thuris
3337 4299 3608 4366 Ephraim.
3637 4294 3839 4360 Quidei
3864 4300 3916 4345 et
3948 4292 4074 4344 ideo

2483 4402 2590 4456 lis?
2619 4400 2728 4468 Ego
2768 4399 3056 4453 humiliabo
3085 4413 3226 4463 eum,
3257 4406 3304 4450 et
3337 4392 3646 4462 confortabo
3684 4405 3822 4441 eum.
3856 4384 3977 4455 Ego
4014 4395 4071 4436 ut

791 4487 978 4546 specto
1010 4478 1099 4531 Dei
1126 4477 1436 4531 immundus
1464 4487 1568 4533 est.
1599 4478 1898 4534 Caveamus
1929 4496 1995 4534 ne
2018 4482 2227 4537 dicatur
2245 4493 2297 4537 et
2321 4487 2385 4539 de
2417 4493 2756 4562 Djuniperus
2788 4492 3052 4544 condensa
3083 4504 3101 4544 :
3128 4505 3192 4543 ea:
3220 4505 3298 4542 me
3329 4487 3534 4555 fructus
3559 4482 3672 4550 ejus
3695 4481 3934 4534 iurent!“
3967 4485 4070 4530 68f-

794 4569 952 4622 nobis
981 4587 994 4622 :
1028 4567 1152 4621 Filii
1181 4569 1402 4622 alienati
1432 4579 1554 4624 sunt
1594 4572 1641 4624 ei
1674 4572 1719 4603 ⁸⁸
1744 4588 1758 4637 ;
1787 4581 1840 4626 ct
1870 4574 1994 4628 illud
2025 4592 2036 4628 :
2064 4573 2222 4630 Filiae
2252 4575 2381 4631 Sion

791 4661 1006 4713 elevata:
1036 4669 1177 4723 sunt,
1222 4671 1267 4713 et
1296 4661 1693 4715 ambulaverunt
1737 4665 1790 4716 in
1825 4666 2026 4719 excelso
2058 4667 2210 4729 collo,
2244 4677 2290 4719 et
2326 4669 2379 4721 in

792 4755 1040 4819 superbia
1076 4753 1384 4818 oculorum,
1416 4757 1675 4810 trahentes
1702 4758 1915 4824 pedibus
1951 4760 2177 4820 tunicas,
2219 4770 2264 4811 et
2290 4775 2380 4827 pe-

793 4847 947 4898 dibus
991 4846 1153 4898 simul
1200 4845 1438 4900 ludentes
1466 4846 1545 4911 ⁸“;
1590 4856 1645 4901 et
1703 4848 1753 4900 itt
1805 4850 2144 4916 correptione
2194 4859 2376 4912 nostra

797 4954 1011 4991 rut-sum
1045 4938 1373 5007 propltctalis
1403 4953 1580 4992 sermo
1625 4942 1937 5002 concordet,
1968 4942 2151 4996 dicens
2189 4958 2200 4993 :
2236 4940 2378 5005 Quo-

796 5033 949 5082 modo
984 5031 1125 5099 facta
1156 5040 1229 5084 est
1255 5033 1502 5085 meretrix
1525 5035 1704 5085 civitas
1731 5034 1906 5102 ﬁdelis
1934 5032 2084 5095 Sion,
2110 5034 2262 5098 plena
2282 5035 2378 5103 ju-

792 5122 955 5183 dicio,
1003 5125 1055 5174 in
1104 5140 1210 5192 qua
1255 5125 1474 5192 justitia
1526 5109 1764 5179 dormit?
1809 5141 1946 5178 nunc
1989 5137 2164 5178 autent
2221 5127 2382 5180 latro-

795 5233 883 5269 ucs
913 5215 996 5274 ";
1032 5227 1084 5267 et
1120 5234 1132 5268 :
1170 5214 1404 5282 Populus
1437 5215 1728 5285 intelligens
1758 5220 2188 5272 commiscebatur
2215 5236 2379 5273 mere-

792 5307 935 5360 triti.
972 5305 1048 5357 Tu
1087 5322 1229 5374 ergo,
1268 5306 1452 5373 Israel,
1482 5325 1543 5359 ne
1583 5309 1903 5378 ignorabct'is
1939 5309 2004 5362 “.
2043 5311 2097 5364 Si
2138 5326 2262 5365 vero
2294 5314 2378 5367 di-

870 5489 914 5517 ⁷²
949 5489 1102 5540 .Ι‹›;ιιι.
1138 5503 1225 5552 xv,
1261 5489 1346 5544 18.
1424 5492 1470 5521 ⁷³
1496 5490 1608 5545 Jac.
1650 5507 1721 5556 tv,
1757 5493 1811 5546 4.

1916 5493 1962 5525 ⁷⁵
1994 5494 2150 5560 1min.
2197 5511 2304 5559 xw,
2335 5498 2421 5553 55.

2491 4583 2620 4649 Quis
2650 4585 2879 4651 sapiens,
2913 4593 2960 4634 et
2990 4579 3236 4649 intelligit
3264 4579 3410 4638 htcc;
3438 4583 3530 4628 aut
3564 4573 3871 4641 intelligens,
3898 4580 3949 4622 et
3975 4586 4072 4622 co-

2485 4674 2688 4744 gnoscit
2724 4674 2827 4725 ista
2863 4672 2950 4724 ’7?
2976 4671 3152 4740 Atque
3188 4669 3392 4721 utinam
3421 4675 3475 4720 et
3503 4681 3601 4721 nos
3628 4678 3694 4718 ex
3729 4677 3792 4717 eo
3827 4661 4073 4713 fructum

2485 4764 2680 4818 adferre
2712 4763 3010 4817 ‘valeamus
3035 4802 3050 4825 ,
3091 4763 3210 4817 sine
3237 4774 3343 4829 quo
3387 4757 3519 4811 nihil
3558 4755 3680 4810 butti
3721 4752 3900 4822 operis
3953 4750 4072 4806 fieri

2486 4865 2685 4925 potest.

2565 4947 2748 5003 XLVI.
2798 4948 3156 5003 Revertantur
3205 4945 3270 4999 ad
3323 4943 3625 5004 Dominum,
3669 4951 3725 4992 ut
3779 4942 3843 4991 de
3905 4938 4074 4992 nobis

2489 5058 2707 5112 quoque
2762 5042 2932 5108 possit
2979 5040 3161 5094 dicere
3215 5036 3614 5090 :Peccatorum
3672 5041 3720 5086 et
3773 5031 4073 5097 iniquitatis

2489 5150 2666 5187 eorum
2697 5149 2894 5185 memor
2933 5131 3161 5199 amplius
3202 5145 3304 5181 non
3332 5142 3421 5180 ero
3447 5126 3515 5182 "'.
3555 5123 3670 5179 Non
3698 5121 4072 5190 relinquamus

2488 5226 2658 5293 legem
2689 5225 2804 5290 Dei,
2831 5239 2990 5290 quam
3019 5221 3175 5275 Pater
3206 5229 3390 5274 noster
3419 5219 3488 5273 ab
3514 5231 3579 5272 eo
3612 5216 3876 5284 accipiens
3907 5213 4070 5266 nobis

2491 5317 2747 5381 tradidit;
2787 5331 2961 5385 neque
2991 5314 3143 5382 parvi
3183 5313 3301 5382 ejus
3336 5310 3588 5365 mandata
3636 5305 3972 5377 pendamus;
4006 5315 4077 5358 ne

3841 5485 3885 5514 "
3917 5484 4074 5541 Psa’l.

2512 5499 2557 5529 ⁷⁸
2592 5495 2779 5549 Matth.
2815 5493 2928 5560 νβ,
2959 5484 3014 5555 li,
3043 5489 3130 5546 10.
3207 5490 3253 5520 ⁷⁸
3285 5489 3412 5544 Luc.
3443 5505 3520 5553 vt,
3551 5488 3638 5560 ἓξ,
3676 5486 3766 5560 9.5.

795 5571 948 5640 Exn,
976 5562 1028 5618 ti,
1188 5559 1272 5640 tu:
1319 5560 1397 5640 _"
1430 5559 1680 5640 ,Ιει-Ἁλξν,
1889 5565 1932 5596 ’⁸
1981 5556 2120 5618 l’sal.
2181 5552 2388 5640 tinxit),

2482 5599 2504 5622 ι.
2581 5567 2628 5598 ⁸ο
2665 5552 3079 5631 Ιδςι.ι.ιιῖ,⁷7.’8.
3159 5561 3203 5592 ⁸¹
3242 5562 3345 5640 ξεΞι.
3388 5552 3518 5640 tiu,
3562 5559 3649 5612 l5.
3696 5557 3768 5640 n':
3816 5552 4076 5640 «ἤρξω,

795 5630 862 5685 5;
906 5630 1143 5687 λιιι,ιᾶ
1222 5631 1267 5660 ⁵³
1309 5631 1418 5684 .ler.
1443 5647 1490 5687 ι..
1543 5632 1633 5684 9.6.
1710 5632 1755 5662 ⁸⁵
1814 5634 2131 5697 l’rov.mt,
2188 5636 2272 5689 'ltl.

799 5712 872 5755 ιι,
929 5698 1006 5754 i-l.
1053 5699 1172 5752 tii.’
1212 5703 1255 5732 ⁸³
1298 5700 1440 5755 Psal.
1476 5718 1666 5763 cum,
1713 5703 1830 5757 162.

966 5768 1192 5825 ⁸⁸]ιιυιι.
1238 5788 1322 5827 λγ.
1370 5773 1449 5826 l-i.
1528 5774 1572 5803 ⁵⁵⁵
1609 5775 1903 5838 O:cc.x1\',
1947 5776 1998 5830 5.

2350 5639 2394 5669 ⁸⁸
2441 5637 2581 5692 Psal.
2611 5653 2743 5699 Lm,
2781 5637 2835 5688 Α..

1910 5706 1953 5735 ’⁵ο
1993 5705 2120 5758 ibid.
2167 5705 2287 5768 105,

2079 5774 2123 5805 ἰ
2152 5779 2282 5832 ibid.
2318 5778 2430 5846 4,5,

2911 5637 2958 5666 ⁸⁸
2991 5633 3094 5689 ls'a.
3125 5650 3209 5695 ιιι,
3249 5632 3332 5684 l6.
3407 5627 3799 5703 θλιδιιοηιηὲιθ
3869 5627 3913 5658 ⁸³
3943 5627 4074 5703 03:3.

2499 5709 2538 5738 ⁹¹
2578 5696 2792 5768 Ρδκῑξε,
2822 5705 2939 5759 3-6.
3016 5706 3060 5736 ⁹²
3091 5706 3190 5758 lsa.
3218 5716 3388 5761 mm,
3424 5699 3506 5752 l3.
3583 5700 3628 5732 ⁸³
3657 5696 3812 5756 Joat't.
3840 5713 3950 5763 xiv,
3981 5696 4073 5758 (ΞΗ,

2508 5779 2549 5808 ⁸⁷
2585 5779 2713 5832 ibid.
2748 5777 2898 5832 5-10.
2975 5775 3019 5806 ⁹⁸
3056 5777 3156 5832 lsa.
3192 5787 3341 5838 thtt,
3382 5769 3476 5826 ‘15.
