4226 6316
244 373 348 430 889

243 592 416 634 ratum
452 594 528 637 est
576 602 765 639 aurum
806 596 852 639 et
901 587 1236 649 immutatum
1282 606 1549 658 argentum
1602 594 1813 652 bonum,

242 673 402 744 effusi
427 686 548 729 sunt
579 677 779 745 lapides
810 679 980 732 sancti
1007 680 1061 733 in
1084 682 1224 734 omni
1252 684 1448 735 viarum
1467 684 1723 750 principia
1744 684 1817 737 ”?

247 778 348 818 nec
388 775 509 834 post
558 766 818 835 plurimos
859 768 1072 824 labores
1118 770 1292 834 Patris
1332 773 1502 826 noStri
1541 789 1673 842 quos
1723 790 1816 842 pro

246 856 424 910 salute
458 869 644 912 nostra
680 861 934 928 suscepit,
971 877 1029 917 se
1060 863 1232 931 ipsum
1263 865 1566 932 exemplum
1601 865 1815 921 virtutis

247 947 516 1013 tribuens,
553 960 604 1004 et
653 951 888 1015 glorians
933 952 1000 1008 de
1044 953 1198 1007 nobis
1228 963 1282 1007 et.
1314 956 1451 1022 apud
1494 965 1709 1011 sanctos
1740 956 1816 1010 lo-

243 1041 418 1105 quens
454 1058 466 1093 :
499 1038 589 1094 Isti
620 1041 709 1095 lilii
738 1043 840 1098 mei
864 1054 1008 1109 sunt,
1041 1053 1088 1098 et
1126 1027 1360 1114 populus
1381 1061 1531 1101 tuens
1567 1047 1655 1101 lilii
1690 1042 1812 1114 mei,

245 1141 302 1186 ct
343 1147 450 1185 non
488 1133 827 1202 denegabant
863 1152 877 1188 :
908 1145 958 1190 et
1009 1145 1128 1205 post
1163 1135 1532 1204 hujuscemodi
1571 1139 1811 1193 testimo-

243 1228 392 1276 nium
445 1238 548 1278 non
590 1226 877 1294 perdamus
932 1227 1179 1280 fiduciam
1244 1229 1395 1283 bonas
1446 1231 1811 1297 conscientiae,

241 1314 463 1382 spoliati
512 1316 752 1370 vestibus
801 1317 992 1384 quibus
1033 1332 1131 1373 nos
1181 1319 1387 1383 induit,
1434 1328 1490 1374 et
1526 1320 1813 1376 introducti

241 1408 312 1460 ab
346 1422 411 1462 eo
446 1407 498 1460 in
525 1408 756 1462 stadium
791 1417 847 1462 ut
881 1409 1116 1480 legitime
1140 1421 1428 1477 certemus,
1460 1426 1563 1464 non
1595 1427 1814 1481 supere-

239 1509 366 1550 mur
391 1496 460 1550 ab
491 1498 721 1553 inimicis
752 1500 971 1552 nostris.
1006 1499 1070 1552 Et
1097 1510 1377 1568 postquam
1407 1502 1718 1555 venerimus
1747 1503 1812 1555 ad

214 1587 376 1642 illud
410 1598 616 1656 tempus
646 1603 753 1655 quo
780 1591 1118 1656 egrediantur
1145 1591 1211 1644 de
1238 1605 1485 1659 corpore,
1515 1605 1580 1645 ne
1612 1592 1811 1646 inimici

239 1678 543 1733 eﬂiciamur
566 1679 745 1732 Patris
776 1680 967 1744 nostri,
994 1681 1266 1734 thesauris
1287 1681 1604 1747 servientes,
1636 1691 1691 1735 ut
1723 1683 1813 1750 qui

233 1771 461 1841 jejuniis
509 1779 562 1824 et
593 1768 884 1826 aﬂlictione
916 1772 1159 1840 corporis
1202 1771 1484 1826 debuimus
1528 1774 1812 1841 acquirere

239 1862 436 1914 anima:
463 1861 788 1928 libertatem,
817 1862 964 1915 carni
997 1871 1049 1916 et
1071 1861 1298 1926 deliciis,
1330 1871 1382 1915 et
1414 1862 1810 1930 pulchrioribus
1843 1845 1883 1905 Β

235 1952 578 2006 vestimentis
621 1952 912 2019 stratisque
953 1951 1287 2005 mollioribus
1326 1966 1424 2005 nos
1465 1951 1803 2012 dedicemus,

236 2057 346 2094 non
377 2039 548 2115 solum
585 2038 682 2108 ipsi
719 2047 1026 2107 pereuntes,
1053 2037 1145 2091 sed
1174 2047 1230 2092 et
1267 2038 1398 2092 alios
1432 2039 1519 2107 qni
1549 2038 1809 2106 prolicere

235 2139 555 2204 potuerunt,
591 2129 835 2198 exemplo
866 2137 1049 2183 nostro
1076 2129 1333 2183 ducentes
1373 2130 1449 2182 ad
1474 2129 1704 2194 ruinam,
1743 2131 1808 2182 de

234 2225 433 2292 quibus
468 2223 730 2288 scriptum
762 2228 845 2274 est
880 2233 895 2272 :
943 2217 1062 2272 Non
1101 2220 1372 2287 accepistis
1418 2220 1658 2286 spiritum
1698 2235 1807 2273 ser-

235 2314 417 2365 vitutis
449 2312 502 2364 in
534 2312 768 2363 timorem
796 2311 836 2371 ‘,
871 2308 964 2360 sed
1013 2306 1367 2371 fortitudinis,
1403 2318 1455 2362 et
1486 2309 1768 2362 charitatis
1791 2350 1804 2373 ,

235 2415 289 2458 et
323 2403 626 2471 pudicitiae;
675 2412 727 2455 et
768 2418 781 2453 :
827 2398 986 2454 Cibus
1029 2416 1121 2452 nos
1161 2417 1261 2452 non
1305 2401 1628 2454 commendat
1677 2400 1805 2453 Deo.

237 2495 420 2563 Neque
460 2495 595 2547 enim
627 2498 684 2546 si
730 2492 1124 2556 comederimus,
1173 2492 1586 2556 abundabimus,
1623 2509 1712 2546 nec
1761 2493 1806 2544 si

237 2601 339 2638 non
378 2584 754 2636 comeder‘imus
805 2581 1151 2648 indigebimus
1193 2582 1234 2635 ².
1280 2580 1402 2634 Νοη
1438 2593 1510 2634 est
1543 2583 1677 2634 enim
1728 2599 1810 2635 re-

235 2690 393 2741 gnum
421 2673 524 2726 .Dei
565 2673 709 2724 cibus
749 2683 793 2724 et
840 2683 1017 2735 potus;
1064 2672 1153 2724 sed
1187 2673 1433 2738 justitia,
1471 2674 1719 2740 gaudium
1760 2685 1807 2726 et

238 2781 340 2825 pax
375 2761 655 2830 in,Spiritu
691 2771 872 2816 sancto
898 2763 936 2813 ³.
989 2763 1087 2828 Qui
1136 2764 1186 2815 in
1232 2764 1332 2817 hoc
1364 2764 1534 2816 servit
1571 2765 1806 2831 Christo,

237 2853 411 2921 placet
441 2852 567 2918 Deo,
593 2853 850 2920 probatus
880 2862 962 2906 est
986 2854 1259 2908 otrinibus.
1292 2854 1459 2907 Isaias
1491 2872 1701 2924 quoque
1729 2858 1810 2911 di~

237 2944 350 2997 cit:
391 2941 493 3006 Qui
535 2953 825 3009 exspectant
864 2943 1165 3022 Dominum,
1255 2945 1604 2999 immutabunt
1650 2951 1810 3001 virtu-

235 3047 358 3101 tem,
392 3045 654 3087 assument
685 3051 880 3100 pennas
917 3046 968 3087 ut
1004 3037 1192 3104 aquilw
1216 3053 1234 3101 ,'
1261 3047 1494 3103 current,
1523 3049 1572 3091 et
1603 3055 1704 3092 non
1731 3042 1808 3092 la-

235 3125 526 3180 borabunt:
565 3126 889 3192 gradiantur,
928 3135 974 3178 et
1002 3142 1105 3178 non
1129 3132 1358 3189 esuriant
1385 3129 1424 3181 ⁸.
1457 3127 1664 3181 Idcirco
1703 3130 1808 3182 ele-

233 3217 373 3268 rabit
420 3216 624 3284 signum
688 3216 740 3267 in
807 3225 1001 3284 gentes,
1069 3225 1119 3268 et
1177 3219 1504 3286 congregabit
1565 3223 1811 3288 profugos

233 3304 425 3358 Israel.
481 3304 597 3356 Cito
631 3304 873 3355 velociter
913 3304 1110 3356 venient
1153 3319 1170 3356 :
1211 3318 1315 3355 non
1350 3305 1618 3368 esuriant,
1653 3321 1812 3372 neque

233 3395 614 3448 tlormitabuut.
668 3389 789 3446 Non
843 3393 1134 3459 dormiant,
1171 3409 1262 3446 nec
1301 3394 1496 3448 solvent
1550 3410 1710 3447 sonas
1750 3402 1812 3449 tle

233 3486 424 3538 lumbis
454 3485 586 3546 suis,
619 3499 781 3552 neque
813 3494 1118 3550 rumpantur
1141 3485 1194 3538 in
1241 3487 1604 3538 calceamentis
1633 3502 1812 3538 eorum

232 3578 494 3644 corrigiar.
546 3573 779 3637 Quorum
815 3573 998 3641 jacula
1048 3583 1207 3627 acuta
1251 3585 1369 3628 sunt
1405 3586 1449 3629 et
1490 3577 1678 3630 interni
1724 3593 1811 3628 ar-

233 3684 324 3720 cus
350 3681 368 3718 :
389 3667 540 3733 pedes
570 3681 853 3733 equorum,
888 3673 943 3717 ut
971 3673 1118 3732 petra
1147 3665 1438 3734 fortissima
1471 3682 1488 3720 :
1522 3677 1648 3722 rota:
1693 3685 1811 3721 cur-

234 3775 389 3813 ruum
419 3761 565 3828 quasi
591 3766 870 3824 tempestas
905 3772 923 3809 :
966 3759 1209 3826 impetum
1245 3758 1438 3826 facient
1459 3769 1518 3811 ut
1544 3760 1736 3824 leones,
1762 3770 1809 3812 et

234 3852 454 3904 aderunt
487 3859 541 3900 ut
571 3847 733 3901 catuli
763 3849 966 3901 leonum
993 3849 1034 3902 ⁸.

303 3939 508 3995 XLVII.
543 3939 607 3992 Et
631 3955 730 3994 nos
753 3939 919 4008 igitur
944 3948 1256 3994 sanctorum
1287 3940 1587 3996 imitatores
1620 3941 1808 4008 simus,

236 4046 333 4086 nec
359 4031 740 4086 obliviscamur
774 4029 1134 4085 institutionis
1168 4047 1271 4100 qua
1309 4046 1406 4086 nos
1438 4033 1672 4086 erudivit
1704 4031 1807 4084 Pa-

233 4136 314 4179 ter
344 4133 546 4188 noster,
594 4125 719 4178 dum
753 4125 929 4178 adhuc
961 4133 1104 4179 esset
1133 4124 1184 4178 in
1210 4138 1453 4193 corpore.
1495 4123 1574 4178 Ne
1605 4123 1810 4178 exstin-

232 4231 460 4286 gnamus
496 4216 770 4270 lucernam
804 4216 1088 4270 ardentem
1129 4230 1288 4284 quam
1319 4217 1499 4284 posuit
1532 4230 1692 4284 super
1719 4230 1809 4268 ca-

233 4309 345 4376 pita
376 4317 582 4362 nostra.
605 4308 684 4361 Ad
717 4309 871 4378 cujus
900 4308 1077 4362 lumen
1111 4308 1163 4361 in
1189 4308 1292 4363 hoc
1318 4307 1514 4361 sarculo
1556 4307 1806 4361 inceden-

233 4411 336 4468 tes,
370 4402 780 4456 meminerimus
807 4403 949 4470 quod
982 4415 1078 4469 per
1104 4402 1341 4454 studium
1367 4400 1514 4453 illius
1548 4400 1686 4453 Dens
1709 4415 1805 4454 nos

1042 377 1114 432 ~S.
1160 378 1450 433 ORSIESII
1495 379 1838 444 DOCTRINA
1882 387 1971 445 DE
2008 390 2354 451 INSTITUT.
2398 389 2702 447 MONACII.

243 498 293 545 et
329 506 489 560 super
518 508 616 549 nos
645 495 888 564 planctus
924 495 1013 550 ille
1043 498 1253 552 dicatur
1281 515 1293 551 :
1329 500 1599 564 Quomodo
1636 503 1820 556 obscu-
1851 510 1892 562 Α
1923 517 2116 573 quatur
2148 517 2334 560 contra
2394 523 2489 560 nos

3384 394 3488 450 3‘30

2541 524 2554 560 :
2608 507 2852 562 Judicate
2901 510 3034 563 inter
3074 527 3153 564 me
3201 522 3248 564 et
3284 512 3485 566 vineam

1920 607 2105 651 ineant.
2160 598 2465 665 Exspectuvi
2503 610 2555 650 ut
2595 600 2787 665 faceret
2833 600 3095 668 fructum,
3135 613 3184 654 et
3221 601 3342 671 fecit
3388 605 3486 656 ini-

1917 687 2184 756 quitatem,
2211 696 2258 741 et
2289 705 2389 741 non
2420 688 2703 754 iustitiam,
2731 687 2820 741 sed
2847 689 3129 743 clamorem
3158 683 3200 755 ⁶;
3227 699 3281 745 et
3306 691 3484 745 Veniat

1917 776 2207 848 supernos
2243 779 2328 859 illa
2376 779 2702 841 maledictio,
2735 793 2896 847 quam
2940 776 3268 848 prophetalis
3301 793 3481 833 sermo

1917 872 2008 926 ille
2037 873 2397 942 prosequitur,
2435 881 2488 923 et
2521 883 2685 938 quam
2719 871 2864 924 omni
2891 870 3067 942 studio
3099 869 3282 940 {agere
3308 886 3372 926 ac
3405 872 3480 924 vi-

1920 956 2033 1017 tare
2062 965 2346 1027 debemus,
2376 974 2664 1030 sequentes
2686 960 3148 1016 conversationem
3165 950 3366 1015 eorum
3391 963 3480 1031 qui

1916 1069 2015 1108 nos
2066 1056 2116 1107 in
2171 1050 2394 1108 Domino
2434 1062 2853 1122 prmeesserunt,
2901 1050 3120 1105 Patrum
3177 1053 3381 1122 pariter
3421 1068 3484 1107 ac

1917 1141 2165 1206 fratrum,
2218 1143 2310 1212 qui
2362 1143 2734 1196 renuntiantes
2777 1140 2975 1195 sreculo
3023 1150 3076 1194 et
3111 1141 3371 1196 inoll’enso
3412 1138 3478 1195 ad

1916 1231 2201 1286 Dominum
2248 1243 2535 1304 pergentes
2570 1229 2762 1302 gradu,
2812 1246 2953 1285 nunc
3002 1229 3118 1299 ejus
3168 1230 3482 1287 haereditate

1915 1323 2226 1392 potiuntur:
2257 1340 2413 1391 quam
2444 1325 2717 1378 vereorbc
2736 1323 3022 1392 perdamus
3049 1332 3228 1383 nostra
3254 1319 3478 1389 desidia,

1914 1427 1968 1470 ct
2023 1416 2150 1469 illud
2196 1416 2348 1468 nobis
2391 1417 2759 1483 propheticum
2801 1424 3048 1483 aptetur,
3093 1411 3233 1483 quod
3278 1413 3479 1467 dictum

1914 1520 1994 1563 est
2031 1509 2088 1563 in
2134 1507 2388 1577 Ephraim
2433 1528 2444 1561 :
2492 1503 2676 1561 Oleum
2726 1508 2777 1559 in
2823 1507 3110 1576 nggptum
3151 1517 3413 1560 mercatur
3435 1500 3480 1557 ⁷.

1915 1599 2064 1653 Misti
2092 1609 2212 1653 sunt
2241 1600 2292 1652 in
2321 1599 2581 1668 gentibus,
2617 1607 2664 1652 et
2701 1599 2994 1650 didicerunt
3035 1614 3191 1664 opera
3225 1613 3405 1651 eorum
3435 1589 3477 1650 ⁸.

1914 1687 1992 1743 Ne
2045 1701 2325 1758 postquam
2377 1687 2550 1740 vocati
2615 1700 2800 1739 sumus
2861 1685 2913 1737 in
2961 1683 3283 1746 libertatem,
3341 1683 3482 1736 sicut

1913 1781 2170 1849 scriptum
2203 1789 2283 1832 est
2321 1796 2334 1830 :
2376 1775 2578 1830 Tollam
2611 1793 2696 1828 vos
2730 1791 2890 1828 unum
2926 1773 2989 1827 de
3019 1772 3231 1842 papula,
3271 1783 3317 1825 el
3348 1772 3480 1825 duos

1911 1875 1974 1927 de
2016 1873 2239 1941 familia,
2276 1882 2322 1924 et
2372 1870 2618 1922 inducant
2654 1885 2742 1921 vos
2788 1865 2842 1920 in
2882 1867 3032 1930 Sion,
3061 1874 3107 1918 et
3158 1865 3292 1918 dabo
3338 1866 3482 1918 vobis

1910 1975 2146 2034 pastores
2181 1962 2467 2016 secundum
2512 1977 2600 2013 cor
2640 1975 2832 2023 meum,
2866 1959 2955 2026 qui
3004 1968 3217 2026 pascant
3245 1973 3331 2010 vos
3361 1971 3480 2008 cum

1909 2055 2185 2123 disciplina
2213 2053 2266 2119 ’ς
2295 2052 2635 2106 resolvantur
2677 2048 2889 2102 vincula
2921 2047 3226 2110 charitatis,
3252 2055 3306 2100 ct
3335 2045 3481 2098 dica-

1912 2159 1996 2203 tur
2024 2150 2089 2201 de
2125 2148 2276 2200 nobis
2307 2163 2319 2197 :
2363 2142 2536 2196 Filius
2563 2141 2821 2211 gloriﬁcat
2852 2149 3073 2207 patrem,
3106 2146 3152 2190 et
3181 2151 3355 2190 servus
3384 2134 3480 2188 do-

1908 2240 2102 2292 minum
2128 2253 2298 2290 suum.
2334 2234 2390 2288 Si
2419 2233 2583 2287 Pater
2601 2248 2691 2302 ego
2727 2247 2865 2291 sum,
2907 2229 2992 2281 ubi
3019 2238 3091 2282 est
3119 2226 3290 2296 gloria
3330 2227 3482 2301 mea?

1910 2329 1966 2383 Si
1999 2329 2270 2384 Dom'nus.
2304 2327 2389 2378 ubi
2417 2336 2486 2379 est
2518 2325 2674 2378 timor
2699 2337 2844 2374 meus
2875 2319 2956 2372 "Y

1979 2417 2208 2473 XLV’lll.
2253 2419 2456 2470 Idcirco
2491 2414 2857 2482 [unusquisque
2898 2418 3140 2465 nostrum
3183 2410 3380 2466 clamet
3413 2410 3480 2464 ad

1911 2511 2195 2564 Dominum
2218 2512 2244 2562 ἐ
2275 2505 2415 2561 Muri
2441 2505 2852 2560 Siondeducant
2872 2503 3003 2556 sicut
3025 2511 3273 2554 torrentes
3304 2500 3480 2569 lacrg-

1909 2620 2021 2657 mas
2058 2603 2142 2654 (lie
2170 2617 2230 2653 ac
2262 2611 2427 2653 nocte.
2463 2595 2544 2650 Ne
2586 2598 2674 2650 tles
2706 2599 2928 2665 requiem
2963 2594 3090 2657 tibi,
3118 2607 3280 2661 neque
3312 2597 3481 2644 taceat

1910 2693 2106 2759 pupilla
2132 2691 2268 2744 oculi
2302 2691 2397 2742 lui.
2422 2686 2610 2757 Surge,
2636 2696 2682 2739 et
2714 2686 2872 2737 lauda
2896 2686 2947 2736 in
2970 2693 3133 2746 nocte,
3157 2680 3482 2747 inprincrpia

1911 2775 2208 2853 vigiliarum
2254 2793 2507 2844 tuarum;
2558 2778 2764 2846 effunde
2806 2777 2942 2829 sicut
2983 2789 3170 2843 aquam
3213 2787 3303 2825 cor
3337 2783 3482 2822 tuum

1912 2877 1965 2928 in
1995 2885 2268 2941 conspectu
2319 2872 2547 2926 Domini.
2581 2870 2712 2923 Leva
2749 2870 2816 2922 ad
2847 2869 2994 2920 illum
3027 2880 3209 2919 manus
3238 2875 3352 2916 tuas
3385 2876 3482 2928 pro

1911 2965 2189 3020 animabus
2243 2965 2572 3030 parvulorum
2638 2972 2880 3023 tuorum,
2941 2959 3028 3028 qui
3080 2956 3377 3025 defecerunt
3427 2951 3484 3003 in

1864 3058 2081 3122 ~capite
2135 3055 2490 3107 unirersorum
2552 3063 2820 3119 gressnum
2868 3048 2930 3099 “.
2980 3045 3056 3100 Ne
3115 3043 3242 3098 illud
3295 3048 3482 3096 contra

1840 3184 1881 3238 ρ
1915 3164 2011 3202 nos
2039 3149 2250 3201 dicatur
2281 3165 2292 3198 :
2327 3145 2507 3206 Luxit,
2545 3155 2590 3196 et
2626 3151 2900 3210 corruptus
2925 3149 2999 3193 est
3029 3139 3187 3191 orbis.
3215 3134 3484 3188 Luxerunt

1915 3242 2103 3296 excelsi
2139 3251 2320 3300 terrw,
2354 3248 2400 3291 et
2431 3248 2568 3289 terra
2603 3235 2756 3300 impie
2788 3235 2889 3300 egit
2925 3239 3131 3299 propter
3167 3226 3485 3279 habitatores

1915 3347 2074 3393 suos;
2116 3329 2499 3399 dereliquerant
2552 3326 2688 3378 enim
2739 3323 2897 3390 legem
2925 3361 2940 3385 ,
2994 3330 3040 3373 et
3082 3319 3485 3382 impiataverunt

1913 3431 2173 3493 pracepta
2209 3435 2344 3482 mea,
2379 3425 2742 3472 testamentum
2777 3425 3049 3467 internum.
3078 3408 3289 3462 Idcirco
3324 3404 3487 3459 ntale-

1914 3517 2074 3567 dictio
2110 3513 2368 3565 der-orabit
2404 3523 2620 3572 terram,
2652 3497 2776 3576 quia
2808 3511 3142 3572 peccaverunt
3170 3499 3486 3550 habitatores

1914 3592 2027 3675 ejus
2054 3616 2098 3658 et
2122 3604 2504 3673 dereliqucruat
2532 3601 2764 3653 homines
2787 3595 2942 3659 pauci
2969 3595 3037 3649 ”.
3061 3591 3136 3646 Ne
3161 3601 3214 3646 et
3246 3597 3487 3643 nostrqu

1916 3701 2096 3751 vinum
2130 3697 2306 3766 lugeat
2329 3705 2377 3749 et
2411 3694 2586 3755 vinea,
2614 3701 2668 3746 et
2697 3690 3046 3761 ingemiscant
3071 3685 3159 3754 qui
3194 3682 3343 3752 prius
3372 3688 3487 3734 toto

1914 3789 2095 3842 animo
2129 3787 2470 3847 laetabantur,
2510 3786 2822 3850 dicaturque
2862 3780 2927 3833 de
2969 3777 3123 3831 nobis
3164 3789 3177 3828 :
3219 3773 3284 3827 In
3329 3773 3486 3825 domo

1913 3878 2180 3929 insaniam
2229 3875 2614 3941 conﬁnxerunt,
2650 3871 2884 3939 corrupti
2914 3877 3035 3921 sunt
3065 3868 3197 3920 sicut
3228 3863 3337 3916 dies
3379 3861 3488 3914 cal-

1912 3970 1976 4021 lis
2006 3967 2084 4030 ¹³;
2120 3974 2212 4017 aut
2251 3965 2388 4031 illud.
2424 3982 2438 4016 :
2472 3963 2664 4030 Caplio
2693 3975 2757 4014 ex
2799 3959 2937 4013 vobis
2983 3967 3097 4019 est;
3142 3963 3232 4007 et:
3273 3950 3494 4004 Dixistis

1909 4055 2297 4120 euim,Fecistis
2327 4063 2687 4108 testamentum
2710 4055 2825 4104 cum
2848 4050 3075 4116 inferno,
3103 4055 3150 4098 et
3176 4059 3291 4097 cum
3326 4054 3490 4094 morte

1909 4147 2193 4216 partum“.
2215 4147 2342 4213 Quae
2370 4148 2528 4200 verba
2554 4145 2801 4206 vitantes,
2827 4141 3097 4207 credimus
3130 4137 3297 4206 magis
3344 4131 3488 4201 quod
3570 4149 3577 4156 ν

1912 4241 1962 4294 in
1997 4253 2236 4309 tempore
2293 4255 2390 4292 suo
2422 4237 2635 4293 Orietur
2654 4235 2801 4302 stella
2835 4249 2898 4285 ea:
2920 4229 3119 4289 Jacob,
3163 4239 3208 4280 et
3243 4231 3486 4290 exsurget

1908 4334 2062 4385 homo
2084 4336 2148 4384 de
2176 4330 2364 4392 Israel,
2386 4330 2473 4398 qui
2501 4329 2745 4396 percutiet
2771 4324 3028 4392 principes
3091 4318 3245 4371 Moab
3277 4328 3320 4368 et
3349 4314 3489 4381 filios

1907 4421 2027 4476 Setlt
2056 4423 2118 4476 ¹⁸.
2153 4420 2218 4475 Ut
2255 4439 2356 4474 non
2398 4422 2463 4473 sit
2497 4420 2550 4472 in
2588 4420 2740 4471 domo
2775 4415 2944 4470 Israel
2977 4409 3221 4465 stimulus
3258 4406 3478 4475 furoris,

232 4499 282 4550 in
335 4498 607 4566 prepriatn
645 4496 903 4550 fatniliam
947 4497 1233 4564 receperit,
1279 4497 1577 4565 peregrinis
1628 4497 1803 4567 hospi-
1836 4513 1883 4572 ι)
1909 4524 1958 4566 ει
1995 4515 2132 4580 ερεηι

1871 4518 1958 4566 let
1995 4515 2146 4580 spina
2179 4511 2375 4564 doloris
2408 4511 2468 4563 ιθ.
2500 4509 2637 4574 Quia
2664 4509 2804 4576 facta
2836 4513 2912 4557 est
2947 4501 3171 4555 Domino
3208 4512 3328 4565 pars
3369 4493 3487 4561 ejus

233 4586 366 4643 tium
409 4589 674 4651 tribuens,
717 4589 769 4642 in
802 4589 969 4642 maris
1002 4587 1309 4642 turbinibus
1341 4589 1651 4643 constitutis
1681 4604 1804 4656 por-

229 4689 343 4732 tum
375 4681 695 4743 ostendens,
729 4694 921 4748 panem
969 4679 1021 4731 in
1071 4676 1231 4738 fame,
1276 4679 1525 4730 umbram
1559 4679 1610 4731 in
1646 4690 1803 4744 aestu,

231 4771 616 4824 vestimentum
648 4771 701 4823 in
740 4771 1016 4834 nuditate;
1058 4769 1335 4836 imperitos
1373 4769 1656 4838 prmecptis
1690 4772 1805 4840 spi-

231 4862 481 4916 ritalibus
511 4863 761 4925 erudivit,
792 4862 937 4916 vitiis
971 4862 1270 4916 servientes
1301 4861 1547 4916 castitate
1573 4852 1804 4917 circum~

228 4953 396 5015 dedit,
431 4953 617 5022 procul
650 4953 852 5020 positos
884 4952 986 5007 sibi
1015 4952 1214 5021 junxit.
1248 4951 1325 5006 Ne
1352 4962 1472 5021 post
1504 4953 1648 5007 illius
1679 4955 1806 5008 dor-

231 5045 507 5097 mitionem
559 5043 946 5115 obliviscamur
993 5052 1154 5097 tantae
1205 5044 1463 5098 bonitatis
1504 5053 1558 5098 et
1604 5046 1804 5099 beneﬁ-

229 5137 436 5190 eiorntu
481 5134 884 5198 immortalium,
909 5142 1184 5189 vertentes
1214 5133 1452 5188 furorem
1485 5135 1558 5204 (l)
1589 5137 1639 5189 in
1659 5136 1807 5204 judi-

227 5225 394 5290 cium,
432 5233 486 5279 et
517 5221 753 5278 fructum
784 5224 1008 5292 justitia‘.
1060 5226 1113 5279 in
1154 5226 1593 5291 amaritudinem,
1629 5236 1682 5279 et
1723 5227 1804 5280 lo-

299 5412 346 5444 ”
393 5408 596 5463 Thren.
631 5423 704 5471 tv,
747 5410 764 5462 l
875 5411 892 5441 ⁸
933 5412 1092 5466 “om.
1140 5423 1257 5474 vm,
1295 5410 1378 5462 15.

228 5483 247 5513 ⁶
279 5483 410 5535 ibid.
441 5480 495 5544 '5,
529 5480 581 5531 4.
635 5481 653 5508 ⁷
680 5479 805 5533 Ose.
840 5496 937 5542 xtl,
974 5480 1022 5532 1.
1099 5479 1121 5510 ⁸
1152 5481 1294 5535 ρμκι.
1321 5495 1405 5542 (ἰν.
1443 5479 1528 5533 55.

229 5552 270 5584 ¹²
297 5551 395 5604 lsa.
425 5563 571 5612 xxiv,
607 5548 724 5602 4-6.
788 5549 830 5580 ⁸³
858 5550 981 5603 05c.
1019 5565 1094 5609 ts,
1126 5550 1180 5611 8,
1205 5550 1256 5604 9.

228 5636 398 5682 χχχιι,
434 5621 488 5675 9.
570 5619 612 5649 ⁸⁸
660 5617 771 5675 Jcr.
832 5635 980 5672 xv“.
1017 5621 1108 5675 56.
1191 5621 1230 5651 ¹⁹
1277 5619 1380 5674 lsa.
1425 5636 1534 5681 ut,
1579 5621 1631 5683 8,
1689 5623 1738 5674 9.

305 5736 378 5804 (Ι)
414 5735 693 5791 Furorem.
729 5739 1028 5805 Legendnnt
1056 5739 1262 5795 videtur
1293 5740 1544 5806 furorem,
1581 5738 1658 5794 vel
1695 5739 1964 5808 fervorem.
2015 5739 2118 5794 Sed
2158 5755 2221 5795 ex
2293 5739 2357 5792 iis
2401 5753 2537 5808 'anc
2604 5737 2783 5790 statim
2860 5740 3176 5802 sequuntur,

230 5803 511 5863 lcctiOuctn
551 5803 905 5878 prtctulcrim.

1457 5413 1476 5441 ²
1508 5409 1523 5462 1
1554 5408 1677 5463 Cor.
1713 5427 1828 5474 vm,
1857 5416 1907 5470 8.

1605 5483 1625 5513 ⁹
1653 5481 1760 5534 Jet'.
1802 5499 1882 5550 tu,
1930 5489 2014 5549 Μ,
2051 5489 2132 5542 13,

1338 5551 1378 5581 "‘
1407 5552 1509 5603 lszi.
1541 5566 1729 5611 λιι-ιιι,
1781 5549 1864 5611 iii.

1911 4603 2076 4658 Jacob
2098 4645 2114 4670 ,
2156 4602 2421 4670 funiculus
2461 4600 2782 4655 Itwreditatis
2817 4596 2930 4666 ejus
2964 4590 3132 4647 Israel
3161 4589 3223 4639 ".
3263 4587 3326 4639 Et
3357 4584 3485 4638 alibi

1913 4694 2151 4762 loquitur
2199 4693 2462 4748 Jeremias
2509 4708 2523 4745 :
2569 4690 2624 4745 Si
2657 4691 2933 4743 cessaverit
2973 4688 3025 4736 in
3056 4687 3333 4746 conspectu
3374 4691 3485 4727 meo

1912 4784 1996 4837 les:
2025 4786 2149 4848 ista,
2180 4800 2301 4853 gens
2326 4785 2483 4836 etiam
2521 4779 2692 4834 Israel
2720 4792 2919 4832 cessare
2954 4773 3135 4844 poterit
3173 4768 3252 4832 ¹⁸;
3284 4775 3339 4822 et
3371 4779 3493 4818 rur-

1910 4890 2026 4929 sum
2059 4893 2070 4928 :
2125 4875 2268 4928 Dabo
2305 4874 2532 4927 laborem
2564 4888 2742 4926 eorum
2774 4869 2939 4937 justis
2963 4905 2978 4932 ,
3024 4874 3072 4918 et
3120 4867 3487 4915 testamentum

1911 4980 2161 5022 ccternnm
2192 4985 2382 5036 ponam
2418 4984 2534 5020 cum
2563 4967 2717 5035 ipsis,
2754 4975 2802 5018 et
2839 4964 3029 5016 scietur
3062 4959 3112 5010 in
3137 4954 3373 5025 gentibus
3402 4965 3489 5004 se-

1913 5076 2026 5112 men
2069 5077 2270 5125 eorum,
2312 5078 2374 5113 ac
2427 5073 2649 5130 nepotes.
2695 5056 2878 5110 Omnis
2916 5054 3006 5122 qui
3039 5047 3220 5103 viderit
3251 5060 3356 5105 eos,
3396 5057 3486 5094 co-

1912 5162 2117 5220 gnoscet
2159 5153 2283 5220 quia
2329 5152 2418 5204 isti
2450 5161 2568 5205 sunt
2599 5165 2771 5204 semen
2808 5166 2838 5199 a
2882 5145 3106 5199 Domino
3141 5138 3487 5198 benedictum,

1912 5251 1957 5291 et
1995 5241 2189 5310 gaudio
2217 5241 2558 5304 perfruentur
2583 5239 2794 5291 Domini
2825 5238 2893 5291 ".

2525 5416 2546 5444 ‘
2573 5416 2671 5469 lsa.
2699 5431 2785 5476 sn,
2812 5414 2901 5467 31.
3047 5411 3067 5441 ⁸
3097 5409 3197 5460 Isa.
3230 5421 3280 5468 ν,
3304 5399 3487 5476 26-29.

2785 5463 3083 5535 u"Thr-en.
3144 5493 3201 5540 ll,
3263 5463 3348 5534 l8.
3403 5477 3486 5522 id.

2785 5547 3173 5598 h.xxvm.24.
3253 5547 3292 5577 "
3329 5545 3485 5598 Delli.

1990 5417 2008 5448 ³
2035 5417 2188 5472 Rom.
2218 5434 2330 5479 ην,
2365 5419 2448 5472 17.

2213 5491 2255 5520 ⁸ο
2300 5488 2527 5550 Maluch.
2557 5503 2593 5549 t,
2654 5487 2708 5540 li.

1947 5547 2177 5616 "ﬁunt.
2218 5547 2361 5624 xxiv,
2400 5557 2488 5611 t7.
2569 5547 2831 5610 “‘Ezcch.
2861 5567 3053 5614 xxvnt,
3082 5547 3173 5604 24.

3253 5731 3484 5798 priorem
