4226 6316
725 312 821 368 891

1838 305 2112 363 PA'i‘iiES
2156 300 2461 358 :EGYPTII
2506 300 2779 357 SA‘LCCLI
2824 301 2910 356 iV.

3912 300 4017 355 δίη

796 427 986 484 XLIX.
1033 426 1100 480 Et
1142 440 1240 479 nos
1289 416 1421 493 ergo
1469 434 1781 479 scrutentur
1823 428 1937 477 rius
1969 433 2206 487 nostras,
2256 433 2310 476 et
2341 426 2385 481 Α
2413 418 2582 471 lten'le
2617 434 2775 481 eum;
2826 416 3035 470 ambula
3086 417 3139 469 in
3188 414 3462 482 splendore
3515 414 3731 469 luminis
3774 432 3935 482 ejus,
3964 429 4015 471 et

719 534 943 593 gressus
967 518 1345 589 dijudicemus,
1375 527 1429 571 et
1460 506 1998 586 sequamunotiorem
2030 516 2309 580 scientim;

721 609 1122 667 abscondenles
1153 624 1369 678 semper
1392 609 1554 664 vcrba
1581 608 1698 677 ejus
1721 608 1772 661 in
1804 608 2058 662 cordibus
2090 606 2311 671 nostris,

721 710 779 753 ut
798 700 971 754 sinms
997 698 1331 753 immaculati
1358 699 1411 751 in
1440 698 1551 761 via,
1578 698 1632 751 et
1660 698 1711 751 in
1741 696 1858 767 lege
1884 696 2094 750 Domini
2122 698 2314 750 ambu-

722 789 897 845 lemus
917 790 987 844 ⁸⁸.
1013 789 1129 844 Non
1163 806 1259 843 nos
1284 800 1485 844 terreat
1512 782 1775 858 fragilitas
1796 788 2060 858 corporis,
2090 800 2142 844 et
2156 787 2311 859 longi

723 881 987 952 tempori:
1017 881 1185 935 labor.
1222 878 1416 935 Patres
1440 882 1601 935 vestri
1641 880 1729 933 ubi
1759 891 1902 946 sunt,
1935 888 1986 932 et
2013 879 2319 948 prapltetatl

724 979 783 1023 ttt
819 970 1081 1041 scriptum
1115 979 1220 1032 cst,
1258 969 1497 1039 nunquid
1528 970 1583 1023 in
1613 980 1866 1024 (sternunt
1903 969 2109 1024 virent?
2144 966 2314 1023 Verba

724 1073 902 1116 autem
922 1078 1037 1118 mea
1066 1072 1113 1115 et
1143 1061 1375 1130 legitima
1403 1076 1517 1114 mea
1547 1060 1823 1127 suscipite,
1858 1076 1976 1129 quw
2001 1077 2093 1130 ego
2125 1061 2315 1127 prioci-

724 1156 817 1225 pio
847 1154 901 1209 in
936 1152 1141 1217 Spiritu
1170 1169 1280 1206 meo
1306 1154 1468 1207 servis
1494 1153 1621 1205 meis
1646 1154 1909 1222 praphetis
1932 1192 1947 1217 ,
1978 1154 2067 1222 qui
2100 1154 2313 1220 fuerunt

724 1261 845 1300 cum
877 1245 1118 1312 patribus
1150 1246 1333 1298 uestris
1359 1243 1424 1297 ²¹.
1477 1240 1789 1299 Sentiamus
1831 1242 2159 1298 ineffabilem
2205 1246 2315 1299 cle-

724 1336 987 1422 mentiam
1010 1337 1111 1410 ,Dei
1148 1335 1343 1401 nostri,
1386 1335 1478 1406 qui
1514 1350 1688 1405 usque
1726 1336 1886 1390 hodie
1929 1337 1995 1389 ad
2041 1337 2316 1406 paeniten-

724 1428 857 1480 tiam
896 1443 994 1481 nos
1026 1427 1297 1492 hortatur,
1327 1427 1515 1482 dicens
1556 1444 1569 1481 :
1610 1425 1867 1498 Nunquid
1893 1428 1983 1499 qui
2023 1429 2170 1483 cadet
2212 1445 2314 1482 non

724 1519 1002 1587 resurget?
1042 1529 1133 1572 aut
1172 1519 1264 1589 qui
1295 1528 1572 1574 aversatur
1613 1536 1715 1573 non
1761 1523 2084 1577 revertetur?
2136 1520 2316 1587 Quare

724 1621 1001 1665 aversatus
1044 1621 1120 1666 est
1162 1611 1388 1679 populus
1425 1628 1569 1664 meus
1615 1611 1885 1664 aversione
1914 1609 2229 1680 impudenti,
2266 1621 2313 1665 et

727 1702 1071 1755 obtinuerunt
1103 1703 1156 1754 in
1204 1700 1558 1770 voluptatibus
1608 1700 1751 1766 suis,
1803 1713 1851 1753 et
1897 1702 2178 1754 noluerunt
2230 1718 2313 1754 re-

2424 529 2525 564 non
2554 511 2644 563 des
2678 511 2832 563 alteri
2854 510 3084 579 gloriam
3126 522 3309 573 tuam,
3355 518 3403 562 et
3454 525 3515 561 ea
3558 523 3675 577 qua:
3711 510 4016 563 conducunt

2423 600 2539 664 tibi,
2566 602 2707 671 genti
2751 600 2967 654 alienae.-
2995 600 3142 654 Beati
3176 618 3374 664 sumus,
3415 600 3618 664 lsruel,
3651 602 3776 671 quia
3815 602 4018 669 placita

2423 691 2532 745 Deo
2582 702 2764 745 nostra
2809 703 2936 746 nota
2964 703 3082 745 sunt
3128 694 3295 745 nobis.
3334 690 3576 760 Conﬁtle,
3613 693 3800 760 papule
3841 708 4018 757 meus.

2423 784 2748 837 memorialis
2802 782 2970 837 Israel
2998 782 3064 837 ³³.
3116 782 3185 837 Et
3237 785 3432 836 iterum
3502 782 3672 837 lsaias
3722 784 3967 853 loquitur
4000 802 4018 838 :

2423 873 2651 941 Lwtare,
2685 874 2874 936 Israel.
2910 886 2956 928 et
2987 875 3179 944 festum
3213 875 3353 944 agite
3391 877 3530 929 diem
3564 892 3738 930 omnes
3771 878 3862 945 qui
3893 877 4019 930 dili'

2423 966 2543 1036 gitis
2578 983 2717 1020 eum.
2750 964 2983 1020 Gaudete
3029 966 3116 1031 qui
3154 965 3423 1033 conﬁditis
3470 966 3531 1019 in
3553 982 3637 1029 eo,
3680 974 3737 1018 ut
3788 967 4022 1035 sttgatis,

2422 1071 2467 1114 et
2504 1060 2825 1130 impleamini
2853 1076 2919 1114 ex
2945 1058 3191 1113 uberibus
3217 1059 3593 1113 consolationis
3626 1060 3739 1128 ejus
3766 1060 3831 1114 ³³.

2496 1150 2582 1207 Li.
2624 1152 2930 1207 Habeamus
2979 1166 3167 1206 curam
3217 1150 3566 1220 legendarum
3621 1160 3677 1204 et
3728 1149 4023 1205 discenda-

2426 1263 2541 1298 rum
2596 1244 3037 1313 Scriptor-arum,
3084 1253 3140 1297 et
3184 1242 3237 1296 in
3283 1256 3470 1295 earum
3512 1254 3729 1310 semper
3779 1242 4022 1295 medita-

2425 1340 2570 1393 tione
2609 1352 2912 1399 versemur,
2947 1337 3183 1390 scientes
3214 1335 3475 1402 scriptum
3506 1351 3521 1388 :
3562 1332 3645 1387 Ex
3679 1333 3856 1402 [ructu
3908 1336 4025 1387 oris

2421 1431 2506 1483 sui
2549 1430 2630 1483 vir
2664 1428 2994 1483 saturabitur
3020 1427 3102 1482 “z
3132 1436 3180 1482 et
3224 1441 3418 1480 merces
3456 1425 3699 1479 laborum
3738 1425 3850 1494 ejus
3897 1426 4026 1479 red-

2422 1522 2575 1572 detur
2598 1518 2667 1569 ³⁷.
2698 1518 2823 1574 ΙΙωο
2852 1527 2975 1579 sunt
3004 1532 3124 1588 quae
3164 1532 3264 1571 nos
3307 1516 3512 1571 ducunt
3540 1516 3608 1571 ad
3641 1526 3898 1571 aeternam
3938 1518 4029 1571 vi-

2426 1624 2554 1681 tam,
2581 1627 2700 1682 quae
2736 1611 2890 1667 nobis
2923 1610 3147 1665 tradidit
3181 1608 3346 1665 Pater
3377 1620 3582 1674 noster,
3606 1620 3663 1663 et
3684 1608 3879 1680 iugiter
3912 1624 4027 1665 me-

2424 1705 2643 1759 ditanda
2696 1702 2954 1773 precepit
3003 1712 3061 1756 ut
3097 1702 3385 1772 impleatur
3429 1701 3557 1755 illud
3593 1702 3648 1756 in
3679 1701 3836 1756 nobis
3866 1703 4026 1773 quod

725 1794 856 1846 certi
887 1793 971 1846 "Y
999 1790 1054 1847 Si
1086 1791 1291 1847 reversi
1329 1789 1593 1845 fuerimus
1621 1790 1687 1844 ad
1722 1804 1864 1857 eum,
1901 1790 2189 1844 acdiﬂcabit
2220 1806 2318 1846 nos
2352 1790 2391 1845 Β
2422 1798 2686 1866 scriptum
2722 1802 2850 1850 est:
2894 1791 3067 1849 Erunt
3110 1796 3224 1849 lucc
3271 1793 3425 1848 verba
3470 1809 3588 1865 qua:
3630 1809 3723 1864 ego
3764 1795 4028 1863 pracipie

726 1884 932 1954 Spiritu
967 1898 1101 1949 suo,
1132 1881 1286 1950 juxta
1329 1882 1455 1937 illud
1493 1882 1637 1953 quod
1677 1882 1938 1953 scriptum
1974 1891 2059 1937 est
2100 1901 2113 1936 :
2149 1881 2314 1936 ίΕιη-

723 1976 893 2045 ﬁcans
944 1975 1285 2031 Hierusalem
1348 1975 1640 2042 Dominus,
1693 1975 2044 2042 dispersiones
2098 1973 2317 2029 Israelis

723 2069 1058 2139 congregabit
1082 2068 1149 2122 “.

796 2178 859 2234 L.
889 2179 1043 2247 Quod
1092 2190 1273 2234 autem
1323 2178 1492 2234 nostri
1558 2188 1734 2233 enatus
1779 2186 1835 2232 et
1881 2179 2193 2241 communio
2241 2196 2309 2235 ex

722 2268 837 2325 Deo
864 2270 933 2325 sit
965 2286 1072 2340 qua
1109 2284 1208 2325 nos
1244 2270 1478 2325 invicem
1514 2268 1852 2340 copulantur,
1880 2269 2171 2338 Apostolus
2217 2286 2316 2326 nos

723 2362 903 2418 docuit
937 2362 1122 2417 dicens
1151 2380 1164 2416 :
1201 2359 1468 2417 Bonorum
1515 2377 1728 2426 operum
1764 2361 2149 2414 communionis
2182 2362 2318 2415 obli-

721 2455 853 2508 visci
906 2453 1102 2518 nolite;
1140 2452 1337 2508 talibus
1371 2454 1506 2506 enim
1550 2454 1778 2506 victimis
1825 2452 2062 2517 placetur
2107 2451 2215 2507 Deo
2250 2455 2316 2512 “.

722 2544 780 2597 lu
836 2544 1060 2605 Actibus
1130 2526 1501 2613 apostolorqu
1563 2557 1781 2611 quoque
1842 2541 1981 2595 idem
2037 2542 2316 2613 legimus:

724 2634 1087 2689 Multitudinis
1140 2647 1314 2689 autent
1369 2634 1690 2692 credentium
1744 2642 1860 2689 erat
1909 2650 2000 2688 cor
2060 2652 2224 2689 unum
2270 2646 2320 2692 et

722 2727 902 2781 animo
936 2740 1074 2791 una;
1113 2737 1160 2780 et
1197 2726 1375 2781 nullus
1413 2742 1567 2780 suum
1612 2727 1736 2793 quid
1776 2727 2011 2793 dicebat,
2046 2729 2136 2782 sed
2168 2736 2320 2781 erant

723 2820 797 2871 eis
842 2818 1083 2871 universa
1134 2819 1459 2871 communia.
1508 2814 1573 2869 Et
1628 2817 1817 2870 virtute
1870 2835 2059 2889 ntagna
2118 2820 2317 2872 dabant

724 2908 951 2977 apostoli
984 2909 1341 2964 testimonium
1390 2908 1791 2963 resurrectionis
1830 2908 2043 2963 Domini
2090 2912 2217 2965 Jesu
2247 2913 2316 2966 ".

725 3002 793 3055 Et
850 2984 1137 3056 Psaiutisla
1180 3002 1233 3056 in
1289 3002 1477 3055 cadent
1533 3000 1697 3054 verba
1753 3002 2030 3057 consensit
2086 3004 2317 3058 dicens:

729 3091 863 3147 Ecce
888 3109 1045 3163 quam
1079 3093 1271 3147 bonum
1303 3103 1349 3144 et
1384 3107 1544 3161 quam
1570 3092 1894 3161 jucundum,
1939 3094 2177 3147 habitare
2204 3093 2319 3162 fra-

727 3196 831 3238 tres
861 3186 916 3239 in
960 3202 1123 3239 unum
1146 3186 1211 3238 ".
1243 3186 1309 3239 Et
1355 3200 1452 3240 nos
1498 3184 1549 3237 in
1586 3180 1849 3239 coenobiis
1894 3196 2314 3254 commorautes,

726 3286 780 3331 et
813 3277 971 3332 nobis
1018 3286 1202 3331 mutua
1237 3277 1507 3331 cbaritate
1544 3276 1773 3339 sociati,
1818 3278 2011 3331 demus
2051 3279 2313 3344 studium,

729 3378 787 3424 ut
816 3372 1086 3441 quomodo
1120 3380 1430 3425 sanctorum
1471 3371 1693 3425 Patrum
1738 3372 1789 3425 in
1836 3372 1939 3423 hac
1969 3371 2075 3424 vita
2122 3371 2320 3424 merui-

729 3474 850 3517 tuus
901 3463 1259 3528 consortium,
1300 3463 1371 3517 ita
1418 3463 1471 3517 in
1519 3462 1705 3517 futuro
1753 3478 1968 3533 quoque
2027 3463 2319 3533 participes

726 3561 917 3609 corum
947 3553 1139 3617 sinitis,
1180 3555 1413 3609 scientes
1445 3554 1585 3623 quod
1627 3569 1759 3608 crux
1797 3554 1917 3608 vita:
1973 3566 2173 3608 nostra:
2219 3554 2316 3606 do-

727 3645 1028 3712 ctrinisque
1081 3644 1405 3715 principium
1458 3647 1567 3709 sit,
1618 3654 1673 3698 et
1736 3653 1984 3713 oporteat
2039 3660 2137 3698 nos
2196 3660 2317 3698 cum

728 3734 948 3789 Christo
990 3736 1121 3805 pati,
1150 3745 1202 3788 ct
1248 3750 1407 3789 nosse
1437 3737 1579 3804 quod
1621 3737 1824 3804 absque
1880 3732 2322 3788 tribulationibus

724 3834 785 3880 et
817 3825 1084 3894 angustiis
1121 3825 1297 3880 nullus
1342 3825 1616 3879 victoriam
1663 3836 2032 3895 consequatur
2074 3844 2087 3879 :
2124 3824 2319 3881 Beatus

730 3919 809 3970 t-ir
837 3919 926 3986 qui
961 3918 1148 3986 suffert
1179 3917 1541 3984 tentatiOnem,
1583 3921 1707 3989 quia
1743 3934 1857 3970 cum
1908 3916 2157 3985 probatus
2199 3918 2320 3987 [ue-

732 4010 824 4072 rit,
854 4026 1102 4062 coronant
1146 4008 1263 4063 vita:
1308 4010 1523 4076 accipiet
1550 4010 1624 4074 ’7',
1660 4018 1715 4062 ct
1762 4008 1999 4062 iterum:
2039 4007 2321 4062 Labararit

727 4102 785 4154 in
833 4100 1107 4166 sreculum,
1136 4111 1185 4154 et
1219 4102 1345 4155 viret
1381 4102 1435 4154 in
1468 4110 1721 4155 arternum
1749 4100 1812 4152 ⁸⁸.
1850 4097 1908 4154 Si
1955 4110 2129 4153 tamen
2179 4117 2321 4153 cont-

729 4193 982 4261 putimur,
1015 4205 1067 4245 ut
1111 4200 1159 4245 et
1204 4191 1576 4260 gloriﬁccmur.
1622 4188 1875 4255 .Estitno,
1924 4190 2128 4258 inquit,
2180 4191 2320 4259 quod

734 4302 837 4342 non
879 4297 998 4339 sunt
1028 4288 1303 4354 condigna:
1332 4288 1600 4351 passiones
1634 4283 1793 4351 hujus
1826 4284 2076 4352 temporis
2124 4286 2191 4335 ad
2238 4283 2323 4350 [u-

730 4380 908 4429 iuram
954 4376 1201 4445 gloriam,
1230 4392 1346 4444 qua’
1378 4375 1686 4428 recolat-itur
1734 4374 1789 4426 in
1827 4374 1973 4426 nobs
2000 4375 2064 4425 ’9.
2100 4373 2161 4427 Et
2195 4375 2321 4427 alibi

732 4469 996 4536 scriptum
1028 4478 1110 4521 est
1136 4485 1149 4520 :
1176 4464 1489 4519 Existim‘avi
1525 4478 1575 4517 ut
1610 4480 1969 4534 cognoscerem
2000 4466 2097 4517 hoc
2119 4481 2139 4519 :
2174 4466 2323 4518 labor

730 4570 811 4614 est
841 4561 896 4613 in
943 4571 1219 4627 conspectu
1273 4576 1383 4610 meo
1414 4556 1493 4620 ³⁶;
1532 4568 1585 4609 ct
1628 4556 1825 4610 iterum
1870 4573 1884 4608 :
1934 4554 2043 4624 Ego
2082 4556 2316 4609 laboravi

730 4669 951 4716 sequens
985 4662 1054 4717 te,
1090 4667 1137 4705 et
1184 4653 1321 4705 diem
1361 4650 1627 4703 hominum
1678 4665 1780 4701 non
1812 4649 2139 4702 consideran
2163 4649 2235 4717 ³¹;
2270 4660 2325 4703 et

731 4748 840 4801 alio
873 4748 1030 4800 loco:
1069 4744 1248 4798 blulta-
1280 4745 1640 4797 tribulationes
1677 4743 1943 4812 justorum
1970 4787 1983 4809 ,
2021 4753 2070 4798 et
2111 4760 2176 4798 ea:
2206 4761 2320 4797 om-

734 4839 889 4893 nibus
939 4838 1020 4889 his
1077 4821 1316 4889 liberabit
1370 4852 1454 4888 eos
1494 4832 1771 4910 Dominus
1819 4833 1885 4885 ³¹.
1934 4833 1991 4887 Et
2059 4833 2320 4889 Dominus

733 4940 922 4985 noster
970 4928 1207 4997 loquitur
1255 4928 1305 4979 in
1365 4925 1656 4996 Erangeiio
1698 4942 1710 4978 :
1764 4924 1868 4988 Qui
1919 4927 2321 4993 perseveraverit

735 5037 900 5090 usque
931 5021 983 5073 in
1015 5020 1195 5087 ﬁnem,
1230 5020 1315 5071 hic
1355 5017 1527 5071 sulcus
1560 5017 1656 5069 erit
1688 5015 1753 5070 ³³.
1796 5016 1857 5068 Et
1901 5016 2025 5070 alibi
2060 5032 2073 5069 :
2114 5016 2218 5070 llic
2245 5027 2322 5071 est

729 5115 866 5165 liber
899 5112 1307 5175 mandatorum,
1352 5120 1399 5162 et
1447 5108 1531 5161 (ei
1580 5108 1776 5175 scripta
1823 5107 1873 5159 in
1926 5109 2319 5177 sempiternum.

734 5205 933 5259 Omnes
966 5206 1054 5274 qui
1086 5204 1468 5257 obserraverint
1498 5217 1633 5265 eam,
1667 5200 1875 5263 vivent;
1911 5202 2001 5270 qui
2027 5213 2197 5254 autem
2233 5204 2322 5257 de-

729 5298 1070 5365 rc/iquerint,
1120 5297 1425 5349 morientur.
1486 5292 1771 5358 Revertere,
1802 5291 1989 5358 Jacob,
2036 5302 2081 5346 ct
2132 5311 2321 5364 apprc-

2425 1888 2519 1942 tibi
2558 1887 2736 1951 hodie,
2776 1888 2832 1940 in
2864 1887 3021 1941 corde
3057 1895 3168 1949 tuo,
3197 1894 3245 1938 et
3289 1885 3345 1938 in
3384 1884 3568 1939 anima
3599 1894 3691 1938 tua
3719 1885 3927 1939 docebis
3961 1900 4029 1939 ea

2422 1981 2563 2050 ﬁlios
2618 1990 2782 2033 tuos:
2830 1991 2878 2032 et
2916 1979 3145 2049 loqueris
3193 1980 3251 2031 in
3297 1979 3373 2032 eis
3429 1977 3613 2031 sedens
3655 1978 3709 2030 in
3757 1978 3937 2041 domo,
3975 1987 4029 2031 et

2423 2070 2703 2125 ambulans
2751 2070 2807 2124 in
2864 2070 2983 2134 via,
3037 2080 3083 2123 et
3139 2068 3399 2122 accubans
3458 2078 3612 2137 atque
3670 2084 4022 2136 consurgens.

2428 2163 2615 2220 Scribe
2647 2181 2707 2219 ea
2742 2181 2837 2233 pro
2873 2167 3021 2234 signa
3060 2163 3115 2216 in
3160 2179 3321 2216 manu
3360 2173 3488 2226 tua,
3530 2172 3581 2217 et
3625 2173 3775 2216 erunt
3826 2163 4029 2216 immo-

2426 2257 2552 2311 bilia
2591 2268 2715 2310 ante
2750 2256 2929 2311 oculos
2961 2266 3099 2309 tuos.
3130 2254 3340 2309 Scribes
3377 2270 3580 2323 quoque
3603 2271 3664 2307 ea
3693 2255 3747 2307 in
3788 2255 4029 2321 postibus

2422 2350 2676 2403 domuum
2720 2360 2956 2412 tuarum,
2989 2356 3035 2400 et
3078 2348 3132 2399 in
3164 2346 3459 2411 liminibus,
3500 2358 3553 2399 ut
3589 2346 3805 2400 discuti:
3840 2348 4030 2401 timere

2428 2440 2713 2496 Dominum
2748 2440 2953 2494 cunctis
3001 2439 3182 2492 tliebus
3223 2439 3413 2508 quibus
3454 2439 3621 2492 rit-itis
3647 2437 3711 2491 ³⁸.
3762 2437 4027 2493 Salomon

2424 2549 2639 2605 quoque
2670 2533 2720 2587 id
2754 2534 2930 2602 ipsum
2962 2530 3274 2601 signiﬁcans
3307 2530 3445 2586 dicit
3473 2549 3487 2584 :
3516 2528 3697 2585 Scribe
3737 2548 3798 2585 ea
3840 2533 3894 2584 in
3941 2533 4031 2585 lu-

2424 2626 2650 2679 titudine
2678 2624 2851 2677 cordis
2888 2624 2967 2677 tui
2988 2622 3056 2678 ".

2497 2736 2604 2791 LII.
2646 2737 3004 2792 Considerate
3038 2734 3259 2805 quantis
3290 2733 3620 2788 testimoniis
3668 2734 3736 2788 ad
3787 2735 4026 2789 medita-

2427 2831 2625 2885 tionem
2662 2844 2943 2884 sacruruut
2991 2827 3396 2894 Scripturarum
3431 2842 3528 2881 nos
3572 2842 3755 2882 sermo
3799 2826 4025 2881 Domini

2424 2926 2761 2987 cohorte-tur,
2808 2932 2864 2976 ut
2898 2937 3017 2992 quae
3055 2935 3150 2976 ore
3185 2922 3474 2987 voluimus,
3523 2922 3687 2975 corde
3732 2920 4019 2989 possidea-

2426 3032 2568 3071 mus.
2620 3015 2828 3069 Bonum
2874 3023 2947 3067 est
3006 3013 3208 3065 homini
3255 3028 3371 3064 cum
3422 3010 3663 3065 leoarerit
3708 3011 3905 3080 jugum
3959 3012 4028 3063 ab

2424 3106 2781 3167 adolescentia
2816 3121 2936 3159 sua.
2987 3101 3198 3158 Sedebit
3244 3102 3517 3156 solitarius
3546 3114 3591 3156 et
3632 3105 3857 3169 tacebit,
3895 3120 4027 3172 quo-

2420 3200 2563 3253 niam
2587 3196 2771 3251 levabit
2798 3212 2954 3263 super
2982 3212 3036 3251 se
3059 3196 3270 3265 jugum.
3296 3193 3451 3247 Dabit
3482 3195 3794 3262 percutienti
3824 3212 3881 3247 se
3910 3212 4029 3247 ma-

2419 3288 2628 3353 xillam,
2658 3287 2989 3341 saturabitur
3030 3284 3344 3353 opprobriis,
3374 3285 3625 3353 quoniam
3671 3300 3795 3343 non,
3819 3276 4031 3352 semper

2421 3380 2629 3450 objiciet
2669 3378 2921 3433 Dominus
2948 3377 3016 3431 ⁸⁸.
3068 3376 3135 3430 Ει
3177 3376 3303 3430 alibi
3354 3376 3619 3444 scriptum
3656 3385 3783 3429 cst:
3825 3373 4029 3429 Recor-

2421 3473 2575 3532 datus
2608 3488 2721 3527 sum
2758 3472 3141 3526 misericordia:
3185 3468 3426 3536 infantiae
3454 3478 3559 3522 tua'
3579 3467 3653 3534 “;
3688 3476 3741 3521 ct
3773 3468 3975 3521 iterum
4009 3484 4027 3521 :

2422 3562 2653 3627 Laetare,
2685 3562 2922 3633 juvenis,
2966 3563 3023 3616 in
3065 3560 3422 3614 adolescentia
3458 3570 3574 3625 tua,
3606 3568 3656 3613 et
3684 3560 3909 3612 exsultet
3939 3576 4034 3613 cor

2422 3664 2569 3707 tuum
2610 3656 2665 3708 in
2711 3652 2893 3707 diebus
2930 3653 3222 3722 juventutis
3272 3659 3409 3712 tuat,
3458 3659 3508 3703 et
3557 3648 3771 3701 ambula
3826 3650 3881 3701 in
3926 3651 4027 3702 viis

2423 3746 2597 3799 cordis
2627 3746 2702 3799 tui
2740 3746 2932 3815 absque
2961 3742 3191 3809 macula,
3234 3751 3282 3795 et
3328 3744 3379 3795 in
3416 3751 3693 3809 conspectu
3742 3740 4026 3794 oculorum

2423 3850 2632 3893 tuorum
2660 3855 2677 3892 :
2705 3849 2753 3892 et
2783 3839 2909 3892 scito
2938 3836 3187 3907 quoniam
3226 3835 3280 3888 in
3316 3834 3557 3887 omnibus
3598 3835 3676 3885 his
3705 3834 3935 3885 adducet
3983 3846 4033 3886 te

2424 3931 2682 3985 Dominus
2736 3931 2788 3982 in
2828 3927 3056 3998 judicio.
3098 3926 3267 3996 Aufer
3317 3928 3551 3993 furorem
3588 3943 3621 3977 a
3658 3928 3815 3977 corde
3842 3936 3936 3977 tuo
3981 3937 4033 3980 et

2424 4024 2688 4078 malitiam
2721 4042 2751 4075 u
2790 4037 2952 4075 carne
2983 4030 3095 4083 tua,
3127 4022 3376 4091 quoniam
3416 4018 3769 4071 adolescentia
3796 4030 3845 4070 et
3888 4016 4032 4071 Stul-

2425 4119 2543 4169 titia
2600 4116 2807 4168 uanitas
2862 4112 3038 4179 est“;
3077 4123 3169 4166 ct:
3226 4110 3487 4165 Memento
3539 4108 3805 4163 Creatoris
3846 4111 3927 4160 tui
3975 4112 4032 4161 in

2426 4208 2605 4261 diebus
2647 4206 3016 4258 adolescentia:
3048 4215 3175 4269 tuae,
3207 4205 3371 4256 donec
3401 4202 3608 4255 venimtt
3643 4200 3751 4252 dies
3782 4202 4030 4268 pessimi,

2423 4315 2469 4353 ει
2507 4311 2755 4367 occupent
2806 4300 2931 4352 anni
2968 4300 3024 4351 in
3060 4295 3248 4366 quibus
3289 4294 3473 4348 dices:
3506 4292 3627 4346 Non
3670 4303 3743 4345 est
3786 4292 3917 4343 mihi
3979 4297 4033 4345 in

2425 4395 2497 4445 eis
2537 4394 2773 4447 voluntas
2800 4407 2817 4444 :
2847 4398 3011 4443 donec
3051 4390 3435 4443 obtenebrescat
3466 4385 3544 4439 sol
3573 4394 3623 4439 et
3651 4384 3766 4447 lux,
3796 4397 3845 4436 et
3888 4387 4031 4438 litua

2356 4494 2397 4547 υ
2424 4492 2469 4534 et
2499 4481 2686 4540 stellw.
2714 4493 2758 4532 et
2795 4489 3171 4533 convertantur
3208 4478 3367 4531 nubes
3402 4487 3514 4545 post
3550 4475 3779 4544 plut-iatn
3806 4491 3824 4527 :
3857 4475 3912 4526 in
3944 4479 4033 4529 die

2426 4590 2529 4643 qua
2564 4572 2910 4625 movebuntur
2934 4575 3172 4625 custodes
3214 4572 3423 4632 domus,
3453 4581 3499 4621 et
3535 4569 3894 4622 subvertentur
3930 4570 4032 4621 riri

2428 4661 2657 4725 virtutis,
2686 4669 2735 4714 et
2766 4674 2960 4715 cessent
2990 4660 3263 4726 molentes,
3304 4661 3428 4729 quia
3462 4675 3645 4729 paucae
3675 4659 3831 4729 {actw
3856 4672 3987 4712 sunt
4010 4677 4030 4713 :

2426 4761 2475 4805 et
2536 4753 2959 4806 obscurabuntur
3021 4768 3142 4821 quae
3208 4752 3384 4805 uident
3436 4754 3490 4804 in
3533 4751 3911 4819 foraminibus,
3982 4762 4029 4805 et

2428 4844 2672 4897 claudent
2712 4844 2820 4897 vias
2858 4845 2911 4897 in
2948 4842 3066 4913 foro
3100 4847 3153 4897 in
3189 4844 3501 4912 infirmitate
3544 4844 3681 4895 uocis
3726 4844 3982 4896 molentis
4011 4857 4031 4895 .·

2425 4946 2474 4988 et
2510 4943 2790 5005 exsurgent
2839 4934 2908 4987 ad
2950 4918 3133 4989 uocem
3200 4935 3453 5003 passeris,
3500 4944 3549 4986 et
3600 4932 4034 4986 humiliabuntur

2427 5042 2609 5079 omnes
2649 5026 2751 5092 ﬁlii
2782 5025 2992 5079 cantici.
3052 5025 3117 5078 Et
3163 5026 3374 5093 quidem
3421 5022 3485 5076 ab
3518 5023 3628 5076 alto
3668 5024 3944 5091 aspicient,
3980 5034 4029 5075 ct

2425 5135 2641 5187 pavores
2682 5120 2737 5173 in
2772 5120 2876 5185 via,
2905 5129 2950 5172 et
2986 5119 3172 5187 ﬂoreat
3204 5119 3571 5189 amygdalum,
3615 5130 3661 5171 et
3700 5118 4032 5169 incrassetur

2427 5212 2652 5275 locusta,
2687 5219 2736 5264 et
2785 5212 3060 5285 scindatur
3092 5212 3355 5279 capparis.
3402 5210 3663 5275 Quoniam
3703 5210 3833 5260 abitt
3864 5206 4027 5261 homo

2430 5301 2486 5353 in
2514 5300 2731 5355 domum
2758 5300 2941 5356 swculi
2968 5302 3075 5363 sui,
3105 5310 3153 5355 et
3180 5312 3496 5372 gyraecrunt
3527 5299 3582 5352 in
3609 5298 3723 5368 foro
3751 5297 3838 5366 qui
3867 5296 4027 5365 plan-

729 5546 739 5552 ν
803 5485 849 5515 ’⁸
886 5482 1032 5537 Psal.
1064 5498 1255 5544 cui”,
1290 5483 1340 5535 1.
1416 5481 1457 5511 ¹¹
1482 5479 1721 5552 lumini,
1754 5479 1806 5542 5,
1836 5479 1888 5533 6.
1964 5482 2011 5552 ξ’
2045 5485 2304 5552 lcr._'.'nt,

2468 5487 2513 5517 ”
2552 5485 2978 5547 Psal.cx1.vr,2.
3075 5485 3121 5516 “
3162 5485 3323 5538 Hebr.
3369 5497 3490 5545 xui,
3518 5480 3608 5552 161
3691 5475 3747 5552 f'
3787 5478 3913 5532 Act.
3945 5495 4026 5552 iv,

730 5549 930 5612 52.33.
1010 5555 1056 5585 "
1087 5554 1226 5607 i'sal.
1248 5568 1459 5611 cuitu,
1493 5551 1538 5603 1.
1618 5551 1661 5579 ²⁷
1693 5550 1807 5621 Jac.
1848 5566 1901 5621 ι,
1925 5551 2005 5621 l2,
2086 5553 2131 5581 "'
2161 5550 2303 5606 Psni.
2348 5572 2535 5619 vam,
2565 5558 2618 5621 9,
2656 5562 2741 5614 10.
2817 5557 2863 5590 ²⁹
2898 5557 3054 5611 lloni.
3086 5570 3200 5619 rut,
3232 5553 3432 5617 17,18.
3507 5554 3553 5584 ³ο
3582 5549 3723 5604 Psal.
3754 5550 4022 5621 L_x_xtl,lli.

734 5623 777 5658 ιι
800 5625 911 5681 λετ,
942 5624 1187 5680 “11.16.
1264 5623 1307 5654 ⁸⁸
1335 5622 1475 5675 ιδεμι.
1505 5636 1695 5691 sntit,
1719 5619 1813 5674 2|.
1890 5620 1932 5651 ³³
1963 5620 2148 5677 Matth.
2179 5641 2231 5685 κ.
2262 5625 2317 5679 ’Ξὲ

2431 5628 2477 5659 ³⁸
2517 5617 2639 5683 13...".
2673 5644 2742 5691 Ir,
2783 5627 2900 5681 1-5.
3049 5627 3093 5658 ³³
3134 5617 3235 5681 Isu.
3281 5640 3424 5688 LXVI,
3467 5623 3553 5687 10,
3590 5622 3673 5675 11.
3729 5617 3835 5691 __“_
3864 5618 4024 5674 l’t‘ov.

738 5714 868 5759 xiii,
898 5696 955 5749 2.
1035 5696 1076 5727 "
1122 5693 1247 5764 δίῳ.
1280 5710 1333 5756 x,
1371 5692 1453 5764 l7.

726 5770 791 5825 εἰ.
865 5768 911 5801 ⁸³
955 5766 1130 5823 Εαξιο.
1164 5781 1227 5831 x,
1260 5767 1312 5831 υτ
1372 5763 1450 5817 ll).

1534 5690 1576 5721 "
1620 5692 1773 5746 Dent.
1814 5707 1898 5754 si,
1936 5691 2123 5747 18-21.

2204 5696 2247 5727 ³³⁸
2290 5696 2445 5753 Prov.
2473 5714 2558 5755 lli.
2593 5698 2643 5752 3.

2723 5688 2767 5731 ⁸ο
2810 5698 3010 5754 Titi-cn.
3048 5712 3131 5762 tu,
3157 5695 3248 5761 ‘27,
3286 5694 3375 5759 28,
3414 5696 3502 5761 50,
3540 5693 3628 5747 51.
3726 5688 3770 5720 δ’
3810 5688 3925 5744 101·-
3962 5706 4023 5755 1³.
