4226 6316
793 331 900 387 895

1925 336 2199 394 PATRES
2239 338 2538 394 tEGYt'Tll
2582 340 2848 397 SxECULl
2894 342 2981 395 ιιν.

3955 353 4052 408 896

1383 486 4016 526 Ἦ

1139 590 1200 649 S.
1255 589 1598 651 ORSIESII
1647 593 1754 654 DE
1823 594 1979 655 SEX
2034 595 2723 662 COGITATIONIBUS
2780 602 3270 664 SANCTORUM
3339 603 3730 670 LIBELLUS.

865 889 938 946 De
967 887 1194 948 Domino
1239 909 1480 967 cogitare
1522 901 1778 956 debemus
1802 940 1815 964 ,
1863 912 1920 954 ut
1959 905 2290 961 delectemur
2317 909 2369 963 in

795 980 886 1036 illo
912 999 1165 1053 sperare,
1205 987 1269 1042 ad
1303 1004 1425 1044 eum
1467 995 1783 1056 recordare,
1824 1004 1882 1048 ut
1928 995 2117 1053 beatus
2160 1000 2364 1054 David:

793 1071 986 1128 δίρρυιί
1014 1073 1264 1129 homines
1299 1074 1648 1132 consolantur
1684 1095 1743 1134 se
1798 1083 2038 1137 omnium
2084 1087 2330 1142 dolorum
2355 1131 2370 1156 ,

793 1170 1020 1229 pergunt
1067 1170 1122 1214 et
1165 1163 1512 1220 considerauit
1561 1183 1761 1236 agnos,
1808 1178 1862 1222 et
1887 1173 2041 1240 equis
2088 1177 2370 1245 equitant,

792 1265 982 1303 aurum
1031 1262 1084 1306 et
1117 1265 1404 1324 argentuzn
1441 1267 1703 1324 pensant,
1741 1261 2053 1316 hominibus
2098 1261 2362 1326 tradunt:

790 1339 904 1409 Ego
935 1352 1108 1427 autem
1140 1356 1338 1398 Memor
1368 1344 1446 1414 fui
1477 1347 1606 1413 Dei,
1633 1359 1680 1402 et
1715 1348 1999 1408 delectatus
2028 1371 2144 1412 sum
2167 1399 2183 1427 ,
2212 1371 2260 1415 et
2290 1380 2371 1417 me

790 1433 1020 1486 omnium
1037 1422 1417 1490 ‘aarersitatum
1453 1440 1764 1494 consolabor
1790 1442 1851 1493 ³⁸.

861 1613 937 1668 De
966 1615 1217 1684 passione
1244 1617 1478 1686 Christi,
1513 1633 1569 1674 ut
1600 1624 1962 1682 sustin‘earnus
1998 1646 2097 1702 pro
2125 1634 2250 1699 illo,
2286 1650 2372 1691 as-

791 1706 942 1778 slrlue
976 1709 1263 1776 cogitando
1293 1719 1456 1778 atque
1499 1714 1780 1793 recolendo
1819 1717 1896 1789 (9.)
1941 1725 2080 1791 quod
2123 1727 2372 1794 omnipo-

793 1806 911 1849 tens
958 1797 1216 1852 Dominus
1262 1815 1325 1854 ac
1369 1811 1602 1858 aeternus
1648 1803 1738 1860 Dei
1795 1806 1958 1868 Filius
2002 1815 2370 1872 descenditur;

791 1885 899 1938 alta
928 1885 1186 1952 caelorum
1219 1888 1498 1945 altitudine
1523 1892 1573 1945 in
1605 1893 1898 1954 humanum
1925 1918 2122 1973 corpus
2141 1945 2155 1969 ,
2183 1907 2234 1959 in
2265 1921 2371 1974 quo

791 1987 979 2029 sancto
1016 1992 1242 2047 corpore
1277 1995 1490 2034 sursum
1526 1984 1578 2036 in
1608 2005 1822 2046 crucem
1860 1993 2099 2049 elevatus
2133 2010 2216 2050 cst
2247 2000 2324 2066 (5)
2352 2016 2366 2062 ;

792 2071 1156 2139 revocztvileo
1182 2072 1364 2124 omnia
1418 2087 1650 2142 superna
1707 2099 1867 2152 regna
1915 2088 1981 2141 ad
2029 2103 2212 2156 paceru
2266 2109 2366 2146 no-

2398 823 2444 878 A
2475 819 2698 874 nudabit
2729 836 2867 876 eam.
2908 822 3113 877 Caelum
3144 832 3195 876 et
3231 833 3374 878 terra
3421 826 3766 892 transibunt;
3814 836 3866 881 et
3904 843 4052 882 reve-

2476 909 2607 964 labit
2641 912 2907 968 Dominus
2946 913 3142 968 faciem
3171 916 3320 985 r-jus,
3367 916 3419 969 td
3457 925 3540 970 est
3568 957 3582 981 ,
3610 920 3819 986 aperiet
3855 929 4052 975 terram

2473 1013 2528 1055 et
2592 1005 2885 1071 precedent
2943 1007 3138 1060 ruortni
3187 1007 3253 1060 de
3290 1009 3558 1076 sepulcris
3595 1012 3739 1076 suis,
3778 1021 3832 1065 et
3872 1013 4054 1066 omnia

2473 1106 2635 1160 opera
2693 1094 2967 1146 hominum
3027 1096 3377 1163 proferentur
3416 1098 3469 1150 in
3510 1097 3809 1166 pttblicurn.
3854 1098 4057 1154 Omnes

2472 1196 2539 1236 ex
2580 1198 2735 1251 aequo
2780 1187 3004 1240 stabunt
3035 1201 3162 1241 ante
3198 1189 3431 1243 tribunal
3467 1189 3687 1243 Christi.
3719 1190 3870 1243 Nihil
3901 1207 4056 1258 oper-

2472 1284 2618 1338 tum,
2653 1276 2795 1342 quod
2825 1294 2926 1330 non
2968 1279 3284 1332 reveiabitur
3318 1297 3338 1344 ;
3405 1296 3497 1334 nec
3553 1282 3846 1346 occultum,
3910 1284 4057 1351 quod

2473 1380 2577 1417 nou
2619 1366 2814 1418 scietur
2853 1367 2920 1421 ³ί.
2953 1368 3156 1424 Tamen
3203 1382 3423 1439 peccata
3455 1387 3576 1440 qua:
3603 1382 3726 1425 ante
3752 1375 4056 1426 emendan-

2475 1463 2581 1519 tur,
2615 1456 2844 1512 sciendo»
2885 1460 2934 1512 in
2963 1459 3166 1527 judicio
3198 1463 3510 1517 abseOnrlet.
3561 1462 3616 1518 ln
3667 1465 3758 1518 illa
3795 1464 3884 1519 die
3937 1480 4062 1519 ma-

2471 1560 2631 1615 gnam
2665 1547 2801 1602 iram
2835 1548 2932 1604 Dei
2965 1550 3148 1606 nullus
3192 1554 3476 1621 impiorum
3518 1556 3748 1621 evadet;
3797 1555 3921 1610 ideo
3969 1571 4060 1609 reo

2473 1639 2692 1691 cordari
2747 1650 2876 1695 ante
2930 1644 3217 1709 debemus,
3248 1646 3407 1713 quod
3449 1645 3640 1700 beatus
3689 1649 3849 1703 David
3877 1650 4057 1704 dicit:

2469 1725 2752 1784 Jucundua
2774 1732 2929 1786 homo
2962 1736 3017 1786 in
3045 1737 3128 1787 die
3161 1736 3389 1804 judicii,
3419 1737 3510 1804 qui
3538 1739 3809 1792 miseretur
3832 1747 3880 1792 et
3911 1756 4054 1791 conc.

2470 1809 2698 1887 mudal,‘
2743 1825 2960 1894 insuper
2998 1826 3227 1894 disponit
3267 1830 3499 1898 quotidie
3542 1847 3801 1883 sermone:
3830 1848 3960 1885 suos
4007 1833 4061 1885 in

2464 1913 2669 1983 judicio
2698 1955 2712 1979 ,
2743 1918 2883 1982 quod
2911 1918 2964 1970 in
2995 1929 3245 1971 wternum
3278 1935 3384 1971 non
3411 1923 3812 1974 commovebitur
3840 1923 3910 1978 ".

3236 2006 3277 2050 V

2543 2093 2616 2148 De
2653 2095 2900 2162 inferno,
2956 2109 3013 2152 ut
3061 2105 3346 2154 timeamus
3380 2100 3649 2166 terribile,
3699 2103 3838 2169 quod
3883 2100 4064 2158 lsaias

793 2169 1005 2223 81mm;
1047 2160 1181 2215 Ῐυάίι
1209 2164 1502 2231 Ρτθιῖοευῐη
1550 2175 1862 2242 sanguinem
1908 2177 1958 2229 iu
2011 2187 2208 2232 terram
2247 2197 2261 2244 ;
2299 2197 2364 2235 eo
2396 2167 2437 2221 Β
2479 2185 2656 2240 dixit:
2701 2185 2902 2242 Vcrmis
2943 2206 3121 2243 eorum
3169 2210 3269 2245 non
3318 2193 3559 2255 moritur,
3607 2205 3654 2246 et
3696 2195 3831 2262 ignis
3871 2211 4062 2247 eorum

794 2252 947 2305 nobis
998 2254 1343 2310 terrestribus
1389 2280 1604 2319 sursum
1650 2267 1788 2318 viam
1834 2266 1995 2334 fecit,
2028 2281 2087 2324 ut
2118 2272 2374 2328 tieremus

795 2348 1104 2416 angelorum
1142 2349 1309 2410 cives.

1545 2443 1632 2499 Ill.

866 2523 942 2580 De
971 2528 1097 2582 hora
1132 2533 1428 2598 transitus,
1477 2547 1536 2589 ut
1581 2538 1752 2594 simus
1798 2543 1994 2608 parati.
2031 2542 2222 2599 Omnis
2264 2547 2370 2600 vita

795 2616 1028 2674 hominis
1048 2662 1062 2685 ,
1092 2625 1268 2677 omnis
1298 2626 1560 2692 sapientia
1580 2671 1594 2694 ,
1623 2631 1903 2685 meditatio
1932 2637 2234 2690 est'mortis
2256 2675 2274 2699 ,
2305 2638 2370 2691 de

792 2718 897 2773 qua
935 2723 1039 2763 uno
1069 2711 1154 2766 die
1187 2727 1378 2768 Omnes
1411 2717 1682 2785 sapientes
1713 2723 2060 2791 trepidabunt
2092 2726 2189 2796 (4).

1543 2808 1627 2862 IV.

865 2893 938 2948 De
968 2896 1051 2949 die
1071 2895 1258 2962 judicii
1279 2938 1293 2960 ,
1329 2909 1384 2952 ut
1410 2903 1672 2954 rationem
1703 2901 2008 2957 reddamus.
2045 2905 2266 2975 Magnus
2289 2918 2373 2963 est

796 2983 882 3038 illc
928 2987 1043 3040 dies
1087 2989 1152 3041 ad
1196 2991 1577 3058 cogitandum,
1628 3004 1681 3046 et
1722 2995 1997 3048 rnemoriu:
2041 2986 2232 3065 dignus
2269 3015 2283 3060 ;
2316 2997 2368 3051 in

794 3093 898 3143 una
927 3079 1010 3132 die
1050 3081 1311 3136 Dorninns
1341 3081 1551 3152 franget
1575 3093 1879 3138 creaturam
1903 3126 1918 3151 ,
1949 3102 2105 3154 quam
2145 3088 2195 3140 in
2233 3090 2376 3157 prin-

795 3170 935 3234 cipio
984 3173 1210 3226 creavit.
1252 3175 1393 3228 Ecce
1431 3175 1690 3231 Dorniuns
1730 3177 2013 3245 dissipabit
2042 3190 2282 3244 terram,
2323 3191 2378 3235 et

863 3284 908 3314 '°
949 3281 1092 3338 Psal.
1125 3301 1311 3351 LXXVI,
1342 3288 1395 3343 4.
1475 3289 1517 3320 ⁸¹
1559 3289 1750 3346 Matth.
1784 3307 1812 3343 ι
1837 3329 1852 3356 ,
1884 3292 1974 3345 26.
2053 3292 2097 3323 ¹²
2135 3293 2278 3348 Psal.
2307 3311 2393 3350 CH
2416 3337 2431 3359 ,

867 3406 943 3470 (2i
991 3406 1094 3478 με.
1130 3409 1476 3476 cogitandum
1513 3421 1676 3478 atque
1708 3412 2073 3467 reculenrlum.

865 3478 942 3545 (5)
983 3476 1086 3529 Ms.
1137 3478 1191 3530 in
1235 3494 1342 3547 quo
1383 3476 1691 3534 sanctorum
1731 3496 1823 3535 cor
1864 3498 2078 3536 Stll'sttnt
2117 3485 2169 3537 in
2215 3500 2377 3540 cruce

790 3549 1056 3599 elevatur.

2474 2292 2576 2329 non
2602 2281 2951 2343 exs'iuguirur
2974 2281 3039 2333 ⁸³.
3079 2282 3284 2336 Vermis
3308 2323 3324 2349 ,
3353 2284 3402 2336 id
3431 2293 3515 2337 est
3539 2322 3553 2346 ,
3583 2285 3913 2339 conscientia
3947 2325 3966 2349 ,
3999 2301 4068 2340 eo

2477 2368 2619 2435 quod
2656 2370 2868 2436 sciunt,
2903 2373 3047 2441 quod
3085 2375 3263 2426 meriti
3300 2375 3480 2428 omnia
3515 2375 3654 2429 mala
3686 2377 3989 2431 sustinent.

3231 2466 3319 2519 Vl.

2549 2552 2622 2604 De
2655 2554 2756 2606 rita
2794 2565 2996 2607 a-terna
3021 2595 3035 2620 ,
3071 2565 3126 2610 ut
3163 2557 3560 2624 desideremus,
3590 2559 3680 2614 ubi
3711 2562 3971 2629 gaudium
4014 2570 4066 2614 et

2482 2641 2726 2695 lzeliliaut
2762 2644 3019 2697 tenebunt
3054 2649 3227 2699 sancti
3257 2687 3270 2710 ,
3303 2658 3357 2702 ct
3389 2649 3557 2719 fugiet
3589 2649 3744 2703 dolor
3773 2659 3829 2703 et
3859 2663 4060 2704 metus.

2479 2732 2553 2786 De
2584 2734 2667 2786 his
2699 2750 2791 2787 sex
2840 2737 3260 2805 cogitationibus
3286 2740 3453 2794 vincit
3491 2742 3668 2793 anima
3705 2741 3836 2810 justi
3880 2742 4068 2795 inimi-

2480 2839 2601 2877 cum
2625 2864 2639 2888 ,
2683 2833 2739 2878 et
2778 2824 2862 2879 his
2897 2829 3202 2887 custoditur
3229 2844 3369 2898 srrpe
3395 2837 3446 2885 et
3478 2832 3694 2886 assidue
3725 2832 3968 2900 cogi-tare
4001 2834 4067 2887 de

2482 2914 2706 2968 Domino
2727 2927 2776 2970 et
2802 2919 3074 2984 recolere,
3100 2931 3153 2974 et
3177 2937 3344 2990 super
3371 2924 3552 2976 omnia
3582 2924 3827 2994 diligere,
3855 2935 3913 2979 ut
3939 2933 4068 2994 post

2480 3006 2732 3059 sreculurn
2769 3009 2818 3061 in
2846 3019 3105 3064 teter-num
3151 3027 3427 3068 eumeum
3456 3017 3664 3084 angelis
3724 3025 3778 3070 et
3824 3017 4066 3070 areban-

2482 3098 2614 3166 gelis
2636 3106 2689 3151 et
2716 3114 2842 3152 cum
2864 3104 3114 3158 erunibus
3141 3106 3348 3159 sanctis
3373 3108 3600 3177 diligere
3628 3109 3935 3172 valeamus,
3967 3124 4069 3177 per

2483 3203 2604 3242 eum
2631 3188 2722 3258 qui
2755 3191 2885 3244 vivit
2906 3203 2960 3246 et
2989 3203 3176 3262 regnat
3202 3197 3254 3249 in
3279 3198 3476 3251 saecula
3501 3198 3844 3254 saeculorum.
3862 3199 4065 3251 Amen.

2464 3297 2529 3365 5,
2564 3299 2616 3357 6.
2695 3302 2740 3334 ⁸³
2782 3302 2886 3358 lsa.
2916 3321 3038 3360 Lm
3063 3347 3078 3372 ,
3110 3309 3197 3363 14.

2558 3420 2634 3489 (ι)
2679 3421 2956 3494 Μεηνίιει
3011 3425 3244 3479 hominis
3293 3429 3613 3494 sapientiam
3663 3444 3892 3482 metuam
3941 3445 4069 3485 esse

2485 3500 2714 3612 inertem
2734 3530 2746 3548 .
2782 3492 2846 3547 de
2883 3509 2990 3562 quo
3021 3511 3128 3549 uno
3160 3497 3250 3550 die
3280 3492 3474 3552 omnes
3503 3499 3782 3566 sapientes
3808 3501 4056 3566 trepida-

2524 3570 2636 3612 unt.

802 3670 4052 3729 Μ

2034 3810 2204 3855 ANNO
2253 3811 2477 3856 DOMINI
2519 3814 2828 3860 CCCXLV".

1760 4048 1932 4226 s.
2032 3927 3110 4234 SER-APION

1282 4326 2458 4442 THMUITANUS
2558 4332 3536 4454 EPISCOPUS

2202 4612 2644 4694 NOTITIA

1647 4741 1970 4810 (Causam,
2016 4741 2127 4800 Vel.
2161 4747 2311 4803 Patr.
2336 4748 2610 4810 manum,
2640 4756 2678 4801 t.
2708 4743 2770 4811 V,
2797 4744 3008 4814 Prolcg.
3040 4745 3220 4812 μνη.)

879 4944 922 4998 l.
949 4942 1210 5010 Serapion
1247 4940 2384 5010 Egypliusmiradmir‘abilit'itrrsanctimo-
2416 4954 2459 5010 ο
2494 4944 2678 4999 halmit
2743 4942 3096 5011 Serapionem
3153 4955 3381 5010 magnus
3429 4941 3700 4994 Antonius
3745 4942 3917 4996 abbas
3970 4957 3986 4991 :
4029 4941 4075 4996 ei

807 5036 896 5088 nia
929 5043 977 5087 ct
1014 5033 1222 5085 dicendi
1263 5031 1413 5099 copia
1444 5031 1716 5097 pra'ditue,
1765 5039 1900 5085 teste
1947 5029 2250 5087 Solometto
2280 5035 2380 5105 (τι),

807 5125 947 5194 ἀνὴρ
976 5125 1033 5187 ἐς
1070 5120 1138 5175 τὰ
1173 5122 1405 5192 μάλιστα
1435 5120 1525 5173 τὸν
1573 5120 1686 5190 βίον
1727 5121 2011 5187 θεσπέσιος
2064 5126 2160 5178 καὶ
2202 5126 2384 5196 λέγειν

806 5216 998 5278 δεινός,
1046 5216 1195 5283 prius
1236 5213 1548 5268 monastiere
1590 5213 1886 5282 disciplinae
1921 5217 2116 5280 cultor,
2156 5219 2284 5286 quin
2330 5229 2384 5274 ct

809 5309 1101 5361 multorum
1147 5305 1358 5361 exstitit
1405 5304 1794 5360 monachorum
1842 5306 2163 5376 ἡγούμενος,
2209 5323 2371 5378 quam

807 5401 875 5455 ad
929 5398 1222 5453 Ecclesium
1269 5396 1648 5451 Thmuitanam
1697 5397 1993 5468 'regendam
2041 5407 2382 5465 evocaretur,

809 5500 868 5544 ut
910 5489 1103 5545 scribit
1148 5500 1370 5545 sanctus
1414 5489 1744 5545 Athanasius
1774 5489 1870 5560 (b).
1903 5489 2072 5545 Multo
2109 5490 2160 5544 in
2210 5492 2385 5560 pretio

884 5627 1220 5695 (a)'Sozorn.
1258 5627 1400 5694 Ilist.
1436 5629 1614 5682 πρίει.
1649 5629 1739 5682 lib.
1775 5644 1846 5690 tv,
1876 5631 2068 5696 (μιμεῖ.

887 5701 958 5768 (ὁ)
1002 5700 1198 5754 Athan.
1248 5699 1506 5766 lfpiaturrt
1552 5699 1827 5764 θνατοηιἼ
1857 5699 1882 5769 §
1915 5701 1965 5762 7,
1999 5703 2136 5769 Opp.
2176 5711 2301 5755 tom.
2345 5699 2382 5765 Ι,

813 5784 936 5838 pag.
970 5769 1093 5823 ⁸267.
2390 5781 2395 5787 ’

2492 5035 2758 5105 siquidem
2802 5035 3039 5088 visiones
3077 5046 3203 5086 suas
3250 5046 3511 5085 enarrare
3554 5041 3958 5094 consueverat,
4027 5042 4078 5085 et

2494 5129 2732 5182 moriens
2757 5125 3006 5179 melotem
3037 5139 3199 5178 uuam
3239 5123 3458 5192 reliquit
3486 5122 3580 5190 (ε).
3619 5121 3747 5190 Ejus
3773 5123 3901 5180 item
3932 5125 4076 5175 arui-

2491 5223 2618 5274 citta
2669 5217 3011 5271 familiariter
3054 5219 3310 5270 utebatur
3358 5215 3499 5270 idem
3547 5214 3910 5276 Athanasius.
3984 5216 4072 5283 qui

2490 5323 2545 5366 et
2569 5309 2668 5379 ipsi
2692 5310 2930 5378 quinque
2958 5307 3237 5375 inscripsit
3267 5304 3524 5373 epistolas
3544 5344 3559 5367 ,
3606 5304 3696 5358 ubi
3743 5302 3858 5371 ejus
3887 5303 4080 5358 laudes

2492 5403 2690 5474 passim
2721 5402 2961 5456 celebrat
2986 5415 3048 5455 ac
3080 5400 3272 5454 merita
3307 5397 3538 5453 extollit.

2565 5490 2672 5548 Sub
2704 5490 3013 5546 Constantio
3068 5489 3298 5558 principe
3347 5489 3553 5543 Ariauo
3589 5486 3746 5540 etiam
3780 5488 3836 5541 in
3864 5487 4079 5540 confes-

2570 5635 2639 5701 (r‘)
2673 5633 2744 5686 Id.
2781 5634 2830 5684 in
2879 5629 2978 5682 Vit.
3013 5631 3069 5685 S.
3109 5631 3295 5685 Anton.
3334 5628 3392 5700 §§
3425 5631 3520 5694 Si,
3556 5629 3644 5695 ΣΗ,
3680 5636 3811 5683 tum.
3850 5628 3887 5690 Ι,
3942 5640 4078 5700 part.

2501 5720 2557 5764 Ir,
2599 5722 2716 5772 pag.
2758 5703 2882 5765 8.30,
2928 5703 3047 5755 86's.
