4226 6316
201 434 301 490 89‘!

1392 433 1462 492 .S.
1501 429 1873 488 SEIiAPlON.
1915 464 1983 476 —-
2015 434 2313 491 ΝΟΤΙΤΙΑ.

3333 445 3438 502 898

190 553 343 603 sione
364 548 589 618 inclytus
622 547 718 617 fuit
746 547 1035 619 Serapion,
1071 550 1246 618 inquit
1275 549 1632 622 Hieronymus
1658 551 1770 620 (a):
1807 554 1845 609 Α
1879 551 2145 621 simulque
2175 557 2338 608 lanae
2370 568 2460 608 seu
2498 553 2751 608 Ecclesiae
2775 555 3154 611 Alexandrinae
3180 559 3438 626 regimine

191 640 284 707 qui
323 639 578 692 nimirum
602 655 736 692 lllllls
765 640 925 694 fuerit
969 655 1032 695 ex
1068 641 1133 694 iis
1161 640 1407 695 Patribus
1437 640 1772 697 Sardicensis

191 730 417 785 concilii
470 745 615 784 anno
670 730 778 784 547
834 736 1026 796 coacti,
1079 731 1171 800 qui
1223 732 1502 786 Athanasii
1550 748 1770 787 causam

188 821 454 876 adversus
485 822 718 876 Arianos
749 823 1139 878 defendendam
1172 839 1495 894 suscepere;
1532 824 1772 893 adeoque

189 926 335 966 unus
363 927 429 966 ex
467 912 534 965 iis
572 913 891 968 erthodoxis
942 914 1279 983 prmsulibus,
1313 914 1400 982 qui
1450 924 1671 985 urgente
1716 916 1768 968 in

187 1002 382 1071 primis
427 1001 661 1074 Georgio
703 1003 954 1059 Ecclesiae
997 1005 1375 1060 Alexandrimc
1405 1008 1674 1071 invasore,
1716 1005 1769 1058 in

186 1093 445 1148 exsilium
481 1095 585 1147 acti
644 1092 810 1148 fuisse
856 1105 1172 1151 noscuntur.
1229 1096 1347 1163 Quo
1393 1107 1572 1151 autem
1629 1111 1770 1150 anno

186 1202 502 1255 supremum
542 1187 680 1241 diem
730 1188 989 1243 clauserit
1037 1188 1299 1258 Serapion
1328 1229 1343 1252 ,
1413 1191 1556 1244 haud
1614 1189 1771 1258 plane

185 1288 528 1348 compertum
571 1279 849 1336 habemus.
893 1281 1025 1334 Illud
1072 1292 1277 1335 certum
1321 1281 1768 1352 exploratumque

183 1381 252 1423 ex
310 1367 605 1438 Epiphanio
629 1369 724 1441 (b),
751 1370 1079 1426 Seleuciensi
1105 1372 1337 1426 concilio
1367 1387 1508 1425 anno
1531 1372 1634 1427 55!)
1677 1385 1768 1425 cc-

184 1458 404 1514 lehrato
436 1461 746 1517 interfuisse
776 1462 1126 1517 Ptolemaeum
1167 1465 1476 1532 episcopum
1497 1464 1767 1520 Thmueos

182 1548 585 1620 Angustonices
635 1567 727 1606 seu
769 1553 1202 1622 Augustanices,
1249 1565 1304 1608 ut
1340 1566 1622 1623 propterea
1667 1558 1766 1611 sub

183 1639 511 1695 Constantio
566 1643 808 1712 principe
853 1656 978 1697 ante
1033 1645 1160 1698 illud
1214 1646 1524 1710 concilium,
1582 1646 1633 1700 id
1682 1657 1764 1701 est

182 1744 316 1787 ante
345 1749 542 1787 annmn
575 1735 700 1798 559,
737 1751 766 1789 e
792 1737 896 1789 vita
937 1738 1237 1792 excessisse
1278 1737 1624 1806 Serapionem
1650 1748 1760 1792 sta.

183 1823 352 1875 tuerit
392 1824 633 1878 Valesius
668 1825 761 1893 (c).
791 1826 845 1879 In
879 1827 1037 1880 aliam
1070 1840 1246 1882 tamen
1277 1828 1597 1882 sententiam
1629 1830 1762 1883 abiit

183 1911 569 1969 Tillcmontius
608 1915 711 1986 (ἀ),
765 1919 854 1986 qui
907 1917 1074 1972 multo
1125 1918 1299 1973 serius
1366 1918 1481 1985 ejus
1533 1918 1761 1973 mortem
1795 1893 1838 1950 Β

179 2007 479 2075 contigisse
515 2008 776 2063 decernit.

254 2118 313 2172 ll.
357 2117 708 2188 Serapionem
760 2119 1121 2177 confessorem
1171 2122 1314 2177 inter
1363 2137 1457 2176 eos
1511 2119 1766 2174 Ecclesiae

178 2209 434 2264 doctores
469 2224 710 2266 recenset
742 2221 960 2268 sanctus
992 2213 1354 2284 Hieronymus
1399 2213 1494 2284 (e),
1535 2212 1621 2280 qui
1652 2211 1766 2280 phi-

174 2300 514 2368 losophorum
557 2303 808 2356 doctrinis
836 2316 988 2371 atque
1020 2303 1290 2356 sementiis
1323 2304 1376 2355 in
1407 2314 1607 2356 tantum
1642 2319 1763 2356 suos

180 2393 482 2445 resarcinnt
521 2388 696 2456 libros,
753 2407 806 2447 nt
861 2395 1084 2460 nescias,
1140 2395 1351 2460 inquit,
1389 2393 1516 2462 quid
1560 2395 1612 2444 in
1660 2393 1763 2446 illis

174 2484 409 2548 primum
461 2483 718 2535 admirari
770 2483 992 2547 debeas,
1043 2485 1390 2538 eruditionem
1441 2485 1642 2547 sa’cnli,
1695 2500 1763 2536 an

179 2573 453 2625 scientiam
481 2571 900 2642 Scripturarnm.
946 2574 1009 2628 Et
1057 2575 1180 2629 alibi
1230 2562 1292 2644 (fit
1320 2593 1332 2626 :
1362 2574 1639 2643 Serapion,
1668 2575 1761 2638 ait,

182 2663 447 2719 Tltmueos
473 2667 740 2736 episcopus
781 2667 842 2719 ob
884 2668 1198 2736 elegantiam
1235 2669 1432 2736 ingenii
1482 2683 1763 2736 cognomen

180 2753 518 2819 Scholastici,
577 2758 625 2810 id
665 2767 765 2819 est,
818 2758 918 2811 viri
978 2758 1172 2811 litteris
1221 2773 1282 2811 ac
1329 2758 1572 2811 doctrina
1624 2773 1758 2824 prm-

179 2844 402 2907 Stantis,
451 2846 658 2899 meruit.
705 2845 910 2911 Quiluzs
954 2847 1202 2915 equidem
1265 2847 1503 2901 doctoris
1547 2849 1759 2902 maximi

181 2939 365 2993 verbis
395 2940 447 2992 in
485 2955 602 2993 eam
635 2942 847 2994 demum
885 2944 1208 2995 sententiam
1233 2930 1495 3005 adducor,
1526 2952 1579 2994 ut
1601 2943 1758 2994 tidem

181 3028 543 3082 adhibendam
571 3043 690 3083 esse
711 3044 960 3083 censeam
999 3029 1242 3100 Philippo
1295 3030 1514 3097 Sidetas,
1547 3032 1636 3100 qui
1664 3031 1762 3084 Se-

200 3120 482 3187 rapioncm
551 3129 670 3187 post
734 3112 1142 3188 'Thcognostum
1221 3120 1417 3174 Scholae
1483 3120 1762 3189 pra-fuisse

1873 645 2140 706 abdicato.
2192 647 2568 701 caanohiticam
2605 649 2818 702 vivendi
2863 649 3089 703 formam
3124 649 3284 705 fuerit
3326 669 3432 704 am-

1874 735 2079 804 plexus,
2129 753 2235 805 quo
2277 739 2526 792 nimirum
2585 741 2766 795 turbas
2809 742 2876 796 ab
2910 742 3037 795 Ario
3093 743 3144 796 in
3198 741 3440 801 Ecclesia

1871 831 2132 883 excitatas
2177 830 2470 883 declinaret
2499 843 2512 881 :
2541 833 2685 885 unde
2733 834 2797 886 ab
2841 821 3139 888 Athanasio
3187 836 3439 905 deinceps

1871 927 2144 981 evocatus,
2200 907 2591 974 ad‘Ecclesiam
2627 919 3010 977 Thmuitanam
3055 928 3342 995 regendam
3372 929 3440 979 ah

1872 1011 1987 1078 ipso
2021 1007 2177 1063 fuerit
2206 1018 2422 1063 evectus
2451 1019 2569 1079 post
2598 1010 2807 1076 Caium,
2860 1014 2947 1080 qui
2977 1014 3149 1068 eidem
3187 1015 3438 1070 Ecclesia:

1871 1099 2102 1170 praefuit,
2150 1099 2348 1170 quique
2388 1102 2593 1172 synodo
2640 1101 2853 1158 Nicenrc
2881 1103 3186 1162 interfuisse
3223 1121 3435 1176 compe-

1872 1191 1974 1244 ritu
1984 1207 2027 1245 r.

1939 1298 2024 1352 ill.
2068 1299 2237 1355 Porro
2280 1316 2344 1356 ex
2385 1303 2452 1358 iis
2489 1317 2611 1372 qua:
2649 1303 2845 1360 litteris
2896 1306 3238 1378 consignavit
3277 1308 3437 1364 Sera-

1869 1388 2016 1456 pion,
2046 1404 2184 1442 unus
2221 1389 2466 1444 adversus
2500 1390 2976 1449 Manichwosliber
3003 1405 3242 1462 superat,
3278 1412 3434 1466 quem

1865 1479 2126 1548 egregium
2180 1480 2408 1549 appellat
2453 1481 2807 1552 Hieronymus
2865 1483 2960 1554 (lc).
3018 1485 3268 1555 Idemque
3305 1502 3440 1556 opus

1869 1571 2049 1624 laudat
2106 1585 2319 1641 quoque
2357 1571 2582 1627 Photius
2624 1575 2675 1628 in
2711 1575 2963 1642 .Epitorne
3008 1577 3074 1630 de
3127 1577 3438 1634 Manio/imis

1868 1662 2303 1732 repullulantibus
2355 1664 2456 1738 (l);
2528 1667 2615 1721 ubi
2649 1668 2960 1736 scriptorem
3009 1680 3250 1724 nostrum
3299 1673 3439 1728 inter

1865 1756 2040 1810 ciaros
2081 1756 2222 1812 illius
2255 1760 2350 1811 aevi
2383 1759 2652 1834 antistites
2689 1760 2874 1825 refert,
2907 1760 3161 1832 Cyrillum
3203 1764 3435 1829 scilicet,

1869 1846 2241 1917 Epiphanium,
2309 1848 2488 1904 Titum
2549 1850 2890 1905 Bostrenscm
2963 1852 3436 1919 Alexandrumque

1869 1937 2328 2008 Lycopolitanum,
2351 1943 2439 2009 qui
2468 1943 2729 1999 adversus
2762 1944 2965 1998 Manem
2987 1944 3213 2013 ejusque
3241 1960 3438 2012 sequa-

1870 2043 1958 2082 ces
1984 2031 2180 2100 stylum
2215 2031 2504 2093 strinxere,
2533 2042 2590 2084 nt
2611 2021 2838 2086 advertit
2862 2035 2929 2087 cl.
2959 2033 3282 2103 Lequienius
3317 2036 3434 2104 (ιη).

1870 2118 1968 2174 llic
1998 2133 2176 2174 autem
2206 2121 2396 2177 Photio
2431 2123 2627 2178 dicitur
2669 2135 2876 2193 auctor,
2925 2127 3212 2198 Σαραπίων
3261 2129 3288 2182 ὁ
3337 2128 3437 2198 τῆς

1865 2209 2154 2280 Θμούεως’
2192 2221 2248 2264 et
2273 2211 2395 2266 alibi
2439 2212 2514 2283 (n)
2548 2215 2849 2284 Σεραπῖων.
2897 2213 2989 2271 Sic
3020 2223 3073 2271 et
3103 2219 3270 2284 ipsum
3314 2217 3439 2271 sub-

1873 2303 1995 2356 inde
2044 2303 2277 2372 appellat
2315 2305 2618 2372 promiscue
2666 2322 2889 2375 magnus
2937 2309 3286 2362 Athanasius.
3329 2307 3434 2362 Sed

1867 2397 1997 2449 nihil
2028 2395 2190 2450 refert
2228 2415 2240 2448 :
2271 2413 2371 2450 vox
2406 2399 2546 2451 enim
2589 2400 2826 2470 Σάραπις
2861 2402 2999 2455 unde
3035 2416 3231 2455 nomen
3263 2403 3429 2454 dedu-

1864 2496 2029 2548 ctum,
2088 2488 2260 2556 inquit.
2323 2488 2750 2545 Montl'auconins
2799 2492 2895 2562 (ο),
2962 2492 3215 2546 scribitur
3270 2495 3430 2547 etiam

1867 2581 2109 2650 Σάραπις
2166 2583 2303 2647 apud
2348 2583 2684 2637 Clementem
2724 2585 3138 2638 Alexandrinum
3174 2585 3254 2656 (p)
3305 2585 3434 2638 item

1866 2670 2003 2739 apud
2030 2670 2310 2738 Origenem
2348 2671 2418 2740 (ἀ)
2465 2683 2519 2724 et
2549 2671 2672 2724 alibi
2709 2674 2906 2740 passim
2951 2672 3088 2738 apud
3119 2674 3431 2740 scriptores.

1934 2761 2118 2831 Neque
2146 2762 2233 2815 hic
2269 2762 2783 2830 prmlermittendum
2815 2778 3032 2815 attreum
3068 2753 3222 2830 plane
3269 2760 3433 2816 Sera-

1865 2853 2040 2922 pionis
2066 2853 2290 2916 dictum,
2327 2855 2468 2922 quod
2495 2868 2558 2906 ex
2593 2853 2816 2920 Evagrio
2841 2854 3026 2907 recitat
3050 2853 3301 2910 Socrates
3325 2854 3429 2925 (r):

1867 2942 2229 2995 Tlunuitarnm
2265 2941 2514 2998 Ecclesia:
2548 2944 2762 3009 angelus
2797 2943 3032 3012 Serapio,
3071 2945 3264 3014 inquit,
3302 2948 3434 3000 dice-

1866 3031 1972 3100 bat,
2002 3041 2220 3085 mentem
2268 3033 2471 3103 quidem
2502 3034 2756 3099 spit'italis
2800 3035 3247 3102 scientitc‘ltaustu
3285 3036 3433 3104 plene

1863 3125 2112 3193 purgari;
2160 3134 2336 3191 partes
2387 3133 2562 3176 autent
2627 3126 2819 3177 animo:
2864 3125 2945 3178 ira
3011 3126 3430 3194 effervescentes,

179 3207 565 3263 Alexandri-nte
597 3219 827 3284 testatur
862 3211 959 3282 (g).
1006 3211 1082 3263 Ad
1108 3226 1265 3278 quem
1299 3211 1472 3264 locum
1520 3209 1682 3263 Dodw
1722 3210 1760 3262 Ι-
1791 3223 1834 3284 c
1866 3217 2118 3269 charitatc
2182 3219 2363 3269 sanari
2387 3231 2617 3284 :pravas
2671 3233 2788 3270 vero
2847 3219 3157 3284 cupiditates
3218 3229 3334 3287 qua?
3378 3219 3432 3271 in

181 3297 267 3352 lus
320 3300 575 3353 observat
623 3299 725 3369 (lt),
757 3299 1066 3367 hujusmodi
1112 3300 1338 3367 Philippi
1391 3299 1754 3352 testimonimn

189 3402 258 3441 ex
295 3405 363 3442 eo
388 3390 699 3443 conﬁrmari
743 3406 920 3459 posse,
977 3391 1114 3459 quod
1162 3389 1494 3457 Epiphanius
1547 3391 1597 3442 in
1642 3389 1754 3442 Arii

179 3493 379 3533 exortu
413 3480 717 3549 complures
751 3481 1085 3548 Alexandriae
1118 3480 1386 3542 Ecclesias
1426 3481 1756 3548 presbyteris

179 3571 577 3628 Alexandrinis
604 3572 942 3626 concreditas
973 3573 1211 3625 nominet
1242 3569 1351 3641 (i),
1387 3585 1586 3638 easque
1619 3572 1757 3623 inter

180 3660 491 3725 Serapionis
548 3662 711 3717 etiam
777 3663 1067 3715 Ecclesium
1133 3668 1442 3724 enmneret,
1498 3675 1656 3727 quam
1712 3659 1756 3712 is

181 3733 615 3808 nitnirnm‘tunc
660 3755 917 3822 temporis
959 3755 1402 3818 administrabat,
1446 3765 1502 3806 ut
1535 3753 1759 3821 proinde

179 3845 330 3898 inter
382 3845 611 3899 clericos
669 3845 920 3900 Ecclesia:
977 3845 1356 3900 Alexandrina:
1425 3847 1533 3912 jam
1601 3851 1757 3897 antea

181 3947 512 4006 cooptatus,
571 3937 765 3991 ibidem
813 3939 1006 3993 exinde
1046 3938 1100 3994 in
1154 3953 1374 3993 munere
1425 3937 1758 3992 catcchetico

182 4025 536 4098 Theognosto
568 4029 912 4083 successerit.

256 4138 385 4192 Haec
441 4147 617 4192 autem
669 4140 740 4192 ita
801 4155 1048 4208 compom
1110 4153 1266 4208 posse
1327 4139 1572 4194 duxerim
1641 4153 1754 4192 rmn

183 4232 254 4285 iis
291 4245 413 4299 quae
440 4230 686 4298 superius
708 4231 1113 4305 de_Serapionis
1153 4232 1469 4285 monachatn
1499 4246 1562 4285 ex
1592 4230 1758 4283 Atha-

188 4324 346 4377 nasio
382 4324 432 4376 in
486 4324 723 4377 medium
768 4325 992 4387 adduxi,
1041 4332 1097 4377 ut
1121 4325 1292 4393 primo
1327 4325 1542 4392 quidem
1575 4321 1661 4376 ille
1691 4322 1757 4374 ad

192 4416 493 4469 eatechetze
518 4427 713 4466 munus
746 4414 1056 4467 obeundum
1089 4413 1141 4465 in
1174 4414 1533 4467 Alexandrina
1574 4411 1757 4466 echola

186 4507 354 4560 fuerit
417 4515 727 4575 assumptus
782 4506 978 4560 sacculo
1037 4521 1096 4560 ιιι
1168 4506 1466 4570 desinente,
1520 4505 1631 4557 sive
1705 4519 1757 4558 tv

1862 3308 2091 3358 animum
2134 3306 2383 3374 inﬂuunt,
2419 3307 2642 3358 coerceri
2681 3307 3014 3358 abstinentit.
3072 3306 3261 3374 Ἔλεγε
3298 3307 3353 3359 δὲ
3404 3309 3432 3359 ὁ

1861 3398 1961 3467 τῆς
2001 3397 2280 3467 Θμουῖτῶν
2316 3397 2641 3468 Ἐκκλησίας
2669 3397 2892 3465 ἄγγελος
2931 3399 3240 3474 ξαραπὶων,
3288 3402 3371 3455 δτι
3404 3402 3431 3451 ὁ

1862 3481 1984 3544 νοῦς
2023 3483 2119 3551 μὲν
2155 3482 2407 3546 πεποκὼς
2425 3483 2793 3555 πνευματικὴν
2839 3483 3034 3552 γνῶσιν
3059 3484 3274 3549 τελείως
3298 3488 3430 3540 καθ-

1861 3569 2112 3638 αίρεταιο
2169 3570 2355 3640 ἀγάπη
2389 3570 2443 3622 δὲ
2471 3572 2539 3624 τὰ
2574 3571 2968 3641 φλεγμαίνοντα
3013 3574 3173 3645 μόρια
3207 3575 3298 3626 τοῦ
3341 3576 3431 3628 θυ-

1867 3660 1966 3729 μοῦ
1997 3661 2287 3731 Θεραπεύει
2310 3678 2321 3692 ”
2371 3663 2612 3734 πονηρὰς
2649 3663 2706 3715 δὲ
2743 3663 3037 3733 ἐπιθυμίας
3075 3667 3428 3738 ὲπιρῤεούσας

1866 3755 2076 3825 ἵστησιν
2107 3754 2423 3826 ἐγκράτεια.
2451 3755 2618 3822 Quam
2653 3756 2864 3823 quidem
2895 3758 3067 3811 sancti
3115 3757 3285 3813 Patris
3312 3775 3433 3818 sen-

1865 3845 2086 3897 tentiam
2119 3827 2403 3916 p’r0pterca
2438 3848 2858 3916 descripsimits,-
2880 3833 3105 3918 quod-in
3126 3849 3240 3919 ejus
3268 3867 3429 3919 opere

1864 3937 2153 4004 superstite
2183 3939 2427 4007 nuspiam
2457 3940 2723 3995 occurrat.

1941 4049 2210 4122 Verum_si
2237 4051 2454 4120 sapiens
2491 4051 2794 4118 hujnsmodi
2846 4051 3084 4115 eﬂ‘atum;
3137 4053 3430 4122 Serapione

1863 4141 2022 4212 plane
2064 4119 2473 4210 dignissimum,
2518 4142 2569 4196 in
2609 4143 2724 4210 ejus
2767 4143 2908 4198 libro
2967 4145 3207 4199 adversus
3256 4119 3430 4199 Muni-

1862 4232 2032 4287 clneos
2063 4233 2219 4286 hodie
2246 4249 2346 4287 non
2373 4243 2585 4299 exstat;
2631 4236 2680 4288 in
2717 4250 2781 4289 eo
2826 4245 2975 4290 certe
3022 4235 3122 4289 alia
3150 4237 3424 4303 complura

1863 4339 1921 4378 se
1951 4324 2144 4390 legisse
2191 4323 2472 4392 proﬁtetur
2519 4323 2703 4378 Sixtns
2743 4324 3019 4387 Senensis,
3052 4340 3171 4394 qua:
3223 4324 3425 4380 frustra

1864 4428 2006 4467 nunc
2063 4415 2325 4481 requiras,
2358 4423 2414 4467 nt
2459 4415 2683 4482 proinde
2730 4413 2897 4469 multo
2947 4415 3158 4468 auctius
3207 4415 3429 4482 hujusce

1863 4505 2041 4572 operis
2074 4504 2366 4574 exemplar,
2419 4521 2578 4574 quam
2619 4520 2722 4574 quo
2760 4507 2812 4558 in
2855 4508 3260 4574 praesentiarum
3294 4506 3426 4560 frui-

185 4598 444 4661 ineunte;
501 4605 618 4662 post
646 4594 1046 4666 Theognostum
1092 4597 1321 4659 scilicet,
1364 4598 1452 4662 qui
1474 4597 1624 4650 circa
1665 4611 1756 4648 an-
1790 4570 1837 4627 Ῑ)
1866 4611 1987 4649 ιηιιι·
2009 4596 2122 4650 sive
2146 4594 2331 4651 Grtece
2359 4598 2473 4650 sive
2501 4597 2706 4659 Latine,
2736 4597 2848 4664 ipse
2881 4597 3130 4649 habuisse
3149 4598 3423 4659 videatur;

187 4703 319 4740 num
344 4685 469 4751 282,
502 4685 640 4739 Caro
666 4686 982 4754 imperante,
1016 4688 1271 4743 claruisse
1310 4688 1667 4748 existimatur,
1702 4695 1756 4738 ut

187 4778 317 4830 alibi
378 4777 611 4830 vidimus
643 4775 708 4846 (ἢ
747 4794 758 4828 :
791 4776 982 4833 deinde
1021 4793 1146 4832 vero
1182 4780 1472 4833 catecheta:
1513 4791 1752 4839 munere,

266 4989 342 5058 (a)
386 4989 602 5042 Hieron.
644 4989 714 5042 De
743 4989 839 5043 vir.
861 4990 1081 5058 illustr"
1115 5003 1232 5058 cap.
1262 5002 1352 5042 tta.

289 5054 340 5115 bl
383 5059 572 5122 Epiph,
601 5059 738 5112 liter.
768 5073 961 5117 Lxxm,
994 5054 1136 5124 §26.

290 5128 336 5195 τ)
384 5129 553 5196 ιικιεδ.
583 5139 692 5181 ιιοι.
726 5129 793 5181 ad
824 5127 1025 5181 Socrat.
1058 5126 1251 5196 lib.tv,
1288 5143 1408 5196 cap.
1443 5128 1534 5183 25.

287 5193 343 5263 di)
377 5193 586 5249 Tille'm.
630 5196 785 5251 Mem.
814 5200 939 5249 εισι.
980 5207 1106 5248 ιοιιι.
1141 5195 1267 5258 VIII,
1301 5193 1418 5264 pag.
1453 5198 1541 5252 45.

273 5264 342 5336 (ε)
387 5266 603 5336 Hieron.
651 5267 808 5335 cpist.
846 5267 931 5329 70,
969 5264 1160 5336 al._§b,
1195 5271 1261 5318 ad
1300 5265 1545 5331 Magnum
1579 5280 1738 5335 orat.,

193 5333 351 5392 num:
378 5337 431 5399 4,
463 5333 594 5402 Opp.
628 5333 752 5388 tom.
786 5337 822 5396 Ι,
850 5352 968 5403 pag.
1001 5333 1119 5387 4‘27.

266 5407 329 5478 (Ῑ)
373 5406 446 5478 I_d.
472 5407 586 5478 lih._
600 5404 674 5478 De
698 5409 791 5458 vir.
822 5407 1043 5478 “lustr,
1061 5418 1176 5472 cap.
1203 5407 1286 5460 99.

267 5474 344 5542 (gl
385 5475 521 5528 Phil.
555 5474 669 5527 Sid.
706 5489 868 5529 serm.
1032 5478 1168 5542 apud
1214 5478 1392 5530 Dodw.
1433 5478 1482 5530 in
1519 5479 1747 5547 appetiti.

194 5549 260 5600 ad
291 5547 506 5615 dissert.
543 5547 678 5599 lren.
703 5561 820 5615 pag.
854 5545 978 5600 488.

268 5616 342 5682 (It)
386 5613 567 5667 Dodw.
599 5616 630 5666 Ι.
669 5632 716 5669 c.
753 5613 870 5682 pag.
903 5615 1031 5674 512,

268 5685 332 5753 (1')
378 5686 562 5751 I'Ipiph.
599 5685 731 5736 llzcr.
764 5700 882 5737 ωας

272 5756 337 5822 (j)
382 5756 675 5819 Prolegmn.
729 5758 793 5807 ad
834 5767 960 5807 ton.
1010 5755 1065 5806 ΙΙΙ
1119 5755 1250 5807 ΙίἱῡΙ.
1311 5754 1443 5811 ΙΨ..
1499 5771 1614 5823 cap.
1660 5755 1746 5822 l9,

201 5823 228 5898 ᾗ
264 5825 318 5889 Ξ,
353 5839 470 5892 pag.
509 5823 599 5876 50.

1863 4702 1928 4741 eo
1966 4689 2016 4739 in
2057 4689 2246 4755 primis
2288 4690 2502 4741 nomine
2551 4688 2690 4752 quod
2753 4687 2877 4739 illud
2931 4687 3244 4756 Serapionis
3291 4703 3426 4754 opus

1863 4779 2039 4846 ingens
2095 4794 2157 4831 ac
2208 4779 2584 4832 nobilissimum
2623 4787 2775 4832 vocet
2822 4775 2914 4848 (a),
2967 4791 3274 4847 quanquam
3314 4779 3425 4831 haec

1933 4991 2005 5061 (It)
2044 4991 2266 5062 Hieron.
2297 4991 2387 5046 lib.
2410 4992 2481 5045 De
2515 4995 2611 5052 vir.
2643 4993 2861 5057 illium,
2890 5009 3008 5062 cap.
3037 4994 3126 5049 99.

1934 5063 2004 5133 (Vl),
2040 5061 2194 5114 Phot.
2229 5061 2371 5133 (fuit.
2414 5065 2477 5115 de
2505 5064 2678 5129 Mam,
2725 5067 2865 5133 apud
2910 5064 3222 5128 Montfauc.,
3249 5103 3251 5105 -
3275 5068 3414 5123 Bibl.

1860 5128 2048 5189 Caici”
2081 5146 2198 5199 pag.
2235 5130 2360 5184 554.

1952 5200 2020 5268 m)
2062 5200 2316 5269 Leqnien.
2345 5199 2673 5262 0r.Clm'st.,
2708 5210 2834 5255 tom.
2869 5204 2930 5262 Il,
2961 5219 3080 5269 pag.
3115 5204 3235 5260 540.

1952 5287 2004 5341 η)
2045 5270 2204 5341 lfhot.
2232 5268 2370 5322 Bibl.
2403 5274 2523 5325 cod.
2553 5287 2748 5332 Lxxxv,
2787 5288 2906 5341 pag.
2933 5268 3059 5326 205.

1949 5338 2330 5413 o)A§lentl'auc.
2379 5342 2442 5393 ad
2485 5341 2621 5409 Opp.
2673 5338 2878 5394 Athan:
2906 5352 3041 5399 tom.
3088 5343 3126 5410 Ι,
3166 5355 3300 5413 part.
3354 5361 3412 5411 tt,

1856 5407 1988 5476 pag.’
2007 5407 2129 5471 690,
2158 5418 2267 5462 not.

1931 5476 2005 5548 (ν)
2050 5480 2217 5549 9¹ε¹¹¹ο
2252 5479 2408 5532 “9*-
2436 5478 2630 5549 Slrem-
2667 5480 2758 5532 lib-
2795 5495 2830 5543 ι.
2865 5496 2983 5549 pag.
3019 5481 3141 5534 522.

1928 5546 2002 5614 (η)
2045 5546 2261 5619 Qrigeu.
2299 5561 2482 5619 contra
2523 5548 2656 5601 Cels.
2687 5549 2778 5604 lib.
2820 5546 3173 5619 v,_pag.'2iib.

1929 5618 1998 5685 (ν)
2039 5614 2247 5686 Socrat.
2287 5617 2423 5670 Hist.
2464 5618 2585 5670 eccl.
2618 5619 2708 5672 lib.
2745 5634 2816 5684 tv,
2855 5614 3097 5686 capitis.

1919 5684 1993 5755 {si
2037 5684 2174 5738 Six-l.
2212 5687 2336 5741 Sen.
2374 5687 2508 5742 Bibl.
2543 5699 2710 5742 sanct.
2742 5689 2826 5741 lib.
2872 5684 2942 5756 tv,
2972 5690 3092 5758 pag".
3130 5688 3252 5754 299,
3279 5689 3409 5746 edit.

1857 5754 2024 5809 Paris.
2061 5755 2213 5809 1610.

1899 5772 2024 5811 arts.
2061 5772 2213 5809 1υιυ.
