4226 6316
200 416 289 467 ιιειι
1138 423 1196 473 s.
1242 416 1647 475 satiartoxts
1687 417 1896 471 unm
1927 417 2087 474 ADV'.
2132 418 2575 475 namcumos.

195 542 285 580 v-u
328 529 402 598 μὴ
430 529 769 600 ἐπιέρέιξασα
788 570 800 591 ,

199 618 443 693 ὴάπάτη
485 621 717 696 ἀσθενὴς
761 622 1064 690 γένηταιὲν
1095 625 1210 684 ταῖς
1255 622 1647 692 ἐπιχειρήσεσι,
1682 637 1779 690 μη-

201 712 324 765 είνα
350 711 750 783 συλλαμϐάνειν
783 712 1075 783 δυναμένη.

3357 422 3465 478 9οΊ

833 531 915 582 "va
951 530 1272 601 κατάξωρος
1307 530 1575 600 γενομένη
1609 530 1787 583 αὐτῶν

1842 539 1858 590 ι
1896 532 2106 584 infirma
2154 532 2237 612 fiat
2285 533 2333 583 in
2366 549 2549 585 eorum
2600 532 2932 600 argumentis
3000 533 3067 586 ita
3106 541 3161 585 ut
3195 538 3463 591 nrntinent

1898 622 1983 674 iru
2008 623 2109 675 tirc
2149 633 2332 690 quoat.

1365 803 1475 857 Car
1530 805 1589 857 ll.
1636 803 2003 868 Vuriigrudus
2037 821 2297 859 errorum.

272 896 432 951 Ἐστι
478 911 579 963 μεν
612 902 704 949 οὖν
736 898 768 965 ἡ
796 905 965 949 κακία
1004 895 1290 965 πολυειδὴς
1329 896 1421 949 καὶ
1462 895 1779 964 πολυσχιδὴς

202 988 342 1041 κατὰ
393 986 684 1056 διαφόρους
736 988 1031 1058 ὴπὶωμένη
1082 987 1182 1049 τάς
1229 987 1619 1061 ἐπιχειρήσεις.
1673 984 1790 1038 ἔνια

202 1078 306 1132 τῶν
339 1079 540 1147 ἑαυτῆς
575 1080 757 1149 μερῶν
792 1078 1211 1149 βλακικώτερα
1242 1078 1333 1130 καὶ
1375 1075 1790 1149 ἀναιρετικώτε-

204 1190 268 1242 ρα
307 1172 527 1241 ἔχουσα.
552 1170 649 1223 Διὰ
678 1170 835 1224 τοῦτο
859 1170 977 1223 οὐδὲ
1004 1170 1073 1222 τὰ
1096 1170 1295 1239 ἥττονα
1324 1169 1649 1239 σιωπητέον,
1670 1167 1789 1220 οὐδὲ

201 1262 309 1316 τῶν
362 1261 622 1333 μειζόνων
669 1263 967 1333 ἀφεκτέον,
1014 1260 1227 1323 εἰδότας
1261 1260 1555 1322 τοῦτο,ὅτι
1583 1259 1650 1311 τὰ
1694 1257 1791 1329 μὲν

201 1353 463 1407 ἐλάττονα
506 1353 669 1424 μόρια
706 1354 805 1424 τῆς
840 1352 1040 1414 κακίας
1068 1351 1407 1423 βραχυτέρας
1446 1348 1792 1413 ποιεῖταιτὰς

205 1444 427 1515 βλάϐας,
460 1445 528 1498 τὰ
560 1445 616 1497 δὲ
651 1443 873 1515 μείζονα
903 1444 1144 1513 μεγάλας
1164 1462 1176 1475 ·
1213 1448 1241 1499 ὁ
1270 1444 1379 1515 γάρ
1412 1440 1623 1513 μείζοσι
1654 1454 1793 1512 σφα-

203 1534 314 1598 Rei;
347 1534 529 1605 μεῖζον
552 1539 647 1587 καὶ
676 1537 1018 1605 τιμωρεῖται·
1056 1534 1150 1587 καὶ
1179 1535 1207 1585 ὁ
1241 1534 1345 1587 ὑπὸ
1376 1533 1618 1603 μείζονος
1648 1532 1787 1589 άπα-

200 1624 301 1694 τηθ
316 1626 387 1686 .1;
429 1624 652 1693 μείζονα
686 1626 781 1677 καὶ
814 1624 1166 1689 κολάζεται...

573 1736 663 1772 ται
689 1720 797 1791 γὰρ
824 1719 878 1771 αί
910 1717 1156 1771 ἀπάται..

201 1807 255 1861 δὲ
282 1808 379 1861 καὶ
404 1808 471 1861 τά
506 1810 684 1879 πλη...

205 1902 297 1953 καὶ
332 1900 611 1972 σταθμίζω
643 1945 653 1956 .
668 1944 680 1956 .

206 1992 404 2047 δικὰ...

201 2084 408 2157 τίμα...

204 2178 321 2230 εί...

202 2271 553 2340 ἀστάθμητον
580 2273 663 2341 ἑᾷ,
705 2270 841 2324 ἀλλὰ
868 2271 961 2323 καὶ
986 2270 1084 2341 τὴν
1119 2268 1349 2323 ἑκάστου
1389 2265 1483 2321 τοῦ
1510 2264 1790 2337 ἠπατηκός

198 2377 293 2425 so;
314 2363 565 2435 ἀπάτην,
608 2364 702 2417 καὶ
749 2362 842 2416 τοῦ
885 2362 1239 2434 ἠπατημένον
1286 2361 1385 2432 τὴν
1419 2357 1668 2413 εὐκολίαν
1695 2374 1790 2428 με·-

201 2454 413 2523 τρήσας
444 2454 617 2523 ὁρίζει
654 2454 753 2523 τὴν
774 2454 1065 2525 τιμωρίαν.
1100 2450 1471 2511 Σπουδαστέον
1502 2444 1615 2514 οῦν,
1653 2451 1789 2519 μήτε

200 2544 279 2613 τῷ
310 2544 633 2615 βραχυτάτῳ
661 2544 957 2618 αἱρεῖσθαι·
990 2543 1212 2615 καὶγὰρ
1240 2544 1272 2614 ὴ
1301 2540 1614 2613 βραχυτάτη
1643 2540 1789 2594 άπά-

201 2653 275 2705 τη
297 2638 594 2709 σπινθῆρος
614 2638 770 2709 δίκην
797 2637 931 2708 ῦλην
958 2634 1352 2709 παραλαϐοῦσα
1388 2634 1484 2705 τὴν
1513 2632 1788 2700 συγκατά-

1967 894 2059 951 Est
2088 898 2250 967 igitur
2280 897 2491 959 malitia
2524 898 2874 955 multiformis
2903 910 2958 955 et
2989 900 3344 971 multipartita
3372 943 3388 968 ,
3417 905 3469 957 in

1896 990 2073 1043 varias
2103 992 2607 1054 argumentationes
2636 990 2752 1045 fusa
2774 1032 2787 1056 ,
2821 992 2976 1061 cujus
3013 1002 3195 1061 partes
3223 993 3472 1058 quaedam

1893 1083 2235 1136 nocentiores
2261 1090 2469 1137 suntet
2522 1084 2694 1151 magis
2737 1082 3052 1138 mortiferaa.
3095 1082 3465 1151 Quamobrem

1894 1188 2067 1241 neque
2098 1174 2306 1227 minora
2338 1174 2568 1228 tacenda
2597 1183 2723 1228 sunt
2744 1212 2759 1236 ,
2792 1188 2968 1243 neque
3002 1175 3299 1243 majoribus
3345 1190 3472 1244 pan

1895 1266 2163 1328 cemlum,
2220 1280 2341 1318 cum
2393 1266 2630 1320 sciamus
2681 1267 2916 1321 minores
2958 1268 3088 1336 quid
3138 1277 3316 1337 partes
3357 1267 3470 1320 vitii

1894 1354 2100 1407 minora
2145 1356 2340 1409 danma
2384 1370 2608 1424 parere,
2655 1356 2887 1425 majores
2937 1372 3065 1412 vero
3114 1373 3329 1426 magna.
3370 1355 3472 1423 Qui

1893 1446 2038 1500 enim
2073 1445 2126 1499 in
2157 1448 2499 1517 gravioribus
2529 1449 2748 1515 labitur,
2793 1448 3136 1517 gravioribus
3168 1447 3342 1517 paruis
3373 1462 3472 1516 pu-

1895 1538 2081 1604 nitur;
2115 1549 2166 1593 et
2199 1540 2290 1609 qui
2324 1558 2351 1593 a
2383 1540 2591 1611 majore
2617 1542 2874 1610 deceptus
2912 1553 3033 1604 est,
3066 1540 3238 1609 majus
3269 1540 3475 1611 suppli-

1894 1630 2038 1682 cium
2073 1631 2327 1685 sustinet.
2360 1630 2740 1685 Ponderantur
2762 1631 2909 1686 enim
2956 1630 3187 1687 fallaciae
3209 1668 3225 1694 ,
3269 1633 3471 1701 ponde-

1897 1730 2087 1774 rantur
2115 1712 2277 1775 ctiam
2304 1730 2529 1789 peccata
2557 1738 2572 1787 ;
2601 1730 2656 1777 et
2683 1721 2777 1791 qui
2824 1723 3179 1793 pOnderatur,
3210 1738 3309 1792 pro
3351 1737 3475 1791 gra-

1893 1813 2060 1868 vitate
2089 1816 2346 1883 ponderis
2394 1816 2723 1885 supplicium
2767 1825 3053 1884 reportat;
3098 1830 3273 1884 noque
3317 1816 3477 1884 quid-

1894 1918 2057 1973 quam
2089 1904 2178 1971 qui
2206 1904 2409 1973 judicat
2430 1946 2445 1971 ,
2476 1921 2581 1961 non
2614 1907 2971 1973 ponderatum
3003 1906 3278 1977 relinquit.
3334 1905 3474 1972 Quin

1895 1996 2059 2059 etiam
2111 1997 2539 2067 uniuscujusque
2568 1999 2658 2066 qui
2691 1996 2878 2052 fefellit
2906 1998 3209 2064 fallaciam,
3237 2009 3292 2052 et
3331 2000 3473 2054 faci-

1896 2087 2105 2143 litatem
2150 2090 2267 2160 ejus
2310 2090 2400 2159 qui
2444 2088 2704 2159 deceptus
2752 2101 2835 2146 est
2885 2092 3207 2153 demensus,
3260 2107 3476 2161 pomum

1823 2206 1866 2261 Β
1898 2178 2164 2235 decernit.
2210 2181 2484 2247 Quocirca
2518 2181 3005 2257 studendumest.
3040 2192 3100 2236 ut
3144 2196 3210 2236 ne
3256 2183 3478 2238 minima

1896 2272 2113 2341 quidem
2144 2271 2351 2334 fallacia
2381 2275 2691 2345 capiamur:
2720 2275 2985 2344 siquidem
3013 2277 3234 2331 minima
3262 2275 3422 2331 fallac
3447 2291 3476 2330 a

1897 2360 2075 2415 instar
2101 2362 2382 2427 scintillae,
2413 2373 2568 2417 nacta
2610 2364 2893 2418 materiam
2936 2367 3308 2421 assensiouem
3357 2365 3478 2419 ani-

1899 2465 2025 2514 ma},
2059 2449 2365 2507 incendium
2395 2467 2603 2522 magna
2629 2452 2858 2509 ﬂamma:
2885 2453 3046 2509 efﬁcit
3072 2472 3088 2522 ;
3123 2456 3272 2510 multi
3300 2456 3478 2520 enim,

1896 2540 2161 2609 principio
2191 2557 2256 2598 ex
2286 2558 2451 2613 parvo
2496 2559 2684 2599 errore
2717 2555 2919 2611 creato,
2948 2546 2999 2601 in
3029 2546 3250 2619 pelagus
3278 2548 3480 2603 erroris

1900 2632 2095 2702 dilapsi
2139 2646 2194 2690 et
2222 2635 2379 2691 (επιιεί
2409 2647 2568 2691 sunt.

203 2726 356 2782 θεσιν
390 2731 489 2801 τῆς
525 2731 706 2802 ψυχῆς
744 2730 990 2797 ἐξάπτει,
1024 2730 1121 2791 καὶ
1158 2728 1403 2801 μεγάλην
1450 2728 1625 2798 φλόγα
1696 2726 2127 2791 κατασκευάζει*
2170 2730 2357 2791 πολλοὶ
2408 2730 2517 2805 γὰρ
2556 2731 2617 2807 ἐξ
2673 2731 2861 2803 ὀλίγης
2895 2733 3111 2805 ἀπάτης
3183 2734 3479 2807 ἀρξάμενοι

201 2822 282 2885 είς
313 2822 551 2891 πέλαγος
576 2823 790 2891 ἀπάτης
816 2816 1169 2892 ἐξεχύθησαν.

1214 2934 1346 2991 CAP.
1384 2932 1475 2990 lli.
1518 2931 1929 2988 Maniclieisnms
1952 2947 2099 2985 error
2120 2930 2451 2985 deterrimus.

272 3030 374 3083 Διὰ
396 3030 553 3084 τοῦτο
576 3030 942 3101 φροντιστέον,
974 3031 1112 3101 μήτε
1148 3032 1215 3100 τῇ
1260 3028 1575 3106 βραχυτάτη
1610 3029 1795 3101 ἀπάτῃ

202 3122 501 3195 αἱρεῖσθαι,
538 3122 740 3192 τειχίον
771 3125 838 3195 τῇ
859 3120 1003 3196 ψυχῇ
1042 3121 1325 3174 κάλλιστον
1356 3118 1795 3191 οἰκοδομοῦντας·

203 3216 293 3273 ινα
347 3215 486 3285 μήτε
526 3213 602 3283 τῷ
631 3212 836 3283 μείζονι
859 3211 1186 3284 αἱρεθῶμεν·
1213 3213 1240 3265 ὁ
1268 3212 1380 3284 γὰρ
1415 3212 1544 3283 περὶ
1569 3210 1638 3264 τὰ
1664 3211 1797 3283 βρα-

203 3307 415 3379 χύτατα
465 3304 685 3373 σφαλεὶς
732 3303 949 3358 πταίσει
995 3304 1124 3357 ποτὲ
1161 3304 1257 3357 καὶ
1299 3304 1426 3375 περὶ
1460 3302 1529 3356 τὰ
1556 3302 1795 3375 μείζονα,

202 3400 300 3455 καί
325 3402 354 3453 ὁ
387 3398 555 3469 μηδὲν
584 3396 691 3449 τῶν
717 3394 932 3464 μικρῶν
966 3393 1276 3465 αἱρεθεὶς...

1225 3501 1379 3538 αναν.
1390 3522 1402 3537 .
1414 3524 1427 3538 .

557 3580 649 3637 τὸν
677 3580 775 3649 τὴν
798 3578 1097 3648 ἀσφάλειαν
1125 3579 1289 3631 καὶ...

639 3670 860 3741 μείζονα.
888 3676 1097 3740 σχήσει·
1128 3669 1294 3725 ἐπεὶ..

201 3764 357 3818 λύκοι
388 3764 573 3817 πολλοὶ
598 3763 833 3816 κώδια...

200 3858 642 3929 ἠμφιεσμένοι...

561 3966 699 4019 ημη·
732 3947 806 4018 μή
836 3964 955 4009 σιμ»

431 4057 461 4093 υ
494 4041 672 4102 τοῖς..

198 4128 409 4186 οὖσα...

202 4221 485 4291 μάχαιραν
523 4219 744 4280 σειέτω,
790 4217 1091 4287 ἀσφάλειαν
1141 4216 1403 4287 μυωμένη
1445 4217 1512 4287 τῇ
1565 4214 1791 4286 ποίμνῃ,

198 4310 488 4383 γυμνοῦσα
526 4310 590 4364 δὲ*
628 4310 720 4363 καὶ
759 4307 857 4380 τὴν
904 4307 1245 4383 ἐπιχείρησιν
1283 4306 1391 4359 τῶν
1414 4305 1638 4378 θηρίων*
1666 4304 1792 4367 ,ἰδοὺ

197 4403 313 4474 γὰρ
336 4402 525 4456 πολλοὶ
556 4401 654 4471 μέν
675 4403 813 4453 είσιν
846 4402 895 4452 οἱ
931 4398 1307 4469 προελθόντες,
1357 4399 1452 4451 καὶ
1491 4391 1593 4451 ὧδε
1633 4398 1796 4452 κάκεῖ

198 4489 535 4554 πλάζονται,
572 4488 690 4541 ἀντὶ
721 4486 930 4539 κωδίων
953 4486 1014 4538 τὸ
1040 4486 1209 4556 ὄνομα
1233 4486 1326 4539 τοῦ
1355 4484 1591 4557 Χριστοῦ
1642 4502 1795 4556 περι-

197 4578 548 4650 εεὸλημένοι,
584 4578 676 4631 καὶ
695 4577 977 4648 λεγόμενοι
1007 4577 1104 4648 μὲν
1128 4577 1155 4629 ὃ
1194 4577 1266 4647 μὴ
1301 4578 1458 4642 εἰσὶν,
1481 4577 1633 4641 ὄντες
1680 4577 1735 4630 δὲ
1766 4576 1796 4629 ὃ

196 4670 465 4741 λέγεσθαι
491 4671 591 4723 οὐκ
617 4670 923 4739 ἀνέχονται·
974 4669 1110 4723 ἀλλὰ
1152 4669 1249 4740 τὴν
1278 4669 1484 4721 οἰκείαν
1531 4669 1793 4740 πονηρίαν

194 4763 574 4825 καλύπτοντες
609 4760 684 4831 τῷ
732 4758 973 4831 σχήματι
1009 4759 1104 4814 τοῦ
1148 4759 1432 4829 ὀνόματος,
1464 4760 1559 4812 καὶ
1599 4777 1795 4813 κοινω-

195 4850 425 4917 νοῦντες
456 4852 555 4923 μὲν
587 4851 662 4921 τῷ
691 4852 934 4920 ὀνόματι,
966 4850 1137 4922 ἄρδην
1161 4850 1216 4903 δὲ
1242 4850 1548 4921 διαφθεῖραι
1576 4851 1654 4912 τὸ,
1681 4851 1796 4904 ὅνο-

199 4965 279 5018 μα
312 4944 408 4998 τοῦ
443 4945 678 5015 Χριστοῦ
703 4942 1113 5007 ἐσπουδακότες,
1143 4942 1283 4995 κατὰ
1333 4943 1431 5011 μὲν
1468 4940 1563 4995 τοῦ
1618 4943 1793 5011 Ἰησοῦ

196 5038 648 5110 στρατευόμενοι,
688 5035 969 5107 Ἰησοῦνδὲ
1006 5034 1467 5105 ἐπικεκλημένοι·
1505 5033 1644 5105 αὕτη
1686 5036 1794 5105 γάρ

194 5134 351 5186 ἔστιν
372 5133 408 5201 ἡ
442 5128 801 5200 χαλεπωτάτη
832 5126 1087 5199 πονηρία,
1122 5128 1203 5179 ὅτι
1241 5125 1486 5193 λέγονται
1523 5123 1586 5177 τὺ
1618 5124 1789 5196 ὄνομα

191 5223 292 5278 τοῦ
321 5218 587 5294 Χριστοῦ,
616 5216 837 5290 Χριστῷ
865 5217 1245 5288 πολεμοῦντες·
1289 5216 1411 5269 ἐπεὶ
1450 5216 1558 5287 γὰρ
1596 5216 1791 5288 ὴτόνη-

196 5332 293 5369 σεν
321 5316 358 5386 ἡ
394 5312 631 5383 πονηρία
658 5310 919 5381 πολεμεῖν
948 5309 1083 5381 πρὸς
1110 5308 1264 5373 Θεὸν,
1292 5308 1557 5378 κέχρηται
1582 5307 1660 5376 τῷ
1681 5307 1792 5360 ὀνό-

195 5422 359 5477 ματι,
385 5405 473 5458 ενα
490 5405 555 5475 τῇ
581 5402 772 5473 χρήσει
799 5398 892 5453 τοῦ
922 5400 1183 5470 ὀνόματος
1218 5400 1394 5470 οἴησιν
1438 5398 1791 5467 ἐμποιήσασα

193 5495 313 5555 τοῖς
338 5492 592 5562 ἄφροσιν,
622 5490 698 5554 ὼς
720 5490 898 5543 οἰκεία
922 5486 1017 5541 τοῦ
1043 5486 1281 5559 Χριστοῦ
1303 5526 1317 5552 ,
1352 5480 1454 5538 ὦδε
1498 5486 1676 5548 κάκεῖ,
1711 5484 1788 5549 ὼς

196 5582 482 5653 βούλεται,
508 5581 814 5652 λυμάνηται
837 5577 1055 5649 τοὺςτῷ
1086 5578 1299 5648 Σωτῆρι
1332 5575 1784 5638 πεπιστευκόταςο

194 5668 303 5730 ὧδε
339 5674 440 5739 μὲν
469 5672 818 5735 Οὐαλεντίνος
846 5669 1132 5743 προῆλθεν·
1155 5663 1252 5722 ὧδε
1282 5668 1334 5721 δὲ
1362 5669 1641 5740 Μαρκίων·
1685 5661 1784 5722 ὧδε

320 5855 345 5887 ³
375 5851 571 5908 Ezech.
608 5866 719 5915 xrt,
749 5850 833 5905 52.

1977 3027 2185 3082 Idcirco
2234 3024 2535 3087 curandum
2585 3031 2701 3088 est,
2752 3031 2811 3077 ut
2864 3040 2929 3079 ne
2975 3024 3202 3078 minimo
3256 3026 3475 3095 quidem

1903 3133 2090 3174 errore
2124 3116 2227 3170 labi
2273 3114 2588 3185 contingat;
2639 3115 3009 3185 pulcherrimo
3050 3116 3244 3171 animae
3275 3134 3494 3187 propu-

1904 3207 2134 3279 gnaculo
2168 3206 2471 3270 aedificato,
2520 3221 2588 3259 ne.
2621 3205 2827 3274 majore
2861 3208 3163 3277 capiamur.
3199 3198 3301 3275 Qui
3336 3210 3480 3264 enim

1906 3301 1960 3354 in
2002 3300 2182 3369 parvis
2215 3297 2415 3367 labitur
2449 3312 2635 3351 errore
2658 3337 2674 3361 ,
2714 3296 2926 3352 labetur
2952 3297 3243 3367 aliquando
3279 3300 3330 3353 in
3367 3316 3483 3355 nia-

1902 3390 2151 3457 jori'bus;
2184 3398 2236 3441 et
2269 3386 2359 3457 qui
2401 3400 2506 3439 non
2542 3396 2625 3439 est
2660 3386 2919 3441 seductus
2950 3402 2978 3438 a
3015 3389 3199 3454 parvis
3226 3428 3241 3451 ,
3271 3390 3377 3442 erit
3407 3392 3481 3443 its

1903 3489 2093 3534 contra
2126 3479 2333 3548 majora
2363 3460 2606 3535 munitus
2634 3488 2689 3533 et
2737 3472 2883 3532 tutus
2908 3518 2921 3538 ,
2972 3489 3032 3541 ut
3065 3479 3113 3533 ei
3160 3480 3337 3534 resisti
3375 3498 3480 3535 non

1902 3573 2091 3640 possit.
2143 3569 2278 3638 Quia
2330 3571 2493 3640 igitur
2526 3574 2570 3625 si
2606 3570 2757 3627 multi
2812 3571 2917 3639 lnpi
2969 3571 3133 3640 pelles
3167 3572 3347 3626 ovium
3394 3574 3479 3627 in-

1902 3663 2053 3728 doti,
2090 3677 2302 3732 gregem
2336 3662 2686 3726 invaderent,
2736 3678 2841 3715 non
2891 3662 3080 3717 sileret
3125 3658 3330 3731 positor,
3384 3666 3480 3721 sed

1822 3768 1864 3824 ο
1899 3754 2135 3826 gladium
2191 3754 2469 3819 vibraret,
2522 3763 2580 3808 ut
2630 3754 2682 3807 in
2734 3763 2847 3809 tuto
2886 3770 3107 3825 gregem
3151 3756 3475 3823 collocaret,

1900 3848 2109 3902 nudans
2138 3856 2191 3900 et
2218 3844 2552 3915 patefaciens
2585 3846 3128 3901 conatmn-ferarum.
3155 3845 3295 3900 Ecce
3326 3847 3474 3903 multi

1898 3944 2023 3989 sunt
2052 3936 2144 4004 qui
2197 3934 2484 3999 exierunt,
2536 3943 2591 3988 et
2636 3934 2725 3989 hic
2777 3944 2939 4006 atque
2983 3934 3091 3988 illic
3123 3945 3345 4000 errant,
3381 3953 3474 4005 pro

1897 4023 2126 4094 pellibus
2156 4025 2339 4078 ovium
2387 4039 2583 4079 nomen
2629 4024 2833 4079 Christi
2880 4026 3087 4092 induti;
3122 4027 3212 4095 qui
3257 4041 3316 4081 se
3358 4027 3477 4097 qui-

1898 4118 2017 4171 dem
2053 4118 2239 4172 dicunt
2268 4120 2412 4187 quod
2446 4132 2551 4173 non
2586 4128 2752 4184 sunt;
2786 4122 2927 4188 quod
2962 4129 3141 4172 autem
3175 4129 3335 4185 sunt,
3372 4120 3477 4174 diri

1898 4205 2123 4271 nolunt,
2153 4208 2245 4263 sed
2273 4223 2426 4263 suam
2467 4208 2865 4276 improbitatem
2899 4196 3098 4265 atuictu
3127 4212 3364 4266 nominis
3392 4222 3477 4263 te-

1897 4308 2066 4369 gunt;
2094 4299 2183 4368 qui
2210 4314 2497 4354 connnnne
2521 4299 2739 4369 quidem
2772 4301 2971 4354 habent
2997 4316 3226 4366 nomen,
3258 4304 3480 4367 student

1896 4408 2024 4446 vero
2055 4402 2109 4446 ut
2141 4406 2334 4447 nomen
2364 4392 2568 4447 Christi
2600 4386 2840 4447 funditus
2872 4393 3129 4458 deleant;
3164 4397 3252 4463 qui
3287 4407 3474 4453 contra

1894 4483 2077 4539 Jesum
2112 4471 2381 4547 militant,
2412 4494 2463 4538 et
2492 4482 2673 4538 Jesum
2701 4484 2968 4538 inuocant.
3004 4485 3126 4540 llazc
3155 4496 3239 4541 est
3268 4470 3478 4541 tlillicil-

1895 4573 2021 4628 lima
2046 4590 2286 4628 omnium
2321 4575 2661 4643 improbitas,
2697 4576 2910 4629 nomine
2937 4575 3137 4630 Christi
3173 4578 3471 4646 appellari,

1895 4672 1946 4717 et
1974 4663 2250 4719 Christum
2279 4679 2609 4734 oppugnare.
2633 4665 2844 4718 Etenim
2870 4667 2994 4732 quia
3018 4680 3121 4720 nou
3152 4669 3325 4735 potuit
3352 4670 3473 4737 perl-

1894 4758 2125 4811 versitas
2155 4766 2355 4811 contra
2394 4756 2559 4809 Deum
2595 4756 2789 4809 bellum
2834 4771 3058 4825 gerere,
3107 4772 3204 4812 usa
3251 4770 3335 4813 est
3380 4776 3478 4812 no-

1896 4847 2083 4909 mine,
2138 4857 2193 4900 ut
2246 4862 2343 4901 usu
2394 4847 2630 4901 nominis
2672 4847 2983 4916 opinionem
3045 4836 3476 4919 imprudeniihus

1895 4938 2136 5006 injiciat.
2169 4949 2227 4994 ut
2253 4939 2409 5009 quasi
2441 4938 2643 4993 Christi
2678 4937 2960 4994 familiaris
3008 4940 3093 4994 hic
3141 4951 3197 4994 et
3239 4941 3383 5005 illic,
3417 4953 3475 4995 ut

1896 5030 2059 5095 libet,
2092 5046 2188 5086 eos
2214 5032 2305 5100 qui
2342 5031 2394 5085 in
2438 5030 2781 5085 Salvatorem
2833 5032 3219 5096 crediderunt,
3262 5033 3470 5101 perdat.

1821 5106 1867 5164 υ
1896 5119 1989 5174 Sic
2026 5119 2339 5174 Valentinus
2385 5120 2595 5185 exivit,
2632 5122 2712 5175 sic
2752 5119 3026 5185 Marcion,
3072 5121 3151 5174 sic
3197 5121 3471 5187 Siianus,

1898 5211 2114 5265 aliunde
2144 5226 2273 5266 vero
2303 5214 2466 5267 etiam
2511 5210 2768 5268 Phanius.
2815 5213 3093 5269 Postrema
3129 5215 3339 5268 abortio
3373 5215 3476 5269 iui-

1898 5304 2224 5371 probitatis,
2260 5319 2381 5374 qua:
2409 5320 2600 5359 omnes
2634 5306 2861 5359 aliorum
2906 5306 3283 5374 improbitates
3323 5319 3477 5363 esteo

1898 5398 2084 5449 uuavit
2111 5406 2164 5451 et
2203 5396 2406 5464 majore
2447 5396 2793 5467 improbitate
2824 5398 3054 5452 aliorum
3103 5400 3390 5468 improhita
3416 5416 3479 5456 es

1899 5490 1951 5542 in
1986 5489 2237 5544 secundis
2274 5488 2448 5560 p0suit
2475 5532 2489 5555 ,
2520 5487 2673 5543 furor
2706 5489 2985 5545 Manichaai
3016 5500 3140 5554 est;
3175 5501 3229 5545 et
3258 5495 3308 5543 in
3346 5509 3470 5559 νιο-

1897 5580 2075 5648 phetis
2120 5582 2379 5651 scriptum
2426 5592 2551 5637 est:
2590 5579 2815 5651 PrOpler
2850 5584 3065 5637 nimiam
3103 5584 3475 5651 negligmtium

1902 5671 2262 5742 Hierusalem,
2308 5675 2598 5745 justi/imm
2648 5686 2720 5730 est
2768 5693 2829 5730 ra:
2863 5688 2911 5730 te
2960 5675 3186 5728 Sodoma
3220 5676 3259 5731 ⁸.
3297 5676 3477 5733 Multa
