4226 6316
170 428 279 484 905

1090 420 1146 474 S.
1192 415 1600 474 SERAl’iONlS
1634 414 1834 469 LIBER
1874 414 2030 468 AD".
2070 411 2512 467 M.\NlCIi/EOS.

3328 410 3431 466 906

168 562 255 599 σιν
293 541 400 595 τῶν
431 540 696 611 σωμάτων
729 535 1106 608 ἀποδέχεσθαι·
1137 536 1255 599 πῶς
1287 536 1387 588 οὐκ
1424 534 1624 596 ἄτοπος
1663 535 1756 587 καὶ

1860 536 2117 588 conclave
2145 534 2357 587 Domini
2382 574 2396 597 ,
2432 542 2483 585 ut
2520 529 2680 584 Pater
2718 539 2771 583 et
2805 529 2969 583 Filius
2997 529 3060 583 ad
3098 545 3156 582 ea
3186 530 3430 594 veniam,

167 631 376 701 γελοῖος
399 631 621 683 ἐκείνων
646 630 673 681 ὁ
695 627 850 696 λόγος
869 648 882 697 ;

1838 628 1915 677 rt
1947 626 1999 678 in
2030 625 2111 680 eis
2148 625 2395 679 habitare
2424 623 2586 677 velint
2616 621 2669 683 ⁸,
2702 623 2969 691 quomodo
2998 637 3100 676 non
3137 632 3215 677 est
3243 622 3429 676 absur-

1861 716 1986 767 dtnu
2019 724 2074 773 et
2112 716 2395 772 ridiculum
2434 716 2577 783 quod
2615 712 2803 767 aiunt?

1222 800 1349 857 CAP.
1390 800 1477 856 VI.
1511 800 1675 871 quue
1697 818 1761 855 ea:
1786 802 2073 871 Scripturis
2098 805 2373 875 probatur.

255 899 389 953 Ἰδοὺ
423 897 532 968 γὰρ
583 897 713 951 ὅταν
753 896 852 967 μὲν
897 894 1106 957 Παῦλος
1152 893 1229 964 πῆ
1288 892 1387 963 μὲν
1426 892 1595 961 λέγει’
1636 895 1758 946 Οὐκ

172 990 375 1055 οἴδατε
409 989 499 1043 ὅτι
544 989 619 1042 τὰ
662 987 906 1058 σώματα
948 985 1116 1057 ὑμῶν
1152 983 1300 1063 νᾳός
1346 983 1452 1038 τοῦ
1505 984 1575 1037 ἐν
1618 982 1762 1052 ὑμῖν

171 1084 351 1153 ἁγίου
389 1082 733 1151 Πνεύματός
764 1081 936 1134 ἐστιν
960 1097 978 1144 ;
1009 1082 1038 1133 ὁ
1066 1078 1122 1132 δὲ
1156 1077 1289 1140 Θεὸς
1314 1075 1402 1130 διὰ
1431 1075 1523 1129 τοῦ
1550 1077 1763 1147 προφή-

172 1191 268 1227 του
298 1173 701 1243 ἐπαγγέλληται
729 1190 741 1203 ι
774 1170 1103 1240 Ἐνοικήσω
1121 1170 1190 1224 ἐν
1206 1168 1433 1235 αὐτοῖς,
1464 1166 1563 1221 καὶ
1585 1167 1759 1236 ἐμπεο

169 1265 509 1337 ριπατήσω,
545 1263 643 1318 καὶ
662 1264 884 1332 ἔσομαι
906 1260 1109 1315 αὐτῶν
1138 1259 1302 1326 Θεός’
1329 1258 1424 1312 καὶ
1455 1257 1630 1311 πείθει
1663 1259 1763 1331 τὴν

174 1356 439 1419 διάνοιαν,
476 1355 571 1409 καὶ
598 1358 708 1417 τοῖς
738 1353 951 1423 σώμασι
986 1353 1253 1422 μαρτυρεῖ
1275 1367 1287 1381 ο
1339 1351 1433 1403 καὶ
1461 1350 1521 1402 τὸ
1554 1349 1650 1420 μὲν
1676 1348 1766 1401 οὒ-

178 1446 375 1510 σιῶδες
404 1445 617 1512 ἐξωθεῖ,
643 1447 706 1516 τῇ
739 1444 796 1497 δὲ
823 1443 1019 1515 μελέτῃ
1059 1442 1121 1496 τὸ
1150 1441 1382 1512 πρᾶγμα
1422 1440 1762 1494 ἀποδίδωσινο

174 1537 308 1591 ὅταν
333 1536 443 1608 γὰρ
477 1536 511 1607 ἡ
544 1535 741 1606 μελέτη
774 1532 835 1586 τὸ
864 1532 1171 1604 ἐπιτήδειον
1207 1531 1307 1601 τῆς
1337 1529 1609 1593 πολιτείας
1635 1530 1769 1582 ἁπο-

175 1627 275 1699 δῷ,
308 1627 431 1681 τότε
459 1626 735 1698 ἡτοιαύτη
757 1623 1067 1694 κατασκευὴ
1100 1625 1158 1677 ὲν
1189 1625 1301 1685 τοῖς
1337 1620 1585 1692 σώμασιν
1636 1620 1770 1673 ἀπο-

1932 896 2071 952 Ecce
2105 898 2250 952 enim
2288 895 2486 949 Paulus
2544 896 2738 955 alirubi
2789 898 2904 950 ait:
2946 899 3023 950 An
3057 897 3269 951 nescitis
3298 898 3437 961 quod

1861 1003 2079 1055 corpora
2105 998 2272 1041 ucstra
2301 988 2549 1056 templum
2573 988 2673 1039 sint
2699 988 2925 1053 Spiritus
2952 989 3117 1040 sancti
3150 986 3435 1039 habitantis

1863 1080 1917 1132 in
1964 1078 2172 1145 vobis“?
2218 1080 2359 1133 Deus
2406 1088 2584 1131 autem
2638 1092 2731 1145 per
2776 1079 3087 1145 prophetam
3136 1078 3431 1148 promittit.

1866 1170 2117 1239 inquiens
2146 1188 2160 1224 :
2193 1169 2451 1224 Habitabo
2476 1170 2527 1223 in
2556 1169 2648 1223 eis.
2672 1180 2717 1222 et
2747 1167 3102 1235 inambulabo,
3122 1181 3167 1222 et
3190 1187 3277 1224 ero
3307 1170 3442 1237 ἰριο-

1866 1277 1981 1315 rum
2010 1261 2146 1317 Deus
2170 1263 2211 1315 ⁸.
2246 1261 2368 1316 llaec
2398 1262 2680 1329 Scriptura
2713 1270 2766 1315 et
2799 1260 2961 1314 menti
2994 1260 3204 1325 suadet,
3234 1269 3289 1315 et
3317 1276 3441 1315 cor-

1867 1355 2084 1422 poribus
2119 1366 2424 1415 attestatur,
2468 1365 2521 1408 et
2549 1351 2901 1406 substantiale
2949 1349 3147 1404 malum
3190 1351 3438 1418 expellit;

1867 1448 2103 1501 Studium
2131 1462 2255 1501 vero
2278 1447 2506 1500 actionis
2537 1461 2645 1498 rem
2669 1444 2861 1498 etiicit:
2892 1459 3014 1498 cum
3038 1445 3179 1498 enim
3204 1443 3443 1497 idoneam

1870 1538 2033 1590 vitam
2050 1546 2292 1609 etaptam
2322 1538 2493 1591 reddit
2541 1546 2667 1591 tunc
2690 1539 2811 1592 talis
2833 1537 3029 1591 fabrica
3053 1537 3104 1591 in
3128 1536 3447 1606 corporibus

1874 1628 2131 1692 redditur,
2159 1639 2215 1679 ut
2232 1628 2437 1698 possint
2455 1643 2678 1698 corpora
2699 1628 2919 1697 Spiritui
2938 1637 3126 1682 sancto
3153 1627 3444 1683 deservire.

177 1720 426 1783 δέδοται,
467 1719 543 1783 ὡς
588 1717 846 1771 δύνασθαι
880 1718 975 1769 καὶ
1010 1716 1082 1769 τὰ
1122 1713 1350 1786 σώματα
1377 1714 1668 1785 ὑπηρετεῖν
1701 1709 1778 1781 τῷ

1838 1742 1849 1788 ι
1879 1719 2151 1772 desert-ire
2174 1717 2302 1771 item
2339 1719 2554 1772 rationi.
2578 1717 2853 1784 Quomodo
2873 1718 3032 1787 igitur
3064 1726 3235 1787 potest
3267 1716 3448 1784 lingua

181 1813 489 1884 Πνεύματι,
516 1813 808 1881 ὑπηρετεῖν
831 1808 887 1861 δὲ
920 1808 1014 1861 καὶ
1043 1805 1120 1878 τῷ
1148 1806 1310 1876 λόγῳ.
1348 1804 1470 1868 Πῶς
1492 1800 1585 1857 οὖν
1613 1802 1773 1855 δύνα-

178 1923 272 1960 ται
305 1907 342 1975 ἡ
369 1904 591 1973 γλῶσσα
628 1904 919 1975 ὑπηρετεῖν
942 1902 1051 1964 τοῖς
1089 1896 1455 1968 νενοημένοις;
1488 1896 1551 1948 Εἰ
1572 1894 1681 1964 γὰρ
1708 1894 1774 1963 τῇ

180 1998 346 2069 οὐσίᾳ.
366 1998 442 2069 (4)
475 1998 509 2067 ἡ
546 1995 767 2065 γλῶσσα
795 1993 960 2064 κακὴ,
993 1990 1194 2060 ἀγαθὸς
1217 1990 1273 2042 δὲ
1298 1991 1326 2042 ὁ
1362 1986 1509 2050 νοῦς,
1540 1986 1657 2049 πῶς
1688 1984 1778 2036 δύ-

180 2106 347 2145 ναται
379 2090 661 2142 κοινωνεῖν
687 2089 798 2149 τοῖς
828 2083 1201 2156 ἀκροωμένοις
1233 2083 1315 2145 είς
1346 2079 1464 2149 φῶς
1484 2078 1552 2133 τὰ
1585 2078 1779 2149 νοήμα-

180 2200 252 2237 τα
274 2182 368 2236 διὰ
388 2183 489 2252 τῆς
514 2180 811 2252 ἑρμηνείας
837 2177 1243 2248 προεξάγουσα;
1285 2173 1373 2235 Ὠς
1397 2171 1508 2243 γὰρ
1550 2172 1613 2223 ἐκ
1645 2187 1780 2240 πορ-

183 2275 340 2338 νείας
367 2272 434 2328 οὒ
458 2274 712 2341 γεννᾶται
746 2268 1091 2341 σωφροσύνη,
1114 2266 1286 2330 οὕτως
1306 2266 1404 2335 οὐχ
1423 2254 1535 2317 οἷόν
1555 2262 1615 2315 τέ
1636 2263 1782 2315 ἐστιν

184 2367 300 2421 ἀπὸ
332 2366 427 2420 τοῦ
456 2364 745 2427 οὗσιώδους
770 2362 938 2416 κακοῦ
969 2360 1191 2429 γνήσιόν
1224 2376 1275 2412 τι
1308 2355 1614 2430 προελθεῖν·
1655 2356 1783 2407 ὅταν

184 2457 284 2514 οὖν
316 2458 548 2512 ἕκαστον
580 2456 687 2517 τῶν
727 2454 901 2526 μελῶν
940 2451 1275 2524 ἐπισκέπτῃ,
1312 2450 1411 2520 τὴν
1452 2448 1642 2520 ἀκοὴν,
1684 2447 1784 2512 τὰς

185 2549 370 2619 ὄψεις,
399 2549 499 2621 τὴν
531 2547 800 2616 γλῶτταν,
855 2545 923 2599 τὰ
964 2544 1099 2598 ἄλλα
1156 2542 1314 2613 μέλη,
1352 2540 1444 2594 καὶ
1487 2539 1603 2611 ἴδῃς
1645 2539 1786 2593 αὑτά

186 2642 406 2713 ὄργανα
437 2639 544 2694 τῶν
577 2638 913 2710 μαθημάτων
942 2633 1395 2705 γιγνόμενα,τότε
1423 2632 1485 2685 τὸ
1517 2632 1613 2701 μὲν
1632 2632 1789 2701 σῶμα

186 2732 455 2804 ἀποδέξῃ,
484 2732 577 2784 καὶ
608 2730 669 2783 οὐ
701 2728 910 2801 μέμψῃ,
942 2726 1037 2780 καὶ
1071 2726 1192 2803 ὄψει
1223 2724 1361 2779 αὐτὰ
1384 2725 1664 2796 ποιήματα
1691 2738 1790 2775 κα-

190 2825 341 2879 θαρά
362 2841 373 2853 ·
400 2822 624 2895 βδελύξῃ
656 2822 714 2875 δὲ
734 2821 825 2874 τὸν
844 2817 1135 2874 ἀπατεῶνα
1158 2816 1260 2886 τῆς
1288 2816 1544 2887 ἀληθείας
1572 2815 1785 2886 ἐχθρόν.

1878 1810 2129 1878 cogitatis
2162 1808 2467 1864 inservire?
2492 1806 2547 1861 Si
2585 1808 2729 1862 enim
2779 1808 2956 1875 lingua
2994 1805 3130 1861 maia
3158 1819 3261 1871 est,
3303 1820 3453 1859 mens

1879 1910 2055 1954 autem
2088 1901 2247 1965 boaa,
2290 1901 2557 1970 quomodo
2591 1911 2767 1968 potest
2795 1902 3106 1954 societatem
3138 1914 3259 1952 cum
3305 1898 3454 1966 rogi-

1883 1994 2011 2045 tatis
2066 1992 2300 2054 habere,
2358 1992 2604 2045 notiones
2666 1992 2717 2044 iu
2775 1992 2948 2045 lucem
3016 1991 3456 2060 interpretatione

1884 2082 2214 2153 proferens?
2272 2082 2424 2137 Sicut
2470 2083 2615 2137 enim
2668 2098 2733 2135 ex
2784 2082 3006 2135 libidine
3062 2098 3167 2134 non
3225 2081 3457 2149 gignitur

1886 2177 2266 2246 temperantia,
2305 2177 2385 2232 sic
2413 2177 2527 2231 fieri
2564 2192 2668 2230 tmn
2696 2184 2870 2244 potest
2906 2184 2963 2230 ut
2990 2190 3053 2229 ex
3089 2175 3229 2229 malo
3260 2189 3458 2229 secun-

1883 2269 2009 2321 dmn
2058 2267 2415 2320 substantiam
2472 2265 2687 2335 aliquid.
2729 2267 3015 2320 honesturn
3065 2266 3453 2333 proﬁciscatur.

1884 2356 2017 2413 Cum
2059 2359 2221 2426 igitur
2269 2358 2480 2429 singula
2519 2356 2759 2411 membra
2812 2358 3269 2416 consideraret-is.
3305 2356 3460 2408 audi-

1891 2459 2022 2513 tum,
2055 2459 2353 2517 aspectum.
2388 2450 2621 2518 linguam
2650 2491 2665 2515 ,
2703 2451 2804 2501 alia
2857 2448 3122 2514 membra,
3159 2460 3213 2504 et
3263 2450 3462 2503 videris

1892 2539 2027 2593 facta
2055 2554 2175 2595 esse
2199 2540 2552 2595 instrumenta
2584 2552 2993 2610 pratceptorum,
3018 2556 3137 2609 qua:
3158 2541 3462 2601 didicimus,

1895 2642 2020 2687 tunc
2053 2649 2248 2700 corpus
2290 2635 2505 2701 quidem
2547 2634 2817 2695 laudabis,
2873 2643 2924 2687 et
2962 2648 3065 2687 non
3112 2635 3463 2702 vituperabis,

1895 2726 2210 2796 videbisqne
2262 2726 2398 2780 facta
2448 2727 2562 2796 ipsa
2604 2741 2725 2782 esse
2775 2742 2905 2796 pura
2952 2741 3015 2779 ac
3050 2726 3279 2789 munda;
3311 2740 3467 2779 exse-

1893 2816 2138 2870 craberis
2175 2826 2353 2870 autem
2386 2815 2784 2870 fraudulentum
2818 2815 3058 2870 veritatis
3095 2815 3400 2871 inimicum.

901 2931 1030 2987 Car.
1059 2927 1165 2986 Vll.
1209 2926 1548 2981 Hanicltat'ca
1578 2928 1833 2981 sententia
1861 2932 1925 2981 de
1949 2944 2187 2997 corpore,
2214 2930 2489 2997 nugatoria
2512 2941 2559 2983 et
2590 2933 2759 2999 latum

268 3048 337 3102 Ei
368 3045 427 3101 δὲ
467 3047 581 3099 ἔνια
620 3045 720 3115 μὲν
740 3042 848 3096 τῶν
877 3041 1145 3111 σωμάτων
1181 3040 1265 3093 ἀεὶ
1290 3041 1607 3109 ἐσωφρόνει,
1634 3037 1786 3091 οὐδέ-

191 3153 333 3191 ποτε
370 3132 830 3207 ἐρρᾳθυμηκότα,
872 3131 989 3185 ἔνια
1034 3130 1091 3184 δὲ
1130 3130 1217 3182 ἀεὶ
1262 3129 1590 3200 ἐρρᾳθύμει,
1635 3128 1789 3182 οὐδὲν

194 3229 392 3301 μόριον
441 3224 794 3296 σωφροσύνης
835 3223 1235 3293 ἀσπασάμενα·
1267 3218 1335 3291 ἦν
1378 3221 1575 3286 εἰπεῖν,
1616 3220 1699 3273 ὅτι
1732 3220 1790 3271 ὲν

190 3322 314 3383 τοῖς
366 3318 583 3388 σώμασι
626 3317 913 3385 γεγένηται
970 3313 1254 3385 μερισμὸς,
1306 3313 1399 3366 καὶ
1430 3312 1546 3365 ἔνια
1573 3312 1672 3383 μὲν
1698 3310 1790 3364 οὖ·-

193 3427 292 3463 πω
338 3409 438 3480 (5),
469 3408 586 3462 ἔνια
628 3407 686 3460 δὲ
725 3406 867 3460 οὓτω
914 3407 1148 3474 πέφυκε·
1200 3406 1292 3458 καὶ
1334 3403 1552 3472 ἠσθένει
1598 3403 1697 3474 μὲν
1730 3404 1789 3456 ὲν

192 3501 380 3571 τούτῳ
424 3503 453 3553 ὀ
492 3501 648 3568 λόγος
680 3498 859 3553 αὐτῶν
881 3514 894 3527 ·
929 3496 1114 3550 οὐκέτι
1139 3495 1249 3567 γὰρ
1294 3494 1415 3549 καθ’
1448 3494 1585 3548 ὅλων
1612 3494 1793 3565 σωμά·

193 3610 311 3646 των
336 3592 586 3660 ἐγίγνετο
614 3590 795 3652 αὐτοῖς
828 3592 856 3642 ὁ
879 3588 1034 3656 λόγος
1059 3627 1073 3651 ,
1109 3589 1221 3656 είγε
1264 3586 1491 3660 τοιαύτῃ
1533 3586 1792 3639 ὑποθέσει

197 3683 469 3756 ὶχρῶντο.
501 3682 639 3734 Ἀλλ’
662 3680 871 3748 ἐγίνετο
894 3680 1055 3733 πάλιν
1094 3677 1315 3742 εὔκολος
1356 3681 1386 3731 ὁ
1433 3677 1653 3747 ἐλεγχος
1673 3718 1687 3741 ,
1711 3676 1794 3729 ὅτι

197 3776 335 3839 Πῶς
361 3769 476 3829 οἶόν
503 3791 562 3826 τε
581 3769 648 3844 ἦν
673 3772 783 3825 τῶν
807 3772 1073 3842 σωμάτων
1102 3772 1202 3841 τὴν
1228 3770 1396 3839 αὐτὴν
1433 3769 1665 3839 ἐχόντων
1701 3768 1794 3820 οὐ-

197 3867 351 3929 σίαν,
382 3864 478 3920 δύο
509 3863 699 3933 φύσεις
724 3861 972 3923 ἐναντίας
1003 3860 1110 3914 ἀπὸ
1142 3860 1242 3929 τῆς
1271 3859 1441 3928 αὐτῆς
1464 3857 1648 3921 οὐσίας
1667 3859 1794 3911 ὑπο-

198 3959 424 4028 στῆναι,
459 3956 553 4009 καὶ
574 3954 671 4025 τὴν
700 3952 866 4022 αὐτὴν
884 3951 1072 4004 οὐσίαν
1101 3949 1435 4021 διαιρεθῆναι
1479 3951 1558 4013 είς
1609 3949 1798 4017 φύσεις

194 4048 324 4111 δύο,
356 4047 447 4100 ἵνα
473 4045 533 4099 τὸ
572 4045 668 4116 μὲν
702 4045 760 4096 ἓν
800 4044 966 4114 μέρος
998 4043 1085 4096 ἀεὶ
1108 4042 1295 4102 κακὸν,
1335 4041 1395 4094 τὺ
1417 4041 1472 4093 δὲ
1500 4040 1686 4111 ἕτερον
1711 4041 1799 4093 ἀεὶ

197 4138 402 4197 καλὸν,
449 4137 543 4190 καὶ
581 4136 669 4189 ἵνα
701 4132 909 4189 ἑαυτῶν
948 4133 1273 4188 ἀνεπίδεκτα
1368 4134 1579 4194 ἑαυτοῖς
1630 4130 1800 4201 μαχό-

202 4246 356 4301 μενα
379 4268 395 4294 ,
439 4226 606 4280 ἑαυτά
649 4224 997 4296 ἀναιροῦντα,
1041 4227 1097 4279 ὲν
1125 4227 1245 4287 ταῖς
1272 4222 1597 4293 γυμνασίαις
1634 4222 1802 4274 ἑαυτὰ

197 4319 686 4389 ἐνδιαφθείροντα,
732 4317 833 4387 τῆς
883 4318 1053 4387 αὐτῆς
1091 4316 1281 4379 οὐσίας
1332 4315 1586 4368 οὐδέποτε
1635 4316 1801 4386 ἑαυτῇ

201 4408 537 4483 μαχομένης
569 4407 663 4459 καὶ
710 4407 907 4477 ἑαυτὴν
940 4405 1299 4476 ἀναιρούσης;
1337 4405 1447 4457 Καὶ
1484 4404 1594 4456 τῶν
1629 4403 1803 4457 τοιού-

196 4518 325 4554 των
357 4499 638 4568 ζητήσεων
665 4496 982 4567 γινομένων,
1007 4494 1166 4559 ὒθλος
1188 4495 1283 4548 καὶ
1306 4498 1489 4566 μωρία
1510 4496 1672 4549 πάλιν
1699 4513 1803 4564 φα-

196 4591 443 4661 νήσεται
472 4586 649 4641 αὐτῶν
683 4587 714 4657 ἡ
747 4587 1024 4656 πρότασις.

1968 3041 2122 3107 Quod
2183 3043 2227 3096 si
2287 3057 2407 3112 quae
2470 3053 2650 3111 partes
2714 3044 2960 3111 corporis
3012 3057 3227 3113 semper
3289 3050 3473 3096 essent

1899 3141 2286 3202 temperantes,
2337 3150 2608 3202 nunquam
2642 3134 2694 3187 in
2744 3134 2991 3204 pigritia;
3028 3134 3148 3188 alias
3179 3149 3306 3188 vero
3330 3148 3473 3187 sent-

1899 3236 1992 3290 per
2022 3223 2317 3292 pigrantes,
2353 3224 2555 3277 nullam
2604 3233 2812 3291 partem
2858 3226 3227 3292 temperantia:
3266 3224 3472 3293 ample-

1895 3323 2135 3369 ctentes:
2171 3314 2272 3367 diei
2312 3325 2514 3383 posset,
2548 3316 2869 3369 divisionem
2894 3330 3017 3369 esse
3048 3316 3099 3370 in
3131 3316 3471 3384 corporibus,

1893 3414 1947 3457 et
1978 3416 2161 3473 partes
2190 3407 2453 3473 quasdam
2486 3407 2564 3460 sic
2592 3416 2785 3460 natura
2821 3405 2993 3461 factas
3033 3423 3172 3470 esse,
3215 3407 3473 3476 quasdam

1896 3510 2024 3549 vero
2056 3496 2234 3565 aliter,
2283 3506 2535 3566 essetque
2585 3500 2634 3551 in
2668 3497 2772 3553 hoc
2815 3499 2958 3552 ratio
2996 3513 3181 3553 eorum
3221 3500 3428 3552 inﬁrma
3461 3520 3473 3552 :

1897 3601 1999 3638 non
2034 3588 2175 3639 enim
2219 3587 2331 3656 jam
2359 3588 2425 3642 de
2467 3590 2591 3641 totis
2625 3590 2942 3658 corporibus
2970 3604 3154 3643 eorum
3185 3590 3476 3659 disputatio

1898 3686 2063 3732 esset.
2103 3677 2145 3730 si
2183 3678 2271 3730 tali
2308 3678 2590 3747 byputhesi
2622 3688 2920 3733 uterentur.
2954 3677 3062 3733 Sed
3103 3679 3259 3734 facile
3291 3696 3477 3734 rursus

1902 3771 1981 3823 sic
2026 3768 2426 3837 redarguuntur
2462 3791 2475 3823 :
2530 3769 2811 3836 Quomodo
2847 3771 2988 3825 enim
3029 3784 3253 3841 possunt
3290 3788 3479 3842 corpo-

1902 3876 2019 3913 rum
2054 3860 2295 3928 ejusdem
2340 3863 2679 3925 subatantim,
2719 3864 2837 3917 dum
2864 3864 3153 3917 contrarias
3182 3875 3385 3917 natura.-
3411 3867 3479 3917 ab

1900 3954 2085 4007 eadem
2134 3954 2432 4008 substantia
2478 3956 2795 4018 subsistere,
2834 3956 3132 4023 eademque
3182 3955 3479 4009 substantia

1902 4044 1954 4096 in
2011 4054 2234 4098 naturas
2272 4047 2404 4097 duas
2455 4046 2654 4109 dividi,
2706 4057 2760 4099 ut
2813 4048 2927 4101 ba‘e
2977 4061 3099 4115 pars
3151 4047 3220 4099 sit
3269 4061 3481 4113 semper

1905 4133 2062 4198 mala,
2100 4134 2268 4189 altera
2299 4151 2426 4191 vero
2460 4149 2675 4206 semper
2722 4140 2891 4198 bona;
2936 4147 2989 4191 et
3036 4146 3095 4189 ut
3128 4153 3187 4191 se
3238 4137 3478 4203 recipere

1905 4239 2007 4277 non
2035 4224 2269 4291 possint,
2302 4240 2486 4278 secum
2519 4236 2777 4297 pugnent,
2812 4243 2839 4279 a
2882 4243 2940 4282 se
2968 4228 3254 4291 intereant,
3296 4228 3349 4278 iu
3380 4242 3477 4279 usu

1906 4325 2070 4379 atque
2121 4316 2514 4371 exercitatione
2568 4333 2627 4372 se
2694 4319 3037 4380 interimant,
3099 4333 3220 4370 cum
3278 4318 3481 4382 alioqui

1905 4404 2204 4456 substantia
2260 4420 2532 4473 nunquam
2580 4420 2763 4461 secum
2820 4417 3038 4476 pugnet,
3085 4421 3248 4472 seque
3292 4406 3483 4459 tollat?

1908 4491 1960 4546 Si
1994 4494 2116 4547 talia
2157 4495 2515 4562 inquirantur,
2564 4513 2748 4552 rursus
2779 4498 3018 4568 ipsorum
3056 4498 3283 4566 quatstio
3314 4514 3483 4567 nuga-

1911 4583 2045 4637 toria
2079 4597 2131 4638 ct
2161 4586 2307 4639 fatua
2354 4589 2650 4656 apparebit.

1124 4677 1253 4732 CAP.
1284 4676 1417 4733 Vill.
1451 4675 1599 4730 Idem
1628 4686 1991 4744 argumentum
2020 4678 2343 4746 persequitur
2369 4692 2573 4731 auctor.

279 4772 353 4825 Ei.
378 4769 435 4823 δὲ
467 4770 539 4823 τὰ
559 4769 657 4839 μὲν
681 4768 908 4839 σώματα
931 4767 1029 4837 οὐχ
1050 4767 1219 4831 οὕτως
1262 4767 1430 4831 ἐστὶν,
1455 4767 1575 4819 οὐδὲ
1606 4766 1674 4818 τὰ
1710 4767 1787 4835 μὲι

1843 4772 1884 4824 D
1983 4765 2077 4820 Sin
2121 4781 2248 4820 vero
2287 4782 2395 4820 non
2426 4770 2504 4823 sic
2539 4778 2665 4823 sunt
2704 4784 2953 4838 corpora,
2990 4784 3087 4824 nec
3122 4771 3224 4821 alia
3263 4770 3478 4837 quidem

196 4863 302 4918 ἀεί
337 4864 454 4915 ἐστι
485 4859 756 4931 σώφρονα,
792 4859 861 4912 τὰ
890 4859 947 4912 δὲ
982 4860 1069 4912 ἀεὶ
1100 4859 1318 4931 ῥᾴθυμα
1396 4857 1531 4911 ἀλλὰ
1558 4858 1673 4920 δέος
1703 4858 1799 4927 μὲν

197 4956 339 5008 ἔστι
361 4951 615 5023 περὶτῶν
639 4951 952 5021 σωφρόνων,
983 4952 1191 5021 μήποτε
1222 4950 1649 5022 ρᾳθυμήσωσι...
1681 4950 1803 5019 ἠρέ-

198 5048 305 5117 θη,
348 5044 444 5097 καὶ
475 5043 636 5097 πάθει
670 5042 965 5113 ἐπιθυμίας
1001 5042 1373 5113 συμπέποται.
1398 5041 1589 5104 Ἐλπὶς
1622 5039 1678 5092 δὲ
1705 5040 1801 5093 καὶ

198 5137 354 5208 περὶ
373 5133 482 5187 τῶν
502 5134 713 5201 λάγνων
750 5135 845 5188 καὶ
869 5134 1181 5188 ἀκολάστων
1206 5134 1495 5202 σωμάτων,
1538 5134 1659 5185 ἐπεὶ
1679 5133 1801 5185 πο).-

196 5230 282 5285 λὰ
334 5226 444 5279 τῶν
484 5225 582 5295 ἤδη
620 5223 1050 5297 ῥᾳθυμησάντων
1099 5228 1387 5296 σωμάτιον,
1440 5223 1694 5278 τοσοῦτον
1724 5225 1803 5292 εἰς

200 5317 580 5391 σωφροσύνην
599 5316 942 5381 ἐπιδέδωκεν,
968 5319 1043 5379 ὡς
1072 5318 1204 5388 μηδὲ
1226 5320 1425 5388 σημεῖα
1445 5316 1545 5385 τῆς
1567 5316 1803 5377 παλαιᾶς

195 5406 521 5471 ἀκολασίας
542 5406 702 5477 ἔχειν,
735 5406 810 5470 ὡς
834 5406 921 5460 διὰ
956 5406 1232 5477 βελτίωςιν
1256 5408 1347 5460 καὶ
1370 5406 1605 5459 ἐπίδοσιν
1623 5406 1805 5457 πλείο-

199 5522 306 5571 να,
336 5501 520 5570 πάσης
552 5500 759 5571 ῥυτίδος
791 5498 885 5552 καὶ
919 5498 1106 5552 σπίλου
1137 5498 1230 5552 τοῦ
1265 5497 1493 5552 παλαιοῦ
1534 5496 1799 5549 ἀπολελύ-

864 5618 885 5650 ⁸
916 5618 933 5672 l
963 5616 1088 5673 Cor.
1121 5634 1217 5684 ιιι,
1261 5618 1344 5673 16.

310 5733 354 5787 ι
420 5731 501 5800 Τῇ
524 5733 725 5797 οὐσίᾳ.
763 5735 884 5785 lucc
911 5745 1013 5785 non
1048 5744 1310 5798 expressa
1338 5742 1626 5797 mterpres.

280 5733 379 5879 25;
417 5801 569 5873 Legit
614 5803 924 5869 interpres:
979 5802 1073 5854 καὶ
1111 5800 1225 5854 ἔνια
1268 5802 1364 5872 μὲν
1407 5800 1569 5863 οὕτω,
1619 5801 1626 5850 !

284 5624 312 5655 ‘
344 5618 504 5675 Joan.
554 5634 663 5685 xw,
695 5618 787 5674 25.

1908 4872 2120 4924 semper
2162 4869 2287 4911 sunt
2320 4859 2370 4911 in
2397 4859 2597 4913 virtute
2640 4861 3028 4928 temperantiae,
3061 4861 3163 4914 alia
3189 4876 3314 4914 vero
3342 4876 3485 4915 sent-

1911 4963 2003 5017 per
2039 4949 2089 5001 iu
2128 4949 2380 5019 pigritia;
2432 4952 2526 5005 sed
2576 4962 2753 5005 metus
2804 4962 2889 5005 est
2928 4954 2992 5005 de
3032 4953 3477 5018 temperantibus,

1912 5057 1977 5095 ne
2008 5044 2223 5109 quando
2264 5052 2481 5111 propter
2512 5043 2889 5112 negligentiam
2926 5051 3226 5111 temperare
3265 5044 3480 5113 pigren-

1912 5147 2039 5188 tur:
2075 5136 2236 5187 multa
2268 5138 2410 5189 enim
2454 5135 2561 5204 jam
2608 5152 2836 5206 corpora
2877 5138 2945 5191 ob
2989 5138 3241 5189 virtutem
3276 5148 3480 5205 tempe-

1910 5227 2099 5278 rantiae
2132 5224 2297 5289 clara,
2331 5235 2486 5292 capta
2528 5238 2675 5289 Sunt,
2724 5237 2777 5279 et
2817 5242 2879 5279 ea
2909 5236 3071 5280 aestus
3108 5226 3345 5280 libidinis
3379 5231 3477 5281 ab-

1907 5318 2131 5370 sorbuit.
2168 5316 2273 5370 Sed
2304 5333 2490 5373 rursus
2520 5334 2642 5388 spes
2673 5330 2751 5373 est
2786 5319 2852 5371 de
2884 5319 3169 5387 impudicis
3209 5330 3264 5374 et
3293 5319 3476 5373 libidi-

1909 5409 2051 5461 nosis
2100 5409 2413 5476 corporibus
2458 5428 2471 5463 :
2518 5410 2782 5477 siquidem
2848 5410 3012 5462 multa
3076 5410 3187 5477 jam
3242 5425 3362 5479 qua:
3422 5411 3477 5465 in

1906 5499 2119 5565 pigritia
2169 5510 2223 5553 et
2278 5502 2484 5570 ignavia
2542 5502 2779 5566 fuerunt,
2837 5510 3017 5557 tantos
3062 5515 3375 5569 progressus
3422 5502 3480 5557 in

1423 5618 1442 5649 ⁸
1471 5616 1598 5672 Lev.
1636 5630 1795 5683 χχιιι,
1832 5617 1933 5681 12;
1969 5618 2009 5671 ll
2054 5618 2181 5674 Cor.
2217 5637 2300 5685 rt,
2352 5622 2435 5676 16.

417 5797 569 5873 Legit
614 5803 924 5869 interpres:
979 5802 1073 5854 καὶ
1111 5800 1225 5854 ἔνια
1268 5802 1364 5872 μὲν
1407 5800 1569 5863 οὕτω,
1619 5799 1735 5855 ἔνια
1774 5801 1787 5853 i

1890 5799 2032 5853 οὕτω
2064 5798 2290 5864 πέφυκε.
2333 5797 2488 5853 Ευιτ.
2534 5798 2773 5854 ιίλτιιοι..

624 5896 899 5958 Panos.
958 5894 1075 5959 Gn.
1124 5897 1256 5959 XL.

3097 5889 3172 5953 29
