4226 6316
226 334 331 392 909

1141 347 1196 400 S.
1243 343 1650 402 SERAPIONS
1686 343 1884 400 LIBER
1923 343 2081 402 ADV.
2125 341 2568 398 ΜᾹΝΙΟΙΙιιΕΟΞ.

3375 342 3480 399 910

223 449 482 522 γνομένης
508 453 580 504 Τὸ
613 453 720 525 γὰρ
745 454 1029 528 δεχόμενον
1065 457 1304 526 ἀλλαγὰς
1354 459 1449 511 καὶ
1502 455 1803 529 μεταϐολάς
1834 463 1877 517 Α

1834 463 1877 517 Α
1908 471 2003 510 nec
2039 467 2217 511 essent
2244 456 2535 519 urala,_sed
2562 464 2741 509 essent
2774 453 3043 508 honesta?
3091 453 3146 508 Si
3176 467 3353 510 autem
3388 451 3476 522 po-

225 539 403 595 ⁴ιὺκέτι
428 545 556 606 τοὺς
578 545 733 616 ὅρους
763 548 862 618 τῆς
892 548 1107 617 φύσεως
1147 548 1379 619 δέχεται’
1421 548 1706 619 ἀμείϐεται
1747 546 1803 598 δὲ

226 635 282 688 τὸ
317 635 476 705 σῶμα
501 637 594 690 καὶ
626 639 1068 708 μεταλλάττεται.
1105 641 1199 694 καὶ
1228 640 1550 711 ῥᾳθυμῆσαν
1593 655 1804 710 σωφρο-

226 729 331 779 νεῖ·
364 727 458 781 καὶ
486 728 682 798 βοῶσιν
723 732 771 783 οἱ
816 731 982 799 λόγοι,
1008 731 1086 796 τὸ,
1105 734 1187 785 Οὑ
1217 734 1570 800 πορν-δύσεις
1591 749 1604 760 ’
1641 730 1806 800 βοῶσι

226 817 306 876 τὸ.
347 821 430 873 Οὐ
454 821 827 888 μοιχεύσεις·
871 823 931 874 τὸ
966 821 1242 892 ἐγχωροῦν
1274 823 1361 877 διὰ
1398 823 1497 894 τῆς
1528 836 1808 893 παραγγε-

226 909 348 962 λίας
374 912 742 983 ἀναιροῦντες·
771 915 864 966 καὶ
892 915 952 968 τὸ
976 914 1271 983 δυνάμενον
1295 914 1681 983 τελειωθῆναι,
1717 911 1804 964 διά

221 1001 322 1070 τῆς
363 1003 741 1072 παραινέσεως
780 1005 1221 1068 ἁναστέλλοντεςσ
1259 1006 1351 1058 καὶ
1383 1005 1668 1074 σύμμαχον
1711 1000 1804 1055 τὸν

221 1092 378 1160 λόγον
406 1097 470 1165 τῇ
495 1093 688 1168 γνώμῃ
715 1096 946 1159 διδόντες
966 1115 977 1126 ⁸
1011 1098 1096 1150 ἵνα
1134 1099 1166 1166 ἡ
1201 1097 1407 1150 διάνοια
1439 1097 1684 1166 ῥέπουσα
1711 1094 1806 1147 καὶ

220 1184 280 1238 τὸ
310 1185 471 1254 σῶμα
494 1187 628 1256 πρὸς
648 1188 846 1265 ἀρετὴν
874 1188 1097 1261 ἐφέλκῃ.

1909 557 2012 601 test
2048 558 2236 601 natura
2286 547 2418 600 verti
2464 561 2526 600 ac
2575 546 2814 610 mutari,
2857 546 3126 614 quomodo
3169 557 3249 601 est
3291 554 3477 600 natura

1909 654 2028 707 quae
2056 641 2313 702 variatur,
2346 648 2397 693 et
2437 640 2486 691 in
2521 638 2646 693 illud
2679 639 2870 692 transit
2918 637 3062 707 quod
3108 646 3192 692 est
3231 637 3308 692 illi
3349 653 3481 691 enn-

1911 731 2181 785 trarium?
2219 729 2371 797 Quod
2402 731 2547 784 enim
2573 731 2905 785 variationes
2935 742 2987 785 et
3025 731 3357 786 mutationes
3385 745 3480 783 ea-

1910 821 2025 892 pit,
2069 823 2304 875 nnndnm
2347 820 2545 876 ﬁnibus
2587 821 2942 891 terminisque
2982 831 3188 875 natura:
3236 822 3481 875 contine-

1915 921 2018 966 tur.
2047 910 2287 966 Mutatur
2327 922 2504 966 autem
2553 927 2784 978 carpas,
2821 923 2874 966 et
2916 915 3195 979 variatur;
3239 923 3293 967 et
3336 915 3480 982 quod

1912 1001 2015 1056 fuit
2055 1003 2106 1055 in
2156 1003 2366 1071 pigritia
2399 1013 2451 1056 et
2503 1003 2749 1071 ignavia,
2799 1013 3083 1071 temperat.
3135 1004 3198 1057 Et
3247 1003 3484 1058 clamant

1912 1105 2176 1162 praecepta
2211 1110 2224 1145 :
2273 1092 2395 1146 Non
2428 1092 2811 1161 fornicaberis;
2842 1092 3116 1146 clamant:
3159 1091 3281 1147 Non
3322 1094 3480 1147 adul-

1916 1186 2151 1250 terabis;
2184 1194 2236 1239 et
2263 1185 2621 1255 praecipiendo
2651 1184 2842 1237 tollunt
2873 1182 3178 1239 facultatem
3209 1186 3478 1251 faciendi;

222 1277 275 1330 et
307 1280 449 1344 quod
482 1279 666 1346 perlici
699 1291 945 1347 poterat,
984 1282 1252 1338 hortando
1281 1281 1567 1344 cohibent,
1600 1289 1655 1334 et
1691 1279 2030 1350 adiungendo
2069 1280 2330 1333 rationem
2362 1279 2427 1333 ad
2461 1277 2755 1344 judicium,
2815 1286 2871 1330 ut
2922 1291 3074 1332 mens
3127 1277 3179 1331 in
3232 1278 3484 1333 virtutem

224 1387 488 1441 prnpensa
512 1417 526 1438 ,
561 1390 754 1443 corpus
788 1377 949 1430 etiam
983 1379 1048 1429 ad
1085 1379 1336 1431 virtutem
1366 1379 1626 1432 attrahat.

966 1472 1097 1526 CAP.
1140 1472 1234 1527 XI.
1268 1471 1505 1535 Corpora
1534 1482 1837 1526 mactarunt
1862 1470 2116 1526 divinitus
2139 1470 2405 1523 mirabilia
2429 1480 2734 1536 operantur.

291 1559 510 1629 Ἀμέλει
553 1560 645 1612 ὲπὶ
695 1559 947 1614 τοσοῦτον
1007 1560 1243 1632 προῆλοε
1298 1561 1366 1616 τὰ
1424 1561 1650 1631 σώματα
1697 1563 1805 1615 τῶν

226 1649 418 1716 ἁγίων,
450 1649 526 1712 ὼς
554 1650 868 1719 τιμηθῆναι,
913 1652 1004 1704 καὶ
1039 1652 1175 1720 μήτε
1201 1651 1332 1704 κενὰ
1368 1651 1622 1719 γενέσθαι
1649 1653 1802 1723 ὲνερ‹

1988 1561 2131 1616 Sane
2159 1561 2376 1629 quidem
2415 1577 2641 1630 corpora
2671 1571 2978 1616 sanctorum
3029 1572 3245 1619 tantum
3279 1564 3332 1618 in
3380 1563 3498 1617 viro.

1913 1661 2028 1706 tute
2059 1667 2341 1722 progressa
2386 1663 2540 1713 sunt,
2586 1663 2643 1706 ut
2691 1654 2951 1707 honorata
2986 1651 3229 1720 fuerint,
3280 1662 3335 1707 et
3371 1645 3487 1708 non

225 1736 399 1804 γείας.
429 1740 564 1808 μήτε
598 1739 876 1810 δυνάμεως
903 1739 1071 1803 θείας,
1110 1740 1318 1810 Νεκρὸν
1351 1739 1526 1794 ἔκειτο
1554 1742 1615 1795 τὸ
1649 1741 1807 1804 σῶμα
1839 1730 1880 1784 Β

1839 1730 1880 1784 Β
1911 1739 2052 1794 facta
2089 1755 2254 1795 vacua
2306 1742 2373 1795 ab
2421 1742 2734 1810 operatione
2762 1753 2815 1796 et
2861 1743 2909 1796 vi
2962 1743 3166 1797 divina.
3215 1742 3486 1797 Mortumu

223 1827 318 1881 τοῦ
357 1829 680 1895 Ἐλισσαίου,
715 1822 807 1885 κοῖὶ
840 1831 1089 1902 κείμενον
1116 1833 1330 1902 νεκρὸν,
1367 1833 1554 1903 ἧγειρε
1581 1833 1803 1904 νεκρόν·

224 1918 402 1972 ὶσὸὅει
424 1921 512 1972 τὸν
538 1921 784 1986 θάνατον,
805 1921 1084 1993 ἐλεύθερον
1111 1923 1189 1993 (6)
1208 1922 1299 1975 τὸν
1331 1921 1693 1985 ἀποθανόντα,
1729 1923 1808 1986 εἰς

224 2009 436 2076 ζῶντας
457 2012 669 2084 ἔπεμψε
701 2015 794 2067 τὸν
819 2013 1111 2079 τεθνεῶτα,
1153 2015 1430 2088 προεξένει
1461 2014 1538 2085 τῷ
1581 2031 1809 2081 πεποιη-

227 2105 376 2175 μένῳ
417 2105 516 2170 τὴν
551 2105 786 2178 ἔγερσιν.
822 2107 886 2160 El
929 2106 985 2159 δὲ
1028 2107 1319 2177 Μανιχαῖοι
1343 2106 1479 2178 πρὸς
1510 2106 1672 2160 αὐτὸν
1711 2123 1808 2177 με-

227 2195 477 2266 μηνότες,
511 2196 604 2248 καὶ
633 2197 693 2248 τὸ
738 2195 915 2264 λόγιον
959 2195 1333 2262 διαϐάλλουσι,
1369 2199 1503 2268 μήτε
1527 2198 1618 2251 τὸν
1645 2199 1808 2268 νόμον

221 2285 527 2356 τιμῶντες*
561 2285 662 2340 κᾶν
701 2290 766 2340 ὲκ
808 2287 900 2358 τοῦ
939 2288 1285 2361 παραλλήλου
1329 2290 1804 2357 δυσωπεῖσθωσαν,

225 2377 333 2431 κᾶν
375 2379 406 2445 ἡ
451 2378 578 2431 σκιὰ
621 2379 827 2449 Πέτρου
852 2379 950 2450 τὴν
972 2379 1198 2453 γνώμην
1229 2381 1453 2434 ἐκείνων
1486 2380 1805 2452 αἱσχυνέτωο

226 2466 481 2538 σώματος
525 2467 633 2539 γὰρ
661 2464 727 2539 ἦν
761 2471 792 2538 ἡ
839 2468 984 2533 σκιὰ,
1027 2469 1123 2523 καὶ
1164 2470 1532 2541 ὲφαπτωμένη
1565 2471 1640 2541 (7)
1667 2470 1808 2523 κατὰ

223 2558 336 2611 τῶν
362 2560 724 2630 νενοσηκότων
749 2560 1039 2630 σωμάτων,
1075 2559 1320 2613 ἀπόλυτα
1349 2559 1414 2612 τὰ
1439 2557 1668 2630 σώματα.
1701 2559 1809 2629 τῶν

224 2651 550 2720 νοσημάτων
579 2650 968 2713 κατεσκεύαζε.

1904 1832 2122 1902 jacebat
2169 1848 2366 1902 corpus
2409 1833 2579 1887 Elismi
2607 1874 2621 1895 ,
2654 1843 2861 1889 etcum
2899 1837 3109 1904 jaceret
3179 1843 3447 1889 mortuum
3471 1876 3486 1900 ,

1910 1921 2190 1977 suscitavit
2247 1934 2513 1976 mortuum
2549 1924 2633 1988 “;
2681 1924 2886 1992 expulit
2946 1933 3196 1993 mortem,
3241 1925 3489 1980 liberavit

1911 2013 1979 2066 ab
1999 2013 2169 2076 obitu,
2198 2013 2465 2066 revocavit
2487 2014 2559 2066 ad
2573 2015 2724 2067 vivos
2749 2015 2853 2068 vita
2877 2015 3206 2083 tlefnuCtum,
3232 2018 3491 2072 excitavit

1911 2118 1940 2156 a
1978 2104 2207 2158 mortuis
2238 2119 2435 2172 corpus
2471 2122 2497 2157 a
2529 2105 2638 2159 Deo
2674 2105 2898 2166 factum,
2934 2107 3086 2172 Quod
3117 2108 3160 2162 si
3205 2107 3488 2163 Manicbaai

1915 2206 2102 2250 contra
2138 2195 2240 2251 hoc
2291 2195 2564 2262 furentes,
2601 2196 2765 2251 etiam
2816 2195 3154 2268 Scripturam
3195 2210 3490 2263 accusant,

1915 2302 2090 2357 neque
2119 2287 2286 2356 legem
2319 2289 2587 2342 honorant
2614 2305 2628 2354 ;
2664 2288 2934 2344 deterreat
2969 2301 3061 2346 eos
3093 2292 3268 2346 simile
3299 2308 3482 2347 exeun-

1917 2380 2060 2448 plnm
2088 2396 2103 2443 ;
2142 2378 2302 2432 faciat
2333 2377 2524 2432 umbra
2557 2377 2698 2433 Petri
2736 2380 2800 2442 “,
2840 2389 2898 2433 ut
2929 2381 3075 2450 ipsos
3105 2383 3300 2451 pudeat
3327 2398 3342 2436 :
3374 2396 3493 2434 um-

1919 2472 2012 2526 bra
2043 2473 2182 2525 enim
2213 2481 2333 2525 erat
2363 2472 2606 2540 corporis
2626 2512 2640 2536 ,
2668 2487 2786 2542 quae
2817 2487 2938 2527 cum
2972 2488 3198 2541 corpora
3224 2488 3491 2545 mgrorum

1918 2563 2295 2628 inumbrabat,
2331 2578 2518 2618 eorum
2555 2564 2772 2618 morbos
2805 2563 3124 2633 depellebat.

1223 2747 1352 2802 CAP.
1388 2747 1503 2802 Xll.
1538 2747 1956 2802 Manichazorum
1972 2753 2281 2812 argumenta
2306 2744 2502 2800 solum.

297 2833 570 2895 Τοιοῦτων
599 2830 692 2886 οὖν
729 2833 899 2887 ὄντων
942 2836 1050 2888 τῶν
1087 2835 1481 2889 ἀποδεικτικῶν
1509 2837 1680 2904 λόγων
1721 2835 1813 2887 καὶ

226 2924 486 2994 τοιαύτης
514 2923 679 2995 οὔσης
708 2926 1091 2996 ἀποδεικτικῆς
1118 2927 1390 2998 πράξεως,
1423 2927 1540 2991 πῶς
1560 2928 1659 2979 οὐκ
1692 2927 1815 2980 ἀτο-

1992 2831 2123 2887 Cum
2160 2834 2294 2888 tales
2317 2847 2446 2900 ergo
2478 2833 2590 2886 sint
2616 2842 2810 2887 nostrae
2836 2832 3072 2889 rationes
3100 2832 3492 2888 demonstrati-

1923 2939 1998 2978 va:
2020 2965 2034 2986 .
2063 2933 2112 2977 et
2150 2925 2270 2976 talis
2296 2924 2367 2978 sit
2399 2923 2545 2978 actio
2575 2924 2702 2977 item
2737 2925 3187 2990 demoiistrativa,
3221 2925 3492 2994 quomodo

229 3032 322 3070 ποι
356 3015 422 3068 ἂν
448 3011 576 3080 εἷεν,
627 3016 822 3085 φράσει
879 3016 1051 3085 λόγων
1099 3018 1334 3089 ἁρμόσαι
1378 3018 1447 3071 τά
1494 3017 1813 3088 ἀνάρμοστα
1840 3050 1882 3108 C

1840 3050 1882 3108 ο
1921 3030 2027 3069 non
2066 3015 2176 3069 sint
2218 3013 2473 3077 absurdi,
2520 3014 2614 3084 qni
2647 3031 2765 3083 qua:
2798 3016 2970 3085 aptari
3005 3025 3058 3068 et
3100 3016 3341 3084 colligari
3381 3032 3488 3071 non

229 3107 646 3171 ὲσπουδακότεςς
678 3107 815 3160 Φασὶ
845 3110 954 3177 γὰρ
979 3107 1290 3178 Μανιχαῖοιο
1308 3138 1377 3147 —
1405 3107 1477 3159 Τὸ
1506 3107 1663 3177 σῶμα
1685 3108 1810 3176 ὲφο-

233 3202 474 3271 ρέσαμεν
526 3199 620 3252 τοῦ
680 3201 894 3253 Σατανᾶ
915 3244 928 3264 ,
980 3203 1013 3272 ή
1046 3202 1101 3254 δὲ
1131 3200 1276 3271 ψυχὴ
1316 3201 1408 3252 τοῦ
1442 3200 1596 3253 Θεοῦ·
1631 3203 1725 3254 καὶ
1753 3200 1814 3253 τὸ

233 3293 332 3361 μὲν
364 3291 522 3362 σῶμα
545 3291 685 3345 οὕτω
710 3293 921 3360 πέφυκε
955 3294 1143 3359 κακὸν,
1181 3297 1246 3347 ὲκ
1273 3293 1442 3348 κακοῦ
1474 3293 1808 3364 προελθόψή

227 3385 285 3452 δὲ
316 3384 466 3454 ψυχὴ
495 3383 701 3451 πέφυκε
731 3383 892 3454 καλὴ,
924 3386 987 3436 ὲκ
1014 3384 1178 3437 καλοῦ
1225 3385 1422 3456 ἔχουσα
1471 3386 1566 3455 τὴν
1602 3386 1774 3456 ἀρχήν
1797 3401 1810 3416 ’

226 3476 428 3531 οὐκοῦν
457 3476 548 3539 δύο
578 3478 854 3548 ἀρχαὶκαὶ
877 3477 968 3531 δύο
1000 3478 1212 3532 οὐσίαι·
1247 3479 1340 3531 καὶ
1380 3479 1546 3547 ἀρχαι
1588 3476 1680 3529 δύο
1720 3491 1815 3544 γε·

227 3567 457 3635 γόνασιν
485 3567 674 3631 αἰτίαι,
707 3567 798 3620 καὶ
829 3569 860 3637 ἡ
905 3567 1003 3636 μὲν
1034 3558 1283 3636 σώμάτος
1311 3566 1483 3620 κακοῦ
1508 3606 1520 3628 ,
1552 3569 1583 3637 ἡ
1615 3565 1670 3617 δὲ
1715 3565 1816 3633 ψυ-

228 3657 334 3728 χῆς
354 3657 585 3727 ἀγαθῆς.
615 3658 816 3729 Ἀγαθὴ
837 3655 979 3728 οὖνὴ
1003 3657 1169 3728 ψυχὴ,
1201 3657 1434 3728 πονηρὸν
1463 3657 1516 3710 δὲ
1546 3657 1604 3710 τὸ
1635 3655 1812 3726 σῶμα.

228 3778 301 3789 -—
333 3749 444 3802 Kal.
478 3747 596 3811 πῶς
632 3749 790 3818 σῶμα
830 3750 930 3819 μὲν
956 3753 1241 3820 σωφρονεῖ,
1281 3748 1539 3811 πολλάκις
1572 3748 1626 3799 δὲ
1672 3747 1815 3817 ψυχὴ

231 3839 504 3911 ῥᾳθυμεῖς
541 3841 650 3892 Καὶ
676 3838 791 3902 πῶς
823 3841 1081 3912 ἑκάτερον
1124 3842 1180 3892 ὲν
1215 3843 1280 3910 τῇ
1324 3840 1427 3910 ἰδξςι⁴
1451 3839 1601 3904 τάξει
1623 3839 1682 3890 οὐ
1723 3838 1818 3908 μέ-

229 3944 344 3994 νεις
374 3929 467 3979 καὶ
496 3929 686 3995 γέγονε
714 3927 774 3980 τὸ
803 3929 1088 3995 ἀνάπαλιν,
1112 3929 1173 3981 τὸ
1205 3929 1300 3998 μὲν
1334 3929 1427 3981 τοῦ
1460 3927 1706 3982 διαϐόλου
1723 3925 1816 3978 τοῦ

227 4019 395 4081 Θεοῦ,
426 4019 487 4071 τὸ
523 4020 580 4072 δὲ
608 4020 702 4072 τοῦ
748 4019 882 4072 Θεοῦ
919 4019 1013 4072 τοῦ
1057 4020 1304 4073 διαϐόλου
1326 4036 1338 4047 ·
1392 4023 1485 4072 κει.)⁴
1532 4019 1748 4071 λέλυται
1786 4019 1818 4088 ἡ

230 4110 610 4183 θρυλλουμένη
641 4110 828 4182 ἐχθραο
859 4113 951 4165 καὶ
977 4113 1128 4182 φιλία
1155 4114 1342 4180 γέγονε
1366 4113 1458 4164 καὶ
1489 4109 1708 4181 σπονδὴ,
1726 4111 1818 4163 τοῦ

232 4204 336 4273 μὲν
364 4203 498 4255 Θεοῦ
528 4204 624 4273 τὴν
657 4202 832 4274 ψυχὴν
863 4204 1281 4274 άποπέμποντος
1319 4203 1397 4273 τῷ
1427 4203 1679 4272 διαϐόλῳ,
1725 4201 1818 4254 τοῦ

227 4293 287 4346 δὲ
339 4293 586 4346 διαϐόλου
645 4295 702 4346 τὸ
757 4295 913 4365 σῶμα
959 4297 1547 4366 άντιπαραπέμποντος
1592 4294 1669 4363 τῷ
1702 4293 1821 4363 Θεῴ

1917 3114 2176 3174 possunt,
2214 3107 2395 3160 verbis
2433 3115 2620 3176 aptare
2653 3116 2706 3160 et
2735 3106 2991 3177 colligare
3035 3107 3295 3162 student?
3325 3107 3493 3162 Aiunt

1914 3198 2058 3250 enim
2113 3197 2434 3253 Mauicbaai:
2482 3226 2556 3238 -
2594 3197 2802 3266 Corpus
2856 3197 3072 3252 Satanae
3120 3199 3491 3267 gestavimus.

1920 3287 2098 3340 anima
2136 3301 2267 3342 vero
2299 3288 2390 3341 Dei
2432 3298 2533 3342 est.
2572 3289 2649 3343 Ac
2689 3303 2884 3357 corpus
2919 3289 3135 3356 quidem
3179 3290 3260 3344 sic
3295 3299 3487 3343 natura

1919 3375 2118 3429 factum
2155 3386 2272 3436 est.
2309 3378 2508 3430 malum
2554 3391 2618 3430 ex
2670 3378 2852 3442 mala;
2895 3377 3074 3430 anima
3123 3393 3254 3432 vero
3299 3388 3494 3433 natura

1918 3465 2060 3520 facta
2101 3475 2184 3520 est
2228 3466 2401 3530 bona,
2444 3481 2509 3519 ex
2559 3466 2699 3519 bono
2734 3462 3008 3536 ‘originem
3057 3468 3298 3520 trahens.
3353 3466 3494 3520 Sunt

1919 3558 2082 3627 igitur
2124 3556 2229 3611 duo
2277 3556 2578 3626 principia,
2626 3569 2680 3610 et
2728 3556 2847 3609 dua:
2897 3556 3248 3622 substantiae;
3289 3568 3343 3611 et
3387 3559 3494 3611 duo

1920 3647 2185 3717 principia
2214 3657 2339 3701 sunt
2365 3662 2542 3701 causa:
2564 3691 2576 3710 ,
2614 3647 2781 3699 altera
2814 3649 3029 3716 quidem
3058 3649 3302 3716 corporis
3333 3650 3458 3700 mali
3478 3689 3492 3707 .

1921 3737 2089 3790 altera
2121 3752 2247 3791 vero
2276 3738 2468 3791 anima:
2501 3738 2671 3791 home.
2710 3737 2850 3790 Bona
2885 3739 3044 3806 igitur
3077 3749 3160 3792 est
3191 3740 3369 3792 anima
3391 3780 3406 3804 ,
3440 3749 3494 3793 et

1921 3843 2118 3898 corpus
2154 3829 2373 3883 malum.
2399 3859 2472 3868 ——
2491 3829 2556 3882 Et
2583 3831 2853 3898 quomodo
2883 3844 3076 3899 corpus
3106 3831 3324 3898 quidem
3357 3841 3492 3884 tem-

1921 3935 2140 3987 perans'
2174 3931 2295 3984 est,
2357 3921 2537 3973 anima
2594 3935 2721 3974 vero
2753 3935 2897 3989 saepe
2955 3921 3155 3990 pigra?
3211 3922 3491 3987 Quomodo

1923 4025 2211 4080 utrumque
2243 4027 2348 4066 non
2379 4020 2564 4065 manet
2594 4012 2646 4066 in
2675 4014 2866 4067 ordine
2897 4014 3036 4067 suo?
3063 4013 3156 4068 sed
3184 4024 3367 4068 contra
3397 4029 3493 4083 por-

1924 4107 2027 4159 tius
2052 4107 2194 4174 quod
2237 4115 2354 4158 erat
2396 4104 2626 4168 diaboli,
2686 4105 2743 4157 lit
2774 4105 2905 4169 Dei;
2941 4112 2996 4157 et
3029 4106 3172 4173 quod
3216 4107 3345 4169 Dei,
3379 4108 3490 4158 dia-

1924 4197 2074 4260 boli;
2112 4208 2166 4250 et
2202 4197 2461 4250 dissoluta
2495 4205 2577 4250 est
2619 4199 2831 4266 vulgata
2885 4197 3195 4263 inimicitia,
3247 4207 3297 4251 et
3353 4197 3490 4250 facta

1926 4289 2161 4341 amicitia
2199 4297 2252 4341 et
2285 4287 2460 4349 foedus
2485 4327 2500 4352 ,
2536 4289 2643 4342 Deo
2678 4289 2912 4340 animam
2949 4289 3285 4352 dimittente,
3321 4301 3376 4341 ut
3414 4290 3495 4342 ill-

232 4387 561 4456 ῦπηρετεῑν;
604 4387 866 4456 ὑπηρετεῖ
908 4387 1015 4458 γὰρ
1049 4387 1375 4458 σωφρονοῦν·
1421 4388 1497 4443 (8)
1537 4387 1597 4440 τὸ
1628 4387 1682 4439 δὲ
1724 4386 1815 4439 τοῦ
1855 4404 1894 4456 ί)

1855 4404 1894 4456 ί)
1927 4382 2126 4433 serviat
2153 4380 2365 4433 diabolo
2390 4398 2402 4445 ;
2435 4391 2487 4432 et
2517 4388 2703 4433 contra
2733 4380 2947 4435 diabolo
2973 4395 3202 4450 corpus,
3236 4394 3293 4435 ut
3323 4383 3492 4435 inser-

230 4479 375 4533 Θεοῦ
405 4479 481 4548 τῷ
510 4479 737 4548 διαΰόλῳ
763 4480 1045 4531 διακονεῖν·
1074 4480 1311 4534 διακονεῖ
1344 4480 1450 4552 γὰρ
1492 4477 1816 4541 ἀπιστοῦσα,

231 4571 330 4624 καὶ
357 4569 653 4639 βλάσφημα
692 4569 1058 4640 φθεγγομένη.

1925 4474 2037 4523 viat
2076 4471 2229 4524 Deo?
2257 4471 2482 4524 inservit
2514 4472 2657 4525 enim
2691 4471 2800 4524 Deo
2823 4511 2837 4535 ,
2872 4487 2993 4525 cum
3039 4482 3121 4525 est
3164 4483 3493 4542 temperans.

1931 4563 2038 4614 lloc
2068 4572 2243 4614 autem
2281 4562 2372 4615 Dei
2403 4571 2516 4627 est,
2546 4565 2687 4618 sicut
2714 4580 2897 4618 rursus
2927 4565 3154 4618 inservit
3179 4565 3354 4616 anima
3378 4565 3493 4618 dia-

1924 4654 2066 4716 bnlo,
2094 4669 2215 4706 cum
2252 4669 2354 4707 non
2397 4657 2604 4723 crcdit,
2639 4665 2693 4710 et
2722 4657 2958 4725 loquitur
2987 4657 3318 4725 blaSpbema.

1299 4771 1427 4825 Car.
1465 4773 1601 4828 χιιι.
1631 4772 1713 4827 Ea:
1743 4772 1843 4841 ﬁlii
1877 4768 2080 4840 prodigi
2101 4769 2427 4836 pauitantia.

307 4868 440 4929 Πῶς
458 4864 549 4921 οὖν
581 4869 641 4921 οὐ
676 4868 818 4938 μέγα
851 4866 1144 4936 καγχάζειν
1182 4869 1275 4918 καὶ
1315 4867 1477 4935 γελᾷν
1522 4868 1639 4919 κατ’
1679 4866 1822 4919 ἐκεῖ·

231 4980 344 5016 νων
386 4961 510 5023 τοὺς
543 4962 834 5032 φρονίμους
864 4963 1148 5032 προσήκει,
1180 4959 1350 5023 οὕτως
1381 4960 1580 5013 ἄτοπον
1610 4961 1702 5012 καὶ
1723 4977 1818 5027 γεο

231 5053 382 5106 λοίον
411 5051 581 5119 δόγμα
616 5052 950 5120 εἰσηγεῖσθαι
996 5051 1435 5113 ὲσπουδακότων;
1477 5052 1596 5102 Ὅτι
1637 5051 1692 5102 δὲ
1728 5050 1818 5102 καὶ

233 5146 375 5197 αὐτὸ
401 5144 461 5196 τὸ
492 5143 703 5211 λογικὸν
730 5144 900 5214 ᾑρέθη
943 5145 1039 5214 μὲν
1083 5142 1380 5213 ἀφροσύνῃ,
1435 5140 1719 5212 δεδύνηται
1759 5139 1816 5192 δὲ

234 5234 410 5287 πάλιν
444 5234 724 5287 ἀπολιπεῖν
753 5234 851 5305 τὴν
875 5235 1179 5304 αἱρήσασαν
1217 5231 1524 5304 ἀφροσύνην
1543 5273 1556 5295 ,
1608 5232 1699 5284 καὶ
1725 5229 1811 5284 δύο

237 5341 403 5380 ναται
447 5327 750 5387 ἀπολιπεῖν,
780 5325 1058 5395 αὐτάρκης
1086 5326 1354 5392 ἀπόδειξις
1388 5328 1420 5395 ὴ
1460 5324 1552 5376 τοῦ
1607 5325 1679 5393 (9‘,
1717 5341 1813 5375 πε-

235 5417 294 5488 ρὶ
329 5415 601 5486 νεωτέρου
632 5418 771 5481 υἱοῦ,
802 5419 835 5488 ἡ
861 5417 1009 5487 παρά
1029 5421 1192 5489 πατρὶ
1224 5419 1604 5489 ρᾳθυμήσςισα.
1639 5418 1812 5469 Πατέ-

313 5508 354 5538 ¹¹
407 5503 445 5556 ΙΙ
483 5503 614 5574 Reg.
655 5523 783 5571 xui,
819 5507 907 5560 2!.
987 5508 1026 5537 "
1066 5511 1184 5561 Act.
1221 5525 1272 5573 ν,
1307 5509 1391 5561 15.

312 5602 394 5667 (ε)
451 5601 811 5673 ᾙλεύθερον.
856 5601 1071 5670 Legisse
1109 5603 1317 5657 videtur
1353 5605 1616 5673 interpres
1657 5603 1812 5671 ἠλευ-

237 5675 432 5742 θέρου.
473 5671 606 5724 Ευιτ
664 5672 898 5742 l’nuoe.

310 5740 399 5814 (7)
453 5740 893 5808 Ἐςαπτωμένψ
943 5743 1020 5796 An
1063 5742 1464 5814 ὲφαπλωμένη,
1511 5759 1604 5811 pro
1638 5745 1810 5811 ἐφαπ-

1996 4865 2274 4931 Quonrodo
2305 4865 2467 4934 igitur
2511 4879 2617 4918 non
2662 4863 2857 4917 merito
2887 4873 3100 4918 moveat
3145 4862 3496 4932 prudentibus

1924 4957 2089 5010 risum
2147 4968 2201 5011 et
2254 4957 2547 5011 cachinnos
2583 4967 2691 5010 tam
2753 4957 3043 5010 absurdmu
3100 4966 3153 5008 et
3212 4956 3496 5010 ridiculum

1923 5049 2159 5116 ipsorum
2180 5050 2368 5118 dogma
2387 5089 2399 5111 ,
2423 5048 2564 5117 quod
2589 5049 2929 5102 introducere
2947 5048 3266 5102 studuerunt
3290 5047 3312 5099 ’ἒ
3340 5049 3493 5114 Quart

1924 5152 2100 5195 autem
2131 5157 2192 5194 ea
2222 5141 2305 5193 vis
2333 5138 2634 5194 animormn
2663 5155 2781 5210 qua:
2813 5141 2985 5210 posita
3037 5149 3119 5194 est
3167 5139 3219 5193 in
3251 5142 3457 5196 ratione
3479 5179 3494 5201 ,

1921 5245 2075 5305 capta
2108 5245 2190 5290 est
2230 5235 2362 5288 vitio
2402 5234 2852 5302 intemperaulim,
2885 5234 3059 5301 potuit
3089 5244 3266 5286 autem
3310 5248 3494 5286 rursus

1923 5335 1976 5378 et
2008 5336 2180 5394 potest
2225 5326 2699 5395 intemperantiam
2747 5325 2894 5378 illam
2923 5340 3025 5393 qua
3054 5327 3358 5388 tenebatur,
3398 5328 3495 5395 de-

1922 5432 2137 5481 serere,
2191 5417 2324 5470 satis
2374 5417 2564 5481 probat
2615 5414 2701 5468 illa
2743 5415 2809 5470 de
2858 5416 2964 5470 tilio
3009 5394 3495 5471 adolescentium.u

1470 5508 1512 5537 ¹⁸
1551 5508 1676 5560 an.
1717 5525 1800 5570 xv,
1841 5507 1900 5560 l2
1938 5522 2055 5575 sqq.

1913 5601 2145 5670 λουμένῃ
2161 5602 2182 5652 ἱ)
2215 5602 2369 5655 Enn.
2404 5603 2642 5658 PATROL.

1987 5673 2060 5738 (8)
2104 5671 2389 5740 Sequentia
2428 5688 2614 5728 manca
2646 5690 2789 5734 sunt.

1985 5744 2059 5810 (9)
2106 5741 2275 5797 Locus
2316 5742 2559 5797 vitiosus.
