4226 6316
748 386 857 444 915

1860 389 2137 447 PATRES
2175 390 2476 447 £GYPTII
2519 392 2796 450 SJECULI
2838 394 2925 450 IV.

3934 396 4040 454 9l6

748 521 879 559 vuno
906 514 991 559 est
1023 504 1250 558 mutatio
1286 522 1300 559 :
1333 519 1394 561 ac
1418 503 1678 574 judicium
1717 508 1934 577 quidem
1974 519 2029 564 et
2055 509 2335 579 disciplina

2453 527 2571 575 των,
2624 509 2778 577 δεξιά
2833 512 2927 565 καὶ
2955 510 3074 564 θεία
3104 502 3312 583 βλέψις,
3344 512 3508 585 μέχρι
3551 514 3663 567 τῶν
3700 514 4042 579 ἀξιωθέντι-ιν

747 601 1194 669 pra-ceptionum,
1228 614 1351 654 cum
1378 608 1637 670 tanquam
1670 604 1835 657 duces
1859 604 2031 657 oculis
2076 611 2337 671 prmeunt,

750 704 934 747 rectus
964 702 1017 746 et
1068 692 1283 746 divinus
1339 704 1423 747 est
1486 705 1756 764 aspectus,
1815 712 1987 766 usque
2026 697 2090 751 ad
2126 712 2187 751 ea
2220 712 2341 767 qua:

748 795 971 851 aspectu
1004 785 1161 856 digna
1186 794 1308 839 sunt
1338 796 1644 854 porrectura.
1688 788 1819 844 Cum
1858 804 1987 844 vero
2014 789 2338 859 negligentia

749 878 1083 942 dominatur,
1144 888 1331 947 turpes
1388 888 1441 935 et
1498 878 1687 937 fucatae
1740 892 1865 936 sunt
1904 897 2012 937 res.
2050 882 2143 937 Sic
2171 882 2335 936 etiam

749 985 950 1039 corpus
982 1012 996 1035 ,
1057 975 1137 1028 sic
1182 990 1345 1029 omne
1404 976 1708 1029 membrum
1756 975 2024 1029 actionem
2084 975 2335 1039 honorat,

750 1064 1027 1119 actionem
1060 1065 1326 1123 imitatur.
1360 1067 1568 1121 Bonum
1609 1079 1691 1122 est
1722 1068 1863 1137 quod
1895 1066 2186 1121 formatum
2216 1078 2336 1123 est:

746 1166 924 1226 potest
956 1159 1100 1211 enim
1149 1159 1425 1214 deservire
1469 1160 1673 1213 virtuti.
1734 1160 1951 1215 Sanctaa
1980 1168 2105 1213 sunt
2157 1158 2332 1227 leges;

749 1259 946 1303 curant
968 1254 1110 1305 enim
1142 1261 1199 1305 ut
1229 1252 1557 1322 diligentiam
1592 1252 1846 1307 adhibeat
1870 1254 2015 1321 quod
2045 1251 2334 1307 formatum

747 1350 852 1394 est.
902 1339 1069 1394 Misce
1098 1358 1220 1395 cum
1251 1340 1576 1397 hirmatione
1619 1342 1813 1411 legem,
1850 1351 1905 1396 et
1960 1342 2168 1397 videbis
2194 1342 2337 1411 quod

746 1429 1044 1486 formatum
1074 1442 1182 1497 est,
1212 1432 1625 1488 similitudinem
1656 1431 1771 1500 ejus
1824 1434 1915 1503 qui
1956 1432 2213 1489 formavit
2247 1433 2341 1487 ha-

746 1523 901 1587 bere,
936 1517 1341 1595 intilabiturque
1368 1542 1489 1580 eum
1515 1543 1529 1590 ;
1585 1525 1667 1580 sin
1694 1542 1821 1580 vero
1852 1525 2114 1580 formatus
2147 1542 2225 1593 es,
2251 1528 2342 1582 sed

747 1614 1074 1673 lineamenta
1110 1618 1453 1675 fonnationis
1477 1637 1582 1674 non
1617 1620 1795 1674 reddis
1822 1619 2074 1684 formato,
2111 1619 2223 1675 fere
2248 1636 2342 1676 ac—

2442 606 2834 679 ὲκτεινομένηο
2900 606 3175 679 ῥᾳθυμίας
3230 607 3288 661 δὲ
3327 609 3660 681 κρατούσης,
3715 608 3923 680 αἰσχρά
3950 609 4044 660 καλ⁸

2443 696 2671 768 κίδδηλα
2710 697 2781 751 τά
2816 698 3122 769 πράγματα
3143 712 3161 729 '
3220 698 3365 752 οὕτω
3421 700 3517 753 καὶ
3546 699 3727 771 σῶμα,
3761 699 3908 753 οὕτω
3949 697 4045 751 καὶ

2442 792 2551 844 πᾶν
2588 790 2751 860 μέλος
2782 792 2883 862 τὴν
2906 791 3105 863 πρᾶξιν
3134 793 3293 862 τιμᾷ,
3333 792 3433 863 τὴν
3469 791 3732 865 πρόθεσιν
3769 794 4042 863 μιμεῖται.

2440 881 2622 935 Καλὸν
2668 881 2733 935 τὸ
2777 881 3197 954 πεπλασμένονο
3244 882 3467 937 δύναται
3525 882 3635 955 γὰρ
3697 882 4044 955 ὑπηρετῆσαι

2439 978 2641 1049 ἀρετῇ*
2678 978 2815 1047 ἱεροὶ
2846 978 2894 1031 οί
2920 978 3109 1049 νόμοι·
3150 976 3503 1048 ἐπιμέλονται
3536 976 3647 1049 γάρ
3684 976 3786 1046 τῆς
3822 974 4045 1045 μελείας

2439 1069 2535 1123 τοῦ
2586 1069 2998 1140 πεπλασμένου.
3039 1069 3213 1134 Μίξον
3264 1072 3331 1141 τῇ
3360 1069 3557 1123 πλάσει
3607 1069 3701 1122 τὸν
3728 1067 3917 1138 νόμον,
3951 1066 4047 1119 καὶ

2440 1159 2562 1231 ὕψει
2610 1161 2673 1214 τὸ
2710 1160 3115 1231 πεπλασμένον,
3147 1161 3325 1224 ἐοικὸς
3351 1160 3430 1231 τῷ
3478 1160 3805 1224 πεπλακότι,
3827 1158 3926 1212 καὶ
3958 1174 4048 1228 μι-

2444 1255 2678 1326 μήσεται
2702 1253 2793 1306 τὸν
2828 1252 3148 1307 πεπλακότα
3167 1270 3180 1283 ’
3211 1255 3261 1306 εί
3282 1252 3340 1306 δὲ
3363 1253 3462 1325 τὴν
3495 1252 3692 1306 πλάσιν
3720 1252 3888 1323 ἔχεις,
3918 1249 4050 1311 τοὺς

2439 1346 2498 1401 δὲ
2528 1347 2726 1417 νόμους
2752 1344 2889 1416 (I5),
2921 1348 3279 1417 χαρακτῆρας
3312 1345 3473 1409 ὄντας
3506 1345 3608 1416 τῆς
3642 1344 3916 1405 πλάσεως,
3946 1340 4050 1394 οὐκ

2440 1436 2707 1500 ἀποδίδως
2761 1436 2837 1508 τῷ
2882 1436 3272 1508 πεποιημένῳ,
3334 1434 3664 1498 κινδυνεύεις
3712 1431 4049 1503 κατηγορεῖν

2441 1526 2689 1599 διαϐολῇ,
2741 1526 2993 1599 ὑϐρίζειν
3020 1526 3196 1581 δοκῶν
3242 1526 3306 1579 τὸ
3343 1526 3741 1597 πεποιημένον·
3781 1522 3944 1593 ὓϐριν
3970 1519 4049 1591 τῷ

2446 1623 2779 1694 πεποιηκότι
2814 1622 3047 1694 ἐργάζῃ.

747 1724 911 1767 cusas
954 1720 1009 1766 et
1060 1713 1413 1767 calunmiaris
1464 1721 1782 1779 auctorem;
1824 1721 1879 1767 et
1915 1727 2039 1766 cum
2088 1713 2293 1769 videris
2322 1714 2757 1770 contumeliosus
2808 1730 2929 1770 esse
2975 1714 3028 1769 in
3076 1713 3128 1768 id
3184 1716 3328 1774 quod
3377 1711 3577 1769 factum
3623 1721 3726 1776 est,
3754 1719 4049 1765 contume-

750 1803 876 1858 liam
906 1806 1075 1860 infers
1102 1807 1149 1861 ei
1179 1806 1272 1868 qui
1303 1805 1451 1860 fecit.

1636 1879 1767 1931 (In.
1805 1874 1948 1930 XIX.
1990 1875 2209 1931 Muralis
2248 1877 2499 1939 moribus,
2530 1873 2706 1927 anima
2732 1887 2835 1924 non
2864 1880 3121 1924 mutatur.

819 1972 1267 2041 Quandoquidem
1301 1985 1430 2027 vero
1466 1970 1645 2041 aliqua
1676 1981 1758 2026 est
1784 1973 1978 2025 anima:
2005 1972 2329 2035 substantia,
2367 1980 2406 2033 Β

746 2073 800 2117 et
839 2079 944 2117 non
999 2076 1082 2118 est
1131 2064 1306 2117 soluta
1367 2048 1542 2131 neque
1595 2063 1835 2117 solvetur
1860 2063 2160 2117 substantia
2189 2063 2342 2133 ejus;

749 2171 893 2223 smpe
915 2167 1093 2209 autem
1122 2157 1283 2211 soluti
1312 2165 1368 2209 ct
1398 2156 1597 2210 sublati
1628 2165 1753 2210 sunt
1784 2171 1964 2211 mores
1994 2174 2007 2209 :
2041 2156 2169 2225 quid
2198 2156 2341 2226 quod

747 2248 882 2301 solvi
913 2256 1109 2316 potest,
1158 2257 1417 2313 tanquam
1452 2246 1586 2301 solvi
1622 2261 1727 2300 non
1761 2248 1952 2314 possit,
1985 2246 2345 2301 substantiale

748 2354 869 2393 esse
898 2338 1214 2393 confiteris?
1241 2336 1377 2400 Sunt
1400 2352 1775 2405 saepenumero
1808 2337 2001 2390 anima:
2029 2347 2202 2405 captaa
2232 2338 2347 2405 qui-

748 2431 873 2485 dem
917 2430 1303 2493 imprndentia,
1340 2439 1524 2498 postea
1562 2444 1689 2483 vero
1715 2429 2055 2497 prudentiain
2081 2428 2343 2497 amplexae

748 2535 898 2579 sunt.
958 2522 1024 2577 Et
1078 2538 1267 2577 rursus
1321 2536 1464 2590 saepe
1495 2522 1778 2591 prudentia
1810 2521 2067 2584 illustres,
2103 2523 2345 2589 quando-

748 2631 858 2683 que
916 2616 969 2668 in
1032 2611 1450 2681 imprudentiam
1499 2611 1829 2666 ceciderunt.
1896 2610 2051 2678 Smpe
2102 2610 2342 2665 audisti:

753 2704 929 2759 llomo
963 2720 1081 2757 cum
1113 2703 1168 2755 in
1200 2703 1396 2754 honore
1418 2710 1571 2764 esset,
1596 2716 1700 2755 non
1740 2700 1991 2755 intellexit
2018 2718 2037 2767 ;
2065 2718 2345 2767 compara-

752 2811 837 2851 tus
863 2806 939 2851 est
984 2795 1240 2864 jumentis
1296 2794 1690 2863 insipientibus,
1747 2804 1793 2847 et
1822 2794 2011 2849 similis
2067 2794 2237 2861 {actus
2271 2806 2345 2847 est

751 2890 860 2943 illis
886 2889 947 2943 ".
980 2886 1248 2942 Clamavit
1274 2885 1438 2941 etiam
1464 2885 1660 2940 Paulus
1694 2904 1707 2939 :
1749 2882 1927 2939 Stulta
1966 2886 2151 2939 mutuli
2196 2885 2346 2956 elegit

756 2982 920 3043 Deus,
953 2988 1010 3032 ut
1037 2980 1294 3041 sapientes
1316 2979 1659 3047 confunderet
1690 2977 1754 3030 “.
1788 2977 1951 3048 Igitur
1984 2976 2255 3046 quierant
2294 2978 2343 3029 in

754 3071 1005 3132 stultitia,
1029 3068 1093 3123 ad
1122 3070 1467 3138 prudentiam
1503 3069 1873 3134 devenerunt;
1896 3080 1952 3121 et
1976 3068 2068 3137 qui
2106 3077 2262 3120 erant
2293 3068 2344 3121 in

755 3162 1061 3231 prudentia,
1096 3162 1163 3214 ad
1206 3159 1489 3215 stultitiam
1526 3176 1541 3213 :
1581 3168 1636 3214 et
1658 3159 1916 3227 segnities
1940 3158 2159 3228 quidem
2193 3172 2344 3211 tuen-

758 3265 864 3306 tcnt
898 3253 1041 3321 cepit
1080 3250 1402 3320 aegritudine
1436 3250 1735 3318 prudentiae
1779 3260 2016 3318 captain,
2064 3246 2345 3316 disciplina

2518 1966 2739 2039 Ἐπειδὴ
2783 1966 2841 2019 δὲ
2888 1967 2983 2019 καὶ
3016 1968 3083 2037 τῇ
3118 1964 3263 2037 ψυχῇ
3302 1965 3418 2018 ἔστι
3444 1982 3531 2028 τις
3584 1964 3905 2025 ὑπόστασις,
3943 1961 4045 2015 καὶ

2449 2062 2510 2116 οὐ
2533 2061 2753 2115 λέλυται
2795 2060 2966 2130 αὐτῆς
2991 2061 3025 2130 ἡ
3053 2059 3378 2123 ὑπόστασις,
3414 2059 3537 2113 οὐδὲ
3561 2057 3877 2130 λυθήσεται⁶
3915 2054 4051 2108 πολ-

2446 2155 2607 2218 λάκις
2632 2154 2691 2207 δὲ
2732 2153 2952 2206 λύονται
2983 2154 3033 2205 οἱ
3081 2153 3297 2224 τρόποι,
3329 2152 3425 2205 καὶ
3466 2153 3720 2205 δύνανται
3770 2146 4011 2217 λυθῆναι
4036 2163 4049 2176 ·

2446 2246 2597 2309 τίώς
2634 2245 2709 2316 μὴ
2754 2243 3055 2312 δυνάμενον
3099 2242 3327 2311 λυθῆναι
3356 2242 3418 2294 τδ
3455 2240 3753 2310 δυνάμενον
3795 2236 4051 2306 λυθῆναι,

2447 2336 2706 2398 οὐσιῶδες
2757 2334 3075 2404 ὁμολογεῖς-ς
3104 2334 3226 2387 Εἰσὶ
3253 2333 3425 2403 ψυχαὶ
3459 2330 3842 2401 πολλάκιςημὲν
3871 2330 4053 2399 ἀφρο-

2450 2428 2585 2500 σύνῃ
2611 2426 2936 2497 αἱρεθεῖσαι,
2974 2425 3203 2497 ὕστερον
3236 2426 3292 2479 δὲ
3320 2426 3637 2497 φρονήσεως
3664 2423 3869 2494 ἥψαντο
3889 2438 3905 2450 ·
3955 2420 4055 2475 καὶ

2451 2520 2715 2583 πολλάκις
2768 2519 3175 2588 διαπρέπουσαι
3229 2521 3287 2573 ὲν
3322 2520 3618 2590 φρονήσει·
3662 2515 3886 2587 ὕστερόν
3916 2530 4055 2566 ποτε

2449 2614 2529 2676 είς
2555 2611 2867 2683 ἀφροσύνην
2923 2609 3269 2664 πεπτώκασι.
3311 2610 3580 2674 Πολλάκις
3609 2610 3879 2681 ηκουσας’
3918 2606 4055 2659 Ἀν-

2450 2708 2683 2771 θρωπος
2724 2702 2795 2754 ἐν
2825 2699 2967 2770 τιμῇ
3010 2700 3096 2753 ὢν
3124 2703 3196 2754 οὺ
3227 2700 3463 2769 συνῆκε
3484 2716 3497 2729 ο
3540 2692 4053 2766 παρασυνεᾶιήθη

2451 2795 2576 2861 τοῖς
2608 2794 2859 2861 κτήνεσι
2903 2792 3028 2857 τοῖς
3058 2791 3360 2859 ἀνοήτοις,
3393 2791 3491 2845 καί
3519 2788 3786 2859 ὡμοιώθη
3821 2784 4050 2850 αὐτοῖς.

2463 2886 2691 2956 Ἐὅόησε
2718 2886 2774 2938 δὲ
2806 2886 2901 2937 καὶ
2932 2884 3180 2947 Παῦλοςο
3231 2882 3312 2937 Τὰ
3337 2882 3506 2953 μωρὰ
3536 2881 3644 2935 τοῦ
3692 2881 3924 2948 κόσμου
3959 2877 4055 2941 ὲεο

2456 2977 2711 3042 ελέξατο
2740 2978 2772 3030 ό
2816 2975 2982 3041 Θεὸς,
3026 2975 3129 3029 ἶνα
3178 2976 3555 3043 καταισχύνῃ
3600 2971 3745 3038 τοὺς
3796 2969 4051 3037 σοφούς.

2452 3068 2686 3131 οὐκοῦν,
2751 3070 2799 3119 οἱ
2832 3068 2897 3119 ὲκ
2927 3065 3141 3137 μωρίας
3198 3066 3293 3118 ἐπὶ
3320 3064 3419 3135 τὴν
3450 3064 3712 3134 φρόνησιν
3738 3058 4051 3131 ἐληλύθασι,

2454 3163 2550 3215 καὶ
2596 3162 2661 3214 ὲκ
2706 3160 3024 3231 φρονήσεως
3054 3160 3146 3212 ὲπλ
3174 3159 3272 3229 τὴν
3302 3156 3536 3229 μωρίαν,
3564 3155 3660 3208 καὶ
3686 3152 3927 3226 ῥᾳθυμία
3957 3152 4054 3223 μὲν

2455 3256 2552 3326 τὴν
2576 3252 2802 3325 γνώμην
2852 3248 2985 3318 εἷλε,
3040 3252 3183 3321 νόσῳ
3211 3252 3531 3322 φρονήσεως
3577 3246 3909 3319 αἱρεθεῖσαν,
3950 3245 4054 3317 μά-

755 3359 889 3398 vero
939 3355 1176 3397 mentem
1242 3341 1585 3411 insipientem
1644 3341 2013 3410 recuperavit,
2066 3350 2119 3394 ct
2181 3339 2349 3409 ejecta

2458 3348 2615 3417 θησις
2639 3347 2695 3400 δὲ
2736 3344 2962 3415 γνώμην
2992 3344 3370 3415 ἅφραίνουσαν
3407 3340 3807 3414 παραλαϐοῦσα
3824 3339 4054 3408 άνεκτήο

758 3437 1084 3507 a'gritndine
1110 3434 1492 3501 imprudentia:
1522 3433 1797 3502 propriam
1826 3433 2187 3487 valetudinem
2226 3432 2350 3485 red-

760 3531 916 3585 didit.
952 3527 1096 3581 Vitia
1142 3542 1271 3595 ergo
1318 3535 1372 3581 et
1415 3528 1646 3581 virtutes
1678 3527 2006 3580 mutatiOnes
2055 3534 2349 3593 ceperunt;

758 3623 1066 3691 comparari
1101 3629 1347 3689 possunt,
1385 3628 1440 3672 et
1464 3619 1663 3674 amitti.
1700 3618 1899 3684 Habes,
1937 3628 1991 3672 et
2015 3633 2117 3671 non
2147 3617 2350 3682 habes;

762 3714 1043 3777 invenisti,
1079 3722 1135 3768 et
1178 3711 1447 3777 amisisti;
1516 3712 1683 3765 babes
1717 3710 1861 3780 quod
1922 3710 2197 3775 invenisti,
2248 3724 2351 3762 non

766 3805 934 3859 habes
962 3804 1111 3873 quod
1139 3802 1409 3867 amisisti;
1443 3803 1582 3855 inter
1600 3816 1694 3855 eos
1719 3802 1809 3871 qui
1843 3802 2120 3855 inveniunt
2149 3810 2203 3856 et
2230 3816 2352 3869 per-

763 3897 1039 3961 diderunt,
1086 3896 1416 3951 numeraris.
1472 3894 1632 3969 Aliud
1669 3905 1750 3948 est
1808 3909 1915 3964 quo
1937 3880 1956 3944 ι·
1997 3895 2266 3949 inretitur
2304 3904 2355 3945 et

764 3991 1075 4053 amittitur;
1107 3991 1211 4043 hoc
1243 3988 1387 4042 enim
1444 3997 1526 4041 est
1555 3989 1726 4040 virtus
1757 3996 1806 4040 ct
1860 3985 2069 4039 vitium.
2099 3984 2199 4051 Qui
2230 3998 2357 4037 vero

768 4083 1047 4137 invenitet
1074 4081 1271 4151 perdit,
1318 4080 1363 4135 is
1386 4089 1470 4133 est
1520 4078 1612 4148 qui
1666 4078 1851 4131 \irtuti
1896 4087 1949 4132 et
1979 4078 2107 4131 vitio
2136 4090 2355 4144 operam

767 4180 877 4231 dat.
906 4176 969 4230 Et
1002 4175 1191 4227 vitium
1212 4173 1428 4242 quidem
1464 4171 1633 4235 nihil;
1663 4171 1883 4239 proprie
1912 4169 2053 4222 enim
2081 4168 2213 4222 nihil
2241 4179 2353 4221 est:

769 4285 874 4324 non
906 4270 1049 4321 enim
1081 4277 1258 4335 potest
1296 4279 1391 4335 per
1426 4279 1484 4318 se
1513 4278 1635 4316 esse
1670 4262 1881 4331 vitium.
1911 4262 2195 4315 Actionem
2228 4276 2358 4314 veru

769 4364 997 4417 mollitie
1020 4360 1323 4415 all’ectionis
1352 4356 1767 4412 consistentem,
1812 4364 1865 4405 et
1891 4353 2068 4406 studio
2097 4350 2357 4406 consultae

768 4454 1069 4510 voluntatis
1098 4454 1480 4513 intereuntem,
1511 4461 1664 4501 sume
1690 4446 1893 4500 scilicet
1934 4460 1999 4498 ex
2028 4444 2092 4495 iis
2121 4458 2239 4511 qua:
2264 4445 2357 4495 ad-

770 4546 1075 4605 discuntur.
1108 4553 1157 4597 et
1193 4558 1258 4597 ex
1300 4541 1538 4595 motibus
1575 4536 1860 4593 considera
1892 4551 2010 4604 quae
2037 4533 2169 4588 foris
2197 4542 2357 4599 sunt;

770 4636 1143 4705 contemplare
1174 4648 1293 4702 quae
1327 4633 1508 4695 intus;
1546 4629 1792 4699 perspice
1830 4625 2206 4695 cogitationes,
2236 4639 2357 4675 cnim

769 4729 942 4785 sentis
995 4725 1271 4779 tttrbidnm
1336 4732 1539 4775 motum
1592 4729 1645 4773 ct
1698 4718 1985 4771 tumultum
2033 4717 2355 4784 quemdam;

768 4838 891 4875 t'ttm
923 4819 1168 4886 Voluptas
1201 4815 1397 4877 titillat,
1428 4828 1551 4867 cum
1588 4812 1713 4881 .jam
1743 4814 1822 4865 sic
1887 4812 1940 4864 itt
1972 4811 2214 4878 periculo
2241 4824 2359 4863 ver—

771 4928 921 4976 sans,
956 4909 1245 4979 prmsentia
1294 4918 1345 4961 et
1376 4905 1625 4973 przcsidio
1676 4919 1855 4973 parva:
1882 4902 2178 4967 disciplina:
2208 4912 2358 4955 tran-

771 5003 1099 5071 quillitatem
1132 5009 1189 5052 et
1235 4996 1456 5050 multant
1483 4994 1848 5049 constantiam
1887 4993 1937 5045 in
1964 4992 2357 5057 anima-vides;

772 5100 936 5164 idque
989 5095 1045 5146 iit
1101 5092 1153 5145 in
1212 5090 1427 5153 eodem,
1483 5102 1657 5157 neque
1691 5087 1861 5141 multo
1906 5086 2191 5141 intervallo
2229 5097 2362 5140 tem-

772 5190 959 5257 poris,
1017 5188 1147 5257 quin
1206 5185 1384 5251 potius
1448 5196 1820 5253 sa'penumcro
1889 5190 2085 5251 puncto
2150 5189 2359 5249 tempo-

2456 3459 2608 3502 σατο.
2647 3440 2745 3512 τὴν
2778 3441 2932 3493 νόσον
2980 3439 3084 3511 τῆς
3116 3439 3431 3509 ἀφροσύνης
3486 3435 3758 3501 ὲξώσασα,
3820 3435 3919 3487 καὶ
3959 3431 4056 3502 τὴν

2457 3534 2645 3605 ὑγείαν
2671 3533 2977 3587 ἀποδέδωκε
3008 3531 3226 3603 κυρίαν.
3260 3529 3711 3599 Μετασέὀληνται
3752 3522 3846 3579 οὖν
3873 3525 3929 3577 αί
3959 3541 4057 3578 κα-

2455 3624 2572 3678 κίαι
2628 3624 2723 3677 καὶ
2762 3624 2818 3676 αἱ
2874 3622 3101 3695 ἀρεταί·
3161 3622 3257 3674 καὶ
3310 3622 3531 3691 κτηταὶ,
3585 3621 3681 3673 καὶ
3734 3618 4052 3689 άπόκτητοι.

2462 3718 2668 3787 Ἔχεις,
2702 3717 2804 3769 οὐκ
2832 3715 2977 3786 ἔχεις
3003 3733 3015 3745 ·
3045 3709 3226 3787 εὗρες,
3259 3714 3351 3767 καὶ
3399 3711 3787 3774 ἀπολώλεκας·
3829 3711 3994 3780 ἔχεις,
4024 3713 4052 3765 ὂ

2458 3805 2646 3881 εὗρεςο
2676 3808 2777 3861 οὐκ
2810 3806 2974 3877 ἔχεις,
3009 3805 3039 3859 ὃ
3070 3806 3424 3869 ἀπολώλεκας
3444 3822 3456 3835 ·
3499 3806 3556 3858 ὲν
3617 3806 3733 3867 τοῖς
3777 3803 4056 3873 εὑρίσκου-

2460 3919 2565 3965 σιν,
2606 3900 2637 3970 ἢ
2668 3899 3039 3954 ἀπολωλεκόσι
3074 3900 3255 3971 κρίνῃ.
3290 3897 3521 3969 Ἕτερον
3564 3897 3619 3949 δὲ
3646 3895 3709 3949 τὺ
3735 3895 4056 3965 εὑρισκόμε-

2459 4010 2547 4045 νον
2582 3992 2677 4045 καὶ
2714 3994 2773 4054 τὸ
2808 3992 3180 4063 ἀπολλύμενον
3203 4008 3216 4020 ·
3274 3990 3369 4043 καὶ
3422 3990 3483 4042 τὸ
3516 3990 3635 4060 μὲν,
3686 3990 3718 4059 ἡ
3759 3987 3963 4057 ἀρετὴ,
3996 3984 4057 4039 τδ

2457 4086 2534 4149 δὲ,
2566 4089 2593 4140 ό
2626 4086 2795 4139 ποιῶν
2820 4102 2832 4113 °
2863 4087 3041 4139 καὶτὸ
3076 4086 3195 4155 μὲν,
3233 4086 3266 4155 ἡ
3297 4085 3489 4146 κακία,
3522 4083 3584 4135 τὸ
3613 4082 3690 4144 δὲ,
3723 4082 4053 4151 όπράττων·

2460 4178 2555 4230 καὶ
2580 4179 2640 4229 τὸ
2674 4178 2851 4248 μὲν,ὴ
2884 4176 3075 4237 κακία,
3132 4174 3317 4228 οὐδέν’
3367 4174 3513 4237 ίδίως
3570 4173 3677 4244 γάρ
3701 4171 3853 4223 οὐδέν
3875 4189 3887 4201 ο
3929 4169 4059 4225 ὑπό·

2462 4288 2651 4324 στάσιν
2686 4271 2793 4344 γάρ
2830 4270 3027 4333 κακίας
3050 4270 3231 4341 εὑρεῖν
3264 4268 3545 4337 ἀμήχανον
3568 4283 3581 4296 ι
3615 4265 3817 4336 πρᾶξιν
3854 4264 3911 4317 δὲ
3934 4281 4056 4333 χαι-

2461 4365 2643 4434 νότητι
2686 4363 2805 4433 (sic)
2856 4365 3173 4434 φρονήσεως
3212 4358 3672 4429 ὑφιστανομένην,
3719 4358 3816 4411 καὶ
3860 4356 4057 4429 μελέτῃ

2462 4454 2837 4527 προαιρέσεως
2855 4456 3077 4527 ἀναιρου
3086 4454 3275 4524 μένην,
3299 4452 3490 4523 ἀμέλει
3508 4452 3572 4503 ὲκ
3592 4450 3700 4502 τῶν
3722 4448 4058 4520 μαθημάτων

2462 4547 2728 4617 λάμϐανε,
2776 4548 2870 4599 καὶ
2897 4549 2962 4599 ὲκ
3000 4545 3107 4599 τῶν
3140 4546 3462 4615 κινημάτων
3481 4561 3494 4573 ·
3520 4543 3817 4611 ἐπίσκεψαι
3840 4542 3903 4594 τὰ
3922 4540 4055 4605 ἔξω·

2465 4639 2660 4710 θεώρει
2700 4639 2767 4692 τὰ
2802 4638 2909 4691 ἔσω
2928 4656 2940 4667 ·
2970 4637 3308 4706 κατανόησον
3338 4637 3438 4699 τὰς
3474 4635 3713 4699 διανοίας
3732 4652 3746 4665 ·
3776 4636 3901 4687 ὅταν
3928 4634 4060 4685 ὐπο-

2472 4732 2662 4803 μείνῃς
2686 4731 2945 4800 τάραχον,
2984 4730 3111 4782 ὃταν
3174 4727 3400 4798 θόρυὸόν
3430 4742 3570 4783 τινα,
3602 4726 3732 4778 ὅταν
3753 4722 4058 4795 γαργαλίζῃ

2466 4823 2653 4893 ἡδονῇ,
2698 4823 2825 4875 ὅταν
2882 4822 2959 4874 ἔτι
2988 4821 3132 4874 οὕτω
3175 4818 3501 4872 κινδυνεύων
3531 4816 3713 4884 ὀλίγου
3743 4816 4059 4886 μαθήματος

2470 4916 2813 4978 ἐπιστάντος,
2850 4915 3093 4985 γαλήνην
3112 4914 3229 4985 ἴδῃς
3258 4914 3316 4965 ὲν
3349 4915 3416 4984 τῇ
3446 4910 3591 4980 ψυχῇ
3622 4911 3715 4963 καὶ
3745 4907 4060 4961 εὐστάθειαν

2472 5007 2695 5076 πολλὴν,
2731 5009 2825 5061 καὶ
2876 5006 3052 5061 ταῦτα
3094 5008 3153 5059 ὲν
3199 5003 3419 5073 ταυτῷ·
3479 5005 3618 5073 μήτε
3650 5000 3845 5054 πολλοῦ
3866 5000 4057 5070 χρόνου

2472 5098 2934 5169 παρεληλυθότος,
2975 5096 3113 5151 ἀλλὰ
3162 5096 3422 5159 πολλάκις
3458 5096 3517 5147 ὲν
3547 5094 3627 5163 τῷ
3668 5093 3937 5160 ἀκαριαίῳ
3966 5090 4058 5143 τοῦ

2470 5190 2711 5244 τοιούτου
2739 5190 3137 5262 πραττομένου.

1817 5343 1947 5399 CAP.
1976 5341 2094 5396 XX.
2135 5341 2503 5403 Confirmamr
2526 5352 2710 5403 eadem
2742 5352 3004 5403 doctrina.

849 5446 917 5496 At
952 5456 1095 5511 sa'pe
1128 5457 1248 5495 ctnn
1286 5442 1464 5494 anima
1492 5440 1693 5508 aliquid
1734 5450 1887 5510 turpe
1920 5442 2139 5508 appetit.
2173 5452 2227 5495 et
2257 5450 2367 5494 sta-

777 5536 874 5587 tint
929 5553 987 5587 se
1041 5532 1258 5588 cohibet
1313 5542 1366 5585 et
1422 5532 1759 5585 sedationem
1800 5532 2222 5599 perturbationis
2264 5533 2365 5586 sibi

780 5628 956 5688 affert.
987 5642 1049 5681 ac
1085 5628 1348 5682 ccutinno
1376 5640 1495 5692 quas
1522 5625 1588 5677 ad
1621 5625 2034 5693 temperantiam
2073 5626 2363 5693 pertinent,

851 5724 894 5773 3'
932 5723 1072 5777 Psal.
1104 5738 1293 5776 ηνιιι.
1332 5721 1417 5785 l3,
1447 5719 1536 5774 2|.
1572 5720 1615 5750 "
1644 5718 1813 5775 I‘Cor.
1844 5734 1881 5785 t,
1911 5718 2000 5771 ‘27.

850 5815 963 5881 (1-3)
1002 5812 1154 5879 Τοὺς
1178 5811 1246 5865 δὲ
1290 5813 1535 5881 νόμους.
1574 5810 1678 5867 Sed
1723 5810 1856 5878 leges
1897 5822 1987 5865 aut
2024 5813 2237 5867 virm/rs
2260 5829 2376 5880 qum

776 5895 898 5941 sunt
948 5884 1273 5938 characteres
1334 5882 1690 5950 furmntionis,
1753 5899 1851 5935 non
1901 5884 2071 5936 reddis
2114 5886 2363 5952 formato.

2548 5447 2656 5498 Καὶ
2692 5446 2953 5509 πολλάκις
3000 5445 3257 5518 ὁρμώσης
3291 5447 3390 5510 τῆς
3421 5444 3604 5517 ψυχῆς
3651 5445 3745 5497 ἐπὶ
3779 5440 3944 5504 πάθος
3977 5443 4059 5492 αξ-

2477 5537 2669 5605 σχρόν-
2705 5538 3053 5609 παραχρῆμα
3098 5538 3157 5592 δὲ
3193 5537 3587 5607 συστελλούσης
3628 5535 3722 5588 καὶ
3755 5532 4057 5601 καθησυχα·

2476 5625 2697 5698 ζούσης,
2738 5629 2829 5681 καὶ
2861 5628 3023 5691 εὐθὺς
3057 5630 3126 5683 τά
3160 5628 3416 5700 σώφρονα
3446 5623 3937 5697 ἀναγινωσκούσης,
3972 5623 4059 5674 καὶ

2488 5810 2580 5866 Sic
2621 5813 2789 5892 reddit
2825 5812 3121 5885 Basnagius
3153 5812 3253 5869 ista
3281 5813 3404 5877 τοὺς
3436 5810 3492 5865 δὲ
3527 5811 3741 5883 νόμους,
3774 5825 3886 5881 qum
3920 5811 4060 5879 luge-

2481 5893 2599 5936 runt
2639 5894 3006 5952 llllt‘l‘pl't‘lL'ltt.
