  <div class='ocr_page' id='page_1' title='image "/cluster/home/n/w/nwhite01/storage/ocr_20150623/40/pst.000005712373/475.png"; bbox 0 0 4226 6316; ppageno 0'>
   <div class='ocr_carea' id='block_1_1' title="bbox 690 277 3983 350">
    <p class='ocr_par' dir='ltr' id='par_1_1' title="bbox 690 277 3983 350">
     <span class='ocr_line' id='line_1_1' title="bbox 690 277 3983 350; baseline 0.002 -8"><span class='ocrx_word' id='word_1_1' title='bbox 690 285 798 342; x_wconf 74' lang='lat' dir='ltr'><strong>om</strong></span> <span class='ocrx_word' id='word_1_2' title='bbox 1794 290 2072 345; x_wconf 65' lang='lat' dir='ltr'><strong>carnes</strong></span> <span class='ocrx_word' id='word_1_3' title='bbox 2111 290 2412 347; x_wconf 62' lang='lat' dir='ltr'><strong>21-:ch111</strong></span> <span class='ocrx_word' id='word_1_4' title='bbox 2452 277 2727 350; x_wconf 60' lang='lat' dir='ltr'><strong>sarcuu</strong></span> <span class='ocrx_word' id='word_1_5' title='bbox 2765 290 2850 348; x_wconf 85' lang='lat' dir='ltr'><strong>IV.</strong></span> <span class='ocrx_word' id='word_1_6' title='bbox 3873 295 3983 350; x_wconf 73' lang='lat' dir='ltr'><strong>asa</strong></span> 
     </span>
    </p>
   </div>
   <div class='ocr_carea' id='block_1_2' title="bbox 694 401 2363 482">
    <p class='ocr_par' dir='ltr' id='par_1_2' title="bbox 694 401 2346 473">
     <span class='ocr_line' id='line_1_2' title="bbox 694 401 2346 473; baseline 0.004 -18"><span class='ocrx_word' id='word_1_7' title='bbox 694 404 932 473; x_wconf 78' lang='lat' dir='ltr'><strong>piscator</strong></span> <span class='ocrx_word' id='word_1_8' title='bbox 973 401 1187 466; x_wconf 84' lang='lat' dir='ltr'><strong>Petrus,</strong></span> <span class='ocrx_word' id='word_1_9' title='bbox 1219 410 1274 458; x_wconf 88' lang='lat' dir='ltr'><strong>et</strong></span> <span class='ocrx_word' id='word_1_10' title='bbox 1323 402 1496 457; x_wconf 87' lang='lat' dir='ltr'><strong>malus</strong></span> <span class='ocrx_word' id='word_1_11' title='bbox 1539 412 1689 469; x_wconf 89' lang='lat' dir='ltr'><strong>erat;</strong></span> <span class='ocrx_word' id='word_1_12' title='bbox 1718 419 1822 457; x_wconf 91' lang='lat' dir='ltr'><strong>non</strong></span> <span class='ocrx_word' id='word_1_13' title='bbox 1851 406 1995 459; x_wconf 90' lang='lat' dir='ltr'><strong>enim</strong></span> <span class='ocrx_word' id='word_1_14' title='bbox 2027 416 2143 459; x_wconf 88' lang='lat' dir='ltr'><strong>erat</strong></span> <span class='ocrx_word' id='word_1_15' title='bbox 2173 421 2268 461; x_wconf 80' lang='lat' dir='ltr'><strong>ex-</strong></span> <span class='ocrx_word' id='word_1_16' title='bbox 2303 413 2346 466; x_wconf 76' lang='grc' dir='ltr'>Α</span> 
     </span>
    </p>
   </div>
   <div class='ocr_carea' id='block_1_3' title="bbox 2313 401 3982 482">
    <p class='ocr_par' dir='ltr' id='par_1_3' title="bbox 2313 402 3982 482">
     <span class='ocr_line' id='line_1_3' title="bbox 2313 402 3982 482; baseline 0.003 -24"><span class='ocrx_word' id='word_1_17' title='bbox 2313 413 2346 465; x_wconf 66' lang='grc' dir='ltr'><strong>Α</strong></span> <span class='ocrx_word' id='word_1_18' title='bbox 2377 405 2559 470; x_wconf 85' lang='grc' dir='ltr'>ἁλιεὺς</span> <span class='ocrx_word' id='word_1_19' title='bbox 2593 402 2684 477; x_wconf 80' lang='grc' dir='ltr'>ἦν,</span> <span class='ocrx_word' id='word_1_20' title='bbox 2717 407 2811 460; x_wconf 72' lang='grc' dir='ltr'><strong>καὶ</strong></span> <span class='ocrx_word' id='word_1_21' title='bbox 2836 407 3008 471; x_wconf 83' lang='grc' dir='ltr'>κακὸς</span> <span class='ocrx_word' id='word_1_22' title='bbox 3044 402 3113 478; x_wconf 80' lang='grc' dir='ltr'>ἦν</span> <span class='ocrx_word' id='word_1_23' title='bbox 3133 425 3146 439; x_wconf 87' lang='grc'><strong>·</strong></span> <span class='ocrx_word' id='word_1_24' title='bbox 3180 405 3303 461; x_wconf 70' lang='grc' dir='ltr'>οὔτε</span> <span class='ocrx_word' id='word_1_25' title='bbox 3333 407 3442 478; x_wconf 74' lang='grc' dir='ltr'>γὰρ</span> <span class='ocrx_word' id='word_1_26' title='bbox 3477 408 3869 481; x_wconf 76' lang='grc' dir='ltr'><strong>ἀναμάρτητος</strong></span> <span class='ocrx_word' id='word_1_27' title='bbox 3888 406 3982 482; x_wconf 76' lang='grc' dir='ltr'>ἦν,</span> 
     </span>
    </p>
   </div>
   <div class='ocr_carea' id='block_1_4' title="bbox 694 495 2363 573">
    <p class='ocr_par' dir='ltr' id='par_1_4' title="bbox 694 496 2278 569">
     <span class='ocr_line' id='line_1_4' title="bbox 694 496 2278 569; baseline 0.002 -20"><span class='ocrx_word' id='word_1_28' title='bbox 694 511 820 567; x_wconf 83' lang='lat' dir='ltr'><strong>pers</strong></span> <span class='ocrx_word' id='word_1_29' title='bbox 850 496 1084 569; x_wconf 75' lang='lat' dir='ltr'><strong>peccati,</strong></span> <span class='ocrx_word' id='word_1_30' title='bbox 1114 497 1278 551; x_wconf 88' lang='lat' dir='ltr'><strong>homo</strong></span> <span class='ocrx_word' id='word_1_31' title='bbox 1310 496 1576 566; x_wconf 84' lang='lat' dir='ltr'><strong>siquidem</strong></span> <span class='ocrx_word' id='word_1_32' title='bbox 1610 507 1748 553; x_wconf 91' lang='lat' dir='ltr'><strong>erat.</strong></span> <span class='ocrx_word' id='word_1_33' title='bbox 1776 497 2013 566; x_wconf 83' lang='lat' dir='ltr'><strong>Reliquit</strong></span> <span class='ocrx_word' id='word_1_34' title='bbox 2046 512 2278 567; x_wconf 79' lang='lat' dir='ltr'><strong>sagenas</strong></span> 
     </span>
    </p>
   </div>
   <div class='ocr_carea' id='block_1_5' title="bbox 2317 495 3986 573">
    <p class='ocr_par' dir='ltr' id='par_1_5' title="bbox 2386 495 3986 573">
     <span class='ocr_line' id='line_1_5' title="bbox 2386 495 3986 573; baseline 0.004 -22"><span class='ocrx_word' id='word_1_35' title='bbox 2386 498 2673 567; x_wconf 73' lang='grc' dir='ltr'>ἄνθρωπος</span> <span class='ocrx_word' id='word_1_36' title='bbox 2704 498 2815 571; x_wconf 82' lang='grc' dir='ltr'><strong>γὰρ</strong></span> <span class='ocrx_word' id='word_1_37' title='bbox 2853 495 2922 570; x_wconf 80' lang='grc' dir='ltr'>ἦν</span> <span class='ocrx_word' id='word_1_38' title='bbox 2944 517 2958 531; x_wconf 88' lang='grc'><strong>·</strong></span> <span class='ocrx_word' id='word_1_39' title='bbox 3010 499 3106 553; x_wconf 77' lang='grc' dir='ltr'>καὶ</span> <span class='ocrx_word' id='word_1_40' title='bbox 3142 499 3364 572; x_wconf 79' lang='grc' dir='ltr'>κληθεὶς</span> <span class='ocrx_word' id='word_1_41' title='bbox 3407 501 3559 570; x_wconf 73' lang='grc' dir='ltr'>ἠφίει</span> <span class='ocrx_word' id='word_1_42' title='bbox 3607 500 3707 566; x_wconf 89' lang='grc' dir='ltr'><strong>τάς</strong></span> <span class='ocrx_word' id='word_1_43' title='bbox 3738 503 3986 573; x_wconf 81' lang='grc' dir='ltr'>σαγήνας</span> 
     </span>
    </p>
   </div>
   <div class='ocr_carea' id='block_1_6' title="bbox 694 588 2363 664">
    <p class='ocr_par' dir='ltr' id='par_1_6' title="bbox 694 588 2278 661">
     <span class='ocr_line' id='line_1_6' title="bbox 694 588 2278 661; baseline -0.003 -14"><span class='ocrx_word' id='word_1_44' title='bbox 694 596 752 647; x_wconf 78' lang='lat' dir='ltr'><strong>et</strong></span> <span class='ocrx_word' id='word_1_45' title='bbox 781 591 981 661; x_wconf 81' lang='lat' dir='ltr'><strong>pisces,</strong></span> <span class='ocrx_word' id='word_1_46' title='bbox 1014 604 1069 647; x_wconf 92' lang='lat' dir='ltr'><strong>et</strong></span> <span class='ocrx_word' id='word_1_47' title='bbox 1112 588 1320 646; x_wconf 77' lang='lat' dir='ltr'><strong>relictis</strong></span> <span class='ocrx_word' id='word_1_48' title='bbox 1352 590 1607 646; x_wconf 81' lang='lat' dir='ltr'><strong>omnibus</strong></span> <span class='ocrx_word' id='word_1_49' title='bbox 1645 591 1999 660; x_wconf 79' lang='lat' dir='ltr'><strong>sequebatur,</strong></span> <span class='ocrx_word' id='word_1_50' title='bbox 2020 601 2077 643; x_wconf 89' lang='lat' dir='ltr'><strong>ut</strong></span> <span class='ocrx_word' id='word_1_51' title='bbox 2106 590 2278 645; x_wconf 88' lang='lat' dir='ltr'><strong>solum</strong></span> 
     </span>
    </p>
   </div>
   <div class='ocr_carea' id='block_1_7' title="bbox 2319 588 3988 664">
    <p class='ocr_par' dir='ltr' id='par_1_7' title="bbox 2389 591 3988 664">
     <span class='ocr_line' id='line_1_7' title="bbox 2389 591 3988 664; baseline 0.003 -20"><span class='ocrx_word' id='word_1_52' title='bbox 2389 593 2484 645; x_wconf 79' lang='grc' dir='ltr'><strong>καὶ</strong></span> <span class='ocrx_word' id='word_1_53' title='bbox 2508 592 2636 655; x_wconf 75' lang='grc' dir='ltr'>τοὺς</span> <span class='ocrx_word' id='word_1_54' title='bbox 2666 591 2876 663; x_wconf 71' lang='grc' dir='ltr'>ἰχθύας,</span> <span class='ocrx_word' id='word_1_55' title='bbox 2895 592 3181 662; x_wconf 72' lang='grc' dir='ltr'>ἠκολούθει</span> <span class='ocrx_word' id='word_1_56' title='bbox 3213 592 3270 646; x_wconf 83' lang='grc' dir='ltr'>δὲ</span> <span class='ocrx_word' id='word_1_57' title='bbox 3297 594 3478 648; x_wconf 85' lang='grc' dir='ltr'>πάντα</span> <span class='ocrx_word' id='word_1_58' title='bbox 3498 592 3679 663; x_wconf 70' lang='grc' dir='ltr'>ἀφεὶς,</span> <span class='ocrx_word' id='word_1_59' title='bbox 3700 594 3790 648; x_wconf 72' lang='grc' dir='ltr'><strong>ἵνα</strong></span> <span class='ocrx_word' id='word_1_60' title='bbox 3824 594 3988 664; x_wconf 79' lang='grc' dir='ltr'>μόνον</span> 
     </span>
    </p>
   </div>
   <div class='ocr_carea' id='block_1_8' title="bbox 698 672 2367 759">
    <p class='ocr_par' dir='ltr' id='par_1_8' title="bbox 698 672 2283 752">
     <span class='ocr_line' id='line_1_8' title="bbox 698 672 2283 752; baseline -0.002 -15"><span class='ocrx_word' id='word_1_61' title='bbox 698 683 883 739; x_wconf 74' lang='lat' dir='ltr'><strong>.lesum</strong></span> <span class='ocrx_word' id='word_1_62' title='bbox 913 684 1136 739; x_wconf 75' lang='lat' dir='ltr'><strong>haberet</strong></span> <span class='ocrx_word' id='word_1_63' title='bbox 1160 701 1174 751; x_wconf 89' lang='lat'><strong>;</strong></span> <span class='ocrx_word' id='word_1_64' title='bbox 1206 693 1260 739; x_wconf 90' lang='lat' dir='ltr'><strong>et</strong></span> <span class='ocrx_word' id='word_1_65' title='bbox 1290 681 1498 737; x_wconf 84' lang='lat' dir='ltr'><strong>relictis</strong></span> <span class='ocrx_word' id='word_1_66' title='bbox 1522 683 1734 752; x_wconf 90' lang='lat' dir='ltr'><strong>primis,</strong></span> <span class='ocrx_word' id='word_1_67' title='bbox 1763 697 1866 737; x_wconf 90' lang='lat' dir='ltr'><strong>non</strong></span> <span class='ocrx_word' id='word_1_68' title='bbox 1886 672 2161 737; x_wconf 77' lang='lat' dir='ltr'><strong>desiderio</strong></span> <span class='ocrx_word' id='word_1_69' title='bbox 2182 698 2283 737; x_wconf 90' lang='lat' dir='ltr'><strong>suo</strong></span> 
     </span>
    </p>
   </div>
   <div class='ocr_carea' id='block_1_9' title="bbox 2319 672 3988 759">
    <p class='ocr_par' dir='ltr' id='par_1_9' title="bbox 2388 683 3988 759">
     <span class='ocr_line' id='line_1_9' title="bbox 2388 683 3988 759; baseline 0.003 -22"><span class='ocrx_word' id='word_1_70' title='bbox 2388 685 2489 759; x_wconf 79' lang='grc' dir='ltr'><strong>ἔχῃ</strong></span> <span class='ocrx_word' id='word_1_71' title='bbox 2515 686 2606 738; x_wconf 86' lang='grc' dir='ltr'><strong>τὸν</strong></span> <span class='ocrx_word' id='word_1_72' title='bbox 2643 683 2851 756; x_wconf 75' lang='grc' dir='ltr'>Ἰησοῦν</span> <span class='ocrx_word' id='word_1_73' title='bbox 2873 702 2887 717; x_wconf 79' lang='grc'><strong><em>⁸</em></strong></span> <span class='ocrx_word' id='word_1_74' title='bbox 2923 686 3018 739; x_wconf 72' lang='grc' dir='ltr'>καὶ</span> <span class='ocrx_word' id='word_1_75' title='bbox 3046 685 3117 739; x_wconf 83' lang='grc' dir='ltr'><strong>τά</strong></span> <span class='ocrx_word' id='word_1_76' title='bbox 3145 685 3338 759; x_wconf 77' lang='grc' dir='ltr'>πρῶτα</span> <span class='ocrx_word' id='word_1_77' title='bbox 3369 686 3673 751; x_wconf 69' lang='grc' dir='ltr'>ἀπολιπὼν,</span> <span class='ocrx_word' id='word_1_78' title='bbox 3699 688 3801 741; x_wconf 83' lang='grc' dir='ltr'>οὐκ</span> <span class='ocrx_word' id='word_1_79' title='bbox 3829 688 3988 741; x_wconf 77' lang='grc' dir='ltr'>ἑστε-</span> 
     </span>
    </p>
   </div>
   <div class='ocr_carea' id='block_1_10' title="bbox 701 772 2370 849">
    <p class='ocr_par' dir='ltr' id='par_1_10' title="bbox 701 775 2285 845">
     <span class='ocr_line' id='line_1_10' title="bbox 701 775 2285 845; baseline -0.002 -17"><span class='ocrx_word' id='word_1_80' title='bbox 701 777 1013 836; x_wconf 80' lang='lat' dir='ltr'><strong>frustratus.</strong></span> <span class='ocrx_word' id='word_1_81' title='bbox 1062 777 1264 845; x_wconf 89' lang='lat' dir='ltr'><strong>reperit</strong></span> <span class='ocrx_word' id='word_1_82' title='bbox 1312 775 1454 843; x_wconf 89' lang='lat' dir='ltr'><strong>quod</strong></span> <span class='ocrx_word' id='word_1_83' title='bbox 1484 776 1757 843; x_wconf 67' lang='lat' dir='ltr'><strong>quassivit,</strong></span> <span class='ocrx_word' id='word_1_84' title='bbox 1786 785 1839 829; x_wconf 89' lang='lat' dir='ltr'><strong>et</strong></span> <span class='ocrx_word' id='word_1_85' title='bbox 1868 790 1932 830; x_wconf 89' lang='lat' dir='ltr'><strong>eo</strong></span> <span class='ocrx_word' id='word_1_86' title='bbox 1960 790 2135 841; x_wconf 87' lang='lat' dir='ltr'><strong>usque</strong></span> <span class='ocrx_word' id='word_1_87' title='bbox 2167 791 2285 842; x_wconf 87' lang='lat' dir='ltr'><strong>pro-</strong></span> 
     </span>
    </p>
   </div>
   <div class='ocr_carea' id='block_1_11' title="bbox 2321 772 3990 849">
    <p class='ocr_par' dir='ltr' id='par_1_11' title="bbox 2392 772 3990 849">
     <span class='ocr_line' id='line_1_11' title="bbox 2392 772 3990 849; baseline 0.001 -20"><span class='ocrx_word' id='word_1_88' title='bbox 2392 776 2533 848; x_wconf 83' lang='grc' dir='ltr'>ρήθη</span> <span class='ocrx_word' id='word_1_89' title='bbox 2571 776 2663 830; x_wconf 79' lang='grc' dir='ltr'>τοῦ</span> <span class='ocrx_word' id='word_1_90' title='bbox 2692 775 3025 847; x_wconf 80' lang='grc' dir='ltr'><strong>ποθουμένου</strong></span> <span class='ocrx_word' id='word_1_91' title='bbox 3045 795 3059 808; x_wconf 84' lang='grc'><strong>·</strong></span> <span class='ocrx_word' id='word_1_92' title='bbox 3090 772 3217 849; x_wconf 70' lang='grc' dir='ltr'>εὗρε</span> <span class='ocrx_word' id='word_1_93' title='bbox 3244 777 3354 849; x_wconf 89' lang='grc' dir='ltr'><strong>γάρ</strong></span> <span class='ocrx_word' id='word_1_94' title='bbox 3385 778 3445 832; x_wconf 82' lang='grc' dir='ltr'><strong>τὸ</strong></span> <span class='ocrx_word' id='word_1_95' title='bbox 3478 778 3739 849; x_wconf 68' lang='grc' dir='ltr'>ζητηθέν,</span> <span class='ocrx_word' id='word_1_96' title='bbox 3769 778 3867 832; x_wconf 77' lang='grc' dir='ltr'>καὶ</span> <span class='ocrx_word' id='word_1_97' title='bbox 3891 778 3990 831; x_wconf 72' lang='grc' dir='ltr'><strong>ἐπὶ</strong></span> 
     </span>
    </p>
   </div>
   <div class='ocr_carea' id='block_1_12' title="bbox 702 864 2371 941">
    <p class='ocr_par' dir='ltr' id='par_1_12' title="bbox 702 864 2282 935">
     <span class='ocr_line' id='line_1_12' title="bbox 702 864 2282 935; baseline -0.003 -14"><span class='ocrx_word' id='word_1_98' title='bbox 702 880 922 935; x_wconf 80' lang='lat' dir='ltr'><strong>gressus</strong></span> <span class='ocrx_word' id='word_1_99' title='bbox 950 876 1057 933; x_wconf 90' lang='lat' dir='ltr'><strong>est,</strong></span> <span class='ocrx_word' id='word_1_100' title='bbox 1108 875 1166 920; x_wconf 89' lang='lat' dir='ltr'><strong>ut</strong></span> <span class='ocrx_word' id='word_1_101' title='bbox 1218 867 1430 920; x_wconf 80' lang='lat' dir='ltr'><strong>audiret</strong></span> <span class='ocrx_word' id='word_1_102' title='bbox 1459 884 1475 920; x_wconf 86' lang='lat'><strong>:</strong></span> <span class='ocrx_word' id='word_1_103' title='bbox 1505 864 1582 921; x_wconf 88' lang='lat' dir='ltr'><strong>Tu</strong></span> <span class='ocrx_word' id='word_1_104' title='bbox 1612 882 1664 919; x_wconf 70' lang='lat' dir='ltr'><strong>es</strong></span> <span class='ocrx_word' id='word_1_105' title='bbox 1700 865 1884 921; x_wconf 86' lang='lat' dir='ltr'><strong>Simon</strong></span> <span class='ocrx_word' id='word_1_106' title='bbox 1913 865 2059 934; x_wconf 76' lang='lat' dir='ltr'><strong>ﬁlius</strong></span> <span class='ocrx_word' id='word_1_107' title='bbox 2086 865 2240 918; x_wconf 80' lang='lat' dir='ltr'><strong>Jona:</strong></span> <span class='ocrx_word' id='word_1_108' title='bbox 2264 880 2282 917; x_wconf 91' lang='lat'><strong><em>:</em></strong></span> 
     </span>
    </p>
   </div>
   <div class='ocr_carea' id='block_1_13' title="bbox 2326 864 3995 941">
    <p class='ocr_par' dir='ltr' id='par_1_13' title="bbox 2391 865 3995 941">
     <span class='ocr_line' id='line_1_13' title="bbox 2391 865 3995 941; baseline -0.001 -18"><span class='ocrx_word' id='word_1_109' title='bbox 2391 868 2659 941; x_wconf 81' lang='grc' dir='ltr'><strong>τοσαύτην</strong></span> <span class='ocrx_word' id='word_1_110' title='bbox 2682 868 2795 935; x_wconf 71' lang='grc' dir='ltr'>ἕξιν</span> <span class='ocrx_word' id='word_1_111' title='bbox 2820 868 3207 941; x_wconf 83' lang='grc' dir='ltr'>προελήλυθεν,</span> <span class='ocrx_word' id='word_1_112' title='bbox 3224 869 3299 933; x_wconf 88' lang='grc' dir='ltr'>ὡς</span> <span class='ocrx_word' id='word_1_113' title='bbox 3314 868 3545 923; x_wconf 81' lang='grc' dir='ltr'>ἀκοῦσαι</span> <span class='ocrx_word' id='word_1_114' title='bbox 3565 885 3578 895; x_wconf 87' lang='grc'><strong>·</strong></span> <span class='ocrx_word' id='word_1_115' title='bbox 3611 870 3697 924; x_wconf 82' lang='grc' dir='ltr'><strong>Σὺ</strong></span> <span class='ocrx_word' id='word_1_116' title='bbox 3720 865 3779 923; x_wconf 79' lang='grc' dir='ltr'>ετ</span> <span class='ocrx_word' id='word_1_117' title='bbox 3792 868 3995 937; x_wconf 69' lang='grc' dir='ltr'>Σίμων·</span> 
     </span>
    </p>
   </div>
   <div class='ocr_carea' id='block_1_14' title="bbox 702 954 2371 1029">
    <p class='ocr_par' dir='ltr' id='par_1_14' title="bbox 702 954 2284 1028">
     <span class='ocr_line' id='line_1_14' title="bbox 702 954 2284 1028; baseline -0.001 -19"><span class='ocrx_word' id='word_1_118' title='bbox 702 969 758 1012; x_wconf 80' lang='grc' dir='ltr'><strong>ιιι</strong></span> <span class='ocrx_word' id='word_1_119' title='bbox 783 957 1043 1011; x_wconf 78' lang='lat' dir='ltr'><strong>vocaberis</strong></span> <span class='ocrx_word' id='word_1_120' title='bbox 1058 956 1258 1019; x_wconf 76' lang='lat' dir='ltr'><strong>Cen/1m</strong></span> <span class='ocrx_word' id='word_1_121' title='bbox 1273 959 1340 1023; x_wconf 84' lang='lat'><strong>”;</strong></span> <span class='ocrx_word' id='word_1_122' title='bbox 1371 958 1513 1028; x_wconf 91' lang='lat' dir='ltr'><strong>quod</strong></span> <span class='ocrx_word' id='word_1_123' title='bbox 1544 972 1737 1011; x_wconf 82' lang='lat' dir='ltr'><strong>nomen</strong></span> <span class='ocrx_word' id='word_1_124' title='bbox 1762 957 2029 1025; x_wconf 77' lang='lat' dir='ltr'><strong>signiﬁcat</strong></span> <span class='ocrx_word' id='word_1_125' title='bbox 2046 954 2284 1019; x_wconf 68' lang='lat' dir='ltr'><strong>Petrum;</strong></span> 
     </span>
    </p>
   </div>
   <div class='ocr_carea' id='block_1_15' title="bbox 2328 954 3997 1029">
    <p class='ocr_par' dir='ltr' id='par_1_15' title="bbox 2393 956 3997 1029">
     <span class='ocr_line' id='line_1_15' title="bbox 2393 956 3997 1029; baseline -0.004 -15"><span class='ocrx_word' id='word_1_126' title='bbox 2393 961 2427 1014; x_wconf 81' lang='grc' dir='ltr'><em>ὀ</em></span> <span class='ocrx_word' id='word_1_127' title='bbox 2451 961 2578 1025; x_wconf 81' lang='grc' dir='ltr'>υίὸς</span> <span class='ocrx_word' id='word_1_128' title='bbox 2625 956 2811 1013; x_wconf 79' lang='grc' dir='ltr'>Ἰωνᾶ·</span> <span class='ocrx_word' id='word_1_129' title='bbox 2848 958 2930 1013; x_wconf 88' lang='grc' dir='ltr'>σὺ</span> <span class='ocrx_word' id='word_1_130' title='bbox 2964 958 3244 1027; x_wconf 76' lang='grc' dir='ltr'><strong>κληθήσῃ</strong></span> <span class='ocrx_word' id='word_1_131' title='bbox 3277 956 3507 1028; x_wconf 66' lang='grc' dir='ltr'>Κηφᾶς,</span> <span class='ocrx_word' id='word_1_132' title='bbox 3553 958 3583 1011; x_wconf 77' lang='grc' dir='ltr'><strong>ὃ</strong></span> <span class='ocrx_word' id='word_1_133' title='bbox 3625 957 3997 1029; x_wconf 66' lang='grc' dir='ltr'>ὲρμττιεύεται</span> 
     </span>
    </p>
   </div>
   <div class='ocr_carea' id='block_1_16' title="bbox 701 1049 2370 1121">
    <p class='ocr_par' dir='ltr' id='par_1_16' title="bbox 701 1049 2288 1121">
     <span class='ocr_line' id='line_1_16' title="bbox 701 1049 2288 1121; baseline -0.004 -14"><span class='ocrx_word' id='word_1_134' title='bbox 701 1064 761 1107; x_wconf 86' lang='grc' dir='ltr'><strong>ιιι</strong></span> <span class='ocrx_word' id='word_1_135' title='bbox 807 1054 1058 1108; x_wconf 76' lang='lat' dir='ltr'><strong>audiret:</strong></span> <span class='ocrx_word' id='word_1_136' title='bbox 1091 1052 1205 1106; x_wconf 77' lang='lat' dir='ltr'><strong>Tibi</strong></span> <span class='ocrx_word' id='word_1_137' title='bbox 1251 1052 1388 1106; x_wconf 78' lang='lat' dir='ltr'><strong>dabo</strong></span> <span class='ocrx_word' id='word_1_138' title='bbox 1442 1056 1613 1105; x_wconf 76' lang='lat' dir='ltr'><strong>claues</strong></span> <span class='ocrx_word' id='word_1_139' title='bbox 1661 1054 1803 1121; x_wconf 80' lang='lat' dir='ltr'><strong>regni</strong></span> <span class='ocrx_word' id='word_1_140' title='bbox 1847 1049 2187 1112; x_wconf 71' lang='lat' dir='ltr'><strong>caelorum“;</strong></span> <span class='ocrx_word' id='word_1_141' title='bbox 2231 1058 2288 1101; x_wconf 92' lang='lat' dir='ltr'><strong>ut</strong></span> 
     </span>
    </p>
   </div>
   <div class='ocr_carea' id='block_1_17' title="bbox 2331 1049 4000 1121">
    <p class='ocr_par' dir='ltr' id='par_1_17' title="bbox 2394 1049 4000 1120">
     <span class='ocr_line' id='line_1_17' title="bbox 2394 1049 4000 1120; baseline -0.002 -16"><span class='ocrx_word' id='word_1_142' title='bbox 2394 1050 2620 1119; x_wconf 83' lang='grc' dir='ltr'><strong>Πέτρος</strong></span> <span class='ocrx_word' id='word_1_143' title='bbox 2639 1067 2653 1081; x_wconf 81' lang='grc'><strong>·</strong></span> <span class='ocrx_word' id='word_1_144' title='bbox 2685 1050 2762 1114; x_wconf 86' lang='grc' dir='ltr'>ὡς</span> <span class='ocrx_word' id='word_1_145' title='bbox 2804 1050 3059 1112; x_wconf 82' lang='grc' dir='ltr'>ἀκοῦσαι,</span> <span class='ocrx_word' id='word_1_146' title='bbox 3090 1049 3269 1104; x_wconf 86' lang='grc' dir='ltr'>Δώσω</span> <span class='ocrx_word' id='word_1_147' title='bbox 3308 1066 3428 1111; x_wconf 83' lang='grc' dir='ltr'>σοι,</span> <span class='ocrx_word' id='word_1_148' title='bbox 3462 1052 3670 1120; x_wconf 83' lang='grc' dir='ltr'><strong>Πέτρε,</strong></span> <span class='ocrx_word' id='word_1_149' title='bbox 3701 1052 3811 1117; x_wconf 80' lang='grc' dir='ltr'>τὰς</span> <span class='ocrx_word' id='word_1_150' title='bbox 3836 1049 4000 1105; x_wconf 70' lang='grc' dir='ltr'>κλεῖ-</span> 
     </span>
    </p>
   </div>
   <div class='ocr_carea' id='block_1_18' title="bbox 704 1138 2373 1214">
    <p class='ocr_par' dir='ltr' id='par_1_18' title="bbox 704 1140 2284 1209">
     <span class='ocr_line' id='line_1_18' title="bbox 704 1140 2284 1209; baseline -0.001 -14"><span class='ocrx_word' id='word_1_151' title='bbox 704 1142 1070 1197; x_wconf 87' lang='lat' dir='ltr'><strong>testimonium</strong></span> <span class='ocrx_word' id='word_1_152' title='bbox 1099 1143 1147 1198; x_wconf 90' lang='lat' dir='ltr'><strong>ei</strong></span> <span class='ocrx_word' id='word_1_153' title='bbox 1177 1143 1507 1198; x_wconf 79' lang='lat' dir='ltr'><strong>tribueretur</strong></span> <span class='ocrx_word' id='word_1_154' title='bbox 1532 1160 1545 1195; x_wconf 88' lang='lat'><strong>:</strong></span> <span class='ocrx_word' id='word_1_155' title='bbox 1572 1140 1710 1195; x_wconf 88' lang='lat' dir='ltr'><strong>Coro</strong></span> <span class='ocrx_word' id='word_1_156' title='bbox 1739 1152 1785 1194; x_wconf 79' lang='lat' dir='ltr'><strong>et</strong></span> <span class='ocrx_word' id='word_1_157' title='bbox 1817 1142 2033 1209; x_wconf 75' lang='lat' dir='ltr'><strong>sanguis</strong></span> <span class='ocrx_word' id='word_1_158' title='bbox 2073 1156 2172 1193; x_wconf 84' lang='lat' dir='ltr'><strong>non</strong></span> <span class='ocrx_word' id='word_1_159' title='bbox 2205 1156 2284 1193; x_wconf 89' lang='lat' dir='ltr'><strong>re-</strong></span> 
     </span>
    </p>
   </div>
   <div class='ocr_carea' id='block_1_19' title="bbox 2332 1138 4001 1214">
    <p class='ocr_par' dir='ltr' id='par_1_19' title="bbox 2397 1138 4001 1214">
     <span class='ocr_line' id='line_1_19' title="bbox 2397 1138 4001 1214; baseline 0.008 -20"><span class='ocrx_word' id='word_1_160' title='bbox 2397 1140 2507 1206; x_wconf 85' lang='grc' dir='ltr'><strong>δας</strong></span> <span class='ocrx_word' id='word_1_161' title='bbox 2534 1138 2642 1208; x_wconf 86' lang='grc' dir='ltr'>τῆς</span> <span class='ocrx_word' id='word_1_162' title='bbox 2670 1141 2994 1207; x_wconf 61' lang='grc' dir='ltr'>,βασιλείας</span> <span class='ocrx_word' id='word_1_163' title='bbox 3024 1141 3145 1195; x_wconf 81' lang='grc' dir='ltr'><strong>τῶν</strong></span> <span class='ocrx_word' id='word_1_164' title='bbox 3184 1141 3458 1212; x_wconf 78' lang='grc' dir='ltr'>οὐρανῶν</span> <span class='ocrx_word' id='word_1_165' title='bbox 3476 1160 3489 1173; x_wconf 90' lang='grc'><strong>·</strong></span> <span class='ocrx_word' id='word_1_166' title='bbox 3521 1142 3597 1202; x_wconf 69' lang='lat' dir='ltr'><strong>ti):</strong></span> <span class='ocrx_word' id='word_1_167' title='bbox 3633 1140 3962 1214; x_wconf 75' lang='grc' dir='ltr'>μαρτυρηθῆ</span> <span class='ocrx_word' id='word_1_168' title='bbox 3982 1169 4001 1181; x_wconf 93' lang='grc'><strong>·</strong></span> 
     </span>
    </p>
   </div>
   <div class='ocr_carea' id='block_1_20' title="bbox 703 1230 2372 1305">
    <p class='ocr_par' dir='ltr' id='par_1_20' title="bbox 703 1230 2283 1300">
     <span class='ocr_line' id='line_1_20' title="bbox 703 1230 2283 1300; baseline -0.004 -13"><span class='ocrx_word' id='word_1_169' title='bbox 703 1234 886 1287; x_wconf 78' lang='lat' dir='ltr'><strong>celavit</strong></span> <span class='ocrx_word' id='word_1_170' title='bbox 942 1234 1058 1297; x_wconf 77' lang='lat' dir='ltr'><strong>tibi,</strong></span> <span class='ocrx_word' id='word_1_171' title='bbox 1112 1235 1201 1287; x_wconf 80' lang='lat' dir='ltr'><strong>sed</strong></span> <span class='ocrx_word' id='word_1_172' title='bbox 1262 1233 1424 1287; x_wconf 80' lang='lat' dir='ltr'><strong>Pater</strong></span> <span class='ocrx_word' id='word_1_173' title='bbox 1475 1248 1639 1294; x_wconf 80' lang='lat' dir='ltr'><strong>mens,</strong></span> <span class='ocrx_word' id='word_1_174' title='bbox 1681 1232 1771 1300; x_wconf 81' lang='lat' dir='ltr'><strong>qui</strong></span> <span class='ocrx_word' id='word_1_175' title='bbox 1826 1241 1899 1284; x_wconf 67' lang='lat' dir='ltr'><strong>est</strong></span> <span class='ocrx_word' id='word_1_176' title='bbox 1954 1233 2007 1284; x_wconf 82' lang='lat' dir='ltr'><strong>in</strong></span> <span class='ocrx_word' id='word_1_177' title='bbox 2059 1230 2283 1283; x_wconf 74' lang='lat' dir='ltr'><strong>catis&quot;.</strong></span> 
     </span>
    </p>
   </div>
   <div class='ocr_carea' id='block_1_21' title="bbox 2336 1230 4005 1305">
    <p class='ocr_par' dir='ltr' id='par_1_21' title="bbox 2401 1231 4005 1305">
     <span class='ocr_line' id='line_1_21' title="bbox 2401 1231 4005 1305; baseline -0.001 -16"><span class='ocrx_word' id='word_1_178' title='bbox 2401 1253 2508 1299; x_wconf 89' lang='grc' dir='ltr'>ναι,</span> <span class='ocrx_word' id='word_1_179' title='bbox 2542 1234 2702 1303; x_wconf 77' lang='grc' dir='ltr'><strong>Σὰρε</strong></span> <span class='ocrx_word' id='word_1_180' title='bbox 2749 1235 2848 1289; x_wconf 80' lang='grc' dir='ltr'>καὶ</span> <span class='ocrx_word' id='word_1_181' title='bbox 2886 1231 3031 1304; x_wconf 80' lang='grc' dir='ltr'>αἷμα</span> <span class='ocrx_word' id='word_1_182' title='bbox 3074 1238 3188 1290; x_wconf 80' lang='grc' dir='ltr'>οὐκ</span> <span class='ocrx_word' id='word_1_183' title='bbox 3238 1235 3604 1305; x_wconf 72' lang='grc' dir='ltr'>ἀπεκάλυψέ</span> <span class='ocrx_word' id='word_1_184' title='bbox 3635 1252 3757 1297; x_wconf 88' lang='grc' dir='ltr'>σοι,</span> <span class='ocrx_word' id='word_1_185' title='bbox 3792 1234 3931 1289; x_wconf 70' lang='grc' dir='ltr'><strong>ἀλλ’</strong></span> <span class='ocrx_word' id='word_1_186' title='bbox 3965 1236 4005 1287; x_wconf 85' lang='grc' dir='ltr'><strong><em>ό</em></strong></span> 
     </span>
    </p>
   </div>
   <div class='ocr_carea' id='block_1_22' title="bbox 704 1322 2373 1399">
    <p class='ocr_par' dir='ltr' id='par_1_22' title="bbox 704 1322 2289 1395">
     <span class='ocr_line' id='line_1_22' title="bbox 704 1322 2289 1395; baseline -0.003 -17"><span class='ocrx_word' id='word_1_187' title='bbox 704 1325 897 1381; x_wconf 82' lang='lat' dir='ltr'><strong>Postea</strong></span> <span class='ocrx_word' id='word_1_188' title='bbox 931 1327 1111 1395; x_wconf 78' lang='lat' dir='ltr'><strong>lapsus</strong></span> <span class='ocrx_word' id='word_1_189' title='bbox 1145 1332 1228 1380; x_wconf 90' lang='lat' dir='ltr'><strong>est</strong></span> <span class='ocrx_word' id='word_1_190' title='bbox 1274 1326 1325 1377; x_wconf 88' lang='lat' dir='ltr'><strong>in</strong></span> <span class='ocrx_word' id='word_1_191' title='bbox 1373 1324 1535 1378; x_wconf 89' lang='lat' dir='ltr'><strong>verbo</strong></span> <span class='ocrx_word' id='word_1_192' title='bbox 1568 1324 1863 1390; x_wconf 81' lang='lat' dir='ltr'><strong>petulanti;</strong></span> <span class='ocrx_word' id='word_1_193' title='bbox 1892 1335 1946 1377; x_wconf 90' lang='lat' dir='ltr'><strong>et</strong></span> <span class='ocrx_word' id='word_1_194' title='bbox 1968 1338 2090 1376; x_wconf 91' lang='lat' dir='ltr'><strong>cum</strong></span> <span class='ocrx_word' id='word_1_195' title='bbox 2122 1322 2186 1374; x_wconf 89' lang='lat' dir='ltr'><strong>ad</strong></span> <span class='ocrx_word' id='word_1_196' title='bbox 2214 1324 2289 1374; x_wconf 91' lang='lat' dir='ltr'><strong>iu-</strong></span> 
     </span>
    </p>
   </div>
   <div class='ocr_carea' id='block_1_23' title="bbox 2334 1322 4003 1399">
    <p class='ocr_par' dir='ltr' id='par_1_23' title="bbox 2402 1326 4003 1399">
     <span class='ocr_line' id='line_1_23' title="bbox 2402 1326 4003 1399; baseline -0.001 -19"><span class='ocrx_word' id='word_1_197' title='bbox 2402 1326 2602 1395; x_wconf 79' lang='grc' dir='ltr'>Πατήρ</span> <span class='ocrx_word' id='word_1_198' title='bbox 2622 1345 2741 1397; x_wconf 81' lang='grc' dir='ltr'><strong>μου</strong></span> <span class='ocrx_word' id='word_1_199' title='bbox 2768 1327 2799 1381; x_wconf 89' lang='grc' dir='ltr'>ὁ</span> <span class='ocrx_word' id='word_1_200' title='bbox 2830 1326 3126 1396; x_wconf 81' lang='grc' dir='ltr'>οὐράνιος.</span> <span class='ocrx_word' id='word_1_201' title='bbox 3160 1326 3426 1398; x_wconf 78' lang='grc' dir='ltr'>’Ὕστερον</span> <span class='ocrx_word' id='word_1_202' title='bbox 3462 1327 3794 1399; x_wconf 78' lang='grc' dir='ltr'>προπετείας</span> <span class='ocrx_word' id='word_1_203' title='bbox 3820 1326 4003 1397; x_wconf 77' lang='grc' dir='ltr'>ᾑρέθη</span> 
     </span>
    </p>
   </div>
   <div class='ocr_carea' id='block_1_24' title="bbox 707 1415 2376 1491">
    <p class='ocr_par' dir='ltr' id='par_1_24' title="bbox 707 1415 2286 1489">
     <span class='ocr_line' id='line_1_24' title="bbox 707 1415 2286 1489; baseline -0.003 -16"><span class='ocrx_word' id='word_1_204' title='bbox 707 1415 1037 1489; x_wconf 84' lang='lat' dir='ltr'><strong>crepandmh</strong></span> <span class='ocrx_word' id='word_1_205' title='bbox 1072 1418 1447 1488; x_wconf 77' lang='lat' dir='ltr'><strong>processisset,</strong></span> <span class='ocrx_word' id='word_1_206' title='bbox 1484 1431 1582 1471; x_wconf 90' lang='lat' dir='ltr'><strong>nec</strong></span> <span class='ocrx_word' id='word_1_207' title='bbox 1627 1419 1693 1471; x_wconf 89' lang='lat' dir='ltr'><strong>ab</strong></span> <span class='ocrx_word' id='word_1_208' title='bbox 1722 1416 2092 1485; x_wconf 83' lang='lat' dir='ltr'><strong>increpatione</strong></span> <span class='ocrx_word' id='word_1_209' title='bbox 2134 1417 2286 1486; x_wconf 82' lang='lat' dir='ltr'><strong>luge-</strong></span> 
     </span>
    </p>
   </div>
   <div class='ocr_carea' id='block_1_25' title="bbox 2340 1415 4009 1491">
    <p class='ocr_par' dir='ltr' id='par_1_25' title="bbox 2405 1418 4009 1491">
     <span class='ocr_line' id='line_1_25' title="bbox 2405 1418 4009 1491; baseline -0.002 -19"><span class='ocrx_word' id='word_1_210' title='bbox 2405 1420 2642 1490; x_wconf 76' lang='grc' dir='ltr'>ρήματι·</span> <span class='ocrx_word' id='word_1_211' title='bbox 2680 1419 2947 1490; x_wconf 73' lang='grc' dir='ltr'>καὶπρὸς</span> <span class='ocrx_word' id='word_1_212' title='bbox 2988 1421 3055 1490; x_wconf 81' lang='grc' dir='ltr'>τῇ</span> <span class='ocrx_word' id='word_1_213' title='bbox 3108 1419 3363 1491; x_wconf 75' lang='grc' dir='ltr'>ἐπιτιμία</span> <span class='ocrx_word' id='word_1_214' title='bbox 3403 1418 3718 1489; x_wconf 84' lang='grc' dir='ltr'>γενόμενος,</span> <span class='ocrx_word' id='word_1_215' title='bbox 3759 1421 3857 1472; x_wconf 70' lang='grc' dir='ltr'><strong>καὶ</strong></span> <span class='ocrx_word' id='word_1_216' title='bbox 3900 1418 4009 1490; x_wconf 79' lang='grc' dir='ltr'>τὴν</span> 
     </span>
    </p>
   </div>
   <div class='ocr_carea' id='block_1_26' title="bbox 709 1506 2378 1578">
    <p class='ocr_par' dir='ltr' id='par_1_26' title="bbox 709 1506 2285 1576">
     <span class='ocr_line' id='line_1_26' title="bbox 709 1506 2285 1576; baseline -0.003 -13"><span class='ocrx_word' id='word_1_217' title='bbox 709 1518 811 1576; x_wconf 78' lang='lat' dir='ltr'><strong>ret,</strong></span> <span class='ocrx_word' id='word_1_218' title='bbox 838 1509 1076 1563; x_wconf 86' lang='lat' dir='ltr'><strong>audivit:</strong></span> <span class='ocrx_word' id='word_1_219' title='bbox 1109 1506 1251 1562; x_wconf 77' lang='lat' dir='ltr'><strong>Vade</strong></span> <span class='ocrx_word' id='word_1_220' title='bbox 1278 1520 1387 1576; x_wconf 76' lang='lat' dir='ltr'><strong>post</strong></span> <span class='ocrx_word' id='word_1_221' title='bbox 1418 1525 1519 1572; x_wconf 87' lang='lat' dir='ltr'><strong>me,</strong></span> <span class='ocrx_word' id='word_1_222' title='bbox 1551 1506 1787 1571; x_wconf 74' lang='lat' dir='ltr'><strong>Salano;</strong></span> <span class='ocrx_word' id='word_1_223' title='bbox 1820 1506 2128 1561; x_wconf 71' lang='lat' dir='ltr'><strong>scandulae:</strong></span> <span class='ocrx_word' id='word_1_224' title='bbox 2157 1508 2285 1560; x_wconf 78' lang='lat' dir='ltr'><strong>mihi</strong></span> 
     </span>
    </p>
   </div>
   <div class='ocr_carea' id='block_1_27' title="bbox 2336 1506 4005 1578">
    <p class='ocr_par' dir='ltr' id='par_1_27' title="bbox 2402 1506 4005 1578">
     <span class='ocr_line' id='line_1_27' title="bbox 2402 1506 4005 1578; baseline 0.003 -21"><span class='ocrx_word' id='word_1_225' title='bbox 2402 1506 2685 1578; x_wconf 74' lang='grc' dir='ltr'>ἐπιτιμίαν</span> <span class='ocrx_word' id='word_1_226' title='bbox 2708 1507 2781 1577; x_wconf 87' lang='grc' dir='ltr'>μὴ</span> <span class='ocrx_word' id='word_1_227' title='bbox 2809 1507 3045 1577; x_wconf 84' lang='grc' dir='ltr'>φεύγων,</span> <span class='ocrx_word' id='word_1_228' title='bbox 3068 1508 3302 1578; x_wconf 70' lang='grc' dir='ltr'>ηκουσεν</span> <span class='ocrx_word' id='word_1_229' title='bbox 3325 1524 3337 1536; x_wconf 93' lang='grc'><strong>·</strong></span> <span class='ocrx_word' id='word_1_230' title='bbox 3373 1508 3605 1578; x_wconf 63' lang='lat' dir='ltr'><strong>&quot;Tauro</strong></span> <span class='ocrx_word' id='word_1_231' title='bbox 3634 1509 3827 1562; x_wconf 78' lang='grc' dir='ltr'>ὀπίσω</span> <span class='ocrx_word' id='word_1_232' title='bbox 3851 1524 4005 1578; x_wconf 79' lang='grc' dir='ltr'>μου,</span> 
     </span>
    </p>
   </div>
   <div class='ocr_carea' id='block_1_28' title="bbox 705 1595 2374 1671">
    <p class='ocr_par' dir='ltr' id='par_1_28' title="bbox 705 1598 2290 1671">
     <span class='ocr_line' id='line_1_28' title="bbox 705 1598 2290 1671; baseline -0.002 -18"><span class='ocrx_word' id='word_1_233' title='bbox 705 1619 779 1663; x_wconf 71' lang='lat' dir='ltr'><strong>es,</strong></span> <span class='ocrx_word' id='word_1_234' title='bbox 808 1602 931 1671; x_wconf 81' lang='lat' dir='ltr'><strong>quia</strong></span> <span class='ocrx_word' id='word_1_235' title='bbox 956 1618 1057 1654; x_wconf 89' lang='lat' dir='ltr'><strong>non</strong></span> <span class='ocrx_word' id='word_1_236' title='bbox 1086 1601 1374 1671; x_wconf 71' lang='lat' dir='ltr'><strong>sonisque:</strong></span> <span class='ocrx_word' id='word_1_237' title='bbox 1401 1600 1493 1665; x_wconf 68' lang='lat' dir='ltr'><strong>Dei</strong></span> <span class='ocrx_word' id='word_1_238' title='bbox 1520 1600 1766 1663; x_wconf 78' lang='lat' dir='ltr'><strong>sunt,scd</strong></span> <span class='ocrx_word' id='word_1_239' title='bbox 1789 1616 1907 1669; x_wconf 70' lang='lat' dir='ltr'><strong>quia</strong></span> <span class='ocrx_word' id='word_1_240' title='bbox 1932 1598 2202 1651; x_wconf 81' lang='lat' dir='ltr'><strong>hominum</strong></span> <span class='ocrx_word' id='word_1_241' title='bbox 2223 1599 2290 1650; x_wconf 79' lang='grc'><strong>⁸⁸.</strong></span> 
     </span>
    </p>
   </div>
   <div class='ocr_carea' id='block_1_29' title="bbox 2343 1595 4012 1671">
    <p class='ocr_par' dir='ltr' id='par_1_29' title="bbox 2411 1595 4012 1668">
     <span class='ocr_line' id='line_1_29' title="bbox 2411 1595 4012 1668; baseline -0.001 -14"><span class='ocrx_word' id='word_1_242' title='bbox 2411 1597 2668 1663; x_wconf 76' lang='grc' dir='ltr'>Σατανᾶ,</span> <span class='ocrx_word' id='word_1_243' title='bbox 2695 1598 3045 1653; x_wconf 65' lang='grc' dir='ltr'>σκάνδαῑόν</span> <span class='ocrx_word' id='word_1_244' title='bbox 3064 1617 3183 1668; x_wconf 79' lang='grc' dir='ltr'><strong>μου</strong></span> <span class='ocrx_word' id='word_1_245' title='bbox 3210 1595 3283 1662; x_wconf 80' lang='grc' dir='ltr'>εἴ,</span> <span class='ocrx_word' id='word_1_246' title='bbox 3314 1598 3401 1653; x_wconf 83' lang='grc' dir='ltr'>ὅτι</span> <span class='ocrx_word' id='word_1_247' title='bbox 3433 1601 3507 1654; x_wconf 80' lang='grc' dir='ltr'>οὐ</span> <span class='ocrx_word' id='word_1_248' title='bbox 3533 1600 3774 1668; x_wconf 69' lang='grc' dir='ltr'>φρονεῖς</span> <span class='ocrx_word' id='word_1_249' title='bbox 3792 1602 3867 1654; x_wconf 84' lang='grc' dir='ltr'>τὰ</span> <span class='ocrx_word' id='word_1_250' title='bbox 3896 1599 4012 1653; x_wconf 80' lang='grc' dir='ltr'>τοῦ</span> 
     </span>
    </p>
   </div>
   <div class='ocr_carea' id='block_1_30' title="bbox 713 1688 2382 1763">
    <p class='ocr_par' dir='ltr' id='par_1_30' title="bbox 713 1688 2294 1759">
     <span class='ocr_line' id='line_1_30' title="bbox 713 1688 2294 1759; baseline 0 -15"><span class='ocrx_word' id='word_1_251' title='bbox 713 1691 875 1745; x_wconf 82' lang='lat' dir='ltr'><strong>Paulo</strong></span> <span class='ocrx_word' id='word_1_252' title='bbox 929 1702 1055 1745; x_wconf 85' lang='lat' dir='ltr'><strong>ante</strong></span> <span class='ocrx_word' id='word_1_253' title='bbox 1104 1691 1284 1745; x_wconf 80' lang='lat' dir='ltr'><strong>claves</strong></span> <span class='ocrx_word' id='word_1_254' title='bbox 1316 1701 1623 1759; x_wconf 86' lang='lat' dir='ltr'><strong>acceperat,</strong></span> <span class='ocrx_word' id='word_1_255' title='bbox 1656 1700 1705 1744; x_wconf 91' lang='lat' dir='ltr'><strong>et</strong></span> <span class='ocrx_word' id='word_1_256' title='bbox 1735 1688 1895 1745; x_wconf 79' lang='lat' dir='ltr'><strong>Pater</strong></span> <span class='ocrx_word' id='word_1_257' title='bbox 1922 1691 1975 1743; x_wconf 91' lang='lat' dir='ltr'><strong>in</strong></span> <span class='ocrx_word' id='word_1_258' title='bbox 2012 1704 2077 1742; x_wconf 93' lang='lat' dir='ltr'><strong>eo</strong></span> <span class='ocrx_word' id='word_1_259' title='bbox 2112 1690 2294 1759; x_wconf 84' lang='lat' dir='ltr'><strong>loque-</strong></span> 
     </span>
    </p>
   </div>
   <div class='ocr_carea' id='block_1_31' title="bbox 2346 1688 4015 1763">
    <p class='ocr_par' dir='ltr' id='par_1_31' title="bbox 2408 1689 4015 1763">
     <span class='ocr_line' id='line_1_31' title="bbox 2408 1689 4015 1763; baseline -0.002 -16"><span class='ocrx_word' id='word_1_260' title='bbox 2408 1692 2579 1756; x_wconf 78' lang='grc' dir='ltr'>Θεοῦ,</span> <span class='ocrx_word' id='word_1_261' title='bbox 2610 1690 2771 1745; x_wconf 77' lang='grc' dir='ltr'><em>ἀλλὰ</em></span> <span class='ocrx_word' id='word_1_262' title='bbox 2798 1691 2872 1745; x_wconf 85' lang='grc' dir='ltr'>τὰ</span> <span class='ocrx_word' id='word_1_263' title='bbox 2900 1691 3019 1744; x_wconf 81' lang='grc' dir='ltr'><strong>τῶν</strong></span> <span class='ocrx_word' id='word_1_264' title='bbox 3050 1689 3380 1759; x_wconf 75' lang='grc' dir='ltr'>ἀνθρώπων</span> <span class='ocrx_word' id='word_1_265' title='bbox 3398 1709 3412 1723; x_wconf 75' lang='grc' dir='ltr'><strong>ο</strong></span> <span class='ocrx_word' id='word_1_266' title='bbox 3448 1692 3544 1745; x_wconf 78' lang='grc' dir='ltr'><strong>καὶ</strong></span> <span class='ocrx_word' id='word_1_267' title='bbox 3576 1693 3700 1763; x_wconf 86' lang='grc' dir='ltr'>ἀρτι</span> <span class='ocrx_word' id='word_1_268' title='bbox 3732 1693 3829 1763; x_wconf 85' lang='grc' dir='ltr'>μὲν</span> <span class='ocrx_word' id='word_1_269' title='bbox 3856 1694 4015 1746; x_wconf 79' lang='grc' dir='ltr'>κλεῖ-</span> 
     </span>
    </p>
   </div>
   <div class='ocr_carea' id='block_1_32' title="bbox 709 1782 2378 1861">
    <p class='ocr_par' dir='ltr' id='par_1_32' title="bbox 709 1782 2372 1861">
     <span class='ocr_line' id='line_1_32' title="bbox 709 1782 2372 1861; baseline -0.001 -23"><span class='ocrx_word' id='word_1_270' title='bbox 709 1785 898 1849; x_wconf 81' lang='lat' dir='ltr'><strong>batur;</strong></span> <span class='ocrx_word' id='word_1_271' title='bbox 943 1782 1138 1838; x_wconf 88' lang='lat' dir='ltr'><strong>Petrus</strong></span> <span class='ocrx_word' id='word_1_272' title='bbox 1173 1798 1269 1852; x_wconf 85' lang='lat' dir='ltr'><strong>pro</strong></span> <span class='ocrx_word' id='word_1_273' title='bbox 1313 1783 1536 1838; x_wconf 86' lang='lat' dir='ltr'><strong>Simone</strong></span> <span class='ocrx_word' id='word_1_274' title='bbox 1575 1783 1913 1853; x_wconf 85' lang='lat' dir='ltr'><strong>appellatus;</strong></span> <span class='ocrx_word' id='word_1_275' title='bbox 1956 1785 2049 1837; x_wconf 84' lang='lat' dir='ltr'><strong>sed</strong></span> <span class='ocrx_word' id='word_1_276' title='bbox 2083 1799 2180 1851; x_wconf 91' lang='lat' dir='ltr'><strong>pro</strong></span> <span class='ocrx_word' id='word_1_277' title='bbox 2213 1798 2292 1837; x_wconf 87' lang='lat' dir='ltr'><strong>re-</strong></span> <span class='ocrx_word' id='word_1_278' title='bbox 2332 1808 2372 1861; x_wconf 71' lang='grc' dir='ltr'>Β</span> 
     </span>
    </p>
   </div>
   <div class='ocr_carea' id='block_1_33' title="bbox 2341 1782 4010 1861">
    <p class='ocr_par' dir='ltr' id='par_1_33' title="bbox 2341 1782 4010 1861">
     <span class='ocr_line' id='line_1_33' title="bbox 2341 1782 4010 1861; baseline 0 -24"><span class='ocrx_word' id='word_1_279' title='bbox 2341 1786 2492 1861; x_wconf 73' lang='grc' dir='ltr'>Βδας</span> <span class='ocrx_word' id='word_1_280' title='bbox 2537 1782 2785 1856; x_wconf 82' lang='grc' dir='ltr'>οὐρανῶν</span> <span class='ocrx_word' id='word_1_281' title='bbox 2836 1783 3082 1855; x_wconf 73' lang='grc' dir='ltr'>ἐδέχετο·</span> <span class='ocrx_word' id='word_1_282' title='bbox 3128 1784 3323 1856; x_wconf 84' lang='grc' dir='ltr'>Πατὴρ</span> <span class='ocrx_word' id='word_1_283' title='bbox 3364 1784 3423 1837; x_wconf 79' lang='grc' dir='ltr'><strong>ἐν</strong></span> <span class='ocrx_word' id='word_1_284' title='bbox 3469 1784 3618 1854; x_wconf 81' lang='grc' dir='ltr'>αὐτῷ</span> <span class='ocrx_word' id='word_1_285' title='bbox 3666 1783 4010 1855; x_wconf 73' lang='grc' dir='ltr'><strong>ἐφθέγγετο·</strong></span> 
     </span>
    </p>
   </div>
   <div class='ocr_carea' id='block_1_34' title="bbox 711 1875 2380 1949">
    <p class='ocr_par' dir='ltr' id='par_1_34' title="bbox 711 1876 2296 1947">
     <span class='ocr_line' id='line_1_34' title="bbox 711 1876 2296 1947; baseline -0.001 -16"><span class='ocrx_word' id='word_1_286' title='bbox 711 1876 1088 1931; x_wconf 86' lang='lat' dir='ltr'><strong>nmneratione</strong></span> <span class='ocrx_word' id='word_1_287' title='bbox 1160 1876 1584 1944; x_wconf 84' lang='lat' dir='ltr'><strong>increpationem</strong></span> <span class='ocrx_word' id='word_1_288' title='bbox 1653 1877 1836 1947; x_wconf 74' lang='lat' dir='ltr'><strong>elegit.</strong></span> <span class='ocrx_word' id='word_1_289' title='bbox 1910 1876 2296 1931; x_wconf 77' lang='lat' dir='ltr'><strong>Verumtamen</strong></span> 
     </span>
    </p>
   </div>
   <div class='ocr_carea' id='block_1_35' title="bbox 2350 1875 4019 1949">
    <p class='ocr_par' dir='ltr' id='par_1_35' title="bbox 2402 1875 4019 1949">
     <span class='ocr_line' id='line_1_35' title="bbox 2402 1875 4019 1949; baseline 0 -19"><span class='ocrx_word' id='word_1_290' title='bbox 2402 1878 2627 1949; x_wconf 81' lang='grc' dir='ltr'>Πέτρος,</span> <span class='ocrx_word' id='word_1_291' title='bbox 2664 1877 2786 1930; x_wconf 73' lang='grc' dir='ltr'>ἀντὶ</span> <span class='ocrx_word' id='word_1_292' title='bbox 2812 1876 3088 1946; x_wconf 82' lang='grc' dir='ltr'>Σίμωνος·</span> <span class='ocrx_word' id='word_1_293' title='bbox 3121 1876 3244 1929; x_wconf 80' lang='grc' dir='ltr'>ἀντὶ</span> <span class='ocrx_word' id='word_1_294' title='bbox 3275 1875 3332 1927; x_wconf 79' lang='grc' dir='ltr'>δὲ</span> <span class='ocrx_word' id='word_1_295' title='bbox 3371 1877 3720 1947; x_wconf 73' lang='grc' dir='ltr'>πράγματος,</span> <span class='ocrx_word' id='word_1_296' title='bbox 3757 1878 4019 1947; x_wconf 80' lang='grc' dir='ltr'>ῥήματος</span> 
     </span>
    </p>
   </div>
   <div class='ocr_carea' id='block_1_36' title="bbox 713 1965 2382 2039">
    <p class='ocr_par' dir='ltr' id='par_1_36' title="bbox 713 1965 2299 2037">
     <span class='ocr_line' id='line_1_36' title="bbox 713 1965 2299 2037; baseline -0.002 -17"><span class='ocrx_word' id='word_1_297' title='bbox 713 1970 852 2022; x_wconf 82' lang='lat' dir='ltr'><strong>facta</strong></span> <span class='ocrx_word' id='word_1_298' title='bbox 884 1978 968 2023; x_wconf 88' lang='lat' dir='ltr'><strong>est</strong></span> <span class='ocrx_word' id='word_1_299' title='bbox 994 1968 1143 2037; x_wconf 87' lang='lat' dir='ltr'><strong>lapso</strong></span> <span class='ocrx_word' id='word_1_300' title='bbox 1183 1969 1474 2033; x_wconf 85' lang='lat' dir='ltr'><strong>medicina,</strong></span> <span class='ocrx_word' id='word_1_301' title='bbox 1495 1976 1550 2021; x_wconf 92' lang='lat' dir='ltr'><strong>et</strong></span> <span class='ocrx_word' id='word_1_302' title='bbox 1580 1967 1756 2022; x_wconf 70' lang='lat' dir='ltr'><strong>factus</strong></span> <span class='ocrx_word' id='word_1_303' title='bbox 1786 1976 1869 2021; x_wconf 90' lang='lat' dir='ltr'><strong>est</strong></span> <span class='ocrx_word' id='word_1_304' title='bbox 1899 1968 2127 2032; x_wconf 89' lang='lat' dir='ltr'><strong>melior;</strong></span> <span class='ocrx_word' id='word_1_305' title='bbox 2160 1965 2299 2018; x_wconf 84' lang='lat' dir='ltr'><strong>facta</strong></span> 
     </span>
    </p>
   </div>
   <div class='ocr_carea' id='block_1_37' title="bbox 2349 1965 4018 2039">
    <p class='ocr_par' dir='ltr' id='par_1_37' title="bbox 2403 1966 4018 2039">
     <span class='ocr_line' id='line_1_37' title="bbox 2403 1966 4018 2039; baseline -0.003 -15"><span class='ocrx_word' id='word_1_306' title='bbox 2403 1969 2687 2039; x_wconf 80' lang='grc' dir='ltr'>ἐπιτιμίας</span> <span class='ocrx_word' id='word_1_307' title='bbox 2730 1970 2948 2039; x_wconf 80' lang='grc' dir='ltr'>ᾑρεῖτο·</span> <span class='ocrx_word' id='word_1_308' title='bbox 2982 1968 3094 2021; x_wconf 78' lang='grc' dir='ltr'>ἀλλ’</span> <span class='ocrx_word' id='word_1_309' title='bbox 3139 1966 3487 2039; x_wconf 76' lang='grc' dir='ltr'>ἐθεραπεύθη</span> <span class='ocrx_word' id='word_1_310' title='bbox 3530 1968 3591 2022; x_wconf 87' lang='grc' dir='ltr'><strong>τὸ</strong></span> <span class='ocrx_word' id='word_1_311' title='bbox 3646 1969 3902 2037; x_wconf 74' lang='grc' dir='ltr'>πταῖσμα</span> <span class='ocrx_word' id='word_1_312' title='bbox 3942 1970 4018 2038; x_wconf 76' lang='grc' dir='ltr'>τῇ</span> 
     </span>
    </p>
   </div>
   <div class='ocr_carea' id='block_1_38' title="bbox 711 2058 2380 2131">
    <p class='ocr_par' dir='ltr' id='par_1_38' title="bbox 711 2058 2305 2129">
     <span class='ocr_line' id='line_1_38' title="bbox 711 2058 2305 2129; baseline -0.003 -14"><span class='ocrx_word' id='word_1_313' title='bbox 711 2072 794 2115; x_wconf 76' lang='lat' dir='ltr'><strong>cet</strong></span> <span class='ocrx_word' id='word_1_314' title='bbox 828 2060 1125 2129; x_wconf 75' lang='lat' dir='ltr'><strong>increpatio</strong></span> <span class='ocrx_word' id='word_1_315' title='bbox 1174 2060 1386 2114; x_wconf 81' lang='lat' dir='ltr'><strong>Domini</strong></span> <span class='ocrx_word' id='word_1_316' title='bbox 1426 2060 1751 2122; x_wconf 76' lang='lat' dir='ltr'><strong>remedium,</strong></span> <span class='ocrx_word' id='word_1_317' title='bbox 1784 2069 1836 2111; x_wconf 92' lang='lat' dir='ltr'><strong>et</strong></span> <span class='ocrx_word' id='word_1_318' title='bbox 1878 2075 2030 2113; x_wconf 84' lang='lat' dir='ltr'><strong>mens</strong></span> <span class='ocrx_word' id='word_1_319' title='bbox 2060 2058 2305 2111; x_wconf 84' lang='lat' dir='ltr'><strong>curatio-</strong></span> 
     </span>
    </p>
   </div>
   <div class='ocr_carea' id='block_1_39' title="bbox 2352 2058 4021 2131">
    <p class='ocr_par' dir='ltr' id='par_1_39' title="bbox 2406 2058 4021 2131">
     <span class='ocr_line' id='line_1_39' title="bbox 2406 2058 4021 2131; baseline -0.002 -18"><span class='ocrx_word' id='word_1_320' title='bbox 2406 2058 2714 2131; x_wconf 79' lang='grc' dir='ltr'>βελτιώσει·</span> <span class='ocrx_word' id='word_1_321' title='bbox 2769 2061 2923 2129; x_wconf 77' lang='grc' dir='ltr'>καὶὴ</span> <span class='ocrx_word' id='word_1_322' title='bbox 2957 2061 3208 2131; x_wconf 76' lang='grc' dir='ltr'>ἐπιτιμία</span> <span class='ocrx_word' id='word_1_323' title='bbox 3241 2061 3536 2131; x_wconf 81' lang='grc' dir='ltr'>φάρμακον</span> <span class='ocrx_word' id='word_1_324' title='bbox 3570 2059 3808 2126; x_wconf 76' lang='grc' dir='ltr'>ἐγίνετο·</span> <span class='ocrx_word' id='word_1_325' title='bbox 3844 2058 3952 2110; x_wconf 70' lang='grc' dir='ltr'>καὶ</span> <span class='ocrx_word' id='word_1_326' title='bbox 3982 2059 4021 2127; x_wconf 78' lang='grc' dir='ltr'>ἡ</span> 
     </span>
    </p>
   </div>
   <div class='ocr_carea' id='block_1_40' title="bbox 714 2148 2383 2226">
    <p class='ocr_par' dir='ltr' id='par_1_40' title="bbox 714 2149 2300 2221">
     <span class='ocr_line' id='line_1_40' title="bbox 714 2149 2300 2221; baseline -0.001 -17"><span class='ocrx_word' id='word_1_327' title='bbox 714 2166 838 2206; x_wconf 76' lang='lat' dir='ltr'><strong>neu:</strong></span> <span class='ocrx_word' id='word_1_328' title='bbox 872 2151 1118 2221; x_wconf 74' lang='lat' dir='ltr'><strong>amplexa</strong></span> <span class='ocrx_word' id='word_1_329' title='bbox 1151 2160 1255 2216; x_wconf 88' lang='lat' dir='ltr'><strong>est,</strong></span> <span class='ocrx_word' id='word_1_330' title='bbox 1280 2163 1334 2205; x_wconf 90' lang='lat' dir='ltr'><strong>et</strong></span> <span class='ocrx_word' id='word_1_331' title='bbox 1361 2167 1590 2221; x_wconf 77' lang='lat' dir='ltr'><strong>ntagnus</strong></span> <span class='ocrx_word' id='word_1_332' title='bbox 1618 2165 1680 2203; x_wconf 88' lang='lat' dir='ltr'><strong>ac</strong></span> <span class='ocrx_word' id='word_1_333' title='bbox 1704 2151 1917 2203; x_wconf 87' lang='lat' dir='ltr'><strong>divinus</strong></span> <span class='ocrx_word' id='word_1_334' title='bbox 1946 2149 2300 2215; x_wconf 89' lang='lat' dir='ltr'><strong>eralPetrus;</strong></span> 
     </span>
    </p>
   </div>
   <div class='ocr_carea' id='block_1_41' title="bbox 2359 2148 4028 2226">
    <p class='ocr_par' dir='ltr' id='par_1_41' title="bbox 2405 2148 4028 2226">
     <span class='ocr_line' id='line_1_41' title="bbox 2405 2148 4028 2226; baseline -0.003 -19"><span class='ocrx_word' id='word_1_335' title='bbox 2405 2153 2599 2224; x_wconf 89' lang='grc' dir='ltr'>γνώμη</span> <span class='ocrx_word' id='word_1_336' title='bbox 2634 2153 2732 2223; x_wconf 77' lang='grc' dir='ltr'><strong>τῆς</strong></span> <span class='ocrx_word' id='word_1_337' title='bbox 2761 2152 3062 2226; x_wconf 80' lang='grc' dir='ltr'>θεραπείας</span> <span class='ocrx_word' id='word_1_338' title='bbox 3087 2153 3267 2226; x_wconf 72' lang='grc' dir='ltr'>εἴχετο</span> <span class='ocrx_word' id='word_1_339' title='bbox 3284 2171 3297 2183; x_wconf 87' lang='grc'><strong>·</strong></span> <span class='ocrx_word' id='word_1_340' title='bbox 3322 2154 3418 2208; x_wconf 75' lang='grc' dir='ltr'><strong>καὶ</strong></span> <span class='ocrx_word' id='word_1_341' title='bbox 3443 2152 3614 2223; x_wconf 80' lang='grc' dir='ltr'>μέγας</span> <span class='ocrx_word' id='word_1_342' title='bbox 3631 2148 3697 2223; x_wconf 84' lang='grc' dir='ltr'>ἦν</span> <span class='ocrx_word' id='word_1_343' title='bbox 3723 2152 3812 2206; x_wconf 70' lang='grc' dir='ltr'><strong>καὶ</strong></span> <span class='ocrx_word' id='word_1_344' title='bbox 3835 2151 4028 2215; x_wconf 78' lang='grc' dir='ltr'>θεῖος,</span> 
     </span>
    </p>
   </div>
   <div class='ocr_carea' id='block_1_42' title="bbox 713 2240 2382 2316">
    <p class='ocr_par' dir='ltr' id='par_1_42' title="bbox 713 2240 2304 2312">
     <span class='ocr_line' id='line_1_42' title="bbox 713 2240 2304 2312; baseline -0.003 -13"><span class='ocrx_word' id='word_1_345' title='bbox 713 2254 768 2299; x_wconf 89' lang='lat' dir='ltr'><strong>et</strong></span> <span class='ocrx_word' id='word_1_346' title='bbox 797 2243 890 2312; x_wconf 85' lang='lat' dir='ltr'><strong>qui</strong></span> <span class='ocrx_word' id='word_1_347' title='bbox 942 2244 1149 2312; x_wconf 76' lang='lat' dir='ltr'><strong>lapsum</strong></span> <span class='ocrx_word' id='word_1_348' title='bbox 1198 2253 1509 2309; x_wconf 87' lang='lat' dir='ltr'><strong>curaverat,</strong></span> <span class='ocrx_word' id='word_1_349' title='bbox 1564 2241 1695 2295; x_wconf 91' lang='lat' dir='ltr'><strong>nihil</strong></span> <span class='ocrx_word' id='word_1_350' title='bbox 1739 2241 1925 2295; x_wconf 78' lang='lat' dir='ltr'><strong>datrmi</strong></span> <span class='ocrx_word' id='word_1_351' title='bbox 1966 2242 2019 2294; x_wconf 89' lang='lat' dir='ltr'><strong>in</strong></span> <span class='ocrx_word' id='word_1_352' title='bbox 2056 2256 2122 2296; x_wconf 89' lang='lat' dir='ltr'><strong>eo</strong></span> <span class='ocrx_word' id='word_1_353' title='bbox 2160 2240 2304 2310; x_wconf 89' lang='lat' dir='ltr'><strong>quod</strong></span> 
     </span>
    </p>
   </div>
   <div class='ocr_carea' id='block_1_43' title="bbox 2356 2240 4025 2316">
    <p class='ocr_par' dir='ltr' id='par_1_43' title="bbox 2406 2242 4025 2316">
     <span class='ocr_line' id='line_1_43' title="bbox 2406 2242 4025 2316; baseline -0.002 -19"><span class='ocrx_word' id='word_1_354' title='bbox 2406 2244 2754 2316; x_wconf 76' lang='grc' dir='ltr'>θεραπεύσας</span> <span class='ocrx_word' id='word_1_355' title='bbox 2785 2244 2884 2315; x_wconf 83' lang='grc' dir='ltr'><strong>μὲν</strong></span> <span class='ocrx_word' id='word_1_356' title='bbox 2917 2244 2977 2297; x_wconf 83' lang='grc' dir='ltr'><strong>τὸ</strong></span> <span class='ocrx_word' id='word_1_357' title='bbox 3004 2249 3274 2315; x_wconf 78' lang='grc' dir='ltr'>πταῖσμα,</span> <span class='ocrx_word' id='word_1_358' title='bbox 3309 2244 3474 2315; x_wconf 85' lang='grc' dir='ltr'>μηδὲν</span> <span class='ocrx_word' id='word_1_359' title='bbox 3497 2244 3553 2297; x_wconf 80' lang='grc' dir='ltr'>δὲ</span> <span class='ocrx_word' id='word_1_360' title='bbox 3578 2242 3878 2314; x_wconf 73' lang='grc' dir='ltr'>ζημιωθεὶς</span> <span class='ocrx_word' id='word_1_361' title='bbox 3904 2242 4025 2295; x_wconf 71' lang='grc' dir='ltr'>ἀπὸ</span> 
     </span>
    </p>
   </div>
   <div class='ocr_carea' id='block_1_44' title="bbox 713 2333 2382 2412">
    <p class='ocr_par' dir='ltr' id='par_1_44' title="bbox 713 2333 2309 2407">
     <span class='ocr_line' id='line_1_44' title="bbox 713 2333 2309 2407; baseline -0.003 -19"><span class='ocrx_word' id='word_1_362' title='bbox 713 2338 865 2407; x_wconf 84' lang='lat' dir='ltr'><strong>prius</strong></span> <span class='ocrx_word' id='word_1_363' title='bbox 898 2337 1101 2391; x_wconf 86' lang='lat' dir='ltr'><strong>dictum</strong></span> <span class='ocrx_word' id='word_1_364' title='bbox 1135 2346 1243 2400; x_wconf 87' lang='lat' dir='ltr'><strong>est,</strong></span> <span class='ocrx_word' id='word_1_365' title='bbox 1277 2336 1501 2391; x_wconf 79' lang='lat' dir='ltr'><strong>iecerat.</strong></span> <span class='ocrx_word' id='word_1_366' title='bbox 1543 2335 1623 2391; x_wconf 89' lang='lat' dir='ltr'><strong>Ut-</strong></span> <span class='ocrx_word' id='word_1_367' title='bbox 1644 2345 1823 2390; x_wconf 90' lang='lat' dir='ltr'><strong>autem</strong></span> <span class='ocrx_word' id='word_1_368' title='bbox 1855 2334 2114 2388; x_wconf 86' lang='lat' dir='ltr'><strong>Dominus</strong></span> <span class='ocrx_word' id='word_1_369' title='bbox 2147 2333 2309 2386; x_wconf 89' lang='lat' dir='ltr'><strong>tradi-</strong></span> 
     </span>
    </p>
   </div>
   <div class='ocr_carea' id='block_1_45' title="bbox 2358 2333 4027 2412">
    <p class='ocr_par' dir='ltr' id='par_1_45' title="bbox 2406 2334 4027 2412">
     <span class='ocr_line' id='line_1_45' title="bbox 2406 2334 4027 2412; baseline -0.003 -21"><span class='ocrx_word' id='word_1_370' title='bbox 2406 2339 2501 2392; x_wconf 81' lang='grc' dir='ltr'>τοῦ</span> <span class='ocrx_word' id='word_1_371' title='bbox 2551 2338 2978 2412; x_wconf 80' lang='grc' dir='ltr'>προῃρημένου·</span> <span class='ocrx_word' id='word_1_372' title='bbox 3017 2337 3091 2402; x_wconf 83' lang='grc' dir='ltr'>ὡς</span> <span class='ocrx_word' id='word_1_373' title='bbox 3140 2338 3197 2391; x_wconf 78' lang='grc' dir='ltr'>δὲ</span> <span class='ocrx_word' id='word_1_374' title='bbox 3244 2339 3273 2391; x_wconf 97' lang='lat'><strong>6</strong></span> <span class='ocrx_word' id='word_1_375' title='bbox 3324 2336 3531 2409; x_wconf 80' lang='grc' dir='ltr'>Κύριος</span> <span class='ocrx_word' id='word_1_376' title='bbox 3580 2334 3876 2407; x_wconf 76' lang='grc' dir='ltr'>παρεδόθη,</span> <span class='ocrx_word' id='word_1_377' title='bbox 3920 2334 4027 2389; x_wconf 75' lang='grc' dir='ltr'><strong>καὶ</strong></span> 
     </span>
    </p>
   </div>
   <div class='ocr_carea' id='block_1_46' title="bbox 716 2423 2385 2502">
    <p class='ocr_par' dir='ltr' id='par_1_46' title="bbox 716 2423 2310 2494">
     <span class='ocr_line' id='line_1_46' title="bbox 716 2423 2310 2494; baseline -0.004 -13"><span class='ocrx_word' id='word_1_378' title='bbox 716 2439 804 2483; x_wconf 89' lang='lat' dir='ltr'><strong>tns</strong></span> <span class='ocrx_word' id='word_1_379' title='bbox 841 2435 948 2491; x_wconf 85' lang='lat' dir='ltr'><strong>est,</strong></span> <span class='ocrx_word' id='word_1_380' title='bbox 982 2436 1039 2481; x_wconf 92' lang='lat' dir='ltr'><strong>et</strong></span> <span class='ocrx_word' id='word_1_381' title='bbox 1068 2427 1364 2481; x_wconf 80' lang='lat' dir='ltr'><strong>ducebatur</strong></span> <span class='ocrx_word' id='word_1_382' title='bbox 1392 2426 1458 2479; x_wconf 83' lang='lat' dir='ltr'><strong>ad</strong></span> <span class='ocrx_word' id='word_1_383' title='bbox 1488 2428 1685 2479; x_wconf 84' lang='lat' dir='ltr'><strong>atrium</strong></span> <span class='ocrx_word' id='word_1_384' title='bbox 1737 2425 2027 2494; x_wconf 75' lang='lat' dir='ltr'><strong>pontificis,</strong></span> <span class='ocrx_word' id='word_1_385' title='bbox 2071 2423 2310 2493; x_wconf 81' lang='lat' dir='ltr'><strong>prodidit</strong></span> 
     </span>
    </p>
   </div>
   <div class='ocr_carea' id='block_1_47' title="bbox 2359 2423 4028 2502">
    <p class='ocr_par' dir='ltr' id='par_1_47' title="bbox 2408 2428 4028 2502">
     <span class='ocr_line' id='line_1_47' title="bbox 2408 2428 4028 2502; baseline -0.002 -19"><span class='ocrx_word' id='word_1_386' title='bbox 2408 2431 2573 2502; x_wconf 72' lang='grc' dir='ltr'>ἡγετο</span> <span class='ocrx_word' id='word_1_387' title='bbox 2598 2432 2691 2484; x_wconf 73' lang='grc' dir='ltr'>ἐπὶ</span> <span class='ocrx_word' id='word_1_388' title='bbox 2718 2430 2818 2501; x_wconf 84' lang='grc' dir='ltr'>τὴν</span> <span class='ocrx_word' id='word_1_389' title='bbox 2847 2430 3017 2500; x_wconf 81' lang='grc' dir='ltr'>αὐλὴν</span> <span class='ocrx_word' id='word_1_390' title='bbox 3044 2430 3138 2483; x_wconf 80' lang='grc' dir='ltr'>τοῦ</span> <span class='ocrx_word' id='word_1_391' title='bbox 3164 2431 3490 2502; x_wconf 81' lang='grc' dir='ltr'>ἀρχιερέως,</span> <span class='ocrx_word' id='word_1_392' title='bbox 3517 2428 3777 2499; x_wconf 66' lang='grc' dir='ltr'>ἠλέγχθη.</span> <span class='ocrx_word' id='word_1_393' title='bbox 3805 2428 4028 2481; x_wconf 79' lang='grc' dir='ltr'>ἐδυσω-</span> 
     </span>
    </p>
   </div>
   <div class='ocr_carea' id='block_1_48' title="bbox 714 2518 2383 2596">
    <p class='ocr_par' dir='ltr' id='par_1_48' title="bbox 714 2518 2311 2584">
     <span class='ocr_line' id='line_1_48' title="bbox 714 2518 2311 2584; baseline -0.002 -10"><span class='ocrx_word' id='word_1_394' title='bbox 714 2538 797 2584; x_wconf 80' lang='lat' dir='ltr'><strong>sc,</strong></span> <span class='ocrx_word' id='word_1_395' title='bbox 832 2521 1011 2575; x_wconf 89' lang='lat' dir='ltr'><strong>timori</strong></span> <span class='ocrx_word' id='word_1_396' title='bbox 1039 2520 1326 2575; x_wconf 85' lang='lat' dir='ltr'><strong>succubuit</strong></span> <span class='ocrx_word' id='word_1_397' title='bbox 1360 2520 1451 2574; x_wconf 90' lang='lat' dir='ltr'><strong>ille</strong></span> <span class='ocrx_word' id='word_1_398' title='bbox 1489 2518 1646 2573; x_wconf 90' lang='lat' dir='ltr'><strong>l&#39;ortis</strong></span> <span class='ocrx_word' id='word_1_399' title='bbox 1696 2518 1921 2582; x_wconf 87' lang='lat' dir='ltr'><strong>Petrus;</strong></span> <span class='ocrx_word' id='word_1_400' title='bbox 1962 2518 2311 2572; x_wconf 85' lang='lat' dir='ltr'><strong>tremefactus</strong></span> 
     </span>
    </p>
   </div>
   <div class='ocr_carea' id='block_1_49' title="bbox 2356 2518 4025 2596">
    <p class='ocr_par' dir='ltr' id='par_1_49' title="bbox 2410 2520 4025 2596">
     <span class='ocr_line' id='line_1_49' title="bbox 2410 2520 4025 2596; baseline -0.002 -18"><span class='ocrx_word' id='word_1_401' title='bbox 2410 2525 2556 2596; x_wconf 83' lang='grc' dir='ltr'>πήθη</span> <span class='ocrx_word' id='word_1_402' title='bbox 2593 2526 2620 2578; x_wconf 92' lang='lat'><strong>6</strong></span> <span class='ocrx_word' id='word_1_403' title='bbox 2644 2522 2861 2586; x_wconf 74' lang='grc' dir='ltr'>εὔτονος</span> <span class='ocrx_word' id='word_1_404' title='bbox 2884 2524 3093 2595; x_wconf 80' lang='grc' dir='ltr'>Πέτρος</span> <span class='ocrx_word' id='word_1_405' title='bbox 3113 2539 3126 2552; x_wconf 77' lang='grc' dir='ltr'><strong><em>ο</em></strong></span> <span class='ocrx_word' id='word_1_406' title='bbox 3154 2524 3430 2576; x_wconf 87' lang='grc' dir='ltr'>σέσεισται</span> <span class='ocrx_word' id='word_1_407' title='bbox 3452 2523 3480 2575; x_wconf 89' lang='lat'><strong>6</strong></span> <span class='ocrx_word' id='word_1_408' title='bbox 3498 2521 3595 2586; x_wconf 85' lang='grc' dir='ltr'><strong>τάς</strong></span> <span class='ocrx_word' id='word_1_409' title='bbox 3618 2521 3824 2585; x_wconf 77' lang='grc' dir='ltr'>κλεῖδας</span> <span class='ocrx_word' id='word_1_410' title='bbox 3845 2520 4025 2591; x_wconf 76' lang='grc' dir='ltr'>ἔχων·</span> 
     </span>
    </p>
   </div>
   <div class='ocr_carea' id='block_1_50' title="bbox 716 2609 2385 2685">
    <p class='ocr_par' dir='ltr' id='par_1_50' title="bbox 716 2609 2308 2683">
     <span class='ocr_line' id='line_1_50' title="bbox 716 2609 2308 2683; baseline -0.005 -14"><span class='ocrx_word' id='word_1_411' title='bbox 716 2624 801 2669; x_wconf 68' lang='lat' dir='ltr'><strong>est.</strong></span> <span class='ocrx_word' id='word_1_412' title='bbox 864 2614 952 2683; x_wconf 90' lang='lat' dir='ltr'><strong>qui</strong></span> <span class='ocrx_word' id='word_1_413' title='bbox 985 2613 1167 2667; x_wconf 84' lang='lat' dir='ltr'><strong>claves</strong></span> <span class='ocrx_word' id='word_1_414' title='bbox 1203 2623 1527 2680; x_wconf 83' lang='lat' dir='ltr'><strong>acceperat;</strong></span> <span class='ocrx_word' id='word_1_415' title='bbox 1561 2610 1857 2680; x_wconf 84' lang='lat' dir='ltr'><strong>periculum</strong></span> <span class='ocrx_word' id='word_1_416' title='bbox 1900 2609 2020 2674; x_wconf 81' lang='lat' dir='ltr'><strong>fuit,</strong></span> <span class='ocrx_word' id='word_1_417' title='bbox 2056 2624 2122 2664; x_wconf 90' lang='lat' dir='ltr'><strong>ne</strong></span> <span class='ocrx_word' id='word_1_418' title='bbox 2153 2618 2308 2662; x_wconf 84' lang='lat' dir='ltr'><strong>extra</strong></span> 
     </span>
    </p>
   </div>
   <div class='ocr_carea' id='block_1_51' title="bbox 2358 2609 4027 2685">
    <p class='ocr_par' dir='ltr' id='par_1_51' title="bbox 2412 2610 4027 2685">
     <span class='ocr_line' id='line_1_51' title="bbox 2412 2610 4027 2685; baseline -0.003 -16"><span class='ocrx_word' id='word_1_419' title='bbox 2412 2614 2787 2669; x_wconf 59' lang='grc' dir='ltr'>ἐκινδύνευσεν</span> <span class='ocrx_word' id='word_1_420' title='bbox 2808 2613 2914 2681; x_wconf 68' lang='grc' dir='ltr'>ἔξω</span> <span class='ocrx_word' id='word_1_421' title='bbox 2937 2614 3047 2667; x_wconf 83' lang='grc' dir='ltr'><strong>τῶν</strong></span> <span class='ocrx_word' id='word_1_422' title='bbox 3075 2613 3255 2685; x_wconf 85' lang='grc' dir='ltr'>θυρῶν</span> <span class='ocrx_word' id='word_1_423' title='bbox 3283 2613 3386 2683; x_wconf 82' lang='grc' dir='ltr'>τῆς</span> <span class='ocrx_word' id='word_1_424' title='bbox 3415 2613 3677 2685; x_wconf 78' lang='grc' dir='ltr'>ἀληθείας</span> <span class='ocrx_word' id='word_1_425' title='bbox 3703 2610 4027 2682; x_wconf 80' lang='grc' dir='ltr'>ἀληθεύειν·</span> 
     </span>
    </p>
   </div>
   <div class='ocr_carea' id='block_1_52' title="bbox 714 2698 2383 2778">
    <p class='ocr_par' dir='ltr' id='par_1_52' title="bbox 714 2698 2312 2777">
     <span class='ocr_line' id='line_1_52' title="bbox 714 2698 2312 2777; baseline -0.003 -18"><span class='ocrx_word' id='word_1_426' title='bbox 714 2707 934 2777; x_wconf 69' lang='lat' dir='ltr'><strong>ianuam</strong></span> <span class='ocrx_word' id='word_1_427' title='bbox 964 2706 1209 2761; x_wconf 81' lang='lat' dir='ltr'><strong>veritatis</strong></span> <span class='ocrx_word' id='word_1_428' title='bbox 1252 2721 1439 2760; x_wconf 85' lang='lat' dir='ltr'><strong>verum</strong></span> <span class='ocrx_word' id='word_1_429' title='bbox 1482 2704 1712 2759; x_wconf 82' lang='lat' dir='ltr'><strong>diceret.</strong></span> <span class='ocrx_word' id='word_1_430' title='bbox 1753 2700 2055 2755; x_wconf 85' lang='lat' dir='ltr'><strong>Periculum</strong></span> <span class='ocrx_word' id='word_1_431' title='bbox 2085 2698 2206 2765; x_wconf 75' lang='lat' dir='ltr'><strong>fuit,</strong></span> <span class='ocrx_word' id='word_1_432' title='bbox 2246 2716 2312 2755; x_wconf 90' lang='lat' dir='ltr'><strong>ne</strong></span> 
     </span>
    </p>
   </div>
   <div class='ocr_carea' id='block_1_53' title="bbox 2365 2698 4034 2778">
    <p class='ocr_par' dir='ltr' id='par_1_53' title="bbox 2415 2702 4034 2778">
     <span class='ocr_line' id='line_1_53' title="bbox 2415 2702 4034 2778; baseline -0.004 -17"><span class='ocrx_word' id='word_1_433' title='bbox 2415 2706 2649 2761; x_wconf 86' lang='grc' dir='ltr'>ὲκένωσε</span> <span class='ocrx_word' id='word_1_434' title='bbox 2696 2706 2796 2776; x_wconf 79' lang='grc' dir='ltr'>τὴν</span> <span class='ocrx_word' id='word_1_435' title='bbox 2844 2705 3072 2778; x_wconf 87' lang='grc' dir='ltr'>γνώμην</span> <span class='ocrx_word' id='word_1_436' title='bbox 3123 2707 3151 2759; x_wconf 90' lang='lat'><strong>6</strong></span> <span class='ocrx_word' id='word_1_437' title='bbox 3199 2705 3660 2776; x_wconf 69' lang='grc' dir='ltr'>πεπληρωμένος·</span> <span class='ocrx_word' id='word_1_438' title='bbox 3697 2702 3801 2757; x_wconf 83' lang='grc' dir='ltr'>ὑπὸ</span> <span class='ocrx_word' id='word_1_439' title='bbox 3841 2702 4034 2777; x_wconf 76' lang='grc' dir='ltr'>κόρης</span> 
     </span>
    </p>
   </div>
   <div class='ocr_carea' id='block_1_54' title="bbox 719 2787 2388 2871">
    <p class='ocr_par' dir='ltr' id='par_1_54' title="bbox 719 2787 2308 2857">
     <span class='ocr_line' id='line_1_54' title="bbox 719 2787 2308 2857; baseline -0.009 -3"><span class='ocrx_word' id='word_1_440' title='bbox 719 2815 779 2853; x_wconf 78' lang='lat' dir='ltr'><strong>se</strong></span> <span class='ocrx_word' id='word_1_441' title='bbox 822 2812 948 2853; x_wconf 75' lang='lat' dir='ltr'><strong>vere</strong></span> <span class='ocrx_word' id='word_1_442' title='bbox 1000 2798 1202 2851; x_wconf 79' lang='lat' dir='ltr'><strong>faceret</strong></span> <span class='ocrx_word' id='word_1_443' title='bbox 1234 2796 1545 2857; x_wconf 85' lang='lat' dir='ltr'><strong>anathema,</strong></span> <span class='ocrx_word' id='word_1_444' title='bbox 1572 2808 1697 2846; x_wconf 92' lang='lat' dir='ltr'><strong>cum</strong></span> <span class='ocrx_word' id='word_1_445' title='bbox 1754 2791 1996 2845; x_wconf 87' lang='lat' dir='ltr'><strong>munitus</strong></span> <span class='ocrx_word' id='word_1_446' title='bbox 2032 2799 2118 2843; x_wconf 87' lang='lat' dir='ltr'><strong>est</strong></span> <span class='ocrx_word' id='word_1_447' title='bbox 2171 2787 2308 2857; x_wconf 90' lang='lat' dir='ltr'><strong>(l6).</strong></span> 
     </span>
    </p>
   </div>
   <div class='ocr_carea' id='block_1_55' title="bbox 2366 2787 4035 2871">
    <p class='ocr_par' dir='ltr' id='par_1_55' title="bbox 2421 2795 4035 2871">
     <span class='ocr_line' id='line_1_55' title="bbox 2421 2795 4035 2871; baseline -0.002 -17"><span class='ocrx_word' id='word_1_448' title='bbox 2421 2804 2549 2871; x_wconf 79' lang='grc' dir='ltr'>μιᾶς</span> <span class='ocrx_word' id='word_1_449' title='bbox 2603 2800 2918 2871; x_wconf 82' lang='grc' dir='ltr'>νενίκηται·</span> <span class='ocrx_word' id='word_1_450' title='bbox 2974 2800 3266 2871; x_wconf 86' lang='grc' dir='ltr'>παιδίσκην</span> <span class='ocrx_word' id='word_1_451' title='bbox 3313 2798 3659 2869; x_wconf 79' lang='grc' dir='ltr'>πεφόϐηται·</span> <span class='ocrx_word' id='word_1_452' title='bbox 3697 2795 4035 2867; x_wconf 81' lang='grc' dir='ltr'>ἀντωπῆσαι</span> 
     </span>
    </p>
   </div>
   <div class='ocr_carea' id='block_1_56' title="bbox 723 2879 2392 2967">
    <p class='ocr_par' dir='ltr' id='par_1_56' title="bbox 723 2879 2311 2956">
     <span class='ocr_line' id='line_1_56' title="bbox 723 2879 2311 2956; baseline -0.009 -11"><span class='ocrx_word' id='word_1_453' title='bbox 723 2888 1033 2945; x_wconf 77' lang='lat' dir='ltr'><strong>Exinanivit</strong></span> <span class='ocrx_word' id='word_1_454' title='bbox 1065 2898 1328 2952; x_wconf 78' lang='lat' dir='ltr'><strong>merrtem,</strong></span> <span class='ocrx_word' id='word_1_455' title='bbox 1362 2888 1451 2955; x_wconf 83' lang='lat' dir='ltr'><strong>qui</strong></span> <span class='ocrx_word' id='word_1_456' title='bbox 1505 2886 1695 2956; x_wconf 87' lang='lat' dir='ltr'><strong>plenus</strong></span> <span class='ocrx_word' id='word_1_457' title='bbox 1722 2892 1872 2949; x_wconf 87' lang='lat' dir='ltr'><strong>erat;</strong></span> <span class='ocrx_word' id='word_1_458' title='bbox 1906 2881 1974 2935; x_wconf 82' lang='lat' dir='ltr'><strong>ab</strong></span> <span class='ocrx_word' id='word_1_459' title='bbox 2002 2895 2108 2933; x_wconf 83' lang='lat' dir='ltr'><strong>una</strong></span> <span class='ocrx_word' id='word_1_460' title='bbox 2136 2879 2311 2949; x_wconf 88' lang='lat' dir='ltr'><strong>puella</strong></span> 
     </span>
    </p>
   </div>
   <div class='ocr_carea' id='block_1_57' title="bbox 2365 2879 4034 2967">
    <p class='ocr_par' dir='ltr' id='par_1_57' title="bbox 2418 2884 4034 2967">
     <span class='ocr_line' id='line_1_57' title="bbox 2418 2884 4034 2967; baseline -0.005 -19"><span class='ocrx_word' id='word_1_461' title='bbox 2418 2896 2555 2967; x_wconf 78' lang='grc' dir='ltr'>πρὸς</span> <span class='ocrx_word' id='word_1_462' title='bbox 2586 2893 2782 2964; x_wconf 81' lang='grc' dir='ltr'>δούλην</span> <span class='ocrx_word' id='word_1_463' title='bbox 2808 2894 2867 2946; x_wconf 79' lang='grc' dir='ltr'><strong>οὺ</strong></span> <span class='ocrx_word' id='word_1_464' title='bbox 2893 2891 3180 2962; x_wconf 88' lang='grc' dir='ltr'>δεδύνηται</span> <span class='ocrx_word' id='word_1_465' title='bbox 3202 2909 3215 2921; x_wconf 83' lang='grc'><strong>·</strong></span> <span class='ocrx_word' id='word_1_466' title='bbox 3250 2890 3512 2943; x_wconf 82' lang='grc' dir='ltr'>πέπτωκε</span> <span class='ocrx_word' id='word_1_467' title='bbox 3538 2890 3605 2959; x_wconf 81' lang='grc' dir='ltr'>τῇ</span> <span class='ocrx_word' id='word_1_468' title='bbox 3636 2886 3806 2958; x_wconf 77' lang='grc' dir='ltr'>δειλίᾳ</span> <span class='ocrx_word' id='word_1_469' title='bbox 3832 2887 3860 2938; x_wconf 87' lang='lat'><strong>6</strong></span> <span class='ocrx_word' id='word_1_470' title='bbox 3894 2884 4034 2940; x_wconf 81' lang='grc' dir='ltr'>θεο-</span> 
     </span>
    </p>
   </div>
   <div class='ocr_carea' id='block_1_58' title="bbox 724 2973 2393 3057">
    <p class='ocr_par' dir='ltr' id='par_1_58' title="bbox 724 2973 2317 3045">
     <span class='ocr_line' id='line_1_58' title="bbox 724 2973 2317 3045; baseline -0.008 -8"><span class='ocrx_word' id='word_1_471' title='bbox 724 2988 900 3039; x_wconf 82' lang='lat' dir='ltr'><strong>victus</strong></span> <span class='ocrx_word' id='word_1_472' title='bbox 926 2993 1028 3045; x_wconf 84' lang='lat' dir='ltr'><strong>est.</strong></span> <span class='ocrx_word' id='word_1_473' title='bbox 1073 2982 1322 3036; x_wconf 80' lang='lat' dir='ltr'><strong>ancillam</strong></span> <span class='ocrx_word' id='word_1_474' title='bbox 1358 2981 1572 3044; x_wconf 88' lang='lat' dir='ltr'><strong>metuit,</strong></span> <span class='ocrx_word' id='word_1_475' title='bbox 1623 2993 1729 3031; x_wconf 90' lang='lat' dir='ltr'><strong>non</strong></span> <span class='ocrx_word' id='word_1_476' title='bbox 1778 2974 1951 3045; x_wconf 88' lang='lat' dir='ltr'><strong>potuit</strong></span> <span class='ocrx_word' id='word_1_477' title='bbox 1979 2989 2150 3029; x_wconf 63' lang='lat' dir='ltr'><strong>serva!</strong></span> <span class='ocrx_word' id='word_1_478' title='bbox 2183 2973 2317 3027; x_wconf 83' lang='lat' dir='ltr'><strong>resi-</strong></span> 
     </span>
    </p>
   </div>
   <div class='ocr_carea' id='block_1_59' title="bbox 2367 2973 4036 3057">
    <p class='ocr_par' dir='ltr' id='par_1_59' title="bbox 2420 2977 4036 3057">
     <span class='ocr_line' id='line_1_59' title="bbox 2420 2977 4036 3057; baseline -0.007 -17"><span class='ocrx_word' id='word_1_479' title='bbox 2420 2986 2603 3057; x_wconf 76' lang='grc' dir='ltr'>σεὸὴς,</span> <span class='ocrx_word' id='word_1_480' title='bbox 2638 2988 2668 3037; x_wconf 87' lang='grc' dir='ltr'>ὁ</span> <span class='ocrx_word' id='word_1_481' title='bbox 2714 2983 2991 3055; x_wconf 77' lang='grc' dir='ltr'>θεοφιλὴς,</span> <span class='ocrx_word' id='word_1_482' title='bbox 3026 2986 3055 3037; x_wconf 87' lang='grc' dir='ltr'>ὁ</span> <span class='ocrx_word' id='word_1_483' title='bbox 3086 2982 3156 3035; x_wconf 86' lang='grc' dir='ltr'>τὰ</span> <span class='ocrx_word' id='word_1_484' title='bbox 3202 2980 3442 3050; x_wconf 76' lang='grc' dir='ltr'>ἐπιφανῆ</span> <span class='ocrx_word' id='word_1_485' title='bbox 3488 2977 3794 3049; x_wconf 79' lang='grc' dir='ltr'>γινώσκων,</span> <span class='ocrx_word' id='word_1_486' title='bbox 3827 2979 3856 3031; x_wconf 90' lang='lat'><strong>6</strong></span> <span class='ocrx_word' id='word_1_487' title='bbox 3881 2977 4036 3031; x_wconf 82' lang='grc' dir='ltr'>αὖτ-</span> 
     </span>
    </p>
   </div>
   <div class='ocr_carea' id='block_1_60' title="bbox 722 3066 2391 3147">
    <p class='ocr_par' dir='ltr' id='par_1_60' title="bbox 722 3066 2314 3132">
     <span class='ocr_line' id='line_1_60' title="bbox 722 3066 2314 3132; baseline -0.011 0"><span class='ocrx_word' id='word_1_488' title='bbox 722 3089 887 3132; x_wconf 85' lang='lat' dir='ltr'><strong>s‘ere.</strong></span> <span class='ocrx_word' id='word_1_489' title='bbox 921 3074 1128 3131; x_wconf 86' lang='lat' dir='ltr'><strong>Cecidit</strong></span> <span class='ocrx_word' id='word_1_490' title='bbox 1157 3072 1446 3127; x_wconf 79' lang='lat' dir='ltr'><strong>formidine</strong></span> <span class='ocrx_word' id='word_1_491' title='bbox 1486 3078 1867 3124; x_wconf 87' lang='lat' dir='ltr'><strong>consternatus</strong></span> <span class='ocrx_word' id='word_1_492' title='bbox 1921 3066 2011 3121; x_wconf 91' lang='lat' dir='ltr'><strong>ille</strong></span> <span class='ocrx_word' id='word_1_493' title='bbox 2048 3066 2103 3119; x_wconf 90' lang='lat' dir='ltr'><strong>in</strong></span> <span class='ocrx_word' id='word_1_494' title='bbox 2150 3066 2314 3119; x_wconf 90' lang='lat' dir='ltr'><strong>Deum</strong></span> 
     </span>
    </p>
   </div>
   <div class='ocr_carea' id='block_1_61' title="bbox 2351 3066 4020 3147">
    <p class='ocr_par' dir='ltr' id='par_1_61' title="bbox 2419 3067 4020 3147">
     <span class='ocr_line' id='line_1_61' title="bbox 2419 3067 4020 3147; baseline -0.005 -18"><span class='ocrx_word' id='word_1_495' title='bbox 2419 3077 2593 3147; x_wconf 87' lang='grc' dir='ltr'>ὁπτης</span> <span class='ocrx_word' id='word_1_496' title='bbox 2633 3074 2730 3127; x_wconf 71' lang='grc' dir='ltr'><strong>τοῦ</strong></span> <span class='ocrx_word' id='word_1_497' title='bbox 2763 3073 2996 3143; x_wconf 78' lang='grc' dir='ltr'>Κυρίου.</span> <span class='ocrx_word' id='word_1_498' title='bbox 3043 3072 3155 3127; x_wconf 70' lang='grc' dir='ltr'>Καὶ</span> <span class='ocrx_word' id='word_1_499' title='bbox 3201 3070 3376 3124; x_wconf 84' lang='grc' dir='ltr'>ταῦτα</span> <span class='ocrx_word' id='word_1_500' title='bbox 3408 3068 3573 3138; x_wconf 83' lang='grc' dir='ltr'>λέγω,</span> <span class='ocrx_word' id='word_1_501' title='bbox 3608 3068 3707 3137; x_wconf 82' lang='grc' dir='ltr'><strong>οὐχ</strong></span> <span class='ocrx_word' id='word_1_502' title='bbox 3740 3067 3828 3120; x_wconf 82' lang='grc' dir='ltr'>ἵνα</span> <span class='ocrx_word' id='word_1_503' title='bbox 3871 3084 4020 3121; x_wconf 82' lang='grc' dir='ltr'>κατ-</span> 
     </span>
    </p>
   </div>
   <div class='ocr_carea' id='block_1_62' title="bbox 726 3157 2395 3242">
    <p class='ocr_par' dir='ltr' id='par_1_62' title="bbox 726 3157 2387 3242">
     <span class='ocr_line' id='line_1_62' title="bbox 726 3157 2387 3242; baseline -0.01 -19"><span class='ocrx_word' id='word_1_504' title='bbox 726 3172 868 3241; x_wconf 80' lang='lat' dir='ltr'><strong>pius.</strong></span> <span class='ocrx_word' id='word_1_505' title='bbox 906 3168 993 3222; x_wconf 90' lang='lat' dir='ltr'><strong>ille</strong></span> <span class='ocrx_word' id='word_1_506' title='bbox 1042 3167 1421 3228; x_wconf 64' lang='lat' dir='ltr'><strong>Deocharus,</strong></span> <span class='ocrx_word' id='word_1_507' title='bbox 1472 3163 1561 3216; x_wconf 90' lang='lat' dir='ltr'><strong>ille</strong></span> <span class='ocrx_word' id='word_1_508' title='bbox 1599 3162 1688 3232; x_wconf 89' lang='lat' dir='ltr'><strong>qui</strong></span> <span class='ocrx_word' id='word_1_509' title='bbox 1734 3160 1823 3215; x_wconf 88' lang='lat' dir='ltr'><strong>illa</strong></span> <span class='ocrx_word' id='word_1_510' title='bbox 1869 3159 2100 3227; x_wconf 85' lang='lat' dir='ltr'><strong>insignia</strong></span> <span class='ocrx_word' id='word_1_511' title='bbox 2144 3157 2314 3217; x_wconf 87' lang='lat' dir='ltr'><strong>novit,</strong></span> <span class='ocrx_word' id='word_1_512' title='bbox 2346 3187 2387 3242; x_wconf 62' lang='grc' dir='ltr'><strong>Ο</strong></span> 
     </span>
    </p>
   </div>
   <div class='ocr_carea' id='block_1_63' title="bbox 2371 3157 4040 3242">
    <p class='ocr_par' dir='ltr' id='par_1_63' title="bbox 2371 3158 4040 3241">
     <span class='ocr_line' id='line_1_63' title="bbox 2371 3158 4040 3241; baseline -0.004 -20"><span class='ocrx_word' id='word_1_513' title='bbox 2371 3188 2387 3241; x_wconf 65' lang='grc' dir='ltr'><strong>ς</strong></span> <span class='ocrx_word' id='word_1_514' title='bbox 2421 3167 2608 3241; x_wconf 84' lang='grc' dir='ltr'>ηγορῶ</span> <span class='ocrx_word' id='word_1_515' title='bbox 2631 3184 2645 3197; x_wconf 73' lang='grc' dir='ltr'><strong><em>ο</em></strong></span> <span class='ocrx_word' id='word_1_516' title='bbox 2689 3166 2934 3219; x_wconf 75' lang='grc' dir='ltr'>πείθεται</span> <span class='ocrx_word' id='word_1_517' title='bbox 2970 3164 3079 3235; x_wconf 82' lang='grc' dir='ltr'>γὰρ</span> <span class='ocrx_word' id='word_1_518' title='bbox 3111 3164 3194 3217; x_wconf 85' lang='grc' dir='ltr'>ὅτι</span> <span class='ocrx_word' id='word_1_519' title='bbox 3222 3162 3394 3216; x_wconf 81' lang='grc' dir='ltr'>ταῦτα</span> <span class='ocrx_word' id='word_1_520' title='bbox 3422 3162 3590 3223; x_wconf 85' lang='grc' dir='ltr'>λαλῶ,</span> <span class='ocrx_word' id='word_1_521' title='bbox 3620 3161 3709 3214; x_wconf 74' lang='grc' dir='ltr'><strong>ἴνα</strong></span> <span class='ocrx_word' id='word_1_522' title='bbox 3749 3158 3824 3231; x_wconf 81' lang='grc' dir='ltr'>μὴ</span> <span class='ocrx_word' id='word_1_523' title='bbox 3863 3176 4040 3214; x_wconf 82' lang='grc' dir='ltr'>συκο-</span> 
     </span>
    </p>
   </div>
   <div class='ocr_carea' id='block_1_64' title="bbox 725 3252 2394 3333">
    <p class='ocr_par' dir='ltr' id='par_1_64' title="bbox 725 3255 2316 3333">
     <span class='ocr_line' id='line_1_64' title="bbox 725 3255 2316 3333; baseline -0.006 -20"><span class='ocrx_word' id='word_1_524' title='bbox 725 3263 816 3333; x_wconf 85' lang='lat' dir='ltr'><strong>qui</strong></span> <span class='ocrx_word' id='word_1_525' title='bbox 851 3260 1138 3314; x_wconf 82' lang='lat' dir='ltr'><strong>Dominum</strong></span> <span class='ocrx_word' id='word_1_526' title='bbox 1170 3258 1326 3313; x_wconf 91' lang='lat' dir='ltr'><strong>vidit.</strong></span> <span class='ocrx_word' id='word_1_527' title='bbox 1351 3256 1485 3311; x_wconf 90' lang='lat' dir='ltr'><strong>Cum</strong></span> <span class='ocrx_word' id='word_1_528' title='bbox 1513 3256 1627 3309; x_wconf 63' lang='lat' dir='ltr'><strong>haec</strong></span> <span class='ocrx_word' id='word_1_529' title='bbox 1663 3255 1806 3318; x_wconf 87' lang='lat' dir='ltr'><strong>dico,</strong></span> <span class='ocrx_word' id='word_1_530' title='bbox 1840 3267 1947 3306; x_wconf 88' lang='lat' dir='ltr'><strong>non</strong></span> <span class='ocrx_word' id='word_1_531' title='bbox 1981 3264 2039 3305; x_wconf 88' lang='lat' dir='ltr'><strong>ut</strong></span> <span class='ocrx_word' id='word_1_532' title='bbox 2067 3265 2190 3306; x_wconf 88' lang='lat' dir='ltr'><strong>eum</strong></span> <span class='ocrx_word' id='word_1_533' title='bbox 2223 3264 2316 3303; x_wconf 87' lang='lat' dir='ltr'><strong>ac-</strong></span> 
     </span>
    </p>
   </div>
   <div class='ocr_carea' id='block_1_65' title="bbox 2371 3252 4040 3333">
    <p class='ocr_par' dir='ltr' id='par_1_65' title="bbox 2424 3252 4040 3330">
     <span class='ocr_line' id='line_1_65' title="bbox 2424 3252 4040 3330; baseline -0.006 -18"><span class='ocrx_word' id='word_1_534' title='bbox 2424 3259 2671 3330; x_wconf 71' lang='grc' dir='ltr'>φαντηθῇ</span> <span class='ocrx_word' id='word_1_535' title='bbox 2703 3259 2736 3328; x_wconf 82' lang='grc' dir='ltr'>ἡ</span> <span class='ocrx_word' id='word_1_536' title='bbox 2776 3256 3004 3327; x_wconf 86' lang='grc' dir='ltr'>ἀλήθεια</span> <span class='ocrx_word' id='word_1_537' title='bbox 3024 3273 3038 3287; x_wconf 88' lang='grc'><strong>·</strong></span> <span class='ocrx_word' id='word_1_538' title='bbox 3073 3255 3215 3328; x_wconf 78' lang='grc' dir='ltr'>ὑπὲρ</span> <span class='ocrx_word' id='word_1_539' title='bbox 3261 3254 3524 3326; x_wconf 80' lang='grc' dir='ltr'>ἀληθείας</span> <span class='ocrx_word' id='word_1_540' title='bbox 3551 3254 3863 3323; x_wconf 82' lang='grc' dir='ltr'>φθέγγομαι</span> <span class='ocrx_word' id='word_1_541' title='bbox 3886 3267 3900 3280; x_wconf 88' lang='grc'><strong>·</strong></span> <span class='ocrx_word' id='word_1_542' title='bbox 3935 3252 4040 3305; x_wconf 65' lang='grc' dir='ltr'>καὶ</span> 
     </span>
    </p>
   </div>
   <div class='ocr_carea' id='block_1_66' title="bbox 727 3340 2396 3419">
    <p class='ocr_par' dir='ltr' id='par_1_66' title="bbox 727 3340 2319 3418">
     <span class='ocr_line' id='line_1_66' title="bbox 727 3340 2319 3418; baseline -0.009 -11"><span class='ocrx_word' id='word_1_543' title='bbox 727 3368 936 3418; x_wconf 83' lang='lat' dir='ltr'><strong>ensem,</strong></span> <span class='ocrx_word' id='word_1_544' title='bbox 965 3352 1119 3413; x_wconf 86' lang='lat' dir='ltr'><strong>dico;</strong></span> <span class='ocrx_word' id='word_1_545' title='bbox 1150 3348 1377 3405; x_wconf 87' lang='lat' dir='ltr'><strong>conlidit</strong></span> <span class='ocrx_word' id='word_1_546' title='bbox 1409 3348 1552 3402; x_wconf 89' lang='lat' dir='ltr'><strong>enim</strong></span> <span class='ocrx_word' id='word_1_547' title='bbox 1581 3362 1667 3401; x_wconf 92' lang='lat' dir='ltr'><strong>me</strong></span> <span class='ocrx_word' id='word_1_548' title='bbox 1696 3347 1810 3400; x_wconf 76' lang='lat' dir='ltr'><strong>lucc</strong></span> <span class='ocrx_word' id='word_1_549' title='bbox 1838 3343 2041 3408; x_wconf 87' lang='lat' dir='ltr'><strong>dicere,</strong></span> <span class='ocrx_word' id='word_1_550' title='bbox 2084 3350 2144 3396; x_wconf 89' lang='lat' dir='ltr'><strong>ut</strong></span> <span class='ocrx_word' id='word_1_551' title='bbox 2175 3340 2319 3395; x_wconf 84' lang='lat' dir='ltr'><strong>veri-</strong></span> 
     </span>
    </p>
   </div>
   <div class='ocr_carea' id='block_1_67' title="bbox 2371 3340 4040 3419">
    <p class='ocr_par' dir='ltr' id='par_1_67' title="bbox 2422 3343 4040 3419">
     <span class='ocr_line' id='line_1_67' title="bbox 2422 3343 4040 3419; baseline -0.006 -15"><span class='ocrx_word' id='word_1_552' title='bbox 2422 3352 2514 3405; x_wconf 78' lang='grc' dir='ltr'><strong>τὸν</strong></span> <span class='ocrx_word' id='word_1_553' title='bbox 2543 3349 2729 3404; x_wconf 77' lang='grc' dir='ltr'>δοῦλον</span> <span class='ocrx_word' id='word_1_554' title='bbox 2758 3348 2858 3419; x_wconf 81' lang='grc' dir='ltr'><strong>τῆς</strong></span> <span class='ocrx_word' id='word_1_555' title='bbox 2884 3347 3144 3418; x_wconf 88' lang='grc' dir='ltr'>ἀληθείας</span> <span class='ocrx_word' id='word_1_556' title='bbox 3175 3346 3504 3419; x_wconf 86' lang='grc' dir='ltr'>παραφέρω,</span> <span class='ocrx_word' id='word_1_557' title='bbox 3532 3346 3620 3399; x_wconf 84' lang='grc' dir='ltr'><strong>ἵνα</strong></span> <span class='ocrx_word' id='word_1_558' title='bbox 3642 3345 3703 3398; x_wconf 68' lang='grc' dir='ltr'>τὸ</span> <span class='ocrx_word' id='word_1_559' title='bbox 3724 3343 3921 3414; x_wconf 75' lang='grc' dir='ltr'>ψεῦδος</span> <span class='ocrx_word' id='word_1_560' title='bbox 3960 3344 4040 3415; x_wconf 80' lang='grc' dir='ltr'>μὴ</span> 
     </span>
    </p>
   </div>
   <div class='ocr_carea' id='block_1_68' title="bbox 732 3431 2401 3515">
    <p class='ocr_par' dir='ltr' id='par_1_68' title="bbox 732 3431 2320 3508">
     <span class='ocr_line' id='line_1_68' title="bbox 732 3431 2320 3508; baseline -0.01 -8"><span class='ocrx_word' id='word_1_561' title='bbox 732 3459 816 3500; x_wconf 78' lang='lat' dir='ltr'><strong>Ias</strong></span> <span class='ocrx_word' id='word_1_562' title='bbox 839 3444 1168 3501; x_wconf 79' lang='lat' dir='ltr'><strong>calumniam</strong></span> <span class='ocrx_word' id='word_1_563' title='bbox 1198 3458 1302 3496; x_wconf 92' lang='lat' dir='ltr'><strong>non</strong></span> <span class='ocrx_word' id='word_1_564' title='bbox 1332 3442 1558 3506; x_wconf 86' lang='lat' dir='ltr'><strong>subeat;</strong></span> <span class='ocrx_word' id='word_1_565' title='bbox 1596 3454 1693 3508; x_wconf 92' lang='lat' dir='ltr'><strong>pro</strong></span> <span class='ocrx_word' id='word_1_566' title='bbox 1722 3436 2042 3492; x_wconf 81' lang='lat' dir='ltr'><strong>defensione</strong></span> <span class='ocrx_word' id='word_1_567' title='bbox 2071 3431 2320 3488; x_wconf 86' lang='lat' dir='ltr'><strong>veritatis</strong></span> 
     </span>
    </p>
   </div>
   <div class='ocr_carea' id='block_1_69' title="bbox 2366 3431 4035 3515">
    <p class='ocr_par' dir='ltr' id='par_1_69' title="bbox 2426 3436 4035 3515">
     <span class='ocr_line' id='line_1_69' title="bbox 2426 3436 4035 3515; baseline -0.005 -19"><span class='ocrx_word' id='word_1_568' title='bbox 2426 3444 2661 3515; x_wconf 80' lang='grc' dir='ltr'>νικήσῃ·</span> <span class='ocrx_word' id='word_1_569' title='bbox 2704 3441 2796 3494; x_wconf 80' lang='grc' dir='ltr'><strong>τὸν</strong></span> <span class='ocrx_word' id='word_1_570' title='bbox 2844 3440 3127 3513; x_wconf 79' lang='grc' dir='ltr'>ὑπηρέτην</span> <span class='ocrx_word' id='word_1_571' title='bbox 3179 3438 3281 3508; x_wconf 82' lang='grc' dir='ltr'>τῆς</span> <span class='ocrx_word' id='word_1_572' title='bbox 3334 3437 3593 3508; x_wconf 86' lang='grc' dir='ltr'>ἀληθείας</span> <span class='ocrx_word' id='word_1_573' title='bbox 3636 3436 4035 3507; x_wconf 76' lang='grc' dir='ltr'>προσκομίζω·</span> 
     </span>
    </p>
   </div>
   <div class='ocr_carea' id='block_1_70' title="bbox 729 3523 2398 3608">
    <p class='ocr_par' dir='ltr' id='par_1_70' title="bbox 729 3523 2318 3607">
     <span class='ocr_line' id='line_1_70' title="bbox 729 3523 2318 3607; baseline -0.011 -15"><span class='ocrx_word' id='word_1_574' title='bbox 729 3538 953 3607; x_wconf 83' lang='lat' dir='ltr'><strong>loquor;</strong></span> <span class='ocrx_word' id='word_1_575' title='bbox 1007 3549 1223 3589; x_wconf 88' lang='lat' dir='ltr'><strong>servum</strong></span> <span class='ocrx_word' id='word_1_576' title='bbox 1267 3531 1513 3588; x_wconf 79' lang='lat' dir='ltr'><strong>veritatis</strong></span> <span class='ocrx_word' id='word_1_577' title='bbox 1562 3528 1816 3591; x_wconf 85' lang='lat' dir='ltr'><strong>adhiheo,</strong></span> <span class='ocrx_word' id='word_1_578' title='bbox 1865 3541 1932 3580; x_wconf 91' lang='lat' dir='ltr'><strong>ne</strong></span> <span class='ocrx_word' id='word_1_579' title='bbox 1978 3523 2318 3579; x_wconf 88' lang='lat' dir='ltr'><strong>memlacium</strong></span> 
     </span>
    </p>
   </div>
   <div class='ocr_carea' id='block_1_71' title="bbox 2373 3523 4042 3608">
    <p class='ocr_par' dir='ltr' id='par_1_71' title="bbox 2427 3526 4042 3608">
     <span class='ocr_line' id='line_1_71' title="bbox 2427 3526 4042 3608; baseline -0.005 -16"><span class='ocrx_word' id='word_1_580' title='bbox 2427 3538 2616 3608; x_wconf 81' lang='grc' dir='ltr'>ἐπειδὴ</span> <span class='ocrx_word' id='word_1_581' title='bbox 2673 3537 2783 3608; x_wconf 86' lang='grc' dir='ltr'><strong>γὰρ</strong></span> <span class='ocrx_word' id='word_1_582' title='bbox 2832 3534 3112 3606; x_wconf 83' lang='grc' dir='ltr'>βούλονται</span> <span class='ocrx_word' id='word_1_583' title='bbox 3150 3532 3345 3605; x_wconf 87' lang='grc' dir='ltr'>φύσεις</span> <span class='ocrx_word' id='word_1_584' title='bbox 3388 3526 3552 3595; x_wconf 79' lang='grc' dir='ltr'>εἶναι,</span> <span class='ocrx_word' id='word_1_585' title='bbox 3600 3531 3699 3584; x_wconf 76' lang='grc' dir='ltr'>καὶ</span> <span class='ocrx_word' id='word_1_586' title='bbox 3746 3530 4042 3601; x_wconf 82' lang='grc' dir='ltr'>μαίνονται</span> 
     </span>
    </p>
   </div>
   <div class='ocr_carea' id='block_1_72' title="bbox 733 3614 2402 3701">
    <p class='ocr_par' dir='ltr' id='par_1_72' title="bbox 733 3614 2323 3694">
     <span class='ocr_line' id='line_1_72' title="bbox 733 3614 2323 3694; baseline -0.008 -15"><span class='ocrx_word' id='word_1_587' title='bbox 733 3631 949 3694; x_wconf 80' lang='lat' dir='ltr'><strong>vincat;</strong></span> <span class='ocrx_word' id='word_1_588' title='bbox 982 3626 1291 3680; x_wconf 89' lang='lat' dir='ltr'><strong>ministrum</strong></span> <span class='ocrx_word' id='word_1_589' title='bbox 1328 3621 1573 3677; x_wconf 86' lang='lat' dir='ltr'><strong>veritatis</strong></span> <span class='ocrx_word' id='word_1_590' title='bbox 1604 3619 1870 3690; x_wconf 89' lang='lat' dir='ltr'><strong>produco,</strong></span> <span class='ocrx_word' id='word_1_591' title='bbox 1895 3627 1950 3672; x_wconf 92' lang='lat' dir='ltr'><strong>ut</strong></span> <span class='ocrx_word' id='word_1_592' title='bbox 1983 3618 2111 3686; x_wconf 87' lang='lat' dir='ltr'><strong>quia</strong></span> <span class='ocrx_word' id='word_1_593' title='bbox 2137 3614 2323 3670; x_wconf 85' lang='lat' dir='ltr'><strong>volunt</strong></span> 
     </span>
    </p>
   </div>
   <div class='ocr_carea' id='block_1_73' title="bbox 2371 3614 4040 3701">
    <p class='ocr_par' dir='ltr' id='par_1_73' title="bbox 2430 3620 4040 3701">
     <span class='ocr_line' id='line_1_73' title="bbox 2430 3620 4040 3701; baseline -0.008 -16"><span class='ocrx_word' id='word_1_594' title='bbox 2430 3634 2511 3695; x_wconf 84' lang='grc' dir='ltr'><strong>είς</strong></span> <span class='ocrx_word' id='word_1_595' title='bbox 2537 3630 2629 3683; x_wconf 80' lang='grc' dir='ltr'><strong>τὸν</strong></span> <span class='ocrx_word' id='word_1_596' title='bbox 2664 3631 2792 3701; x_wconf 76' lang='grc' dir='ltr'>περὶ</span> <span class='ocrx_word' id='word_1_597' title='bbox 2823 3628 3038 3697; x_wconf 85' lang='grc' dir='ltr'>φύσεως</span> <span class='ocrx_word' id='word_1_598' title='bbox 3082 3626 3261 3693; x_wconf 77' lang='grc' dir='ltr'>λόγον,</span> <span class='ocrx_word' id='word_1_599' title='bbox 3299 3625 3392 3677; x_wconf 81' lang='grc' dir='ltr'><strong>τὸν</strong></span> <span class='ocrx_word' id='word_1_600' title='bbox 3422 3622 3631 3695; x_wconf 79' lang='grc' dir='ltr'>Πέτρον</span> <span class='ocrx_word' id='word_1_601' title='bbox 3662 3620 4040 3692; x_wconf 78' lang='grc' dir='ltr'>προσκεκόμι·</span> 
     </span>
    </p>
   </div>
   <div class='ocr_carea' id='block_1_74' title="bbox 734 3710 2403 3791">
    <p class='ocr_par' dir='ltr' id='par_1_74' title="bbox 734 3710 2324 3784">
     <span class='ocr_line' id='line_1_74' title="bbox 734 3710 2324 3784; baseline -0.009 -7"><span class='ocrx_word' id='word_1_602' title='bbox 734 3720 1013 3777; x_wconf 75' lang='lat' dir='ltr'><strong>Manicbaci</strong></span> <span class='ocrx_word' id='word_1_603' title='bbox 1042 3726 1266 3773; x_wconf 88' lang='lat' dir='ltr'><strong>naturas</strong></span> <span class='ocrx_word' id='word_1_604' title='bbox 1290 3731 1411 3772; x_wconf 86' lang='lat' dir='ltr'><strong>esse</strong></span> <span class='ocrx_word' id='word_1_605' title='bbox 1455 3715 1508 3769; x_wconf 88' lang='lat' dir='ltr'><strong>in</strong></span> <span class='ocrx_word' id='word_1_606' title='bbox 1544 3714 1723 3784; x_wconf 86' lang='lat' dir='ltr'><strong>culpa,</strong></span> <span class='ocrx_word' id='word_1_607' title='bbox 1752 3723 1807 3768; x_wconf 75' lang='lat' dir='ltr'><strong>et</strong></span> <span class='ocrx_word' id='word_1_608' title='bbox 1835 3713 1889 3767; x_wconf 87' lang='lat' dir='ltr'><strong>in</strong></span> <span class='ocrx_word' id='word_1_609' title='bbox 1919 3720 2125 3765; x_wconf 67' lang='lat' dir='ltr'><strong>natura:</strong></span> <span class='ocrx_word' id='word_1_610' title='bbox 2158 3710 2324 3763; x_wconf 88' lang='lat' dir='ltr'><strong>ratio-</strong></span> 
     </span>
    </p>
   </div>
   <div class='ocr_carea' id='block_1_75' title="bbox 2376 3710 4045 3791">
    <p class='ocr_par' dir='ltr' id='par_1_75' title="bbox 2431 3710 4045 3791">
     <span class='ocr_line' id='line_1_75' title="bbox 2431 3710 4045 3791; baseline -0.011 -12"><span class='ocrx_word' id='word_1_611' title='bbox 2431 3742 2534 3788; x_wconf 85' lang='grc' dir='ltr'><strong>κα,</strong></span> <span class='ocrx_word' id='word_1_612' title='bbox 2572 3724 2658 3781; x_wconf 84' lang='grc' dir='ltr'><strong>ἴνα</strong></span> <span class='ocrx_word' id='word_1_613' title='bbox 2711 3721 2873 3791; x_wconf 81' lang='grc' dir='ltr'>φύσις</span> <span class='ocrx_word' id='word_1_614' title='bbox 2915 3718 3183 3791; x_wconf 74' lang='grc' dir='ltr'>ἐλεγχθῇ·</span> <span class='ocrx_word' id='word_1_615' title='bbox 3225 3714 3533 3770; x_wconf 85' lang='grc' dir='ltr'>δεικνύουσι</span> <span class='ocrx_word' id='word_1_616' title='bbox 3586 3712 3697 3783; x_wconf 81' lang='grc' dir='ltr'>γὰρ</span> <span class='ocrx_word' id='word_1_617' title='bbox 3736 3714 3791 3765; x_wconf 86' lang='grc' dir='ltr'><strong>αί</strong></span> <span class='ocrx_word' id='word_1_618' title='bbox 3841 3710 4045 3765; x_wconf 77' lang='grc' dir='ltr'>πολλαὶ</span> 
     </span>
    </p>
   </div>
   <div class='ocr_carea' id='block_1_76' title="bbox 736 3804 2405 3887">
    <p class='ocr_par' dir='ltr' id='par_1_76' title="bbox 736 3804 2324 3877">
     <span class='ocr_line' id='line_1_76' title="bbox 736 3804 2324 3877; baseline -0.01 -8"><span class='ocrx_word' id='word_1_619' title='bbox 736 3830 857 3870; x_wconf 86' lang='lat' dir='ltr'><strong>nem</strong></span> <span class='ocrx_word' id='word_1_620' title='bbox 889 3812 1192 3877; x_wconf 84' lang='lat' dir='ltr'><strong>insaniunt,</strong></span> <span class='ocrx_word' id='word_1_621' title='bbox 1227 3809 1419 3863; x_wconf 86' lang='lat' dir='ltr'><strong>Petrus</strong></span> <span class='ocrx_word' id='word_1_622' title='bbox 1446 3822 1475 3861; x_wconf 86' lang='lat' dir='ltr'><strong>a</strong></span> <span class='ocrx_word' id='word_1_623' title='bbox 1506 3822 1592 3862; x_wconf 84' lang='lat' dir='ltr'><strong>me</strong></span> <span class='ocrx_word' id='word_1_624' title='bbox 1629 3804 1927 3875; x_wconf 81' lang='lat' dir='ltr'><strong>productus</strong></span> <span class='ocrx_word' id='word_1_625' title='bbox 1955 3814 2037 3858; x_wconf 90' lang='lat' dir='ltr'><strong>est</strong></span> <span class='ocrx_word' id='word_1_626' title='bbox 2071 3813 2129 3856; x_wconf 87' lang='lat' dir='ltr'><strong>ut</strong></span> <span class='ocrx_word' id='word_1_627' title='bbox 2164 3813 2324 3855; x_wconf 78' lang='lat' dir='ltr'><strong>natu-</strong></span> 
     </span>
    </p>
   </div>
   <div class='ocr_carea' id='block_1_77' title="bbox 2375 3804 4044 3887">
    <p class='ocr_par' dir='ltr' id='par_1_77' title="bbox 2439 3804 4044 3887">
     <span class='ocr_line' id='line_1_77' title="bbox 2439 3804 4044 3887; baseline -0.01 -17"><span class='ocrx_word' id='word_1_628' title='bbox 2439 3816 2732 3887; x_wconf 70' lang='grc' dir='ltr'>μεταϐολαὶ</span> <span class='ocrx_word' id='word_1_629' title='bbox 2770 3813 2831 3866; x_wconf 81' lang='grc' dir='ltr'><strong>τὸ</strong></span> <span class='ocrx_word' id='word_1_630' title='bbox 2885 3814 2947 3866; x_wconf 81' lang='grc' dir='ltr'>ἐκ</span> <span class='ocrx_word' id='word_1_631' title='bbox 2991 3809 3364 3883; x_wconf 86' lang='grc' dir='ltr'>προαιρέσεως</span> <span class='ocrx_word' id='word_1_632' title='bbox 3404 3804 3881 3874; x_wconf 85' lang='grc' dir='ltr'>ἀποτελεσμένον·</span> <span class='ocrx_word' id='word_1_633' title='bbox 3946 3804 4044 3856; x_wconf 67' lang='grc' dir='ltr'>καὶ</span> 
     </span>
    </p>
   </div>
   <div class='ocr_carea' id='block_1_78' title="bbox 738 3894 2407 3981">
    <p class='ocr_par' dir='ltr' id='par_1_78' title="bbox 738 3894 2327 3964">
     <span class='ocr_line' id='line_1_78' title="bbox 738 3894 2327 3964; baseline -0.011 -2"><span class='ocrx_word' id='word_1_634' title='bbox 738 3924 856 3962; x_wconf 88' lang='lat' dir='ltr'><strong>ram</strong></span> <span class='ocrx_word' id='word_1_635' title='bbox 882 3906 1242 3960; x_wconf 87' lang='lat' dir='ltr'><strong>demonstret.</strong></span> <span class='ocrx_word' id='word_1_636' title='bbox 1275 3901 1654 3954; x_wconf 87' lang='lat' dir='ltr'><strong>Demonstrant</strong></span> <span class='ocrx_word' id='word_1_637' title='bbox 1679 3900 1822 3954; x_wconf 89' lang='lat' dir='ltr'><strong>enim</strong></span> <span class='ocrx_word' id='word_1_638' title='bbox 1856 3896 2037 3950; x_wconf 64' lang='lat' dir='ltr'><strong>multa?</strong></span> <span class='ocrx_word' id='word_1_639' title='bbox 2063 3894 2180 3964; x_wconf 82' lang='lat' dir='ltr'><strong>ejus</strong></span> <span class='ocrx_word' id='word_1_640' title='bbox 2209 3910 2327 3947; x_wconf 87' lang='lat' dir='ltr'><strong>mu-</strong></span> 
     </span>
    </p>
   </div>
   <div class='ocr_carea' id='block_1_79' title="bbox 2377 3894 4046 3981">
    <p class='ocr_par' dir='ltr' id='par_1_79' title="bbox 2430 3894 4046 3981">
     <span class='ocr_line' id='line_1_79' title="bbox 2430 3894 4046 3981; baseline -0.011 -19"><span class='ocrx_word' id='word_1_641' title='bbox 2430 3911 2664 3981; x_wconf 86' lang='grc' dir='ltr'>ἀργήσει</span> <span class='ocrx_word' id='word_1_642' title='bbox 2701 3908 2730 3959; x_wconf 89' lang='grc' dir='ltr'>ὁ</span> <span class='ocrx_word' id='word_1_643' title='bbox 2769 3905 2997 3977; x_wconf 80' lang='grc' dir='ltr'>θρύλλος</span> <span class='ocrx_word' id='word_1_644' title='bbox 3026 3904 3124 3974; x_wconf 72' lang='grc' dir='ltr'>τῆς</span> <span class='ocrx_word' id='word_1_645' title='bbox 3152 3900 3548 3975; x_wconf 84' lang='grc' dir='ltr'>προαιρέσεως,</span> <span class='ocrx_word' id='word_1_646' title='bbox 3578 3896 3651 3949; x_wconf 83' lang='grc' dir='ltr'><strong>τά</strong></span> <span class='ocrx_word' id='word_1_647' title='bbox 3677 3894 3913 3966; x_wconf 76' lang='grc' dir='ltr'>βραδεῖα</span> <span class='ocrx_word' id='word_1_648' title='bbox 3940 3894 4046 3963; x_wconf 80' lang='grc' dir='ltr'>τῆς</span> 
     </span>
    </p>
   </div>
   <div class='ocr_carea' id='block_1_80' title="bbox 740 3986 2409 4074">
    <p class='ocr_par' dir='ltr' id='par_1_80' title="bbox 740 3987 2328 4063">
     <span class='ocr_line' id='line_1_80' title="bbox 740 3987 2328 4063; baseline -0.009 -11"><span class='ocrx_word' id='word_1_649' title='bbox 740 3999 978 4053; x_wconf 82' lang='lat' dir='ltr'><strong>tationes</strong></span> <span class='ocrx_word' id='word_1_650' title='bbox 1024 4010 1109 4060; x_wconf 85' lang='lat' dir='ltr'><strong>ea,</strong></span> <span class='ocrx_word' id='word_1_651' title='bbox 1159 4007 1279 4063; x_wconf 84' lang='lat' dir='ltr'><strong>qme</strong></span> <span class='ocrx_word' id='word_1_652' title='bbox 1325 3991 1493 4045; x_wconf 89' lang='lat' dir='ltr'><strong>libera</strong></span> <span class='ocrx_word' id='word_1_653' title='bbox 1524 3991 1771 4044; x_wconf 81' lang='lat' dir='ltr'><strong>voluntas</strong></span> <span class='ocrx_word' id='word_1_654' title='bbox 1801 3987 2016 4054; x_wconf 76' lang='lat' dir='ltr'><strong>elfecit;</strong></span> <span class='ocrx_word' id='word_1_655' title='bbox 2048 3996 2103 4041; x_wconf 91' lang='lat' dir='ltr'><strong>et</strong></span> <span class='ocrx_word' id='word_1_656' title='bbox 2129 4000 2328 4039; x_wconf 83' lang='lat' dir='ltr'><strong>evane-</strong></span> 
     </span>
    </p>
   </div>
   <div class='ocr_carea' id='block_1_81' title="bbox 2377 3986 4046 4074">
    <p class='ocr_par' dir='ltr' id='par_1_81' title="bbox 2432 3986 4046 4074">
     <span class='ocr_line' id='line_1_81' title="bbox 2432 3986 4046 4074; baseline -0.012 -18"><span class='ocrx_word' id='word_1_657' title='bbox 2432 4002 2670 4074; x_wconf 85' lang='grc' dir='ltr'>κρίσεως</span> <span class='ocrx_word' id='word_1_658' title='bbox 2699 3997 2961 4069; x_wconf 81' lang='grc' dir='ltr'>τελούσης</span> <span class='ocrx_word' id='word_1_659' title='bbox 2985 4014 2999 4029; x_wconf 87' lang='grc'><strong>·</strong></span> <span class='ocrx_word' id='word_1_660' title='bbox 3037 3997 3355 4068; x_wconf 79' lang='grc' dir='ltr'>προαιρέσει</span> <span class='ocrx_word' id='word_1_661' title='bbox 3389 3992 3500 4063; x_wconf 75' lang='grc' dir='ltr'><strong>γὰρ</strong></span> <span class='ocrx_word' id='word_1_662' title='bbox 3527 3989 3736 4062; x_wconf 78' lang='grc' dir='ltr'>ζῶμεν,</span> <span class='ocrx_word' id='word_1_663' title='bbox 3779 3986 4046 4058; x_wconf 80' lang='grc' dir='ltr'>προαιρέ-</span> 
     </span>
    </p>
   </div>
   <div class='ocr_carea' id='block_1_82' title="bbox 737 4078 2406 4165">
    <p class='ocr_par' dir='ltr' id='par_1_82' title="bbox 737 4078 2328 4155">
     <span class='ocr_line' id='line_1_82' title="bbox 737 4078 2328 4155; baseline -0.011 -8"><span class='ocrx_word' id='word_1_664' title='bbox 737 4098 856 4148; x_wconf 81' lang='lat' dir='ltr'><strong>scet</strong></span> <span class='ocrx_word' id='word_1_665' title='bbox 880 4099 1034 4143; x_wconf 87' lang='lat' dir='ltr'><strong>ortus</strong></span> <span class='ocrx_word' id='word_1_666' title='bbox 1063 4101 1269 4150; x_wconf 90' lang='lat' dir='ltr'><strong>rumor,</strong></span> <span class='ocrx_word' id='word_1_667' title='bbox 1310 4083 1584 4155; x_wconf 84' lang='lat' dir='ltr'><strong>siquidem</strong></span> <span class='ocrx_word' id='word_1_668' title='bbox 1614 4080 1786 4136; x_wconf 88' lang='lat' dir='ltr'><strong>libera</strong></span> <span class='ocrx_word' id='word_1_669' title='bbox 1831 4080 2080 4135; x_wconf 85' lang='lat' dir='ltr'><strong>voluntas</strong></span> <span class='ocrx_word' id='word_1_670' title='bbox 2106 4078 2328 4147; x_wconf 80' lang='lat' dir='ltr'><strong>prannia</strong></span> 
     </span>
    </p>
   </div>
   <div class='ocr_carea' id='block_1_83' title="bbox 1745 4078 3414 4165">
    <p class='ocr_par' dir='ltr' id='par_1_83' title="bbox 1745 4078 3414 4165">
     <span class='ocr_line' id='line_1_83' title="bbox 1745 4078 3414 4165; baseline 0.002 -32"><span class='ocrx_word' id='word_1_671' title='bbox 1745 4096 1786 4133; x_wconf 76' lang='lat' dir='ltr'><strong>&#39;a</strong></span> <span class='ocrx_word' id='word_1_672' title='bbox 1831 4080 2080 4135; x_wconf 85' lang='lat' dir='ltr'><strong>voluntas</strong></span> <span class='ocrx_word' id='word_1_673' title='bbox 2106 4078 2328 4147; x_wconf 76' lang='lat' dir='ltr'><strong>prannia</strong></span> <span class='ocrx_word' id='word_1_674' title='bbox 2437 4111 2521 4147; x_wconf 79' lang='grc' dir='ltr'><strong>σει</strong></span> <span class='ocrx_word' id='word_1_675' title='bbox 2550 4093 2612 4148; x_wconf 80' lang='grc' dir='ltr'><strong>τδ</strong></span> <span class='ocrx_word' id='word_1_676' title='bbox 2646 4091 2984 4165; x_wconf 78' lang='grc' dir='ltr'>κατόρθωμα,</span> <span class='ocrx_word' id='word_1_677' title='bbox 3021 4086 3414 4162; x_wconf 81' lang='grc' dir='ltr'>ταμιευόμεοα..</span> 
     </span>
    </p>
   </div>
   <div class='ocr_carea' id='block_1_84' title="bbox 736 4168 2328 4255">
    <p class='ocr_par' dir='ltr' id='par_1_84' title="bbox 736 4168 2328 4255">
     <span class='ocr_line' id='line_1_84' title="bbox 736 4168 2328 4255; baseline -0.009 -19"><span class='ocrx_word' id='word_1_678' title='bbox 736 4183 927 4255; x_wconf 86' lang='lat' dir='ltr'><strong>judicii</strong></span> <span class='ocrx_word' id='word_1_679' title='bbox 958 4168 1195 4236; x_wconf 78' lang='lat' dir='ltr'><strong>coniicit.</strong></span> <span class='ocrx_word' id='word_1_680' title='bbox 1227 4177 1505 4232; x_wconf 83' lang='lat' dir='ltr'><strong>Electiune</strong></span> <span class='ocrx_word' id='word_1_681' title='bbox 1532 4173 1675 4228; x_wconf 77' lang='lat' dir='ltr'><strong>eliim</strong></span> <span class='ocrx_word' id='word_1_682' title='bbox 1706 4172 1780 4243; x_wconf 72' lang='lat' dir='ltr'><strong>(id</strong></span> <span class='ocrx_word' id='word_1_683' title='bbox 1803 4182 1907 4237; x_wconf 68' lang='grc' dir='ltr'>εει,</span> <span class='ocrx_word' id='word_1_684' title='bbox 1931 4172 2138 4241; x_wconf 78' lang='lat' dir='ltr'><strong>ratione</strong></span> <span class='ocrx_word' id='word_1_685' title='bbox 2160 4182 2213 4225; x_wconf 89' lang='lat' dir='ltr'><strong>et</strong></span> <span class='ocrx_word' id='word_1_686' title='bbox 2237 4185 2328 4223; x_wconf 84' lang='lat' dir='ltr'><strong>vo-</strong></span> 
     </span>
    </p>
   </div>
   <div class='ocr_carea' id='block_1_85' title="bbox 743 4260 2150 4343">
    <p class='ocr_par' dir='ltr' id='par_1_85' title="bbox 743 4260 2150 4343">
     <span class='ocr_line' id='line_1_85' title="bbox 743 4260 2150 4343; baseline -0.011 -13"><span class='ocrx_word' id='word_1_687' title='bbox 743 4271 974 4343; x_wconf 80' lang='lat' dir='ltr'><strong>luntate)</strong></span> <span class='ocrx_word' id='word_1_688' title='bbox 1003 4270 1256 4334; x_wconf 86' lang='lat' dir='ltr'><strong>vivimus,</strong></span> <span class='ocrx_word' id='word_1_689' title='bbox 1294 4264 1547 4322; x_wconf 88' lang='lat' dir='ltr'><strong>electioni</strong></span> <span class='ocrx_word' id='word_1_690' title='bbox 1578 4277 1921 4319; x_wconf 86' lang='lat' dir='ltr'><strong>reservamus</strong></span> <span class='ocrx_word' id='word_1_691' title='bbox 1956 4260 2150 4315; x_wconf 77' lang='lat' dir='ltr'><strong>ol’llcia.</strong></span> 
     </span>
    </p>
   </div>
   <div class='ocr_carea' id='block_1_86' title="bbox 1737 4350 3023 4423">
    <p class='ocr_par' dir='ltr' id='par_1_86' title="bbox 1737 4350 3023 4423">
     <span class='ocr_line' id='line_1_86' title="bbox 1737 4350 3023 4423; baseline 0 -15"><span class='ocrx_word' id='word_1_692' title='bbox 1737 4355 1869 4409; x_wconf 78' lang='lat' dir='ltr'><strong>CAP.</strong></span> <span class='ocrx_word' id='word_1_693' title='bbox 1897 4351 2087 4408; x_wconf 77' lang='lat' dir='ltr'><strong>XXIV.</strong></span> <span class='ocrx_word' id='word_1_694' title='bbox 2123 4350 2427 4407; x_wconf 78' lang='lat' dir='ltr'><strong>Reuelanda</strong></span> <span class='ocrx_word' id='word_1_695' title='bbox 2459 4366 2761 4409; x_wconf 78' lang='lat' dir='ltr'><strong>sanctorum</strong></span> <span class='ocrx_word' id='word_1_696' title='bbox 2790 4362 3023 4423; x_wconf 83' lang='lat' dir='ltr'><strong>peccata.</strong></span> 
     </span>
    </p>
   </div>
   <div class='ocr_carea' id='block_1_87' title="bbox 818 4437 2487 4524">
    <p class='ocr_par' dir='ltr' id='par_1_87' title="bbox 818 4450 2413 4524">
     <span class='ocr_line' id='line_1_87' title="bbox 818 4450 2413 4524; baseline -0.011 -6"><span class='ocrx_word' id='word_1_697' title='bbox 818 4463 1027 4518; x_wconf 86' lang='lat' dir='ltr'><strong>Idcirco</strong></span> <span class='ocrx_word' id='word_1_698' title='bbox 1058 4458 1309 4522; x_wconf 83' lang='lat' dir='ltr'><strong>formido,</strong></span> <span class='ocrx_word' id='word_1_699' title='bbox 1340 4470 1409 4510; x_wconf 90' lang='lat' dir='ltr'><strong>ne</strong></span> <span class='ocrx_word' id='word_1_700' title='bbox 1454 4456 1507 4508; x_wconf 92' lang='lat' dir='ltr'><strong>in</strong></span> <span class='ocrx_word' id='word_1_701' title='bbox 1552 4452 1876 4524; x_wconf 78' lang='lat' dir='ltr'><strong>negligentia</strong></span> <span class='ocrx_word' id='word_1_702' title='bbox 1914 4452 2103 4513; x_wconf 88' lang='lat' dir='ltr'><strong>simus,</strong></span> <span class='ocrx_word' id='word_1_703' title='bbox 2131 4466 2175 4504; x_wconf 73' lang='lat' dir='ltr'><strong>sn</strong></span> <span class='ocrx_word' id='word_1_704' title='bbox 2206 4450 2335 4519; x_wconf 87' lang='lat' dir='ltr'><strong>quid</strong></span> <span class='ocrx_word' id='word_1_705' title='bbox 2370 4459 2413 4515; x_wconf 75' lang='grc' dir='ltr'>ι)</span> 
     </span>
    </p>
   </div>
   <div class='ocr_carea' id='block_1_88' title="bbox 2379 4437 4048 4524">
    <p class='ocr_par' dir='ltr' id='par_1_88' title="bbox 2379 4437 4048 4520">
     <span class='ocr_line' id='line_1_88' title="bbox 2379 4437 4048 4520; baseline -0.01 -13"><span class='ocrx_word' id='word_1_706' title='bbox 2379 4459 2413 4514; x_wconf 87' lang='lat' dir='ltr'>D</span> <span class='ocrx_word' id='word_1_707' title='bbox 2513 4453 2604 4506; x_wconf 78' lang='grc' dir='ltr'><strong>Διὸ</strong></span> <span class='ocrx_word' id='word_1_708' title='bbox 2639 4450 2842 4513; x_wconf 54' lang='grc' dir='ltr'>δειλιίῖκ</span> <span class='ocrx_word' id='word_1_709' title='bbox 2899 4449 2974 4520; x_wconf 85' lang='grc' dir='ltr'>μὴ</span> <span class='ocrx_word' id='word_1_710' title='bbox 3018 4445 3358 4519; x_wconf 75' lang='grc' dir='ltr'>αἱρεθῶμεν·</span> <span class='ocrx_word' id='word_1_711' title='bbox 3409 4443 3602 4515; x_wconf 89' lang='grc' dir='ltr'>ἀμέλει</span> <span class='ocrx_word' id='word_1_712' title='bbox 3634 4444 3722 4498; x_wconf 85' lang='grc' dir='ltr'><strong>ἀεί</strong></span> <span class='ocrx_word' id='word_1_713' title='bbox 3755 4459 3809 4494; x_wconf 84' lang='grc' dir='ltr'><strong>τι</strong></span> <span class='ocrx_word' id='word_1_714' title='bbox 3845 4437 4048 4493; x_wconf 78' lang='grc' dir='ltr'>πονοῦ-</span> 
     </span>
    </p>
   </div>
   <div class='ocr_carea' id='block_1_89' title="bbox 747 4528 2416 4618">
    <p class='ocr_par' dir='ltr' id='par_1_89' title="bbox 747 4541 2333 4618">
     <span class='ocr_line' id='line_1_89' title="bbox 747 4541 2333 4618; baseline -0.011 -6"><span class='ocrx_word' id='word_1_715' title='bbox 747 4557 1082 4618; x_wconf 84' lang='lat' dir='ltr'><strong>lahoramus,</strong></span> <span class='ocrx_word' id='word_1_716' title='bbox 1110 4560 1170 4604; x_wconf 90' lang='lat' dir='ltr'><strong>nt</strong></span> <span class='ocrx_word' id='word_1_717' title='bbox 1200 4564 1321 4604; x_wconf 76' lang='lat' dir='ltr'><strong>Clit“</strong></span> <span class='ocrx_word' id='word_1_718' title='bbox 1355 4562 1460 4601; x_wconf 87' lang='lat' dir='ltr'><strong>non</strong></span> <span class='ocrx_word' id='word_1_719' title='bbox 1495 4547 1744 4599; x_wconf 88' lang='lat' dir='ltr'><strong>videmur</strong></span> <span class='ocrx_word' id='word_1_720' title='bbox 1774 4544 1967 4597; x_wconf 79' lang='lat' dir='ltr'><strong>immiti</strong></span> <span class='ocrx_word' id='word_1_721' title='bbox 2006 4558 2148 4609; x_wconf 89' lang='lat' dir='ltr'><strong>esse,</strong></span> <span class='ocrx_word' id='word_1_722' title='bbox 2177 4541 2333 4595; x_wconf 81' lang='lat' dir='ltr'><strong>dere-</strong></span> 
     </span>
    </p>
   </div>
   <div class='ocr_carea' id='block_1_90' title="bbox 2382 4528 4051 4618">
    <p class='ocr_par' dir='ltr' id='par_1_90' title="bbox 2443 4528 4051 4617">
     <span class='ocr_line' id='line_1_90' title="bbox 2443 4528 4051 4617; baseline -0.009 -20"><span class='ocrx_word' id='word_1_723' title='bbox 2443 4562 2563 4617; x_wconf 90' lang='grc' dir='ltr'>μεν,</span> <span class='ocrx_word' id='word_1_724' title='bbox 2591 4545 2677 4598; x_wconf 81' lang='grc' dir='ltr'><strong>ἵνα</strong></span> <span class='ocrx_word' id='word_1_725' title='bbox 2705 4542 2781 4615; x_wconf 84' lang='grc' dir='ltr'>μὴ</span> <span class='ocrx_word' id='word_1_726' title='bbox 2807 4528 3089 4603; x_wconf 71' lang='grc' dir='ltr'>δοκοῦντες</span> <span class='ocrx_word' id='word_1_727' title='bbox 3119 4536 3477 4609; x_wconf 75' lang='grc' dir='ltr'>ὴσιραλίσθαι.</span> <span class='ocrx_word' id='word_1_728' title='bbox 3507 4536 3792 4605; x_wconf 75' lang='grc' dir='ltr'>αἰφνιδίως</span> <span class='ocrx_word' id='word_1_729' title='bbox 3814 4532 3884 4585; x_wconf 79' lang='grc' dir='ltr'>δι’</span> <span class='ocrx_word' id='word_1_730' title='bbox 3908 4532 4051 4601; x_wconf 76' lang='grc' dir='ltr'>ἀμέ-</span> 
     </span>
    </p>
   </div>
   <div class='ocr_carea' id='block_1_91' title="bbox 751 4625 2420 4719">
    <p class='ocr_par' dir='ltr' id='par_1_91' title="bbox 751 4635 2334 4719">
     <span class='ocr_line' id='line_1_91' title="bbox 751 4635 2334 4719; baseline -0.013 -14"><span class='ocrx_word' id='word_1_731' title='bbox 751 4661 913 4719; x_wconf 81' lang='lat' dir='ltr'><strong>pente</strong></span> <span class='ocrx_word' id='word_1_732' title='bbox 962 4658 1183 4716; x_wconf 88' lang='lat' dir='ltr'><strong>propter</strong></span> <span class='ocrx_word' id='word_1_733' title='bbox 1229 4640 1608 4711; x_wconf 77' lang='lat' dir='ltr'><strong>negligentiam</strong></span> <span class='ocrx_word' id='word_1_734' title='bbox 1639 4638 1692 4692; x_wconf 87' lang='lat' dir='ltr'><strong>in</strong></span> <span class='ocrx_word' id='word_1_735' title='bbox 1730 4636 2004 4691; x_wconf 89' lang='lat' dir='ltr'><strong>interitmu</strong></span> <span class='ocrx_word' id='word_1_736' title='bbox 2053 4635 2334 4695; x_wconf 83' lang='lat' dir='ltr'><strong>cadanms.</strong></span> 
     </span>
    </p>
   </div>
   <div class='ocr_carea' id='block_1_92' title="bbox 2366 4625 4035 4719">
    <p class='ocr_par' dir='ltr' id='par_1_92' title="bbox 2441 4625 4035 4706">
     <span class='ocr_line' id='line_1_92' title="bbox 2441 4625 4035 4706; baseline -0.01 -15"><span class='ocrx_word' id='word_1_737' title='bbox 2441 4638 2591 4692; x_wconf 84' lang='grc' dir='ltr'>λειαν</span> <span class='ocrx_word' id='word_1_738' title='bbox 2644 4640 2724 4701; x_wconf 82' lang='grc' dir='ltr'><strong>είς</strong></span> <span class='ocrx_word' id='word_1_739' title='bbox 2774 4634 2997 4706; x_wconf 74' lang='grc' dir='ltr'>ὄλεθρον</span> <span class='ocrx_word' id='word_1_740' title='bbox 3029 4633 3307 4703; x_wconf 82' lang='grc' dir='ltr'>πέσωμεν.</span> <span class='ocrx_word' id='word_1_741' title='bbox 3349 4631 3427 4682; x_wconf 85' lang='grc' dir='ltr'><strong>Δι’</strong></span> <span class='ocrx_word' id='word_1_742' title='bbox 3465 4630 3614 4699; x_wconf 76' lang='grc' dir='ltr'>ἡμᾶς</span> <span class='ocrx_word' id='word_1_743' title='bbox 3647 4627 3822 4695; x_wconf 80' lang='grc' dir='ltr'>λέγει,</span> <span class='ocrx_word' id='word_1_744' title='bbox 3869 4625 4035 4677; x_wconf 70' lang='grc' dir='ltr'>’Υποι</span> 
     </span>
    </p>
   </div>
   <div class='ocr_carea' id='block_1_93' title="bbox 749 4714 2418 4812">
    <p class='ocr_par' dir='ltr' id='par_1_93' title="bbox 749 4722 2341 4812">
     <span class='ocr_line' id='line_1_93' title="bbox 749 4722 2341 4812; baseline -0.012 -14"><span class='ocrx_word' id='word_1_745' title='bbox 749 4746 980 4812; x_wconf 87' lang='lat' dir='ltr'><strong>Propter</strong></span> <span class='ocrx_word' id='word_1_746' title='bbox 1014 4755 1112 4795; x_wconf 89' lang='lat' dir='ltr'><strong>nos</strong></span> <span class='ocrx_word' id='word_1_747' title='bbox 1145 4738 1275 4791; x_wconf 88' lang='lat' dir='ltr'><strong>dicit</strong></span> <span class='ocrx_word' id='word_1_748' title='bbox 1300 4754 1314 4789; x_wconf 87' lang='lat'><strong>:</strong></span> <span class='ocrx_word' id='word_1_749' title='bbox 1342 4734 1557 4801; x_wconf 85' lang='lat' dir='ltr'><strong>Castigo</strong></span> <span class='ocrx_word' id='word_1_750' title='bbox 1594 4747 1783 4799; x_wconf 81' lang='lat' dir='ltr'><strong>corpus</strong></span> <span class='ocrx_word' id='word_1_751' title='bbox 1824 4745 1993 4782; x_wconf 80' lang='lat' dir='ltr'><strong>meum</strong></span> <span class='ocrx_word' id='word_1_752' title='bbox 2019 4739 2064 4781; x_wconf 83' lang='lat' dir='ltr'><strong>et</strong></span> <span class='ocrx_word' id='word_1_753' title='bbox 2091 4728 2143 4780; x_wconf 90' lang='lat' dir='ltr'><strong>in</strong></span> <span class='ocrx_word' id='word_1_754' title='bbox 2178 4722 2341 4780; x_wconf 81' lang='lat' dir='ltr'><strong>servi-</strong></span> 
     </span>
    </p>
   </div>
   <div class='ocr_carea' id='block_1_94' title="bbox 2372 4714 4041 4812">
    <p class='ocr_par' dir='ltr' id='par_1_94' title="bbox 2445 4714 4041 4800">
     <span class='ocr_line' id='line_1_94' title="bbox 2445 4714 4041 4800; baseline -0.013 -13"><span class='ocrx_word' id='word_1_755' title='bbox 2445 4733 2626 4793; x_wconf 72' lang='grc' dir='ltr'>πιάζὶυ</span> <span class='ocrx_word' id='word_1_756' title='bbox 2652 4748 2772 4800; x_wconf 81' lang='grc' dir='ltr'><strong>μου</strong></span> <span class='ocrx_word' id='word_1_757' title='bbox 2806 4728 2872 4783; x_wconf 83' lang='grc' dir='ltr'>τὸ</span> <span class='ocrx_word' id='word_1_758' title='bbox 2904 4728 3079 4797; x_wconf 84' lang='grc' dir='ltr'>σῶμα</span> <span class='ocrx_word' id='word_1_759' title='bbox 3118 4724 3217 4779; x_wconf 77' lang='grc' dir='ltr'>καὶ</span> <span class='ocrx_word' id='word_1_760' title='bbox 3257 4717 3651 4789; x_wconf 73' lang='grc' dir='ltr'>δουλαγωγῶ,</span> <span class='ocrx_word' id='word_1_761' title='bbox 3676 4716 3917 4786; x_wconf 74' lang='grc' dir='ltr'>μήποτε</span> <span class='ocrx_word' id='word_1_762' title='bbox 3944 4714 4041 4768; x_wconf 71' lang='grc' dir='ltr'><strong>ἆλ-</strong></span> 
     </span>
    </p>
   </div>
   <div class='ocr_carea' id='block_1_95' title="bbox 754 4805 2423 4901">
    <p class='ocr_par' dir='ltr' id='par_1_95' title="bbox 754 4820 2338 4901">
     <span class='ocr_line' id='line_1_95' title="bbox 754 4820 2338 4901; baseline -0.012 -11"><span class='ocrx_word' id='word_1_763' title='bbox 754 4850 915 4890; x_wconf 78' lang='lat' dir='ltr'><strong>lnlcm</strong></span> <span class='ocrx_word' id='word_1_764' title='bbox 947 4834 1144 4901; x_wconf 75' lang='lat' dir='ltr'><strong>redigo.</strong></span> <span class='ocrx_word' id='word_1_765' title='bbox 1178 4845 1240 4883; x_wconf 88' lang='lat' dir='ltr'><strong>nc</strong></span> <span class='ocrx_word' id='word_1_766' title='bbox 1271 4844 1389 4881; x_wconf 86' lang='lat' dir='ltr'><strong>cum</strong></span> <span class='ocrx_word' id='word_1_767' title='bbox 1424 4827 1544 4878; x_wconf 76' lang='lat' dir='ltr'><strong>aliis</strong></span> <span class='ocrx_word' id='word_1_768' title='bbox 1568 4821 1988 4893; x_wconf 72' lang='lat' dir='ltr'><strong>pra&#39;dicaveriin,</strong></span> <span class='ocrx_word' id='word_1_769' title='bbox 2026 4820 2135 4887; x_wconf 76' lang='lat' dir='ltr'><strong>ipse</strong></span> <span class='ocrx_word' id='word_1_770' title='bbox 2159 4834 2338 4887; x_wconf 83' lang='lat' dir='ltr'><strong>repro-</strong></span> 
     </span>
    </p>
   </div>
   <div class='ocr_carea' id='block_1_96' title="bbox 2384 4805 4053 4901">
    <p class='ocr_par' dir='ltr' id='par_1_96' title="bbox 2446 4805 4053 4890">
     <span class='ocr_line' id='line_1_96' title="bbox 2446 4805 4053 4890; baseline -0.014 -12"><span class='ocrx_word' id='word_1_771' title='bbox 2446 4829 2580 4889; x_wconf 74' lang='grc' dir='ltr'>,λοις</span> <span class='ocrx_word' id='word_1_772' title='bbox 2608 4822 2898 4890; x_wconf 80' lang='grc' dir='ltr'>κηρύξας,</span> <span class='ocrx_word' id='word_1_773' title='bbox 2938 4818 3122 4884; x_wconf 74' lang='grc' dir='ltr'>αὐτὸς</span> <span class='ocrx_word' id='word_1_774' title='bbox 3167 4814 3454 4883; x_wconf 79' lang='grc' dir='ltr'>ἀδόκιμος</span> <span class='ocrx_word' id='word_1_775' title='bbox 3481 4810 3765 4881; x_wconf 71' lang='grc' dir='ltr'>γένωμαι·</span> <span class='ocrx_word' id='word_1_776' title='bbox 3799 4807 3892 4858; x_wconf 78' lang='grc' dir='ltr'><strong>τὸν</strong></span> <span class='ocrx_word' id='word_1_777' title='bbox 3922 4805 4053 4874; x_wconf 74' lang='grc' dir='ltr'>περὶ</span> 
     </span>
    </p>
   </div>
   <div class='ocr_carea' id='block_1_97' title="bbox 754 4899 2423 4997">
    <p class='ocr_par' dir='ltr' id='par_1_97' title="bbox 754 4916 2343 4997">
     <span class='ocr_line' id='line_1_97' title="bbox 754 4916 2343 4997; baseline -0.009 -15"><span class='ocrx_word' id='word_1_778' title='bbox 754 4936 848 4981; x_wconf 80' lang='lat' dir='ltr'><strong>bus</strong></span> <span class='ocrx_word' id='word_1_779' title='bbox 888 4924 1165 4997; x_wconf 71' lang='lat' dir='ltr'><strong>efﬁciat&quot;.</strong></span> <span class='ocrx_word' id='word_1_780' title='bbox 1204 4922 1490 4975; x_wconf 71' lang='lat' dir='ltr'><strong>[lationem</strong></span> <span class='ocrx_word' id='word_1_781' title='bbox 1518 4920 1581 4971; x_wconf 92' lang='lat' dir='ltr'><strong>de</strong></span> <span class='ocrx_word' id='word_1_782' title='bbox 1611 4916 1840 4982; x_wconf 89' lang='lat' dir='ltr'><strong>reprobo</strong></span> <span class='ocrx_word' id='word_1_783' title='bbox 1875 4926 2082 4976; x_wconf 89' lang='lat' dir='ltr'><strong>metuo;</strong></span> <span class='ocrx_word' id='word_1_784' title='bbox 2109 4927 2343 4981; x_wconf 79' lang='lat' dir='ltr'><strong>agnosco</strong></span> 
     </span>
    </p>
   </div>
   <div class='ocr_carea' id='block_1_98' title="bbox 2383 4899 4052 4997">
    <p class='ocr_par' dir='ltr' id='par_1_98' title="bbox 2452 4899 4052 4997">
     <span class='ocr_line' id='line_1_98' title="bbox 2452 4899 4052 4997; baseline -0.014 -27"><span class='ocrx_word' id='word_1_785' title='bbox 2452 4916 2713 4986; x_wconf 72' lang='grc' dir='ltr'>ἀδοκίμου</span> <span class='ocrx_word' id='word_1_786' title='bbox 2761 4912 3035 4984; x_wconf 69' lang='grc' dir='ltr'>φοϐοῦμαι</span> <span class='ocrx_word' id='word_1_787' title='bbox 3080 4909 3261 4979; x_wconf 82' lang='grc' dir='ltr'>λόγον,</span> <span class='ocrx_word' id='word_1_788' title='bbox 3295 4907 3355 4961; x_wconf 73' lang='grc' dir='ltr'>τὸ</span> <span class='ocrx_word' id='word_1_789' title='bbox 3397 4901 3683 4973; x_wconf 71' lang='grc' dir='ltr'>ὀλισθηρὸν</span> <span class='ocrx_word' id='word_1_790' title='bbox 3850 4914 4052 4997; x_wconf 50' lang='grc' dir='ltr'>προαξ-</span> 
     </span>
    </p>
   </div>
   <div class='ocr_carea' id='block_1_99' title="bbox 758 4984 2427 5091">
    <p class='ocr_par' dir='ltr' id='par_1_99' title="bbox 758 5006 2345 5091">
     <span class='ocr_line' id='line_1_99' title="bbox 758 5006 2345 5091; baseline -0.011 -17"><span class='ocrx_word' id='word_1_791' title='bbox 758 5022 900 5091; x_wconf 84' lang='lat' dir='ltr'><strong>quod</strong></span> <span class='ocrx_word' id='word_1_792' title='bbox 938 5030 1022 5074; x_wconf 91' lang='lat' dir='ltr'><strong>est</strong></span> <span class='ocrx_word' id='word_1_793' title='bbox 1055 5019 1106 5071; x_wconf 88' lang='lat' dir='ltr'><strong>in</strong></span> <span class='ocrx_word' id='word_1_794' title='bbox 1131 5014 1400 5070; x_wconf 85' lang='lat' dir='ltr'><strong>electione</strong></span> <span class='ocrx_word' id='word_1_795' title='bbox 1428 5010 1693 5063; x_wconf 89' lang='lat' dir='ltr'><strong>lubricum</strong></span> <span class='ocrx_word' id='word_1_796' title='bbox 1724 5019 1776 5064; x_wconf 90' lang='lat' dir='ltr'><strong>et</strong></span> <span class='ocrx_word' id='word_1_797' title='bbox 1804 5021 2081 5077; x_wconf 75' lang='lat' dir='ltr'><strong>przrceps;</strong></span> <span class='ocrx_word' id='word_1_798' title='bbox 2118 5006 2345 5074; x_wconf 81' lang='lat' dir='ltr'><strong>diligen-</strong></span> 
     </span>
    </p>
   </div>
   <div class='ocr_carea' id='block_1_100' title="bbox 2382 4984 4051 5091">
    <p class='ocr_par' dir='ltr' id='par_1_100' title="bbox 2456 4984 4051 5077">
     <span class='ocr_line' id='line_1_100' title="bbox 2456 4984 4051 5077; baseline -0.014 -18"><span class='ocrx_word' id='word_1_799' title='bbox 2456 5007 2658 5077; x_wconf 85' lang='grc' dir='ltr'>ρέσεως</span> <span class='ocrx_word' id='word_1_800' title='bbox 2687 5003 2969 5073; x_wconf 83' lang='grc' dir='ltr'>γινώσκων</span> <span class='ocrx_word' id='word_1_801' title='bbox 2991 5017 3004 5032; x_wconf 85' lang='grc'><strong>·</strong></span> <span class='ocrx_word' id='word_1_802' title='bbox 3050 4995 3421 5069; x_wconf 81' lang='grc' dir='ltr'>ἀσφαλίζομαι</span> <span class='ocrx_word' id='word_1_803' title='bbox 3454 4995 3519 5063; x_wconf 78' lang='grc' dir='ltr'>τῇ</span> <span class='ocrx_word' id='word_1_804' title='bbox 3548 4988 3837 5061; x_wconf 70' lang='grc' dir='ltr'>ἐπιμελείᾳ</span> <span class='ocrx_word' id='word_1_805' title='bbox 3858 4987 3929 5039; x_wconf 73' lang='grc' dir='ltr'><strong>τὸ</strong></span> <span class='ocrx_word' id='word_1_806' title='bbox 3964 4984 4051 5039; x_wconf 80' lang='grc' dir='ltr'>εὖ-</span> 
     </span>
    </p>
   </div>
   <div class='ocr_carea' id='block_1_101' title="bbox 759 5077 2428 5173">
    <p class='ocr_par' dir='ltr' id='par_1_101' title="bbox 759 5095 2343 5173">
     <span class='ocr_line' id='line_1_101' title="bbox 759 5095 2343 5173; baseline -0.011 -6"><span class='ocrx_word' id='word_1_807' title='bbox 759 5116 829 5167; x_wconf 72' lang='grc' dir='ltr'>ιτςι</span> <span class='ocrx_word' id='word_1_808' title='bbox 856 5120 908 5165; x_wconf 90' lang='lat' dir='ltr'><strong>et</strong></span> <span class='ocrx_word' id='word_1_809' title='bbox 932 5107 1278 5164; x_wconf 85' lang='lat' dir='ltr'><strong>accuratioue</strong></span> <span class='ocrx_word' id='word_1_810' title='bbox 1302 5104 1699 5173; x_wconf 80' lang='lat' dir='ltr'><strong>proclivitatem</strong></span> <span class='ocrx_word' id='word_1_811' title='bbox 1725 5100 2055 5172; x_wconf 71' lang='lat' dir='ltr'><strong>[H‘tBllltllll0;</strong></span> <span class='ocrx_word' id='word_1_812' title='bbox 2088 5097 2237 5166; x_wconf 83' lang='lat' dir='ltr'><strong>sepio</strong></span> <span class='ocrx_word' id='word_1_813' title='bbox 2263 5095 2343 5149; x_wconf 46' lang='lat' dir='ltr'><strong>fa.</strong></span> 
     </span>
    </p>
   </div>
   <div class='ocr_carea' id='block_1_102' title="bbox 2386 5077 4055 5173">
    <p class='ocr_par' dir='ltr' id='par_1_102' title="bbox 2455 5077 4055 5167">
     <span class='ocr_line' id='line_1_102' title="bbox 2455 5077 4055 5167; baseline -0.015 -15"><span class='ocrx_word' id='word_1_814' title='bbox 2455 5098 2611 5152; x_wconf 86' lang='grc' dir='ltr'>κολον</span> <span class='ocrx_word' id='word_1_815' title='bbox 2630 5113 2645 5130; x_wconf 74' lang='grc' dir='ltr'><strong>ο</strong></span> <span class='ocrx_word' id='word_1_816' title='bbox 2673 5095 2895 5167; x_wconf 74' lang='grc' dir='ltr'>τειχίζω</span> <span class='ocrx_word' id='word_1_817' title='bbox 2921 5093 2980 5147; x_wconf 85' lang='grc' dir='ltr'><strong>τὸ</strong></span> <span class='ocrx_word' id='word_1_818' title='bbox 3000 5092 3101 5163; x_wconf 78' lang='grc' dir='ltr'>τῆς</span> <span class='ocrx_word' id='word_1_819' title='bbox 3130 5088 3504 5161; x_wconf 82' lang='grc' dir='ltr'>προαιρέσεως</span> <span class='ocrx_word' id='word_1_820' title='bbox 3533 5082 3772 5152; x_wconf 79' lang='grc' dir='ltr'>εὐμαρὲς</span> <span class='ocrx_word' id='word_1_821' title='bbox 3800 5077 3879 5149; x_wconf 81' lang='grc' dir='ltr'><strong>τῷ</strong></span> <span class='ocrx_word' id='word_1_822' title='bbox 3910 5080 4055 5146; x_wconf 73' lang='grc' dir='ltr'>πόνῳ</span> 
     </span>
    </p>
   </div>
   <div class='ocr_carea' id='block_1_103' title="bbox 758 5169 2427 5262">
    <p class='ocr_par' dir='ltr' id='par_1_103' title="bbox 758 5169 2348 5262">
     <span class='ocr_line' id='line_1_103' title="bbox 758 5169 2348 5262; baseline -0.014 -1"><span class='ocrx_word' id='word_1_823' title='bbox 758 5207 1019 5262; x_wconf 86' lang='lat' dir='ltr'><strong>cilitatem</strong></span> <span class='ocrx_word' id='word_1_824' title='bbox 1070 5202 1252 5253; x_wconf 64' lang='lat' dir='ltr'><strong>liberie</strong></span> <span class='ocrx_word' id='word_1_825' title='bbox 1292 5195 1584 5251; x_wconf 89' lang='lat' dir='ltr'><strong>voluntatis</strong></span> <span class='ocrx_word' id='word_1_826' title='bbox 1618 5169 1804 5247; x_wconf 85' lang='lat' dir='ltr'><strong>labore</strong></span> <span class='ocrx_word' id='word_1_827' title='bbox 1833 5190 2219 5246; x_wconf 82' lang='lat' dir='ltr'><strong>meditationis.</strong></span> <span class='ocrx_word' id='word_1_828' title='bbox 2252 5187 2348 5240; x_wconf 88' lang='lat' dir='ltr'><strong>At-</strong></span> 
     </span>
    </p>
   </div>
   <div class='ocr_carea' id='block_1_104' title="bbox 2382 5169 4051 5262">
    <p class='ocr_par' dir='ltr' id='par_1_104' title="bbox 2456 5169 4051 5259">
     <span class='ocr_line' id='line_1_104' title="bbox 2456 5169 4051 5259; baseline -0.014 -16"><span class='ocrx_word' id='word_1_829' title='bbox 2456 5190 2556 5259; x_wconf 78' lang='grc' dir='ltr'>τῆς</span> <span class='ocrx_word' id='word_1_830' title='bbox 2594 5188 2858 5259; x_wconf 77' lang='grc' dir='ltr'>μελέτης.</span> <span class='ocrx_word' id='word_1_831' title='bbox 2910 5186 3018 5238; x_wconf 78' lang='grc' dir='ltr'>Καὶ</span> <span class='ocrx_word' id='word_1_832' title='bbox 3048 5180 3222 5236; x_wconf 74' lang='grc' dir='ltr'>ταῦτα</span> <span class='ocrx_word' id='word_1_833' title='bbox 3256 5181 3353 5249; x_wconf 86' lang='grc' dir='ltr'><strong>μὲν</strong></span> <span class='ocrx_word' id='word_1_834' title='bbox 3400 5179 3427 5231; x_wconf 89' lang='lat'><strong>6</strong></span> <span class='ocrx_word' id='word_1_835' title='bbox 3468 5174 3696 5245; x_wconf 82' lang='grc' dir='ltr'>Πέτρος,</span> <span class='ocrx_word' id='word_1_836' title='bbox 3745 5171 3841 5225; x_wconf 73' lang='grc' dir='ltr'><strong>καὶ</strong></span> <span class='ocrx_word' id='word_1_837' title='bbox 3875 5169 4051 5230; x_wconf 74' lang='grc' dir='ltr'>λαλεῖ,</span> 
     </span>
    </p>
   </div>
   <div class='ocr_carea' id='block_1_105' title="bbox 759 5262 2428 5368">
    <p class='ocr_par' dir='ltr' id='par_1_105' title="bbox 759 5282 2345 5368">
     <span class='ocr_line' id='line_1_105' title="bbox 759 5282 2345 5368; baseline -0.013 -15"><span class='ocrx_word' id='word_1_838' title='bbox 759 5315 866 5368; x_wconf 88' lang='lat' dir='ltr'><strong>que</strong></span> <span class='ocrx_word' id='word_1_839' title='bbox 908 5299 1022 5350; x_wconf 76' lang='lat' dir='ltr'><strong>lucc</strong></span> <span class='ocrx_word' id='word_1_840' title='bbox 1069 5293 1286 5361; x_wconf 87' lang='lat' dir='ltr'><strong>quidem</strong></span> <span class='ocrx_word' id='word_1_841' title='bbox 1334 5289 1527 5343; x_wconf 88' lang='lat' dir='ltr'><strong>Petrus</strong></span> <span class='ocrx_word' id='word_1_842' title='bbox 1574 5297 1628 5343; x_wconf 93' lang='lat' dir='ltr'><strong>et</strong></span> <span class='ocrx_word' id='word_1_843' title='bbox 1664 5286 1921 5357; x_wconf 67' lang='lat' dir='ltr'><strong>loquitur,</strong></span> <span class='ocrx_word' id='word_1_844' title='bbox 1968 5295 2020 5339; x_wconf 88' lang='lat' dir='ltr'><strong>et</strong></span> <span class='ocrx_word' id='word_1_845' title='bbox 2053 5282 2265 5344; x_wconf 87' lang='lat' dir='ltr'><strong>scribit,</strong></span> <span class='ocrx_word' id='word_1_846' title='bbox 2294 5291 2345 5334; x_wconf 86' lang='lat' dir='ltr'><strong>et</strong></span> 
     </span>
    </p>
   </div>
   <div class='ocr_carea' id='block_1_106' title="bbox 2393 5262 4062 5368">
    <p class='ocr_par' dir='ltr' id='par_1_106' title="bbox 2459 5262 4062 5352">
     <span class='ocr_line' id='line_1_106' title="bbox 2459 5262 4062 5352; baseline -0.016 -15"><span class='ocrx_word' id='word_1_847' title='bbox 2459 5286 2553 5337; x_wconf 74' lang='grc' dir='ltr'><strong>καὶ</strong></span> <span class='ocrx_word' id='word_1_848' title='bbox 2600 5282 2822 5352; x_wconf 81' lang='grc' dir='ltr'>γράφει,</span> <span class='ocrx_word' id='word_1_849' title='bbox 2869 5278 2962 5331; x_wconf 71' lang='grc' dir='ltr'><strong>καὶ</strong></span> <span class='ocrx_word' id='word_1_850' title='bbox 2992 5274 3205 5347; x_wconf 83' lang='grc' dir='ltr'>χαίρει·</span> <span class='ocrx_word' id='word_1_851' title='bbox 3257 5273 3345 5325; x_wconf 85' lang='grc' dir='ltr'>ἵνα</span> <span class='ocrx_word' id='word_1_852' title='bbox 3379 5270 3471 5323; x_wconf 76' lang='grc' dir='ltr'><strong>καὶ</strong></span> <span class='ocrx_word' id='word_1_853' title='bbox 3503 5267 3571 5319; x_wconf 86' lang='grc' dir='ltr'><strong>τά</strong></span> <span class='ocrx_word' id='word_1_854' title='bbox 3602 5264 3929 5332; x_wconf 82' lang='grc' dir='ltr'>πταίσματα</span> <span class='ocrx_word' id='word_1_855' title='bbox 3960 5262 4062 5314; x_wconf 72' lang='grc' dir='ltr'>αυ-</span> 
     </span>
    </p>
   </div>
   <div class='ocr_carea' id='block_1_107' title="bbox 769 5354 2438 5463">
    <p class='ocr_par' dir='ltr' id='par_1_107' title="bbox 769 5377 2352 5463">
     <span class='ocr_line' id='line_1_107' title="bbox 769 5377 2352 5463; baseline -0.011 -19"><span class='ocrx_word' id='word_1_856' title='bbox 769 5392 962 5463; x_wconf 66' lang='lat' dir='ltr'><strong>gaudet</strong></span> <span class='ocrx_word' id='word_1_857' title='bbox 991 5388 1133 5456; x_wconf 83' lang='lat' dir='ltr'><strong>quod</strong></span> <span class='ocrx_word' id='word_1_858' title='bbox 1159 5395 1213 5439; x_wconf 80' lang='lat' dir='ltr'><strong>et</strong></span> <span class='ocrx_word' id='word_1_859' title='bbox 1240 5392 1455 5452; x_wconf 81' lang='lat' dir='ltr'><strong>peccata</strong></span> <span class='ocrx_word' id='word_1_860' title='bbox 1488 5383 1658 5453; x_wconf 86' lang='lat' dir='ltr'><strong>ipsius</strong></span> <span class='ocrx_word' id='word_1_861' title='bbox 1688 5392 1742 5434; x_wconf 89' lang='lat' dir='ltr'><strong>ct</strong></span> <span class='ocrx_word' id='word_1_862' title='bbox 1773 5382 2000 5433; x_wconf 87' lang='lat' dir='ltr'><strong>virtutes</strong></span> <span class='ocrx_word' id='word_1_863' title='bbox 2032 5380 2143 5433; x_wconf 87' lang='lat' dir='ltr'><strong>sint</strong></span> <span class='ocrx_word' id='word_1_864' title='bbox 2170 5377 2352 5443; x_wconf 76' lang='lat' dir='ltr'><strong>expla-</strong></span> 
     </span>
    </p>
   </div>
   <div class='ocr_carea' id='block_1_108' title="bbox 2385 5354 4054 5463">
    <p class='ocr_par' dir='ltr' id='par_1_108' title="bbox 2460 5354 4054 5463">
     <span class='ocr_line' id='line_1_108' title="bbox 2460 5354 4054 5439; baseline -0.006 -12"><span class='ocrx_word' id='word_1_865' title='bbox 2460 5379 2577 5438; x_wconf 82' lang='grc' dir='ltr'>τοῦ,</span> <span class='ocrx_word' id='word_1_866' title='bbox 2612 5374 2706 5426; x_wconf 77' lang='grc' dir='ltr'><strong>καὶ</strong></span> <span class='ocrx_word' id='word_1_867' title='bbox 2735 5372 2805 5425; x_wconf 75' lang='grc' dir='ltr'><strong>τὰ</strong></span> <span class='ocrx_word' id='word_1_868' title='bbox 2862 5366 3269 5439; x_wconf 73' lang='grc' dir='ltr'>κατορθώματα</span> <span class='ocrx_word' id='word_1_869' title='bbox 3306 5360 3471 5416; x_wconf 78' lang='grc' dir='ltr'>αὑτοῦ</span> <span class='ocrx_word' id='word_1_870' title='bbox 3505 5358 3795 5427; x_wconf 79' lang='grc' dir='ltr'>εἰσήγησις</span> <span class='ocrx_word' id='word_1_871' title='bbox 3827 5354 3943 5406; x_wconf 75' lang='grc' dir='ltr'>τῶν</span> <span class='ocrx_word' id='word_1_872' title='bbox 3976 5354 4054 5405; x_wconf 71' lang='grc' dir='ltr'><strong>δ’δ’</strong></span> 
     </span>
     <span class='ocr_line' id='line_1_109' title="bbox 3020 5446 4027 5463; baseline 0 0"><span class='ocrx_word' id='word_1_873' title='bbox 3020 5462 3023 5463; x_wconf 65' lang='lat'>,</span> <span class='ocrx_word' id='word_1_874' title='bbox 3078 5460 3085 5463; x_wconf 95' lang='lat'>_</span> <span class='ocrx_word' id='word_1_875' title='bbox 3211 5456 3235 5463; x_wconf 88' lang='lat'><strong><em>_</em></strong></span> <span class='ocrx_word' id='word_1_876' title='bbox 3389 5454 3399 5463; x_wconf 83' lang='lat'><strong>.</strong></span> <span class='ocrx_word' id='word_1_877' title='bbox 3472 5452 3481 5463; x_wconf 93' lang='lat'><strong>.</strong></span> <span class='ocrx_word' id='word_1_878' title='bbox 3579 5447 3601 5459; x_wconf 61' lang='grc' dir='ltr'>ς</span> <span class='ocrx_word' id='word_1_879' title='bbox 3684 5447 3696 5463; x_wconf 66' lang='grc' dir='ltr'><strong>ρ</strong></span> <span class='ocrx_word' id='word_1_880' title='bbox 3756 5446 3766 5459; x_wconf 85' lang='grc'>.</span> <span class='ocrx_word' id='word_1_881' title='bbox 3887 5446 3901 5463; x_wconf 71' lang='grc' dir='ltr'><strong>ε</strong></span> <span class='ocrx_word' id='word_1_882' title='bbox 3974 5460 4027 5463; x_wconf 63' lang='lat'><strong>__</strong></span> 
     </span>
    </p>
   </div>
   <div class='ocr_carea' id='block_1_109' title="bbox 772 5446 2441 5551">
    <p class='ocr_par' dir='ltr' id='par_1_109' title="bbox 772 5475 2357 5551">
     <span class='ocr_line' id='line_1_110' title="bbox 772 5475 2357 5551; baseline -0.011 -15"><span class='ocrx_word' id='word_1_883' title='bbox 772 5484 913 5538; x_wconf 87' lang='lat' dir='ltr'><strong>natio</strong></span> <span class='ocrx_word' id='word_1_884' title='bbox 941 5483 1275 5551; x_wconf 82' lang='lat' dir='ltr'><strong>dogmatum.</strong></span> <span class='ocrx_word' id='word_1_885' title='bbox 1328 5475 1409 5531; x_wconf 90' lang='lat' dir='ltr'><strong>0b</strong></span> <span class='ocrx_word' id='word_1_886' title='bbox 1458 5477 1598 5529; x_wconf 87' lang='lat' dir='ltr'><strong>hanc</strong></span> <span class='ocrx_word' id='word_1_887' title='bbox 1635 5490 1852 5529; x_wconf 89' lang='lat' dir='ltr'><strong>causam</strong></span> <span class='ocrx_word' id='word_1_888' title='bbox 1885 5480 2111 5542; x_wconf 72' lang='lat' dir='ltr'><strong>peccata</strong></span> <span class='ocrx_word' id='word_1_889' title='bbox 2138 5477 2357 5522; x_wconf 86' lang='lat' dir='ltr'><strong>sancto-</strong></span> 
     </span>
    </p>
   </div>
   <div class='ocr_carea' id='block_1_110' title="bbox 2388 5446 4057 5551">
    <p class='ocr_par' dir='ltr' id='par_1_110' title="bbox 2463 5446 4057 5537">
     <span class='ocr_line' id='line_1_111' title="bbox 2463 5446 4057 5537; baseline -0.012 -18"><span class='ocrx_word' id='word_1_890' title='bbox 2463 5467 2690 5537; x_wconf 79' lang='grc' dir='ltr'>γμάτων</span> <span class='ocrx_word' id='word_1_891' title='bbox 2719 5463 2983 5535; x_wconf 79' lang='grc' dir='ltr'>τυγχάνῃ.</span> <span class='ocrx_word' id='word_1_892' title='bbox 3004 5460 3102 5513; x_wconf 86' lang='grc' dir='ltr'>Διά</span> <span class='ocrx_word' id='word_1_893' title='bbox 3144 5454 3412 5511; x_wconf 72' lang='grc' dir='ltr'>τοῦτοκαὶ</span> <span class='ocrx_word' id='word_1_894' title='bbox 3430 5452 3497 5506; x_wconf 87' lang='grc' dir='ltr'><strong>τά</strong></span> <span class='ocrx_word' id='word_1_895' title='bbox 3536 5447 3643 5502; x_wconf 82' lang='grc' dir='ltr'>τῶν</span> <span class='ocrx_word' id='word_1_896' title='bbox 3675 5446 3847 5513; x_wconf 81' lang='grc' dir='ltr'>ἁγίων</span> <span class='ocrx_word' id='word_1_897' title='bbox 3878 5446 4057 5516; x_wconf 74' lang='grc' dir='ltr'>ἀμαρ-</span> 
     </span>
    </p>
   </div>
   <div class='ocr_carea' id='block_1_111' title="bbox 844 5587 3232 5683">
    <p class='ocr_par' dir='ltr' id='par_1_111' title="bbox 844 5587 3232 5683">
     <span class='ocr_line' id='line_1_112' title="bbox 844 5587 3232 5683; baseline -0.013 -11"><span class='ocrx_word' id='word_1_898' title='bbox 844 5619 889 5650; x_wconf 77' lang='grc'><strong>’³</strong></span> <span class='ocrx_word' id='word_1_899' title='bbox 911 5618 1069 5672; x_wconf 85' lang='lat' dir='ltr'><strong>.loan.</strong></span> <span class='ocrx_word' id='word_1_900' title='bbox 1113 5632 1151 5683; x_wconf 86' lang='grc' dir='ltr'><strong>ι,</strong></span> <span class='ocrx_word' id='word_1_901' title='bbox 1192 5614 1285 5670; x_wconf 64' lang='grc' dir='ltr'><strong>Ω.</strong></span> <span class='ocrx_word' id='word_1_902' title='bbox 1363 5612 1409 5645; x_wconf 68' lang='grc'>⁸⁸</span> <span class='ocrx_word' id='word_1_903' title='bbox 1439 5610 1630 5666; x_wconf 82' lang='lat' dir='ltr'><strong>Matth.</strong></span> <span class='ocrx_word' id='word_1_904' title='bbox 1662 5625 1775 5674; x_wconf 73' lang='lat' dir='ltr'><strong>nt,</strong></span> <span class='ocrx_word' id='word_1_905' title='bbox 1806 5606 1891 5661; x_wconf 79' lang='lat' dir='ltr'><strong>-l9.</strong></span> <span class='ocrx_word' id='word_1_906' title='bbox 1968 5605 2015 5638; x_wconf 83' lang='lat'>&quot;</span> <span class='ocrx_word' id='word_1_907' title='bbox 2045 5604 2176 5661; x_wconf 88' lang='lat' dir='ltr'><strong>ibid.</strong></span> <span class='ocrx_word' id='word_1_908' title='bbox 2210 5603 2295 5658; x_wconf 83' lang='lat' dir='ltr'><strong>l7.</strong></span> <span class='ocrx_word' id='word_1_909' title='bbox 2372 5600 2418 5631; x_wconf 72' lang='grc'><strong>’⁸</strong></span> <span class='ocrx_word' id='word_1_910' title='bbox 2445 5598 2573 5652; x_wconf 88' lang='lat' dir='ltr'><strong>ibid.</strong></span> <span class='ocrx_word' id='word_1_911' title='bbox 2601 5595 2691 5653; x_wconf 78' lang='lat'><strong>‘23.</strong></span> <span class='ocrx_word' id='word_1_912' title='bbox 2770 5590 3116 5654; x_wconf 66' lang='lat' dir='ltr'><strong>&quot;160nm,</strong></span> <span class='ocrx_word' id='word_1_913' title='bbox 3138 5587 3232 5643; x_wconf 71' lang='lat'><strong>27.</strong></span> 
     </span>
    </p>
   </div>
   <div class='ocr_carea' id='block_1_112' title="bbox 840 5720 3953 5830">
    <p class='ocr_par' dir='ltr' id='par_1_112' title="bbox 840 5720 3953 5830">
     <span class='ocr_line' id='line_1_113' title="bbox 840 5720 3953 5830; baseline -0.011 -19"><span class='ocrx_word' id='word_1_914' title='bbox 840 5756 955 5830; x_wconf 73' lang='grc' dir='ltr'>(ιο)</span> <span class='ocrx_word' id='word_1_915' title='bbox 1001 5753 1308 5809; x_wconf 76' lang='lat' dir='ltr'><strong>Periculum</strong></span> <span class='ocrx_word' id='word_1_916' title='bbox 1337 5747 1762 5823; x_wconf 51' lang='lat' dir='ltr'><strong>{uile—munitus</strong></span> <span class='ocrx_word' id='word_1_917' title='bbox 1792 5755 1887 5800; x_wconf 77' lang='lat' dir='ltr'><strong>est.</strong></span> <span class='ocrx_word' id='word_1_918' title='bbox 1922 5742 2046 5800; x_wconf 73' lang='lat' dir='ltr'><strong>Ihec</strong></span> <span class='ocrx_word' id='word_1_919' title='bbox 2084 5743 2266 5798; x_wconf 75' lang='lat' dir='ltr'><strong>desunt</strong></span> <span class='ocrx_word' id='word_1_920' title='bbox 2300 5741 2349 5793; x_wconf 84' lang='lat' dir='ltr'><strong>in</strong></span> <span class='ocrx_word' id='word_1_921' title='bbox 2394 5746 2559 5803; x_wconf 69' lang='grc' dir='ltr'>ινλιυ,</span> <span class='ocrx_word' id='word_1_922' title='bbox 2592 5748 2709 5802; x_wconf 81' lang='lat' dir='ltr'><strong>quac</strong></span> <span class='ocrx_word' id='word_1_923' title='bbox 2738 5730 2938 5787; x_wconf 85' lang='lat' dir='ltr'><strong>librarii</strong></span> <span class='ocrx_word' id='word_1_924' title='bbox 2973 5728 3055 5785; x_wconf 87' lang='lat' dir='ltr'><strong>vel</strong></span> <span class='ocrx_word' id='word_1_925' title='bbox 3086 5720 3439 5799; x_wconf 59' lang='lat' dir='ltr'><strong>exscripto&#39;ris</strong></span> <span class='ocrx_word' id='word_1_926' title='bbox 3466 5724 3591 5781; x_wconf 83' lang='lat' dir='ltr'><strong>vitio</strong></span> <span class='ocrx_word' id='word_1_927' title='bbox 3622 5722 3953 5781; x_wconf 53' lang='lat' dir='ltr'><strong>exciderint.</strong></span> 
     </span>
    </p>
   </div>
  </div>
