4226 6316
244 412 353 473 925
1263 421 1322 478 S.
1362 422 1775 492 SERAPlONlS
1813 428 1913 489 El’l

1867 428 2035 489 l’IST.
2075 433 2170 488 Αυ
2206 427 2517 487 ΜΟΝᾹΟΙῘ.
3431 421 3536 480 933

248 527 391 597 μετὰ
423 527 482 582 δὲ
520 528 581 582 τὸ
612 530 802 602 μνῆμα
836 530 1092 604 ἐπιϐῆναι
1136 532 1213 603 τῷ
1253 533 1539 607 τεθνηκότι
1580 538 1643 592 οὐ
1684 538 1845 593 δύνα-
1873 547 1915 603 Α

1873 547 1915 603 Α
1947 541 2014 595 ad
2055 541 2365 611 sepulcrum
2410 541 2663 607 morbus;
2701 536 2925 593 ulterius
2967 534 3115 590 enim
3163 546 3364 592 vexare
3414 551 3529 591 mo-

244 636 360 675 ut‘
385 622 421 692 ἡ
454 621 500 675 δ’
534 622 779 694 ἁμαρτία
806 625 920 687 τοῖς
950 622 1050 695 μὲν
1078 623 1242 689 ζῶσιν
1282 626 1590 703 ἐμφωλεύει
1621 629 1716 684 καὶ
1745 631 1840 699 ὲγο

1947 631 2174 687 rientem
2223 634 2427 704 neqttit.
2466 631 2756 687 Peccatum
2801 631 3042 683 viventes
3081 627 3339 683 insidiose
3372 629 3534 685 veluti

244 710 503 782 κρύπτει,
535 712 593 765 ιν
626 710 682 765 δὲ
716 713 832 776 τοῖς
870 711 1155 784 τεθνηκόσι
1193 713 1354 766 πλέον
1383 713 1700 781 ἐξάπτεται,
1746 717 1842 770 καὶ

1946 737 2011 776 ac
2058 721 2292 777 latenter
2339 730 2610 795 occupat;
2657 726 3028 775 verumtamen
3076 718 3129 772 in
3182 718 3537 775 morientibus

244 801 347 874 τὴν
373 802 574 874 ἑαυτῆς
597 802 775 872 φλόγα
807 802 1163 866 ἐνδείκνυται,
1196 804 1292 859 καὶ
1323 803 1415 858 τὸν
1443 805 1843 877 ἁμαρτήσαντα

1947 812 2119 883 magis
2154 796 2494 881 accenditur,
2525 823 2580 868 et
2612 829 2769 867 suam
2805 810 3076 867 ﬂanimam
3106 809 3331 875 exserit,
3357 822 3536 863 reum-

243 896 592 965 τιμωρεῖται.
660 894 851 949 Ταῦτά
916 912 999 949 σοι
1064 897 1429 969 γεγράφηκα,
1496 896 1843 951 ποθεινότατε
1902 958 1911 965 ,

1902 958 1911 965 .
1950 918 2056 972 qne
2094 907 2266 975 punit.
2316 904 2441 960 llaec
2477 905 2596 968 tibi,
2625 902 2946 959 cbarissime
2983 903 3171 965 frater,
3212 900 3430 970 scripsi,
3469 913 3536 953 nu

243 983 469 1055 ἁδελφὲ,
534 986 623 1039 ῖνα
678 986 755 1059 μὴ
811 987 951 1043 πάνυ
1004 987 1243 1060 ἀουμῇς,
1298 988 1632 1067 ἐερΧριστῷ
1683 1006 1846 1059 σεαυο

1947 994 2167 1048 tnmrori
2210 996 2558 1060 succutnbas,
2613 998 2707 1051 sed
2767 1003 2929 1050 temet
2970 993 3023 1047 in
3058 991 3280 1048 Christo
3336 989 3535 1047 confir-

243 1074 342 1129 τδν
364 1076 658 1150 διατηρῶψ
686 1077 780 1132 τοῦ
810 1078 926 1150 βίου
956 1079 1188 1151 (19)“;
1216 1078 1508 1152 συγχύσεις
1532 1080 1718 1151 φέρειν
1740 1080 1842 1145 δεῖ,

1948 1100 2082 1140 mes.
2120 1085 2257 1141 Vitae
2289 1086 2448 1157 hujus
2487 1086 2928 1157 perturbationes
2953 1094 3116 1154 atque
3148 1082 3404 1139 tumultus
3426 1082 3536 1136 for-

246 1168 346 1223 καὶ
375 1170 504 1233 τοὺς
534 1169 798 1241 θορύϐους
821 1170 1115 1242 βαστάζειν
1154 1172 1443 1243 προσήκει,
1476 1172 1573 1226 καὶ
1605 1173 1745 1244 πρὸς
1781 1172 1845 1226 τὸ

1947 1175 2077 1231 titcr
2123 1179 2231 1248 pati
2271 1190 2505 1250 oportet,
2549 1180 2709 1235 tinem
2758 1177 2873 1246 ejus
2916 1188 3186 1248 spectare,
3230 1183 3285 1230 et
3329 1175 3399 1231 de
3438 1173 3531 1228 Dei

244 1259 403 1323 τέλος
442 1260 686 1331 βλέπειν,
720 1262 816 1316 καὶ
846 1263 1069 1329 ειδέναι,
1099 1264 1183 1317 ὅτι
1203 1266 1231 1318 ὁ
1250 1264 1384 1329 Θεὸς
1414 1265 1713 1327 ἐπιστατεῖ,
1749 1264 1845 1319 καὶ

1946 1268 2283 1339 providentia
2329 1270 2591 1342 cogitare,
2628 1270 2719 1342 qui
2760 1269 2973 1325 etiamsi
3004 1282 3296 1339 parumper
3322 1267 3533 1323 videtur

243 1349 429 1418 ὀλίγον
455 1353 694 1419 ἐπανεὶς,
732 1353 893 1409 πάλιν
919 1354 1262 1427 ἡγεμονεύει·
1289 1356 1395 1409 καὶ
1424 1354 1604 1424 ὀλίγον
1636 1372 1847 1427 συγχω-

1949 1360 2247 1426 remittere,
2287 1372 2529 1429 attamen
2570 1361 3000 1431 gubernaculum
3035 1374 3156 1414 mox
3186 1356 3439 1433 resumit,
3477 1368 3533 1412 et

250 1443 383 1515 ρῶν,
438 1446 607 1499 πάλιν
668 1444 1014 1519 προΐσταται,
1069 1449 1164 1503 καὶ
1224 1448 1479 1503 οὐδέποτε
1519 1450 1552 1520 ἡ
1616 1448 1845 1523 Ἐκκλη-

1948 1459 2070 1520 post
2091 1449 2307 1505 brevem
2335 1453 2501 1507 veluti
2536 1452 3044 1513 dissimulationem.
3072 1466 3260 1506 rursus
3283 1450 3536 1505 defensor

246 1532 343 1586 σία
397 1536 890 1607 καταλιμπάνεται·
949 1538 1071 1592 οὐδὲ
1124 1538 1232 1610 γὰρ
1294 1538 1461 1591 πύλαι
1520 1539 1650 1610 ᾇδου
1715 1556 1847 1592 κατ-

1947 1545 2123 1609 adest,
2160 1559 2332 1613 neque
2367 1560 2607 1615 unquam
2641 1546 2879 1602 Ecclesia
2920 1547 2988 1599 ab
3019 1557 3086 1599 eo
3116 1541 3420 1605 deseritur;
3456 1548 3537 1594 et-

248 1625 562 1694 ισχύσουσιν
616 1628 807 1699 αὐτῆς.
858 1630 973 1699 Τῆς
1020 1630 1120 1702 σῆς
1161 1626 1254 1684 οὖν
1292 1630 1497 1701 ἀρετῆς
1543 1629 1642 1701 τὴν
1669 1630 1848 1684 διάθε-

1947 1633 2092 1689 euim
2143 1646 2315 1704 porta?
2360 1637 2518 1693 inferi
2560 1640 2789 1693 adversa
2858 1654 2976 1692 eam
3010 1652 3114 1692 non
3147 1633 3531 1705 prtevalebnnt.

138 1786 143 1789 _
246 1734 338 1771 σιν
386 1719 596 1774 δείκνυε
649 1721 730 1793 τῷ
779 1724 1139 1797 παντεπόπτῃ
1197 1723 1337 1796 Θεῷ,
1394 1724 1480 1778 ἵνα
1528 1723 1729 1797 δυνηθῇ
1787 1726 1807 1778 ὲ

1949 1726 2078 1781 Tua:
2104 1726 2266 1797 igitur
2297 1728 2514 1787 virtutis
2544 1734 2780 1805 vigorem
2810 1730 3128 1785 otnnituenti
3165 1727 3274 1782 Deo
3312 1728 3535 1781 demon-

246 1809 418 1862 πᾶσιν
450 1810 777 1881 εὐδοκιμεῖν·
809 1814 971 1883 ἡμεῖς
1017 1812 1073 1866 δὲ
1108 1813 1336 1868 καλέσαι
1384 1832 1443 1868 σε
1485 1813 1604 1884 (ἳο)
1646 1815 1747 1869 οὐκ
1778 1813 1845 1878 ἂν
1878 1832 1911 1898 _‘_

1878 1832 1911 1898 _‘_
1949 1830 2080 1891 stra,
2107 1838 2165 1881 nt
2189 1828 2426 1898 nudique
2454 1826 2701 1895 egregius
2725 1839 2845 1880 esse
2881 1820 3130 1877 videaris.
3156 1819 3264 1875 Nos
3288 1829 3467 1873 tamen
3487 1827 3536 1871 te

247 1901 628 1972 ἐπασχόμεοα,
702 1902 790 1957 ἵνα
860 1904 935 1977 μὴ
1003 1905 1245 1977 δόξωμεν
1306 1907 1406 1978 τῆς
1465 1907 1674 1971 πόλεως
1735 1907 1841 1978 ἀφ-
1878 1891 1914 1946 ιι

1878 1891 1914 1946 1⁸
1950 1912 2053 1971 huc
2087 1934 2283 1974 vocare.
2313 1919 2454 1974 baud
2485 1918 2627 1988 passi
2671 1932 2881 1980 smmis,
2914 1930 2980 1970 ne
3004 1930 3067 1969 ex
3095 1914 3230 1969 urbe
3258 1910 3532 1968 abstraho-

248 1993 434 2063 ιστᾷν.

1953 2022 2009 2061 re
2033 2010 2362 2067 videremur.

319 2085 433 2172 (l9)
472 2085 605 2172 ICoc'l.
637 2085 824 2142 αὐτοῦ.
858 2086 963 2143 Sed
988 2096 1211 2158 prorsus
1241 2089 1319 2145 vel
1352 2089 1467 2160 βίου
1493 2089 1838 2146 scribendum

988 2096 1211 2158 prorsus
1241 2089 1319 2145 vel
1352 2089 1467 2160 βίου
1493 2089 1838 2146 scribendum
2018 2101 2134 2172 (20)
2174 2101 2307 2157 Cod.
2343 2100 2652 2155 καλέσεσαι.

243 2162 369 2210 erat
404 2157 484 2209 vel
505 2156 739 2228 κόσμου.

426 2445 933 2527 MONITUM
980 2448 1086 2527 ΙΝ
1137 2448 1733 2529 EPISTULAM
1778 2452 1911 2529 AD
1955 2452 2517 2531 MONACHOS
2560 2446 3375 2530 ALEXANDBINOS.

1346 2630 1498 2703 (MAI,
1541 2630 1793 2703 Spicileg.
1840 2629 2017 2697 Rom.,
2057 2628 2147 2699 ιν,
2190 2647 2244 2703 p.
2286 2631 2424 2701 xu.)

284 2930 299 2939 ‘
326 2916 645 2988 Serapionis
688 2921 925 2993 episcopi
961 2922 1204 2995 Ευρϋὶ
1241 2923 1497 2980 ineditam
1534 2926 1818 2997 epistulam
1856 2934 1986 2981 ante
2018 2926 2115 2981 bos
2150 2940 2323 2980 annos
2355 2925 2603 2996 impressi
2632 2926 2683 2979 in
2712 2939 2832 2979 meo
2862 2924 3214 2980 Classicorum
3255 2927 3539 2977 Auctorum

249 3009 532 3064 volumine
566 3012 772 3080 quinto,
803 3031 962 3069 uuam
986 3031 1049 3070 ex
1080 3016 1145 3072 iis
1170 3017 1416 3073 videlicet
1445 3034 1579 3089 quas
1611 3030 1835 3075 sanctus
1870 3020 2224 3091 Hieronymus
2250 3019 2324 3074 De
2349 3021 2446 3075 vir.
2477 3019 2557 3075 ill.
2590 3034 2710 3087 cap.
2742 3020 2832 3082 99,
2869 3020 2937 3072 ab
2960 3018 3051 3073 illo
3076 3018 3306 3087 scriptas
3329 3025 3536 3071 narrat.

249 3100 409 3156 Nunc
435 3098 564 3158 ecce
601 3105 825 3159 alteram
862 3108 1030 3163 multo
1062 3108 1407 3178 prolixiorem
1436 3111 1677 3181 ejusdem
1710 3113 2014 3181 epistolam,
2054 3113 2175 3167 libri
2210 3112 2403 3177 instar,
2430 3111 2497 3164 ad
2535 3111 2831 3166 monachos
2867 3108 3260 3162 Alexandrinos
3280 3107 3539 3176 scriptam

251 3196 425 3249 codex
456 3193 575 3247 Vat.
603 3194 707 3250 459
740 3196 953 3259 obtulit,
987 3198 1199 3268 plenam
1230 3214 1456 3255 smmum
1481 3201 1716 3270 pictatis,
1752 3217 1875 3256 cum
1909 3201 2103 3273 insigni
2136 3203 2292 3257 laude
2324 3216 2388 3257 ac
2417 3201 2782 3269 descriptione
2812 3201 3125 3254 monasticae
3156 3199 3532 3268 professionis.

248 3297 308 3342 et
342 3304 466 3342 cum
498 3299 810 3345 sanctorum
838 3291 928 3359 qui
960 3293 1107 3347 circa
1144 3295 1361 3347 Antonii
1391 3294 1778 3363 Athanasiith
1813 3304 2050 3363 tempora
2082 3295 2312 3349 ﬂoruere
2346 3294 2583 3347 virorum
2612 3293 3147 3346 commemoratione.
3192 3290 3450 3360 Equidem
3488 3292 3533 3345 si

251 3391 367 3435 tant
402 3383 596 3436 bonum
640 3392 854 3450 Ianique
896 3385 1027 3438 utile
1068 3386 1331 3455 scriptum
1382 3387 1520 3455 apud
1569 3402 1653 3440 tne
1691 3388 2049 3450 continerent,
2094 3387 2233 3440 male
2262 3386 2325 3440 de
2351 3384 2555 3440 Graecis
2588 3384 2783 3439 litteris
2814 3394 2863 3437 et
2905 3384 2972 3437 de
3004 3382 3538 3454 pietaterristiana

243 3489 515 3541 mererer,
562 3490 660 3530 nec
694 3476 982 3543 quisquam
1034 3477 1280 3542 miretur,
1339 3478 1480 3547 quod
1533 3478 1583 3531 iu
1632 3478 1785 3531 titulo
1814 3478 2098 3547 episcopus
2146 3488 2353 3531 tantum
2409 3477 2617 3531 dicatur
2663 3476 3084 3545 hic-Serapion,
3131 3475 3335 3530 omisso
3389 3474 3539 3527 urbis

244 3565 526 3623 Thmueos
560 3571 855 3639 voeabula;
892 3572 994 3625 hoc
1034 3570 1178 3624 enim
1211 3571 1264 3624 itt
1300 3570 1573 3625 nonnullis
1603 3585 1814 3639 quoque
1843 3571 2125 3625 codicibus
2154 3572 2337 3641 operis
2364 3569 2680 3639 Serapionis
2709 3582 2891 3623 contra
2918 3568 3245 3625 Maniclmos
3275 3567 3548 3623 nsuveni-~

241 3675 334 3725 re,
368 3658 479 3725 jam
516 3676 613 3715 nos
639 3664 848 3716 monuit
879 3664 930 3717 in
972 3664 1245 3718 adnotatis
1273 3666 1339 3717 ad
1377 3663 1763 3732 Hieronymum
1799 3662 2101 3716 Fabricius.
2127 3660 2799 3731 Reapseantiquissimum
2836 3678 2955 3717 esse
2986 3663 3129 3717 hunc
3166 3662 3406 3731 episto-ia)
3436 3677 3537 3714 su-

238 3765 456 3809 etorem
482 3755 858 3825 Serapionem,
890 3775 995 3812 non
1029 3761 1261 3826 aliquem
1296 3774 1361 3813 ex
1399 3758 1738 3829 homonytnis
1767 3760 1925 3827 paulo
1958 3758 2373 3822 recentioribus,
2408 3766 2620 3812 constat
2659 3773 2723 3813 ex
2756 3769 3029 3828 postremo
3061 3758 3321 3829 capitulo,
3365 3758 3452 3814 ubi
3495 3760 3539 3813 is

242 3849 546 3920 adloquitur
570 3852 814 3907 viventes
851 3854 1168 3917 monachos,
1202 3870 1339 3924 quos
1370 3855 1499 3907 dicit
1536 3868 1657 3906 cum
1682 3853 1915 3919 Amune,
1960 3850 2165 3908 Joanne
2187 3852 2535 3921 Macarioque
2563 3861 2827 3918 versatos,
2853 3854 2942 3921 qui
2983 3853 3176 3921 partim
3212 3861 3337 3905 ante
3363 3852 3535 3919 ipsum

241 3939 503 4012 Magnum
535 3945 831 3997 Antonium
867 3946 971 3999 vita
1006 3955 1384 4001 excesserunt.
1414 3943 1675 4013 Serapion
1715 3945 1883 3999 abbas
1914 3944 2154 4013 loquitur
2182 3945 2321 4012 apttd
2345 3942 2667 3998 Cassianum
2703 3943 2987 3997 collatione.
3014 3959 3070 4006 ιι,
3105 3959 3225 4014 cap.
3262 3942 3349 4004 ll.
3374 3950 3425 3996 et
3458 3949 3530 3993 ιυ-

245 4046 302 4091 ta
331 4036 456 4091 coll.
488 4051 540 4089 v.
576 4035 797 4091 Videtur
820 4049 999 4092 autem
1030 4039 1193 4102 idem,
1223 4039 1315 4108 qui
1340 4038 1624 4093 Arsenoita
1653 4039 1915 4108 Serapion
1942 4037 2250 4111 presbyter,
2276 4049 2331 4092 et
2354 4036 2806 4093 monasteriorum
2831 4036 3120 4091 multorum
3152 4052 3368 4104 parcus,
3399 4043 3536 4103 apud

241 4127 550 4184 Palladium
581 4126 719 4182 Hist.
754 4130 913 4182 Laus.
946 4145 1067 4194 cap.
1101 4130 1189 4184 76.

1242 4395 1382 4447 ΤΟΥ
1420 4388 1971 4447 ΜᾹΚΑΡΙΩΤΑΤΟΥ
2010 4388 2133 4442 ΚΑΙ
2175 4387 2557 4441 ΟΣΙΩΤΑΤΟΥ

749 4557 1887 4677 ΣΕΡΑΠΙΩΝΟΣ
1971 4553 3044 4673 ΕΠΙΣΚΟΠΟΥ

1032 4785 1603 4872 ΕΠΙΣΤΟΛΗ
1644 4780 1936 4869 ΠΡΟΣ
1975 4778 2754 4866 ΜΟΝΛΖΟΝΤΑΣ.

1386 5094 1775 5151 BEATISSIMI
1818 5094 1909 5152 ET
1946 5092 2387 5152 SANCTISSIMI

889 5272 1983 5389 SERAPIONIS
2093 5269 2922 5386 EPISCOPI

1198 5508 1700 5589 EPISTULA
1786 5508 1915 5585 AD
1994 5504 2581 5585 MONACHOS.

312 5797 396 5851 A'.
445 5795 772 5869 ’Δγαπητοὶ,
807 5797 1017 5857 ἐπαινῶ
1054 5794 1212 5867 op.ti
1244 5797 1337 5851 τὸν
1380 5795 1563 5860 πόθον,
1598 5798 1691 5852 καὶ
1732 5816 1837 5869 μα·
1867 5813 1911 5877 C

1867 5813 1911 5877 ο
2022 5805 2060 5850 1.
2104 5794 2311 5860 Laudo,
2364 5790 2689 5855 charissimi,
2728 5798 2960 5846 vestram
3007 5786 3367 5850 devotionem,
3412 5782 3531 5877 ren-

230 5886 456 5961 γαρῖζω
501 5887 593 5945 τὸν
635 5886 767 5958 βίον,
822 5882 865 5943 ὧ
913 5888 1171 5961 μακάριοι
1210 5888 1329 5961 Θεῷ
1363 5887 1704 5962 μονάζοντες,
1753 5891 1832 5946 ὅτι
1890 5876 1899 5877 ί

1890 5876 1901 5877 ί
1943 5905 2167 5962 cemqnc
2202 5884 2507 5957 ileprtcdicu
2552 5893 2784 5940 vestram
2837 5883 3023 5949 vitam,
3074 5898 3105 5937 ο
3140 5882 3279 5948 beati
3328 5879 3379 5935 in
3421 5876 3529 5934 Deo
