4220 6316
747 339 846 396 931

1853 335 2126 392 PATllES
2167 335 2465 392 EGYPTll
2507 334 2784 394 SA'JCllLl
2829 336 2917 396 ιν.

3941 333 4040 393 98]

747 463 1011 526 pretatur.
1058 451 1174 507 Non
1211 466 1307 507 vos
1337 450 1647 506 divitiarum
1688 467 1812 507 esca
1844 453 2041 519 illexit,
2074 470 2179 507 non
2225 471 2341 507 tmt-

2462 456 2689 527 ίώρησις
2749 456 3067 528 ἑρμηνεύει·
3108 453 3341 518 πλοῦτος
3377 455 3522 523 ὑμᾶς
3586 453 3688 510 οὐκ
3739 453 4046 518 ὲδελέασεν,

751 548 940 601 Iierum
990 543 1340 614 pulchritudo
1400 542 1638 612 decepit,
1689 545 1785 598 sed
1836 544 1991 613 quasi
2039 545 2342 614 incorporei

749 637 1092 691 adversarias
1127 633 1432 704 voluptates
1457 633 1650 688 divino
1680 631 1880 688 timore
1907 634 2342 698 cnnculcavistis,

752 743 861 782 nun
887 725 1184 782 inba'sistis
1219 726 1380 794 hujus
1408 725 1594 780 mundi
1631 726 1798 784 curis.
1824 726 1932 780 imo
1974 726 2165 780 ltarntn
2199 727 2346 780 vani-

753 830 917 873 tatem
942 819 1175 873 vitastis.
1218 817 1434 871 Dulcior
1473 818 1627 874 vobis
1663 818 1716 871 in
1749 832 1935 872 eremo
1975 818 2211 887 simplest
2242 833 2342 887 pa-

753 913 837 966 nis
861 927 984 964 cum
1016 907 1130 965 sale
1184 920 1240 965 ct
1292 925 1445 978 aqum
1483 920 1636 978 potu,
1673 925 1836 978 quam
1887 911 2107 963 urbana:
2139 910 2344 964 delicia

751 1014 807 1058 et
835 1003 1081 1058 cenvivia
1113 1019 1236 1058 cum
1267 1018 1530 1056 :erumna.
1587 1001 1776 1056 Melius
1804 1015 1923 1055 esse
1971 1000 2204 1055 frustum
2237 1001 2344 1054 cibi

752 1111 878 1151 cum
894 1096 1258 1152 delectatione
1297 1100 1347 1149 itt
1384 1110 1538 1164 pace,
1581 1108 1742 1162 quam
1780 1096 1998 1147 domum
2036 1090 2222 1146 multis
2251 1092 2347 1145 lto-

754 1190 842 1244 nis
880 1186 1188 1257 iniquisqne
1229 1187 1464 1239 victimis
1501 1185 1914 1246 redundantem,
1940 1183 1982 1237 si
2014 1182 2190 1236 adsint
2217 1197 2343 1236 con-

767 1280 1058 1344 tentiones,
1079 1278 1333 1346 antiquus
1361 1277 1776 1332 Proverbiornm
1801 1285 1988 1332 auctor
2004 1275 2260 1330 censebat
2276 1274 2344 1328 δ’.

756 1373 866 1429 Vos
899 1373 951 1427 in
976 1387 1186 1426 summa
1217 1372 1468 1427 libertate
1493 1370 1809 1432 versamini,
1840 1385 1873 1422 ο
1895 1367 2203 1423 cbarissimi
2237 1365 2347 1420 Deo

758 1465 1032 1527 monachi.
1068 1461 1222 1519 Uxor
1247 1464 1400 1518 vobis
1436 1479 1540 1517 non
1572 1473 1651 1516 est
1687 1461 1909 1517 molesta
1946 1470 2166 1529 prapter
2195 1474 2348 1511 mun-

758 1559 885 1612 dum
939 1558 1294 1623 muliebrem;
1334 1557 1424 1611 lilii
1475 1557 1702 1625 filia-que
1738 1567 2078 1624 nequaquam
2125 1566 2220 1604 vos
2260 1564 2348 1604 ve-

760 1662 912 1712 xant,
951 1650 1115 1704 variis
1164 1649 1621 1720 postulationibus
1671 1645 2065 1709 obtundentes;
2101 1655 2349 1698 ttonser-

757 1757 855 1795 vus
887 1742 1067 1796 ablato
1119 1756 1228 1795 are
1257 1740 1500 1809 aufugit;
1534 1755 1637 1792 non
1678 1753 1840 1806 opum
1877 1737 2179 1791 sollicitudo
2199 1748 2349 1787 som-

2446 549 2566 601 οὐδὲ
2599 548 2770 620 κάλλη
2801 549 3081 618 γυναικῶν
3127 548 3470 619 ἐξηπατήθη,
3510 547 3626 601 ἀλλ’
3659 548 3852 620 ὥσπερ
3899 549 4039 602 ἀσώ-

2449 659 2608 712 ματοι
2635 642 2784 706 ὄντες
2811 642 2891 714 τῷ
2921 642 3050 714 θείῳ
3079 642 3229 714 φόϐῳ
3273 642 3372 706 τάς
3401 642 3652 704 ἐναντίας
3683 641 3882 712 ἡδονάς
3911 643 4040 694 ἐπα-

2445 735 2669 804 τήσατε·
2700 734 2758 787 ού
2797 732 3187 804 προσηλώθητε
3225 734 3347 797 ταῖς
3373 732 3466 786 τοῦ
3497 733 3704 803 κόσμου
3742 733 4042 802 φροντίσιν,

2446 824 2561 879 ἀλλ’
2591 826 2604 844 ε
2837 843 2866 857 ..
2998 825 3008 840 ι
3468 839 3481 852 .
3585 827 3596 840 ς
3753 828 3776 842 υ
3921 826 3940 852 ι

2584 843 2896 894 υπετοχειε
2919 844 3125 879 τουτων
3145 825 3206 878 τὸ
3232 825 3459 896 μάταιον
3515 825 3645 896 ἡδυς
3676 826 3804 896 ὑμιν
3829 828 3889 879 ἑν
3919 843 4044 895 θρη-

2451 916 2549 988 μίᾳ.
2575 917 2720 980 λιτὸς
2754 919 2919 988 ἄρτος
2953 919 3045 970 καὶ
3082 918 3217 980 ἆλας
3242 917 3336 970 καί
3387 918 3616 986 πότιμον
3651 917 3814 987 ὕδωρ,
3841 917 3877 988 ἢ
3911 918 3965 971 αἱ
3987 920 4045 969 ἓν

2447 1008 2600 1063 πόλει
2634 1010 2837 1081 τρυφαὶ
2877 1011 2973 1064 καὶ
3005 1010 3300 1081 εύςρρασίαι
3353 1012 3492 1080 μετά
3526 1011 3746 1080 μόχθου·
3778 1013 4046 1080 Κρεῖσσον

2446 1101 2577 1176 γάρ,
2617 1105 2771 1172 φησί,
2823 1102 3015 1174 ψωμὸς
3065 1102 3182 1172 μεθ’
3222 1103 3414 1174 ἡδονῆς
3463 1104 3520 1154 ἐν
3567 1105 3777 1175 εἰρήνῃ,
3821 1104 3855 1173 ἢ
3901 1097 4048 1165 οἶκος

2448 1193 2660 1246 πολλῶν
2706 1193 2929 1262 ἀγαθῶν
2982 1194 3077 1245 καὶ
3113 1194 3317 1246 ἀδίκων
3351 1193 3613 1264 θυμάτων
3667 1194 3805 1264 μετά
3843 1194 4045 1265 μάχης.

2448 1287 2513 1338 ἐκ
2544 1285 2709 1354 πάλαι
2735 1288 2761 1339 6
2788 1285 3201 1356 Παροιμιαστὴς
3221 1284 3578 1355 συμϐουλεύει
3623 1285 3902 1357 ’ἐλεύθεροί
3925 1288 4047 1337 ἐστε

2450 1373 2594 1427 κατά
2621 1375 2820 1440 πάντα,
2847 1371 2891 1428 ὧ
2937 1375 3344 1443 θεοφιλέστατοι
3371 1376 3490 1447 Θεῷ
3534 1376 3877 1446 μονάζοντες·
3914 1374 4050 1444 γυνὴ

2451 1469 2594 1539 ὑμᾶς
2647 1469 2748 1522 οὐκ
2796 1468 3005 1540 ἐνοχλεῖ
3039 1470 3168 1540 περὶ
3221 1469 3540 1536 γυναικείου
3587 1468 3843 1532 σκεύους·
3880 1468 3988 1521 υίοί
4017 1468 4050 1536 ἢ

2450 1560 2751 1632 θυγατέρες
2787 1561 2932 1631 ὑμᾶς
2962 1561 3024 1614 οὐ
3057 1561 3442 1631 συμπνίγουσι,
3476 1559 3769 1630 διαφόρους
3807 1561 4054 1629 αἰτήσεις

2451 1654 2580 1722 ὑμῖν
2639 1651 3065 1722 προσφέροντες·
3107 1652 3168 1704 οὐ
3231 1651 3489 1724 θεράπων
3549 1650 3905 1721 ἀποσυλήσας
3962 1648 4054 1701 τὸν

2454 1741 2684 1795 πλοῦτον
2715 1741 2925 1811 φεύγει·
2953 1741 3014 1794 οὺ
3041 1743 3342 1813 χρημάτων
3375 1741 3615 1812 μέριμνα
3645 1739 3864 1793 κλέπτει
3901 1738 4055 1807 ὑμῶν

759 1851 887 1889 nunt
919 1837 1101 1902 eripit.
1162 1833 1374 1888 llontini
1414 1833 1634 1900 quidem
1657 1830 1858 1884 divitiis
1889 1825 2234 1891 redundanti,
2267 1826 2348 1879 in-

2462 1832 2538 1884 τὸν
2570 1831 2765 1884 ὕπνον.
2803 1829 2899 1900 Τῷ
2930 1829 3039 1902 γὰρ
3066 1827 3438 1900 ἐμπλησθέντι
3475 1827 3568 1881 τοῦ
3595 1827 3920 1896 πλουτῆσαι,
3952 1841 4054 1893 φη-

759 1926 876 1995 qnit
909 1925 1286 1989 Ecclesiastes,
1324 1925 1505 1980 quiem
1537 1923 1775 1967 ilnrmirol.
1807 1938 1912 1976 ιιοιι
1944 1920 2070 1975 licet
2097 1919 2169 1972 “.

833 2103 921 2158 VI.
956 2103 1074 2156 Istae
1129 2118 1290 2172 porro
1339 2109 1464 2154 sunt
1517 2098 1801 2152 mundana:
1848 2097 1971 2149 vita:
2019 2094 2348 2160 dulcedines,

760 2197 876 2252 haec
909 2195 1025 2263 ejus
1052 2194 1309 2264 optabilia
1346 2193 1515 2258 bona;
1557 2207 1681 2246 cum
1713 2191 1909 2259 aliquis
1946 2191 1999 2242 in
2025 2190 2158 2242 urbe
2175 2189 2348 2253 nubit,

765 2288 966 2357 negotii
997 2285 1212 2340 initiunt
1243 2294 1328 2339 est
1378 2285 1456 2338 rei
1503 2283 1788 2336 familiaris
1817 2281 2181 2350 dispendium.
2224 2279 2355 2334 Gra-

766 2381 884 2433 vitla
931 2387 1013 2434 est
1047 2375 1215 2429 uxor?
1265 2373 1511 2444 peperit?
1560 2381 1718 2427 natus
1747 2370 1918 2439 puer?
1965 2369 2129 2439 Urget
2178 2369 2353 2422 virum

765 2487 917 2534 cura,
951 2466 1234 2543 quomodo
1275 2466 1460 2520 uxoris
1508 2465 1708 2535 placito
1754 2471 2030 2516 occurrat.
2076 2457 2353 2513 Feminam

764 2562 1011 2633 peperit?
1048 2562 1264 2632 angitur
1295 2560 1398 2624 vir,
1431 2560 1498 2614 de
1531 2558 1658 2613 dote
1688 2556 1961 2627 cogitans.
2000 2553 2270 2608 Masculus
2299 2554 2353 2606 in

767 2660 942 2714 lucem
973 2655 1186 2710 editns‘l
1207 2653 1363 2709 Brevi
1389 2662 1631 2722 tempore
1652 2652 1821 2721 patris
1846 2648 2023 2702 vultus
2048 2646 2354 2708 hilarescit;

755 2764 891 2803 nam
939 2746 1098 2818 paulo
1127 2753 1249 2815 post
1276 2743 1589 2798 infirmatur
1630 2755 1798 2812 puer;
1833 2739 2184 2794 calamitosus
2208 2746 2360 2806 pater

767 2837 1010 2894 medicos
1043 2836 1297 2890 invocare
1319 2845 1426 2888 non
1451 2832 1669 2892 desinit,
1703 2829 1870 2884 multa
1901 2831 1993 2884 dat
2027 2827 2360 2895 daturnsqne

765 2933 871 2994 est,
904 2926 949 2983 si
995 2926 1138 2981 Illius
1180 2923 1542 2979 convalescet.
1575 2919 1796 2974 Interim
1843 2927 2071 2973 mmstus
2118 2917 2360 2970 occurrit

767 3019 959 3074 amicis
997 3017 1218 3071 dicens:
1274 3011 1462 3078 Orate,
1515 3013 1642 3080 quia
1676 3025 1810 3081 puer
1857 3017 2123 3078 :egrotat;
2169 3008 2259 3076 qui
2315 3009 2357 3060 si

2454 1919 2537 1976 σῖν
2582 1925 2609 1975 6
2644 1921 3105 1993 Ἐκκλησιαστὴς,
3138 1921 3240 1974 οὐκ
3276 1919 3423 1973 ἐστιν
3465 1921 3493 1973 6
3523 1919 3700 1987 ἀφίων
3743 1918 3908 1971 αὑτὸν
3952 1914 4048 1968 τοῦ

2454 2014 2724 2067 ὑπνῶσαι.

2527 2108 2617 2172 (ζ’.
2666 2103 2852 2158 Ταῦτα
2900 2102 2993 2156 τοῦ
3032 2103 3148 2174 βίου
3177 2101 3244 2155 τὰ
3277 2101 3429 2172 ἡδέα,
3469 2099 3646 2153 ταῦτα
3675 2098 3769 2150 τοῦ
3820 2096 3940 2166 βίου
3991 2097 4059 2148 τὰ

2455 2196 2924 2268 περισπούδαστα·
2948 2196 3025 2248 ὅτ’
3051 2193 3116 2248 ἂν
3142 2196 3300 2266 γήμῃ
3329 2210 3413 2256 τις
3444 2194 3500 2245 ἰν
3529 2191 3702 2255 πόλει,
3731 2189 3869 2260 ἀρχὴ
3898 2205 4061 2259 περι-

2457 2291 2724 2352 στάσεως,
2756 2287 3132 2357 ἀναλωμάτων
3166 2285 3346 2356 χρεία·
3379 2284 3576 2352 ἔγκυος
3607 2284 3642 2353 ἡ
3667 2283 3837 2352 γυνής
3862 2283 4061 2350 γεγέν-

2456 2399 2654 2453 νηκεν;
2691 2381 2970 2451 ἀπετέχθη
2997 2381 3058 2432 τὸ
3115 2378 3345 2451 βρέφος;
3385 2378 3605 2449 φροντὶς
3631 2376 3709 2446 τῷ
3754 2376 3912 2446 ἀνδρὶ
3945 2375 4064 2437 πῶς

2458 2472 2558 2542 τῆς
2584 2469 2845 2540 γυναικὸς
2874 2469 3082 2522 τελέσει
3107 2469 3176 2522 τά
3212 2467 3548 2537 καταθύμια·
3587 2467 3720 2538 θῆλυ
3747 2467 4006 2530 τέτοκενς
4037 2467 4066 2518 6

2459 2561 2599 2632 ἀνὴρ
2629 2559 2910 2632 ἀηδίζεται
2951 2561 3084 2630 περὶ
3133 2559 3380 2629 προικῶν
3408 2557 3841 2628 περισπώμενος·
3886 2555 4065 2629 ἄρσιν

2461 2649 2685 2720 ὲτέχθη;
2743 2649 2970 2720 φαιδρὸν
3020 2647 3187 2700 αὑτοῦ
3244 2647 3381 2717 πρὸς
3424 2646 3605 2716 ὀλίγον
3645 2647 3704 2700 τὸ
3743 2645 4062 2721 πρόσωπον·

2465 2742 2580 2812 μετ’
2619 2741 2679 2793 οὐ
2728 2740 2862 2792 πολὺ
2897 2739 2960 2791 τὸ
3005 2737 3218 2792 παιδίον
3261 2739 3402 2809 νόσῳ
3451 2738 3772 2809 συνεσχέθη·
3801 2741 4068 2812 συμφορά

2459 2832 2538 2902 τῷ
2567 2833 2746 2903 ἀνδρὶ,
2785 2832 2846 2885 οὐ
2881 2830 3231 2902 διαλιμιτιῑινει
3286 2832 3504 2900 ἰατροὺς
3537 2831 4029 2902 προσκαλούμενος
4051 2848 4064 2864 .

2462 2921 2636 2975 πολλὰ
2686 2922 2926 2982 δίδωσιν,
2963 2923 3011 2974 εἰ
3069 2927 3129 2973 τὸ
3162 2919 3372 2974 παιδίον
3431 2919 3758 2991 σωθήσεται·
3808 2923 4068 2993 κατηφὴς

2463 3012 2669 3086 προῖὼν
2689 3015 2804 3076 τοῖς
2837 3013 3014 3082 φίλοις
3049 3011 3428 3081 συντυγχάνει,
3461 3011 3724 3078 Εὖξασθε,
3759 3009 3963 3080 λέγων,
3988 3015 4069 3066 ὅτι

769 3109 909 3166 forte
958 3107 1230 3163 funestum
1264 3104 1395 3175 quid
1444 3105 1700 3174 patietur,
1744 3101 2034 3171 suspendio
2067 3114 2152 3154 me
2185 3099 2359 3168 perire

2463 3105 2525 3158 τὸ
2548 3103 2760 3157 παιδίον
2782 3103 2948 3156 νοσεῖ·
2980 3101 3076 3155 ὲάν
3104 3118 3158 3154 τι
3183 3101 3353 3172 πάθῃ,
3392 3102 3595 3172 ἀγχόνῃ
3631 3101 3864 3172 ἐμαυτὸν
3893 3103 4071 3155 dmi-

770 3214 993 3256 necesse
1037 3208 1140 3252 est.
1173 3197 1348 3251 Amici
1383 3192 1692 3250 condolent.
1735 3193 1876 3247 Deus
1911 3199 2090 3244 tamen
2117 3191 2359 3258 benigni-

2464 3195 2594 3250 λύω.
2626 3197 2688 3248 Οἱ
2719 3194 2862 3263 φίλοι
2896 3193 3237 3264 συνέχονται·
3277 3196 3306 3246 6
3341 3193 3396 3245 δὲ
3429 3193 3562 3257 Θεὸς
3609 3195 3784 3265 οἰκείᾳ
3808 3194 4072 3266 εὐμενείᾳ

772 3303 885 3346 tate
916 3306 1015 3346 sua
1048 3289 1216 3343 vitam
1249 3287 1506 3358 largitur.
1537 3282 1846 3348 Convaluit,
1895 3280 2246 3336 evolvitnrex
2278 3280 2361 3333 in-

771 3383 962 3445 fantia.
989 3381 1216 3446 Crescit,
1257 3377 1316 3432 fit
1341 3376 1607 3442 adultior;
1646 3373 1887 3442 magistri
1924 3371 2054 3425 varii
2088 3384 2390 3424 assumem-

774 3465 882 3540 tur,
935 3482 992 3528 et
1043 3485 1142 3542 pro
1199 3469 1377 3526 aetatis
1433 3481 1722 3538 progressu
1777 3465 2033 3542 eruditur
2066 3461 2361 3517 secundum

774 3539 961 3621 mundi
1010 3539 1487 3620 consuetudinem.
1547 3556 1846 3612 Jttvettiletn
1897 3539 2108 3610 atatem
2160 3551 2360 3622 attigit,

772 3655 1094 3728 copulandis
1137 3652 1341 3722 nuptiis
1384 3649 1654 3703 idoneam.
1689 3644 1852 3700 Pater
1881 3644 2011 3714 ejus
2037 3657 2226 3698 rursus
2260 3654 2368 3694 nu-

775 3748 1036 3819 ptialibus
1087 3745 1235 3799 curis
1281 3751 1609 3808 occupatur;
1665 3749 1852 3808 parata
1883 3737 2087 3798 omnia,
2145 3744 2368 3803 paratus

777 3839 1072 3904 thalamus,
1111 3846 1168 3890 et
1219 3849 1348 3889 ecce
1407 3846 1555 3886 mors
1597 3831 1814 3898 inopina
1847 3828 2104 3898 juvenem
2144 3827 2364 3895 abripit.

777 3933 1008 3989 Subitus
1039 3943 1169 4000 ergo
1200 3926 1410 3998 parenti
1455 3925 1608 3978 dolor
1639 3933 1692 3977 et
1720 3919 2099 3976 intolerabilis.
2134 3916 2370 3972 Eﬂ'ertnr

773 4025 1013 4095 juvenis,
1040 4023 1169 4078 hinc
1194 4021 1372 4074 luctus
1393 4025 1447 4072 et
1480 4016 1746 4083 eiulatus;
1777 4024 1931 4083 pater
1956 4012 2021 4066 ad
2060 4009 2368 4078 sepulcrum

776 4117 1131 4188 progrediens
1157 4113 1416 4184 gemitum
1455 4119 1676 4180 pectore
1719 4108 1958 4169 mittens,
1993 4104 2245 4157 manibus
2271 4116 2366 4154 ca-

780 4219 873 4280 put
924 4207 1178 4270 srabens,
1207 4205 1414 4256 vultum
1468 4199 1726 4253 Vellicans
1755 4207 1808 4250 et
1846 4196 2176 4266 percutiens,
2218 4190 2364 4244 lien!

779 4302 913 4357 lien!
959 4296 1301 4353 continenter
1331 4293 1551 4346 clamat.
1597 4291 1772 4358 Atque
1815 4289 1914 4341 hoc
1958 4286 2099 4338 luctu
2133 4285 2370 4351 graviter

780 4391 1035 4453 amictus,
1069 4384 1433 4456 periculosum
1463 4381 1516 4435 in
1547 4379 1796 4434 morbum
1828 4391 1970 4445 tta-pe
1998 4373 2209 4434 incidit,
2241 4387 2369 4441 pan-

781 4483 1040 4551 latimqne
1090 4484 1463 4546 consumptus,
1517 4480 1744 4527 mortem
1807 4469 2062 4535 deinceps
2119 4465 2220 4518 sibi
2285 4464 2368 4516 in-
2400 4509 2446 4566 υ

672 4579 678 4590 '
781 4585 958 4630 vocat.

858 4663 964 4718 VII.
1000 4660 1224 4723 Discite,
1250 4673 1281 4711 ο
1323 4656 1435 4711 Deo
1463 4650 1804 4708 dilectissimi
1839 4652 2114 4709 monactti,
2145 4646 2367 4715 quantis

780 4771 879 4811 vos
903 4756 1050 4810 curis
1064 4752 1316 4806 Christus
1337 4745 1648 4816 expedivit!
1679 4743 1871 4798 discite
1893 4751 2122 4811 quantas
2157 4739 2367 4793 vitastis

781 4843 1158 4903 calamitates!
1197 4839 1390 4895 discite
1413 4837 1557 4906 quod
1588 4835 1709 4888 vitae
1744 4848 1913 4903 genus
1945 4833 2173 4900 ingressi
2197 4831 2361 4886 estis!

785 4936 920 4992 Nam
960 4942 1140 4988 vestra
1175 4927 1519 4985 conversatio
1566 4924 1808 4995 angelica
1861 4932 1965 4979 est.
2008 4919 2178 4976 Sicuti
2219 4924 2364 4975 enim

784 5043 908 5083 cum
962 5025 1162 5079 mortui
1213 5019 1632 5081 resurrexerint,
1685 5017 1738 5070 hi
1781 5030 1940 5084 neque
1978 5012 2169 5067 nubent
2202 5030 2366 5081 neque

785 5119 1071 5180 nubenmr,
1120 5114 1209 5168 sed
1241 5113 1378 5167 sicut
1432 5109 1608 5179 angeli
1645 5108 1701 5161 in
1753 5107 1882 5161 cmlo
1917 5105 2054 5175 justi
2087 5106 2271 5175 degent
2299 5106 2368 5170 ⁸⁷,

786 5208 866 5262 sic
894 5216 948 5261 et
989 5206 1132 5260 hanc
1178 5203 1460 5258 convictus
1494 5199 1760 5254 rationem
1804 5199 1996 5261 secuti,
2036 5195 2249 5251 fervore
2281 5211 2371 5248 ve-

787 5311 903 5358 stro
927 5315 1040 5357 rem
1074 5297 1313 5352 futuram
1343 5292 1783 5366 prmoccupastis.
1818 5289 1950 5355 Quis
1984 5304 2112 5356 ergo
2139 5303 2232 5341 vos
2263 5305 2366 5342 non

788 5395 975 5447 beatos
1028 5386 1374 5458 deprzdicet,
1401 5385 1490 5454 qui
1517 5383 1685 5437 vitam
1729 5382 1864 5435 adeo
1912 5378 2370 5433 sollicittnlinibus

791 5497 1017 5537 vacuam
1043 5477 1319 5550 elegistis?
1344 5477 1476 5542 Quis
1509 5485 1742 5529 vestram
1771 5473 1822 5527 in
1848 5472 2050 5525 eventis
2088 5487 2190 5523 non
2227 5480 2371 5523 antet

793 5572 998 5629 vitam?
1019 5572 1150 5638 Quis
1173 5568 1616 5639 tranquillitatem
1643 5567 1780 5620 lianc
1799 5573 2033 5618 vestram
2057 5577 2160 5615 non
2190 5561 2370 5616 discu-

861 5782 909 5815 ⁶⁸
951 5780 1107 5838 Prov.
1141 5799 1228 5841 xv.
1263 5786 1346 5840 Π.
1430 5787 1471 5818 ³·
1524 5784 1704 5842 Eccle.
1744 5797 1796 5846 v,
1842 5782 1928 5838 tl.

2467 3289 2612 3359 ζωὴν
2643 3286 2895 3359 παρέχει·
2931 3286 3151 3353 ὑγίανεν
3191 3285 3252 3339 τὸ
3286 3286 3519 3348 παιδίον,
3559 3286 3788 3357 προέϐη,
3825 3287 4072 3356 ἐμηκύν-

2468 3381 2558 3451 θη,
2589 3380 2805 3448 ἐγένετο
2849 3379 2998 3441 παῖς·
3033 3376 3348 3430 διδάσκαλοι
3373 3376 3563 3429 τοῦτον
3589 3376 3833 3448 διάφοροι
3880 3393 4071 3446 παρα-

2465 3470 2859 3542 λαμϐάνουσιν,
2892 3467 2986 3522 καὶ
3003 3468 3124 3520 ὅσον
3156 3467 3441 3538 προϐαίνει
3470 3467 3786 3520 παιδεύεται
3812 3467 3959 3520 κατὰ
3982 3468 4074 3521 τὸν

2467 3563 2693 3633 κόσμον·
2734 3562 2853 3624 νέος
2884 3560 3069 3613 λοιπὸν
3119 3559 3356 3628 ἐγένετο,
3407 3558 3667 3630 ἁρμόδιος
3703 3559 3841 3630 πρὸς
3880 3562 4067 3630 γάμου

2471 3652 2776 3707 συνουσίαν·
2829 3653 2857 3703 ὁ
2888 3649 3071 3721 πατὴρ
3103 3647 3269 3701 αὑτοῦ
3305 3649 3469 3702 πάλιν
3517 3649 3647 3720 περὶ
3678 3649 3878 3717 γάμων
3903 3652 4069 3717 ἀσχο-

2467 3743 2662 3796 λεῖται·
2696 3742 2890 3812 ἓτοιμα
2919 3741 3124 3802 πάντα,
3153 3740 3182 3791 6
3212 3737 3457 3809 θάλαμος
3507 3739 3748 3808 ἕτοιμος,
3782 3739 3880 3790 καὶ
3915 3741 3943 3792 6
3976 3739 4071 3792 θά-

2468 3853 2628 3898 νατος
2662 3833 2817 3903 ἄφνω
2847 3835 2938 3886 τὸν
2964 3832 3084 3886 νέον
3115 3834 3464 3903 ἀφήρπασεν·
3511 3832 3768 3902 συμφορὰ
3803 3831 4070 3900 αἰφνίδιος

2469 3927 2547 3998 τῷ
2571 3928 2739 3998 πατρί
2774 3925 3110 3996 ἀνηκέστως·
3139 3927 3168 3978 6
3197 3925 3316 3989 νέος
3367 3924 3742 3994 ὲκκομίζεται.
3773 3925 4069 3992 στεναγμοὶ

2469 4020 2654 4073 λοιπὸν
2684 4020 2778 4072 καὶ
2829 4017 3150 4088 ὀλοφυρμοὶ,
3185 4016 3315 4088 περὶ
3358 4016 3419 4068 τὸ
3463 4016 3653 4086 μνῆμα
3695 4015 4074 4088 ἀπερχόμενος

2472 4112 2614 4181 οἰμω
2629 4110 2719 4178 (ἀς
2745 4109 3004 4178 πέμπων,
3034 4109 3130 4161 καὶ
3155 4109 3274 4170 ταῖς
3313 4107 3498 4178 χερσὶν
3521 4106 3711 4176 ψοφῶν
3753 4107 3854 4177 τὴν
3909 4123 4073 4175 κεφα-

2471 4201 2590 4272 λὴν,
2612 4201 2933 4271 δονούμενος
2969 4201 3065 4252 καὶ
3091 4199 3316 4253 τύπτων
3341 4200 3401 4251 τὸ
3438 4199 3750 4269 πρόσωπον,
3787 4200 3973 4268 Οῑμοι,
3997 4201 4072 4251 of-

2475 4311 2586 4362 μοι,
2628 4293 2866 4363 συνεχῶς
2903 4292 3192 4359 ἐπιλέγων·
3231 4293 3326 4345 καὶ
3371 4293 3513 4362 μάλα
3555 4293 3886 4361 δακνόμενος
3931 4292 4072 4361 ὑπὲρ

2474 4385 2573 4454 τῆς
2609 4387 2916 4455 συμφορᾶς,
2959 4385 3223 4448 πολλάκις
3269 4384 3506 4453 δυσιάτῳ
3539 4384 3861 4452 περιπίπτει
3907 4385 4070 4453 νόσῳ,

2475 4475 2571 4526 καί
2597 4476 2738 4528 κατά
2783 4478 2955 4546 βραχὺ
2990 4475 3375 4546 δαπανώμενος
3407 4475 3634 4528 θάνατον
3660 4475 3845 4527 λοιπὸν
3877 4477 4072 4528 ἐπικα-

2473 4564 2645 4617 λεῖται

2545 4659 2619 4710 Ζ’.
2653 4657 2895 4719 Μάθετε,
2929 4651 2972 4709 ὦ
3001 4657 3320 4729 τιμιώτατοι
3351 4656 3474 4728 Θεῷ
3515 4659 3862 4728 μονάζοντες,
3892 4660 4074 4713 πόσων

2478 4747 2622 4817 ὑμᾶς
2654 4749 3028 4818 περιστάσεων
3061 4749 3295 4819 Χριστὸς
3321 4748 3714 4819 ἠλευθέρωσεν·
3752 4751 3958 4820 μάθετε
3985 4752 4076 4803 πό-

2479 4855 2577 4901 σας
2615 4839 2904 4908 συμφοράς
2957 4841 3307 4911 ἐκερδάνατε·
3358 4842 3532 4909 γνῶτε
3573 4835 3684 4893 οἷον
3739 4841 4074 4913 μετέρχεσθε

2475 4929 2609 4998 βίον·
2659 4931 2934 4998 ἰσάγγελοί
2965 4933 3088 4984 ἐστε
3119 4935 3185 5002 τῇ
3237 4933 3505 5004 πολιτείᾳ·
3549 4933 3738 5004 ῶσπερ
3780 4931 3892 5002 γὰρ
3933 4938 3991 4987 ὲν
4011 4937 4072 5002 τῇ

2473 5021 2766 5074 ἀναστάσει
2782 5021 2889 5074 τῶν
2903 5023 3112 5093 νεκρῶν
3131 5024 3270 5077 οὔτε
3287 5024 3730 5092 ταμοῦσινοῦτε
3755 5027 4077 5094 γαμίσκον-

2473 5129 2589 5175 ται,
2605 5113 2743 5166 ἀλλ’
2762 5115 2841 5180 ὡς
2865 5113 3111 5184 ἄγγελοί
3125 5118 3285 5170 εἰσιν
3305 5116 3374 5171 ὲν
3390 5114 3628 5184 οὐρανῷ
3641 5119 3694 5171 οἰ
3718 5117 3968 5171 δίκαιοι·
3986 5118 4075 5171 τὸν

2475 5205 2637 5258 αὐτὸν
2660 5205 2860 5274 τρόπον
2883 5206 2978 5258 καὶ
3009 5207 3166 5276 ὑμεῖς
3183 5207 3324 5262 οὕτω
3344 5208 3815 5279 συμϐιοτεύοντες,
3838 5212 4075 5279 πρ>ελάο

2477 5294 2600 5348 ϐετε
2629 5296 2704 5366 τῷ
2736 5297 2886 5368 πόθῳ
2933 5297 2995 5350 τὸ
3035 5299 3312 5370 ἐσόμενον·
3355 5298 3439 5362 τίς
3469 5300 3648 5352 τοίνυν
3683 5299 3784 5352 οὐκ
3813 5300 3879 5352 ἂν
3932 5303 4073 5371 ὑμᾶς

2479 5387 2837 5457 μακαρίσειεν
2882 5391 3296 5461 ἀπερίσπαστον
3325 5390 3615 5461 ἑλομένους
3659 5390 3804 5459 βίονς
3837 5393 3929 5454 τίς
3977 5395 4073 5445 οὐκ

2475 5477 2542 5530 ἂν
2576 5477 3059 5549 ἀποδέξοιτοῦμῶν
3090 5481 3187 5552 τὴν
3214 5482 3271 5536 ὲν
3305 5483 3532 5552 ἐρήμοις
3579 5479 3789 5533 δίαιταν
3812 5498 3826 5546 ;
3853 5484 3942 5545 τίς
3975 5484 4071 5534 οὐκ

2475 5567 2540 5619 ἂν
2582 5568 2736 5638 ὑμῶν
2771 5569 3023 5642 ποθήσειε
3055 5571 3152 5642 τὴν
3185 5572 3442 5642 ἡσυχίαν;
3496 5569 3856 5643 βουλευτήρια
3891 5572 3952 5626 ὲν
3981 5572 4070 5626 πό-

2007 5782 2049 5813 "
2086 5779 2279 5836 Slat'lt.
2312 5795 2447 5847 I\'|l,
2485 5779 2574 5834 ‘20.
