4220 6316
194 386 300 441 935

1191 385 1250 441 S.
1293 384 1700 444 SERAPIONIS
1745 384 1960 440 EPIST.
2015 385 2106 442 AD
2145 385 2450 444 MONACH.

3361 393 3464 450 στι

193 502 339 553 λεσιν
368 502 772 573 συγκροτεῖται,
803 503 897 554 καὶ
927 503 1182 574 ζητήσεις
1205 505 1333 576 περὶ
1382 504 1679 568 πολιτείας·
1703 503 1772 567 τίς

1889 504 2038 574 piat?
2065 505 2302 562 Consilia
2350 506 2404 560 in
2453 504 2762 560 civitatibus
2793 508 3088 577 agitantur,
3118 515 3166 562 et
3200 509 3266 563 de
3305 513 3473 567 rebu-

187 593 479 664 ὀρχηστῶν
510 595 605 647 καὶ
630 593 942 664 μιμολόγων
969 595 1065 648 καὶ
1094 596 1345 665 αὐλητῶν
1379 597 1649 668 ἐμπλήσει
1684 611 1784 663 γα-

193 687 424 757 στέραςς
449 686 534 751 τίς
557 686 816 758 ἀθέσμοις
845 687 1104 761 θεωρίαις
1137 689 1232 742 καλ¹
1267 689 1524 761 ματαίαις
1554 686 1781 741 κενώσει

188 777 284 830 τὸν
301 778 530 831 πλοῦτον
547 796 562 844 ;
587 781 683 832 καὶ
703 779 804 849 τῆς
825 779 1032 834 τούτων
1051 779 1282 851 ἐρεύνης
1308 781 1464 849 ὑμεῖς
1486 778 1642 842 ἐκτός
1659 779 1780 830 ἐστε

191 866 283 920 διὰ
311 870 400 920 τὸν
428 869 654 940 Κύριον·
689 867 976 940 δημοσίαις
1024 869 1386 941 λειτουργίαις
1412 870 1444 942 ἢ
1477 867 1781 932 πολιτικαῖς

190 953 294 1021 οὐχ
340 953 655 1019 ύπόκεισθε,
711 956 834 1010 ούδέ
887 957 1010 1029 χεὶρ
1059 957 1357 1029 φορολόγου
1402 957 1574 1030 θύραν
1635 958 1780 1022 τινὸς

191 1043 352 1113 ὑμῶν
397 1045 583 1116 κρούει
618 1046 704 1100 ἵνα
729 1047 879 1112 τέλος
902 1048 1306 1119 καταδράσητε·
1331 1049 1507 1112 οὐδεὶς
1542 1047 1688 1118 ὑμᾶς
1721 1049 1780 1100 ἐν

190 1139 519 1208 πραιτωρίῳ
542 1138 710 1204 ἐλκει,
749 1134 838 1193 οἷα
870 1139 1180 1211 συμϐαίνει,
1206 1141 1320 1195 ἀλλ’
1345 1141 1466 1195 οὐδὲ
1493 1141 1779 1211 δεσμωτή-

189 1244 311 1301 ριον
335 1229 586 1299 οἰκήσετε
630 1230 1148 1302 συκοφαντούμενοι,
1192 1232 1306 1285 ἀλλ’
1335 1232 1457 1286 οὐδὲ
1488 1232 1701 1295 κλοιοὺς
1729 1231 1779 1284 οί

188 1319 357 1383 πόδες
383 1320 534 1391 ὑμῶν
579 1322 842 1389 δέξονται,
892 1325 1388 1394 συκοφαντούμενοι
1431 1327 1643 1397 μεγάλα
1691 1326 1780 1380 ῖνα

185 1410 425 1481 δημόσια
490 1415 753 1486 χρήματα
811 1417 1182 1485 καταϐάλητε·
1219 1420 1340 1472 οὐδὲ
1390 1417 1674 1482 καλωδίοις
1721 1419 1778 1472 αί

185 1505 369 1573 χεῖρες
401 1505 554 1574 ὑμῶν
582 1505 898 1578 δεθήσονται
936 1509 1004 1562 δι’
1053 1509 1248 1581 ἑτέραν
1277 1509 1400 1563 τινὰ
1433 1509 1774 1583 περίστασιν·

186 1591 537 1658 στρατιωτῶν
567 1592 912 1665 διασεισμοὺς
939 1597 1038 1649 οὐκ
1062 1596 1259 1663 οἴδατε,
1288 1598 1402 1651 ἀλλ’
1435 1599 1553 1652 ούδέ
1575 1599 1778 1666 ταξεω-

182 1678 296 1731 τῶν
327 1680 668 1754 ἀπάνθρωπα
699 1685 976 1756 κωμῴδια·
996 1687 1095 1740 οὐκ
1112 1689 1403 1760 ἐμπορίαις
1425 1689 1774 1762 μετέρχεσθε,

186 1769 277 1823 ῖνα
307 1775 428 1836 ταῖς
485 1775 794 1846 ἐπιορκίαις
827 1777 1058 1832 πλοῦτον
1089 1779 1374 1851 συνάξητε,
1421 1782 1772 1852 ἐπιστάμενοι

1887 594 2107 650 urbanis
2161 596 2616 665 disceptationes;
2649 595 2771 665 quis
2810 597 3059 665 saltator,
3102 609 3196 653 aut
3244 601 3463 667 mimus,

1882 687 1976 732 aut
2033 678 2281 743 anlmdus
2318 688 2536 733 ventres
2596 679 2870 749 implebit?
2903 682 3023 751 quis
3076 683 3324 753 turpibus
3373 699 3472 740 va-

1883 768 2036 823 nisve
2067 767 2395 837 spectaculis
2440 782 2572 838 opes
2619 769 2900 824 absumet?
2944 769 3042 827 His
3085 788 3301 844 quoque
3333 790 3469 830 con-

1881 855 2263 912 sultationibus
2310 871 2403 912 vos
2463 866 2686 926 propter
2746 856 3031 914 Dominum
3084 861 3244 918 alieni
3306 865 3464 930 estis,

1881 948 2079 1017 quippe
2126 947 2354 1018 publicis
2404 958 2497 1001 aut
2540 950 2758 1005 urbanis
2799 952 3117 1009 ministeriis
3159 955 3461 1020 immunes;

1883 1055 2057 1109 neque
2082 1055 2271 1095 manus
2299 1041 2570 1094 exactoris
2590 1040 2733 1096 fores
2755 1050 2965 1098 vestras
2994 1043 3188 1113 pulsat,
3213 1056 3269 1102 ut
3293 1049 3471 1103 vecti-

1883 1132 1969 1202 gal
1997 1131 2250 1199 solvatis;
2303 1147 2463 1186 nemo
2509 1148 2602 1188 vos
2653 1133 2706 1187 itt
2742 1137 3074 1207 praetorium,
3105 1151 3164 1196 ut
3213 1142 3292 1205 lit,
3348 1157 3473 1210 per-

1883 1225 2069 1290 trabit,
2104 1238 2278 1293 neque
2306 1238 2556 1279 carceres
2583 1227 2872 1283 calumniis
2911 1231 3268 1287 circumventi
3305 1235 3460 1289 inco-

1880 1314 2012 1383 litis,
2044 1330 2216 1385 neque
2267 1315 2445 1371 ferrea
2474 1319 2733 1388 compede
2762 1322 3086 1390 gravamitti,
3115 1327 3303 1396 grandi
3352 1327 3461 1381 cri-

1881 1408 2044 1469 mine,
2077 1418 2202 1476 puta
2237 1408 2304 1462 de
2335 1411 2664 1478 repetundis,
2696 1412 2924 1480 pulsati;
2953 1429 3126 1484 neque
3153 1417 3306 1472 vobis
3345 1433 3459 1472 ma-

1880 1511 1982 1560 nus
2013 1495 2307 1565 quamlibet
2334 1496 2492 1552 aliam
2524 1499 2592 1553 ob
2620 1515 2838 1556 causam
2869 1504 3205 1560 vinciuntur:
3231 1507 3462 1563 militum

1877 1587 2264 1642 concussiones
2315 1603 2418 1642 non
2452 1589 2720 1656 patimini,
2751 1606 2927 1661 neque
2968 1595 3334 1663 apparitorum
3372 1597 3460 1650 in-

1878 1681 2143 1735 humanas
2170 1681 2565 1753 exagitationes
2593 1700 2610 1738 :
2642 1696 3003 1740 mercaturam
3034 1703 3136 1742 non
3168 1691 3459 1754 exercetis,

1879 1780 1937 1824 nt
1978 1772 2229 1841 periuriis
2280 1788 2409 1842 opes
2458 1774 2777 1842 cumuletis;
2811 1778 2946 1831 satis
2977 1780 3130 1848 gnari
3191 1782 3458 1848 potiorem

183 1865 440 1932 κρεῖσσον
468 1863 646 1934 ὀλίγον
675 1866 754 1938 τῷ
775 1867 963 1940 δικαίῳ
997 1871 1138 1943 ὑπὲρ
1177 1872 1405 1927 πλοῦτον
1436 1876 1772 1946 ἁμαρτωλῶν

1875 1870 1994 1917 esse
2021 1879 2131 1917 rem
2169 1874 2384 1918 tenuem
2428 1865 2585 1934 justi,
2632 1882 2792 1936 quam
2845 1870 3063 1925 divitias
3109 1883 3456 1939 peccatorum

183 1954 376 2007 πολύν·
405 1953 767 2023 ’καθεύδοντας
801 1961 948 2032 ὑμᾶς
980 1962 1264 2033 δανειστὴς
1280 1965 1380 2018 οὐκ
1413 1965 1769 2031 ἐξυπνίσειεν,

181 2047 537 2117 γραμμάτιον
593 2051 888 2123 ἐπιφέρων,
946 2053 1068 2106 ούδέ
1122 2054 1399 2121 λιὸέλλους
1451 2059 1576 2113 καθ’
1619 2060 1772 2130 ὑμῶν

181 2138 404 2208 γράψας
454 2145 675 2213 ἀρχοντι
732 2147 1097 2217 παρέστησεν·
1161 2148 1280 2202 ούδέ
1337 2149 1542 2221 πλῆθος
1597 2153 1772 2204 τόκων

181 2230 577 2301 ἀπαιτούμενοι
598 2235 916 2299 ἐστενάξατε
931 2250 944 2265 ·
969 2236 1084 2290 ἀλλ’
1105 2238 1224 2292 οὐδὲ
1248 2239 1515 2294 θάλατταν
1529 2242 1772 2296 δεδοίκα-

180 2338 262 2406 τε,
300 2323 376 2393 μὴ
407 2322 603 2394 ἁθρόον
649 2327 963 2398 χειμάσασα
1010 2329 1264 2384 ἀπολέσει
1313 2331 1403 2385 τὸν
1437 2332 1655 2402 φόρτον,
1678 2335 1774 2387 καὶ

181 2415 354 2484 πένης
385 2419 729 2490 παραχρῆμα
753 2421 780 2472 ό
810 2419 1061 2484 πλούσιος
1090 2422 1306 2495 εὑρεθῇ.

253 2592 338 2646 ιιι.
387 2594 572 2648 Ταῦτα
610 2596 704 2650 τοῦ
743 2595 858 2666 βίον
889 2597 960 2650 τὰ
994 2597 1424 2669 ἐπιτηδεύματα,
1456 2595 1634 2654 ταῦτα
1678 2600 1771 2654 τοῦ

181 2678 301 2754 βίου
331 2686 399 2740 τὰ
421 2688 740 2759 πράγματα,
771 2691 943 2744 ταῦτα
973 2694 1026 2744 oi
1049 2692 1212 2762 γάμῳ
1247 2691 1609 2761 συναφθέντες
1639 2694 1771 2746 ὑπο-

181 2780 460 2849 μένουσιν·
487 2784 643 2852 ὑμεῖς
670 2783 725 2837 δέ
741 2785 796 2836 ἐν
813 2786 1006 2856 ἐρήμῳ
1030 2786 1427 2856 άπερίσπαστοι
1455 2785 1768 2850 διατελεῖτε,

181 2871 349 2942 μόνου
397 2872 652 2944 λαμπροῦ
686 2872 803 2943 βίου
846 2874 1288 2944 ἐπιμελούμενοι·
1321 2873 1366 2926 ῶ
1409 2873 1584 2945 πόσης
1607 2875 1771 2944 τιμῆς

179 2961 458 3033 ὑπεροχὴν
512 2962 626 3033 ἔχει
674 2963 734 3016 τὸ
784 2963 940 3032 ἅγιον
971 2965 1066 3017 καὶ
1100 2963 1244 3035 ἱερὸν
1275 2963 1430 3042 ὑμῶν
1478 2963 1698 3034 σχῆμαῑ
1725 2963 1771 3015 ὣ

179 3055 357 3124 πόα-ης
395 3054 620 3118 εὐωδίας
668 3055 1047 3126 πνευματικῆς
1087 3055 1272 3108 πνέειι
1327 3055 1372 3108 ὣ
1397 3055 1625 3126 πηλίκον
1676 3053 1768 3107 τοῦ

178 3145 604 3214 ἐπαγγέλματος
653 3147 1022 3217 ἐψηφίσασθεῐ
1075 3145 1231 3214 λόγος
1260 3147 1432 3209 οὐδεὶς
1464 3147 1768 3217 ἀνυμνῆσαι

175 3239 436 3292 δύναταιι
468 3238 514 3291 ὣ
546 3239 873 3310 ἐπάγγελμα
895 3239 1125 3311 ούρανοῦ
1151 3239 1489 3309 άπτόμενονῑ
1521 3238 1565 3291 ῶ
1594 3239 1769 3308 ἐπάγ-

176 3331 363 3402 γελμα
416 3331 536 3403 Θεῷ
585 3333 1019 3403 συναπτόμενονε
1067 3331 1112 3384 ὣ
1145 3331 1473 3402 ἐπάγγελμα
1519 3331 1770 3400 ἀγγέλοις

175 3423 668 3494 ἐξεικονιζόμενονί
710 3423 756 3476 ὣ
785 3423 1110 3494 ἐπάγγελμα
1158 3423 1222 3476 τὸ
1261 3423 1379 3475 κατ’
1415 3423 1598 3476 εἰκόνα
1632 3421 1767 3474 Θεοῦ

172 3514 386 3580 σῶζον*
418 3513 463 3567 ὣ
493 3514 817 3583 ἐπάγγελμα
847 3513 967 3584 Θεῷ
984 3515 1328 3584 παρεστηκός
1347 3514 1359 3565 !
1379 3513 1423 3566 ὣ
1446 3513 1769 3584 ἐπάγγελμα

175 3605 298 3676 Θεῷ
349 3603 708 3676 τιμιώτατονῑ
765 3606 811 3660 ῶ
859 3607 1184 3677 ἐπάγγελμα
1234 3607 1301 3658 δι’
1351 3603 1411 3660 οὗ
1472 3605 1703 3671 σώζεται
1742 3609 1770 3659 ό

177 3700 419 3769 κόσμοςῑ
470 3699 646 3768 ’Υμᾶς
669 3715 752 3761 τις
787 3698 1130 3769 μακαρίζων,
1177 3699 1402 3762 δικαίως
1437 3698 1502 3751 ἃν
1546 3698 1770 3765 λέξειεν,

176 3791 472 3860 Μακάριοι
525 3795 580 3845 οι
629 3791 853 3861 ἄμωμοι
901 3792 969 3844 ἐν
1001 3790 1137 3856 ὀδῷ,
1189 3794 1243 3844 οἱ
1283 3791 1669 3860 πορευόμενοι
1703 3791 1773 3845 ἐν

173 3885 344 3953 νόμῳ
363 3885 603 3952 Κυρίου·
632 3883 822 3937 τοῦτον
847 3883 954 3954 γὰρ
981 3882 1073 3935 τὸν
1091 3883 1256 3954 νόμον
1285 3882 1615 3953 μελετῶντες
1636 3882 1774 3954 ήμέέ

177 3995 280 4051 ρας
306 3979 400 4031 καὶ
433 3979 647 4040 νυκτὸς,
669 3978 749 4043 ὡς
769 3977 836 4031 τὸ
865 3977 1058 4042 ξύλον
1084 3975 1150 4028 τὸ
1181 3975 1637 4044 πεφυτευμένον
1663 3991 1776 4027 πα-

172 4069 252 4136 ρὰ
280 4069 390 4134 τὰς
429 4065 738 4132 διεξόδους
768 4065 886 4120 τῶν
917 4064 1176 4126 ὑδάτων,
1197 4063 1229 4117 ὃ
1259 4064 1366 4117 τὸν
1400 4064 1636 4132 καρπὸν
1667 4065 1774 4118 αὐ-

177 4159 283 4212 τοῦ
312 4157 492 4210 δώσει
521 4157 590 4209 ἑν
621 4154 803 4224 καιρῷ
832 4155 1041 4214 αὑτοῦ,
1084 4154 1269 4208 καὶτὸ
1316 4155 1556 4222 φύλλον
1587 4152 1771 4207 αὑτοῦ

176 4252 289 4303 οὐκ
318 4247 788 4316 ἀποῤῥυήσεται,
826 4248 926 4301 καὶ
958 4247 1153 4300 πάντα
1191 4247 1308 4300 ὅσα
1335 4245 1412 4300 ἂν
1453 4246 1614 4300 ποιεῖ
1636 4262 1774 4298 κατ-

177 4340 636 4405 ευοδωθιξσεται·
680 4341 822 4393 οὕτω
869 4341 1048 4393 τοίνυν
1096 4339 1577 4411 καρποφοροῦντες
1629 4339 1771 4408 λόγῳ

179 4434 274 4486 καὶ
305 4432 455 4503 ἔργῳ
484 4430 1098 4504 παρρησιαστικώτερον
1138 4431 1364 4485 δύνασθε
1417 4431 1594 4500 λέγειν
1628 4430 1766 4501 Θεῷ·

1878 1955 2089 2008 multas.
2128 1955 2469 2012 Dortnicntes
2507 1973 2603 2014 vos
2639 1959 2912 2016 fenerator
2960 1977 3062 2016 non
3103 1964 3301 2017 excitat
3329 1964 3459 2018 alla-

1878 2047 1945 2100 tis
1965 2047 2311 2116 syngraphis,
2343 2061 2517 2114 neqne
2551 2047 2746 2101 oblatis
2791 2051 3006 2118 prtetori
3054 2050 3248 2107 libellis
3278 2055 3329 2107 in
3369 2054 3457 2124 iu-

1877 2136 2072 2189 dicimn
2103 2151 2197 2190 vos
2245 2137 2503 2207 appellat,
2556 2154 2656 2194 nec
2699 2155 2892 2195 usuras
2927 2143 3172 2213 ingentes
3204 2146 3457 2214 postulati

1876 2228 2267 2298 ingemiscitis;
2326 2231 2420 2284 sed
2472 2246 2646 2300 neque
2694 2248 2843 2286 mare
2887 2233 3215 2300 formidatis,
3257 2253 3324 2292 ne
3369 2254 3457 2294 re-

1875 2330 2035 2390 pente
2101 2331 2420 2392 tempestate
2481 2325 2808 2379 commntum
2858 2342 3092 2382 mercem
3146 2329 3455 2397 absorbeat,

1873 2420 1927 2465 et
1984 2428 2190 2484 pauper
2240 2415 2422 2470 subito
2466 2415 2902 2486 deprehendatur
2959 2418 3052 2488 qui
3087 2419 3293 2476 divitiis
3341 2421 3460 2493 polo

1874 2503 2047 2560 lebat.

1949 2593 2079 2649 Vlll.
2114 2595 2204 2651 Ha:
2241 2607 2366 2652 sunt
2411 2597 2694 2653 mundana:
2721 2609 2845 2655 vita
2879 2602 3288 2669 sollicitudines,
3342 2604 3459 2659 lucc

1882 2688 2197 2756 quotidiana
2247 2689 2481 2759 negotia,
2519 2689 2633 2744 haec
2673 2690 2747 2744 illi
2780 2691 3052 2747 sustinent
3077 2695 3168 2763 qui
3207 2693 3460 2764 coniugio

1877 2782 2208 2836 vinciuntur.
2236 2779 2345 2837 Vos
2372 2792 2552 2837 autem
2582 2783 2635 2837 in
2668 2799 2854 2840 eremo
2885 2785 3045 2840 nullis
3084 2785 3232 2840 euris
3256 2787 3458 2840 distra-

1873 2874 1944 2925 cti
1981 2872 2293 2936 versamini,
2353 2873 2418 2927 de
2472 2873 2594 2928 vitae
2633 2883 2839 2928 tantum
2876 2877 3108 2944 puritate
3143 2877 3379 2931 solliciti.
3407 2878 3457 2934 Ο

1870 2981 2032 3034 quatit
2070 2967 2217 3020 omni
2248 2967 2420 3035 pretio
2445 2965 2617 3036 major
2647 2977 2730 3022 est
2760 2976 2937 3022 vester
2957 2969 3042 3023 hic
3075 2980 3456 3024 sacrosanctus

1875 3057 2121 3111 habitttsi
2167 3069 2424 3126 quantum
2488 3060 2694 3114 redolet
2733 3062 3050 3115 suavitatem
3106 3061 3448 3130 Spititaletn!

1875 3149 2042 3215 Quale
2101 3161 2472 3220 quantumque
2527 3151 2852 3220 promissum
2910 3152 3253 3214 exhibuistis,
3309 3152 3456 3205 nulla

1875 3243 2047 3294 oratio
2076 3241 2207 3294 satis
2237 3238 2515 3294 celebrare
2536 3239 2699 3294 valet.
2729 3239 2776 3294 0
2799 3242 3124 3310 promissum
3144 3243 3296 3296 omni
3325 3259 3454 3296 cura

1874 3332 2133 3386 liberum!
2167 3346 2197 3386 ο
2230 3333 2554 3400 promissum
2606 3332 2801 3386 cwlum
2832 3333 3003 3402 ipsum
3034 3335 3326 3403 attingens,
3351 3337 3459 3390 Deo

1871 3424 2256 3492 promissorem
2291 3423 2566 3493 copulans,
2607 3433 2661 3478 et
2716 3423 3026 3493 angelorum
3078 3425 3306 3479 similem
3346 3426 3461 3481 εω.

1872 3513 2053 3567 ciens!
2082 3511 2126 3567 Ο
2156 3513 2504 3580 promissum,
2540 3513 2681 3579 quod
2712 3514 2764 3566 in
2799 3515 3012 3567 homine
3037 3513 3131 3568 Dei
3169 3516 3456 3584 imaginem

1874 3619 2182 3669 conservat,
2217 3606 2603 3675 hominemque
2635 3607 2700 3659 ad
2739 3607 2904 3660 Deum
2951 3609 3206 3661 adducit!
3258 3607 3303 3662 0
3330 3625 3458 3679 pro-

1877 3698 2098 3751 missum
2131 3713 2311 3752 coram
2374 3696 2483 3752 Deo
2538 3699 3016 3766 pretiosissimum!
3051 3699 3093 3755 Ο
3127 3685 3454 3769 promissum

1875 3777 2106 3857 denique
2150 3788 2306 3858 cujus
2355 3789 2522 3858 gratia
2575 3789 2805 3844 mundus
2863 3791 3141 3845 servatur!
3202 3789 3459 3860 Quisquis

1875 3892 2109 3933 vestram
2135 3880 2520 3934 beatitudinem
2554 3879 2888 3948 praedicabit,
2923 3892 3070 3936 recte
3099 3880 3272 3936 dicet:
3301 3882 3454 3936 Beati

1873 3972 2196 4024 immaculati
2249 3971 2301 4024 in
2335 3971 2436 4034 ria,
2478 3974 2565 4040 qui
2599 3970 2869 4024 ambulant
2901 3973 2954 4024 in
2985 3971 3092 4042 lege
3147 3974 3358 4028 Domini
3385 3975 3454 4030 ⁸³.

1877 4064 1951 4117 De
1982 4063 2082 4117 hac
2121 4063 2263 4116 enim
2306 4062 2422 4131 lege
2466 4063 2554 4116 diu
2592 4075 2861 4132 noctuque
2903 4065 3248 4130 meditantes,
3288 4067 3454 4119 instar

1872 4155 2076 4208 arboris
2104 4155 2256 4209 eritis
2299 4154 2527 4222 plantati
2567 4171 2711 4208 secus
2745 4157 2994 4210 decursus
3025 4173 3306 4226 aquarum.
3336 4175 3454 4227 quo:

1872 4248 2102 4316 fructum
2145 4247 2415 4315 proliriunt
2443 4248 2588 4299 dabit
2621 4258 2846 4315 tempore
2874 4266 2990 4313 suo,
3025 4261 3071 4302 et
3119 4250 3306 4319 folium
3336 4251 3454 4317 ejus

1874 4355 1975 4391 non
2005 4338 2227 4401 decidet,
2257 4347 2305 4391 et
2345 4337 2600 4407 quidquid
2630 4338 2829 4405 fecerit,
2873 4339 3094 4408 feliciter
3120 4345 3357 4393 succedet
3385 4341 3451 4392 “.

1876 4428 1966 4484 Sic
1985 4445 2112 4499 ergo
2146 4429 2326 4484 verbis
2365 4439 2418 4484 ct
2453 4444 2617 4499 opere
2661 4429 3068 4494 fructilit-antes,
3096 4434 3457 4485 conlidenlitts

177 4526 502 4594 Κατασήτω
553 4525 878 4594 ἁδελφιδός
897 4543 1018 4594 μου
1065 4527 1152 4590 εὶς
1184 4524 1384 4593 κῆπον
1412 4525 1623 4588 αὑτοῦ,
1667 4524 1763 4576 καὶ

1875 4523 2055 4576 dicere
2106 4522 2212 4575 Deo
2257 4521 2526 4589 potestis:
2582 4519 2876 4574 Descendat
2933 4523 3188 4582 patruelis
3215 4539 3355 4575 meus
3401 4525 3454 4576 in

176 4619 415 4689 ραγέτω
461 4617 696 4685 καρπὸν
747 4618 1094 4686 ἀκροδρύων
1138 4618 1346 4671 αὑτοῦ·
1380 4619 1609 4681 ἕκαστος
1658 4617 1767 4689 γὰρ

179 4712 361 4781 ὑμῶν,
406 4704 452 4763 ὦ
496 4709 840 4780 ἁξιοπόθητοι
885 4707 1005 4780 Θεῷ
1056 4709 1401 4779 μονάζοντες,
1435 4708 1614 4778 κῆπός
1646 4710 1770 4761 ἐστε

177 4800 418 4874 Χριστοῦ
457 4801 810 4856 παντοδαπῶν
860 4803 1092 4874 δένδρων
1153 4803 1270 4872 εἴδη
1320 4805 1610 4873 περιέχων,
1649 4805 1767 4864 ταῖς

177 4898 273 4951 τοῦ
309 4897 479 4967 νόμου
508 4895 774 4964 φυλακαῖς
808 4895 904 4949 καὶ
930 4895 1169 4959 ἐντολαῖς
1193 4895 1627 4966 γεωργούμενος·
1667 4895 1766 4947 οὐκ

179 4989 304 5042 ἐστέ
325 4987 532 5059 δρυμὸς
560 4987 734 5054 ξύλων
778 4989 864 5041 ἵνα
901 4988 1071 5060 ἄγρια
1114 4986 1280 5058 θηρία
1311 4989 1367 5040 ἐν
1401 4987 1531 5056 ὑμῖν
1560 4986 1764 5056 ἐνοική-

177 5100 270 5149 an,
293 5080 405 5134 τῶν
441 5079 700 5132 ἐναντίων
729 5079 1019 5150 δυνάμεων·
1042 5078 1102 5131 τὸ
1147 5077 1442 5148 αίμοόόρον
1491 5077 1763 5146 σύστημα·

177 5171 317 5226 ἀλλὰ
343 5170 454 5240 γὰρ
483 5170 658 5240 κῆπος
700 5169 1084 5240 κεκλεισμένας
1117 5168 1286 5232 λίθοις
1326 5169 1530 5240 τιμίοις
1553 5167 1653 5238 τὴν
1703 5168 1768 5219 ἐκ

178 5263 272 5316 τοῦ
311 5263 479 5334 νόμον
511 5261 755 5331 φυλακην
786 5263 880 5314 καὶ
909 5261 1230 5330 ἀσφάλειαν·
1265 5261 1346 5314 διὸ
1379 5261 1479 5314 ούκ
1516 5261 1767 5329 ἐγένεσθε

179 5357 519 5426 ζωγρὴματα
564 5353 658 5405 τοῦ
690 5353 960 5415 διαϐόλου,
1003 5354 1118 5407 ἀλλ’
1145 5353 1547 5425 ἐσαγηνεύθητε
1573 5358 1637 5424 τῇ
1669 5372 1767 5408 σα-

179 5450 324 5519 γήνῃ
352 5445 447 5499 τοῦ
482 5443 717 5516 Χριστοῦ
751 5446 814 5497 ἐκ
851 5445 953 5514 τῆς
982 5445 1233 5518 ἁλμυρᾶς
1263 5447 1355 5500 τοῦ
1391 5447 1596 5507 κόσμου
1629 5448 1754 5500 άκαο

177 5539 497 5601 ταστασίας.

248 5634 304 5678 ἓν
383 5633 442 5684 '0
480 5633 647 5690 γάμοι
676 5627 941 5684 νιυνωνῆν
974 5631 1098 5701 περὶ
1338 5631 1616 5704 μερίζεται
1663 5633 1759 5704 τὴν

247 5839 295 5873 ⁵⁸
323 5837 463 5896 Psal.
495 5853 688 5900 ενι-ιιι,
725 5838 768 5893 l.
845 5837 886 5868 ³⁵³
923 5834 1068 5892 Psal.
1097 5850 1136 5901 ι,
1160 5835 1216 5903 '2,
1251 5837 1304 5891 5.

1381 5836 1427 5868 ⁵⁸
1466 5853 1619 5892 ιλυιιι.
1653 5854 1700 5901 ν,
1739 5838 1792 5892 ί.

1873 4617 2079 4666 hortum
2111 4629 2286 4676 suum,
2312 4612 2688 4681 manducetque
2714 4612 2941 4681 {rituum
2960 4614 3297 4682 juglmtdium
3327 4631 3456 4667 sua-

1873 4723 1988 4758 rum
2024 4705 2089 4758 '°.
2129 4705 2373 4761 Vestrum
2400 4705 2544 4758 enim
2585 4707 2978 4775 tntusqttiSque,
3011 4721 3045 4759 ο
3082 4707 3276 4761 merito
3300 4708 3452 4761 chari

1873 4796 1982 4851 Deo
2029 4796 2298 4856 monachi,
2354 4795 2544 4850 hortus
2574 4795 2775 4848 Christi
2825 4796 2956 4847 estis
2996 4810 3156 4847 omne
3196 4797 3452 4849 arborum

1873 4904 2046 4958 genus
2099 4888 2402 4952 continens,
2465 4887 2598 4956 legis
2658 4897 3159 4957 praeceptorntnqne
3209 4890 3451 4950 custodia

1873 4982 2137 5036 excultus.
2172 4978 2285 5034 Non
2324 4981 2458 5036 estis
2486 4982 2737 5035 arborum
2769 4980 2940 5035 saltus
2971 4980 3022 5033 in
3060 4996 3165 5048 quo
3199 4981 3324 5035 ferte
3361 4983 3455 5036 sil-

1872 5084 2084 5141 vestres
2107 5073 2428 5138 inhabitcnt,
2445 5073 2877 5126 adversariarutn
2899 5072 3100 5126 scilicet
3123 5079 3454 5140 potestatum

1872 5176 2045 5220 uetus
2099 5163 2588 5236 sanguinolentus;
2653 5163 2748 5218 sed
2813 5163 3000 5217 hortus
3056 5163 3455 5232 circumseptus

1871 5265 2003 5318 estis
2039 5263 2290 5334 pretiosis
2324 5263 2612 5334 lapidibus,
2643 5261 2774 5333 legis
2806 5262 3061 5317 nimirum
3113 5263 3359 5316 custodia
3403 5274 3452 5316 et

1872 5355 2144 5424 przesidio.
2193 5353 2557 5419 Qnantobrem
2604 5355 2781 5423 praeda
2840 5355 3035 5408 diaboli
3089 5370 3193 5407 non
3249 5353 3452 5415 fuistis,

1874 5448 1967 5501 sed
2005 5449 2056 5500 in
2092 5447 2292 5502 Christi
2329 5462 2582 5517 sagenam
2607 5462 2672 5500 ex
2704 5462 2887 5500 amara
2916 5446 3098 5500 mundi
3136 5455 3456 5516 tempestate

1873 5539 2165 5593 incidistis.

1941 5632 2030 5686 IX.
2075 5632 2175 5697 Qui
2243 5635 2403 5687 vitam
2487 5633 2822 5706 coniugalem
2896 5642 3154 5694 sectatur,
3215 5642 3450 5686 mentem
