4220 6316
231 388 332 445 957

1222 385 1279 440 S.
1324 382 1726 441 SERAPIONIS
1765 381 1978 438 EPIST.
2021 379 2110 435 AD
2147 379 2453 436 MONACH.

3385 387 3489 442 938

236 503 338 572 σίῳ
391 499 582 572 Τριάδι
654 499 1147 570 στρατευσάμενοι·
1202 498 1540 568 στρατιώτην
1600 496 1815 567 ἰδιώτης

1927 498 2007 566 qui
2038 494 2486 550 cousubstantiali
2517 493 2770 550 Trinitali
2800 492 3064 565 stipendia
3100 498 3296 554 facilis.
3335 500 3486 554 Militi

230 592 518 663 ἄνθρωπος
546 591 647 643 ούκ
676 590 886 658 ἀπατᾷ.
929 588 1042 641 ἀλλ’
1069 589 1189 641 οὑδὲ
1220 589 1318 657 τὴν
1353 587 1625 658 ὑμετέραν
1663 587 1815 641 εὐλά-

234 685 387 736 ϐειαν
431 683 480 735 οἱ
528 679 994 752 δραπετεύσαντες
1037 680 1321 749 δαίμονες·
1367 678 1500 740 Θεὸς
1537 679 1646 750 γὰρ
1684 679 1814 746 ὑμῖν

230 773 440 845 δωρεὰς
497 772 675 834 διδοὺς
733 770 950 838 ἔλεγεν·
1007 769 1152 823 Ἰδοὺ
1215 768 1444 822 δέδωκα
1500 769 1642 837 ὑμῖν
1702 769 1817 836 τὴν

233 866 524 930 ἐξουσίαν
584 862 690 917 τοῦ
740 862 952 916 πατεῖν
997 861 1198 915 ἐπάνω
1251 861 1444 944 ὄφεων
1493 861 1589 913 καὶ
1638 876 1819 928 σκορ-

233 958 410 1020 πίων,
452 955 552 1007 καί
596 954 695 1006 ἐπὶ
735 952 941 1008 πᾶσαν
973 951 1089 1019 τὴν
1133 952 1393 1020 δύναμιν
1436 951 1542 1004 τοῦ
1574 951 1813 1020 ἐχθροῦ,

231 1051 335 1102 καὶ
376 1044 557 1101 οὐδὲν
603 1042 759 1111 ὑμᾶς
790 1046 861 1097 οὐ
887 1043 973 1112 μὴ
1025 1043 1330 1109 ἀδικήσει·
1374 1042 1475 1095 οὑκ
1521 1044 1815 1114 ἐστρατεύ-

234 1137 366 1209 θητε
401 1135 726 1206 ἀνθρωπίνῳ
771 1135 1000 1205 βασιλεῖ,
1051 1135 1137 1187 ἵνα
1181 1137 1237 1187 ὲν
1286 1133 1506 1205 πολέμῳ
1550 1133 1818 1206 θεάσησθε

229 1228 332 1290 τὰς
369 1227 476 1279 τῶν
515 1225 792 1296 ὁμογενῶν
841 1224 1145 1296 ἀνθρώπων
1187 1224 1430 1293 σφαγὰς,
1464 1223 1579 1278 ἀλλ’
1618 1226 1816 1295 ἐστρα-

229 1318 464 1388 τεύοητε
499 1317 577 1388 τῷ
616 1316 857 1388 Χριστῷ,
897 1317 983 1371 ἵνα
1011 1316 1119 1369 τῶν
1143 1317 1415 1386 δαιμόνων
1449 1316 1716 1387 Θεάσησθε
1749 1316 1820 1371 τὰ

233 1409 538 1481 πτώματα·
580 1410 692 1462 οὐδ’
729 1408 1033 1478 ἐκέκτησθε
1078 1409 1218 1462 ὅπλα
1265 1410 1328 1461 ἐκ
1367 1408 1567 1478 χαλκοῦ
1609 1409 1704 1462 καὶ
1741 1424 1819 1460 σι-

229 1500 421 1572 δήρου,
469 1500 556 1553 ἵνα
596 1501 722 1563 τοὺς
765 1498 1086 1570 ὁμοδούλους
1117 1500 1376 1569 ἀνέλητε·
1422 1498 1539 1553 ἀλλ’
1587 1498 1818 1569 ἐκτησθε

232 1590 417 1645 πίστιν
438 1590 680 1662 ίίσχυρὰν
715 1590 782 1644 δι’
810 1587 876 1661 ἦς
903 1594 932 1644 6
955 1590 1202 1654 διάϐολος
1235 1589 1635 1644 καταϐάλλεται
1655 1607 1666 1619 ·
1698 1591 1818 1643 οὐδὲ

231 1682 396 1736 πάλιν
424 1682 855 1754 ἐστρατεύσασθε
886 1681 971 1735 ἵνα
1007 1682 1235 1751 ἐκχέητε
1263 1679 1402 1751 αἷμα
1450 1679 1814 1754 ἀνθρώπινον,

231 1767 351 1824 ἀλλ’
383 1769 815 1840 ἐστρατεύσασθε
848 1768 965 1840 Θεῷ
1017 1769 1102 1822 ἵνα
1143 1769 1402 1842 διηνεκῶς
1452 1771 1677 1843 ὲκχέητε
1720 1772 1817 1843 τὴν

1919 589 2160 658 privatus
2207 589 2368 641 homo
2411 600 2516 639 non
2566 585 2766 652 illudit;
2800 585 2872 640 ita
2925 603 3023 641 nec
3068 602 3262 644 vestrae
3305 592 3488 658 pietati

1918 679 2160 752 perfugae
2196 663 2491 732 ᾱιειιιοηθε.
2521 676 2664 732 Deus
2703 678 2845 733 enim
2895 680 3078 747 gratia:
3111 695 3221 734 suae
3271 697 3488 735 munera

1919 770 2072 824 vobis
2104 769 2345 823 tribuens
2377 769 2490 822 ait:
2530 768 2665 823 Ecce
2704 770 2824 822 dedi
2863 771 3006 824 vobis
3047 782 3350 838 potestatem
3385 773 3492 824 cal-

1917 857 2074 910 candi
2107 867 2362 925 serpentes
2403 868 2448 912 et
2483 855 2735 926 scorpios,
2769 870 2920 927 atque
2960 860 3251 914 universam
3291 861 3489 915 inimici

1917 949 2239 1014 potentiam,
2289 949 2519 1018 nihilque
2575 949 2716 1002 vobis
2766 951 2979 1002 noxium
3032 950 3271 1019 futurum
3319 962 3391 1006 est
3417 952 3486 1004 ⁸⁸.

1920 1036 2268 1108 Nequaquam
2299 1040 2399 1094 sub
2440 1055 2566 1109 rege
2611 1040 2826 1095 homine
2862 1037 3126 1110 militatis,
3156 1054 3214 1097 ut
3261 1045 3313 1099 in
3354 1045 3488 1100 bello

1919 1130 2094 1182 caedes
2166 1129 2444 1183 hominum
2517 1129 2969 1200 homogeneorum
3043 1135 3336 1202 spectetis;
3396 1136 3487 1189 sed

1920 1216 2142 1273 Christo
2179 1219 2445 1282 militatis,
2478 1229 2535 1272 ut
2567 1220 2837 1275 daemones
2874 1221 3183 1292 proﬂigatos
3215 1228 3486 1281 cernatis:

1927 1323 2077 1362 arma
2117 1323 2183 1363 ex
2221 1325 2328 1364 aere
2377 1309 2629 1380 ferroque
2669 1325 2774 1365 non
2822 1311 3054 1377 habetis,
3098 1324 3157 1368 ut
3198 1331 3490 1372 conservos

1921 1410 2131 1455 vestros
2163 1401 2531 1468 interﬁcietis,
2572 1404 2666 1458 sed
2695 1404 2872 1474 adepti
2909 1406 3040 1460 estis
3071 1407 3228 1462 iidem
3263 1409 3489 1471 validam

1920 1504 2026 1560 qua
2080 1491 2324 1547 diabolus
2375 1494 2770 1560 prosternitur;
2814 1510 2988 1565 neque
3035 1497 3086 1550 in
3145 1499 3333 1553 militia
3373 1515 3502 1554 ver-

1920 1583 2146 1650 samini,
2202 1593 2262 1638 ut
2303 1585 2598 1640 humanum
2657 1587 2966 1656 sanguinem
3021 1588 3338 1655 eﬂ'uudatis,
3401 1595 3494 1646 sed

1922 1675 1976 1730 iu
2026 1676 2121 1731 Dei
2192 1675 2383 1730 militia
2445 1677 2772 1743 versamini,
2831 1687 2890 1732 ut
2947 1694 3133 1749 preces
3186 1696 3496 1739 constanter

1921 1775 2132 1822 vestras
2179 1781 2366 1822 coram
2410 1767 2526 1835 ipso
2565 1767 2821 1825 fundatis.
2872 1769 3027 1824 Oculi
3080 1772 3288 1827 Domini
3341 1793 3496 1837 super

235 1858 420 1930 δέησιν
450 1861 603 1931 ὑμῶν
637 1859 868 1915 ἐνώπιον
893 1861 1077 1915 αὑτοῦ.
1115 1863 1429 1932 Ὀφθαλμοί
1464 1865 1685 1932 Κυρίου
1721 1864 1819 1918 ἐπὶ

1927 1857 2091 1924 iustos
2125 1867 2172 1911 et
2211 1873 2364 1912 aures
2409 1857 2521 1927 ejus
2556 1861 2624 1913 ad
2654 1876 2829 1928 preces
2868 1878 3045 1915 eorum
3068 1863 3156 1919 “'.
3199 1863 3362 1921 Orate
3396 1868 3498 1934 igi-

234 1948 527 2017 δικαίους,
568 1952 665 2004 καὶ
693 1949 813 2007 ὦτα
859 1952 1044 2007 αὑτοῦ
1079 1955 1165 2019 είς
1198 1953 1411 2023 δέησιν
1440 1953 1666 2008 αὐτῶν·
1697 1954 1820 2025 δεή·

231 2041 366 2113 θητε
408 2040 500 2122 οὖν
538 2044 678 2115 ὑπὲρ
711 2043 804 2097 τοῦ
837 2045 1066 2114 κόσμου,
1097 2041 1154 2098 εὖ
1192 2045 1339 2117 μάλα
1386 2044 1586 2108 εἰδότες
1611 2047 1687 2108 ὡς
1736 2046 1818 2099 ὅτι

231 2133 422 2202 εὐχαῖς
471 2133 695 2186 δικαίων
748 2131 1046 2196 ὑπακούει,
1097 2133 1194 2185 καὶ¹
1243 2134 1326 2185 ὅτι
1384 2132 1518 2185 πολὺ
1561 2132 1734 2206 ίσχύει
1780 2135 1814 2203 ἡ

234 2223 416 2294 δέησις
469 2223 678 2278 δικαίου
755 2223 1154 2295 ἐνεργουμένη·
1205 2221 1472 2294 διηνεκῶς
1541 2222 1816 2292 μέμνησθε

238 2301 422 2385 ἡμῶν·
454 2315 544 2382 ὑφ’
574 2315 729 2384 ὑμῶν
757 2317 784 2368 6
833 2315 1158 2388 παράδεισος
1195 2314 1296 2384 τῆς
1342 2313 1552 2385 τρυφῆς
1598 2316 1819 2366 εἰσοικι-

238 2405 499 2478 σθήσεται
520 2424 533 2438 ·
567 2409 660 2462 καὶ
694 2406 757 2471 ἃς
786 2406 1074 2460 ἀπέκλεισε
1107 2406 1200 2460 τοῦ
1227 2405 1556 2477 παραδείσου
1587 2405 1756 2476 θύρας
1783 2409 1818 2478 ἡ

238 2494 332 2548 τοῦ
386 2496 556 2567 Ἀδάμ
601 2495 946 2566 παράϐασις,
995 2495 1199 2558 ταύτας
1233 2497 1262 2548 6
1295 2495 1559 2565 ὑμέτερος
1605 2495 1746 2568 ἔρως
1792 2499 1821 2549 6

237 2588 318 2649 εἰς
365 2585 496 2640 Θεὸν
552 2585 779 2652 ἀνοίξει·
832 2588 920 2655 ὑφ’
963 2587 1117 2657 ὑμῶν
1179 2586 1286 2657 γὰρ
1330 2589 1357 2640 6
1404 2587 1633 2658 ούρανὸς
1682 2589 1821 2642 οἰκι-

237 2677 434 2748 σθῆτε,
479 2678 565 2733 ῖνα
599 2681 711 2741 τοῖς
750 2677 1067 2741 ἀποστόλοις
1119 2695 1214 2730 συν
1257 2678 1509 2748 ντήσητε,
1550 2681 1637 2733 ῖνα
1684 2697 1821 2752 προ-

237 2772 416 2819 ιοήτας
445 2767 609 2819 ἴδητε.
641 2768 728 2819 ἵνα
751 2769 874 2819 τοὺς
915 2767 1198 2819 μάρτυρας
1217 2696 1524 2819 Eetioneas.
1558 2769 1647 2819 ἵνα
1683 2768 1821 2819 πάνυ

237 2772 416 2838 τρητας
445 2767 609 2837 ἴδητε,
641 2768 728 2820 ἵνα
751 2769 874 2830 τοὺς
914 2767 1198 2837 μάρτυρας
1233 2767 1524 2838 θεάσησθε,
1558 2769 1647 2822 ἵνα
1683 2768 1822 2824 πάν-

237 2877 339 2923 τας
383 2861 509 2923 τοὺς
546 2860 787 2922 δικαίους
829 2859 1258 2931 περιπτύξησθε,
1304 2860 1391 2914 ενα
1419 2863 1531 2925 τοῖς
1570 2861 1822 2930 ἀγγέλοις

237 2951 683 3022 συνδιατρίψητε·
721 2952 877 3022 ὑμεῖς
910 2951 1096 3005 ἐνθάδε
1125 2953 1404 3023 μακάριοι,
1428 2955 1522 3006 καὶ
1559 2954 1696 3024 μετά
1725 2954 1822 3025 τὴν

239 3042 458 3097 ἐνθένδε
501 3042 646 3115 ζωὴν
677 3042 1107 3114 μακαριώτερον
1153 3045 1268 3096 ἐκεῖ
1305 3043 1556 3115 Ἰωάννην
1592 3044 1684 3099 τὸν
1720 3045 1824 3099 Βα-

237 3135 474 3205 πτιστὴν
501 3133 717 3204 ὄψεσθε,
754 3135 845 3187 τὸν
883 3134 984 3203 τῆς
1023 3135 1295 3206 ὑμετέρας
1336 3136 1624 3206 ἀσκήσεως
1665 3137 1822 3207 εὑρε-

237 3226 362 3298 τὴν,
399 3227 490 3278 τὸν
537 3229 594 3279 ὲν
636 3227 840 3298 ἐρημίᾳ
883 3227 1161 3297 τραφέντα
1197 3229 1291 3280 καὶ
1338 3229 1394 3279 ὲν
1424 3229 1654 3299 ἀσκήσει
1701 3229 1820 3283 δια-

238 3313 558 3392 πρέψαντα·
592 3320 709 3372 ἐκεῖ
742 3318 937 3387 ὄψεσθε
973 3319 1063 3371 τὸν
1096 3319 1472 3391 ἀνδρειότατθν
1507 3319 1625 3373 ’1ὼὸ
1656 3319 1822 3392 πολλῇ

239 3409 712 3482 περιϐεϐλημένον
751 3410 908 3482 δόξῃ,
938 3411 1030 3464 τὸν
1057 3410 1165 3463 τῶν
1208 3411 1488 3482 ὑμετέρων
1523 3412 1701 3466 πόνων
1733 3415 1825 3484 ὲρ-
1875 3435 1877 3437 ·

237 3502 438 3572 γάτην,
487 3503 716 3572 καὶτῆς
768 3503 1050 3573 ὑπομονῆς
1100 3503 1279 3572 φίλον·
1326 3505 1445 3557 ἐκεῖ
1487 3504 1681 3573 δψεσθε
1730 3505 1825 3557 τὸν

240 3594 572 3664 προπάτορα
611 3591 765 3663 ὑμῶν
803 3592 1054 3664 Ἀϐραὰμ
1097 3594 1186 3647 τὸν
1226 3592 1326 3663 τῆς
1356 3593 1630 3664 ὑμετέρας
1669 3593 1822 3663 φιλο·

242 3682 426 3748 ξενίας
459 3683 691 3754 ἐραστὴν
724 3686 944 3753 γνήσιον
982 3685 1271 3754 γενόμενον
1293 3702 1305 3715 ο
1347 3687 1464 3738 ἐκεῖ
1494 3687 1622 3756 ὑμῖν
1658 3687 1825 3739 ἀπαν-

239 3778 400 3849 τήσει
446 3776 750 3848 πραότατος
779 3777 942 3829 Δαϐὶδ
968 3779 996 3830 6
1034 3777 1501 3845 ἀσκητικώτατος,
1527 3775 1587 3832 οὑ
1634 3780 1662 3830 6
1712 3778 1822 3848 βίος

239 3869 368 3922 καθ’
403 3868 614 3939 ἡμέραν
645 3870 790 3937 ὑμᾶς
826 3869 1066 3937 ἀλείφει·
1102 3872 1193 3922 καὶ
1224 3870 1308 3922 ἵνα
1344 3870 1418 3941 μὴ
1445 3871 1675 3924 ἕκαστον
1715 3871 1824 3922 τῶν

238 3960 471 4015 δικαίων
513 3961 793 4030 ὀνομάζων
842 3963 1103 4032 μακρύνω
1157 3963 1248 4014 τὸν
1292 3963 1470 4030 λόγον,
1520 3962 1685 4014 αὑτὸν
1733 3963 1824 4014 τὸν

238 4054 480 4125 Χριστὸν
516 4053 710 4120 ὄψεσθε
743 4055 957 4107 πάντων
987 4053 1094 4106 τῶν
1135 4054 1356 4122 ἀγαθῶν
1404 4055 1465 4107 τὸ
1506 4053 1821 4122 κεφάλαιον,

1923 1953 2012 2000 ῑιιι·
2038 1961 2134 2016 pro
2156 1947 2357 2000 mundo
2383 1987 2398 2012 ,
2447 1950 2588 2003 bene
2613 1951 2835 2013 conscii,
2878 1953 3020 2021 quod
3062 1952 3202 2008 Deus
3233 1957 3495 2010 bonorum

1933 2038 2186 2105 precibus
2229 2053 2413 2092 aurem
2453 2040 2695 2106 inclinat,
2723 2051 2778 2096 et
2805 2045 2945 2110 quod
2970 2044 3103 2112 justi
3134 2046 3369 2100 hominis
3414 2049 3498 2101 in-

1925 2130 2184 2183 tercessio
2223 2129 2514 2200 plurimum
2564 2132 2708 2188 valet
2733 2133 2800 2187 ".
2846 2133 3069 2205 Semper
3104 2139 3270 2192 nostri
3309 2142 3499 2192 utemi-

1925 2221 2134 2274 ueritis.
2161 2217 2270 2275 Vos
2308 2221 2628 2277 deliciarum
2676 2226 2983 2292 paradisum
3031 2227 3300 2297 patefacto
3347 2231 3499 2284 aditu

1925 2310 2203 2377 incoletis;
2241 2320 2296 2366 et
2332 2326 2469 2382 quas
2506 2314 2740 2382 paradisi
2779 2314 2974 2382 januas
3004 2317 3192 2373 Adami
3238 2326 3497 2391 praevari—

1925 2406 2068 2457 catio
2095 2403 2305 2468 clausit,
2337 2420 2429 2459 eas
2465 2415 2642 2461 vestra
2679 2407 2731 2461 in
2772 2407 2937 2462 Deum
2979 2412 3193 2466 devotio
3229 2414 3494 2469 recludet.

1927 2491 2036 2548 Vos
2070 2494 2190 2549 cceli
2217 2495 2478 2551 stationes
2503 2497 2858 2566 occupabitis,
2891 2499 2977 2554 ubi
3011 2504 3270 2569 apostolis
3308 2486 3500 2558 occur-

1928 2587 2076 2650 retis,
2133 2588 2420 2656 prophetas
2466 2587 2759 2654 videbitis,
2816 2600 3085 2662 martyres
3138 2595 3498 2664 mirabimiui,

1924 2679 2100 2747 jnstos
2145 2693 2336 2734 onmes
2365 2679 2821 2748 complectemini,
2861 2698 2982 2737 cum
3015 2684 3221 2754 angelis
3257 2691 3500 2742 versabi-

1930 2770 2080 2824 tnini.
2111 2769 2222 2833 Vos
2254 2771 2339 2824 hic
2372 2770 2544 2835 beati,
2585 2781 2640 2827 et
2671 2771 2780 2827 illic
2824 2782 2948 2842 post
2997 2774 3138 2829 hanc
3167 2777 3329 2830 vitam
3365 2778 3498 2833 bea-

1929 2863 2113 2917 tiores.
2146 2862 2221 2916 lbi
2248 2861 2510 2920 Joannem
2535 2862 2829 2934 Baptistam
2861 2867 3132 2934 videbitis,
3165 2870 3328 2924 vestri
3354 2887 3499 2926 asce-

1929 2955 2021 3009 tici
2050 2955 2280 3010 instituti
2317 2955 2686 3021 inventorem,
2702 2957 2848 3011 illum
2879 2958 3090 3014 scilicet
3119 2961 3171 3014 in
3198 2976 3380 3021 eremo
3404 2980 3498 3017 uu-

1929 3049 2114 3098 tritum
2150 3053 2206 3098 et
2246 3044 2515 3114 religiosae
2555 3046 2678 3099 vitae
2718 3045 2876 3101 laude
2903 3048 3214 3115 pollentem.
3249 3051 3323 3106 lbi
3355 3054 3499 3108 vide-

1931 3136 2054 3190 bitis
2074 3135 2433 3191 fortissimum
2455 3133 2646 3191 Jobum
2672 3137 2835 3191 multa
2862 3140 3112 3194 vestitum
3135 3142 3327 3211 gloria,
3353 3143 3498 3200 labo-

1933 3243 2054 3282 rum
2087 3236 2391 3282 vestrorum
2439 3226 2755 3296 participem
2797 3238 2853 3282 et
2888 3229 3161 3298 patientiae
3202 3236 3494 3302 perstudio-

1934 3335 2074 3374 smn.
2102 3317 2180 3373 lbi
2227 3317 2481 3373 videbitis
2524 3317 2921 3387 progenitorcm
2951 3332 3192 3377 vestrum
3226 3324 3499 3380 Abraham

1934 3411 2208 3480 egregium
2261 3420 2458 3465 vestrae
2489 3426 2617 3480 erga
2664 3411 2902 3481 hospites
2945 3413 3293 3484 benignitatis
3327 3432 3497 3473 temu-

1934 3502 2067 3556 lum.
2125 3499 2200 3554 lbi
2256 3501 2413 3556 vobis
2473 3511 2721 3556 occurret
2782 3503 3100 3559 mitissimus
3164 3515 3219 3558 et
3265 3507 3505 3564 devotis-

1933 3594 2103 3646 simus
2127 3591 2316 3660 David,
2342 3593 2494 3661 cujus
2523 3593 2648 3647 vita:
2676 3594 2979 3663 exemplum
3009 3606 3244 3651 vestram
3269 3601 3512 3666 quotidie

1932 3684 2186 3753 pietatem
2221 3685 2557 3739 corroborat.
2590 3684 2655 3737 Et
2694 3699 2760 3738 ue
2789 3685 3026 3754 singulos
3053 3686 3227 3753 justos
3262 3689 3497 3744 nomina.

1937 3780 2030 3833 tim
2063 3777 2339 3847 appellans
2369 3789 2674 3832 sermonem
2723 3778 2924 3833 diutius
2967 3783 3307 3850 protraham,
3349 3785 3489 3839 Chri-

1936 3879 2077 3926 stum
2111 3872 2282 3937 ipsum
2315 3869 2563 3922 videbitis
2612 3869 2876 3924 bonorum
2925 3872 3166 3925 omnium
3198 3887 3379 3943 caput.
3414 3880 3500 3944 qui

1935 3961 2051 4013 ait:
2093 3959 2244 4012 Beati
2291 3959 2471 4012 mundi
2521 3959 2711 4024 corde,
2761 3961 3007 4032 quoniam
3055 3962 3110 4015 hi
3159 3962 3326 4018 Deum
3369 3969 3517 4021 uide.

1937 4054 2060 4106 buut
2087 4051 2153 4103 ‘°.

238 4149 336 4203 τὸν
370 4148 593 4204 εἰπόντα
619 4151 700 4200 ὅτι
731 4148 1015 4216 Μακάριοι
1054 4151 1106 4202 οἱ
1140 4150 1382 4217 καθαροὶ
1406 4149 1482 4219 τῇ
1521 4150 1752 4218 καρδίᾳ,
1793 4151 1880 4208 ὅτι
1904 4149 2073 4203 αὐτοὶ
2107 4148 2211 4201 τὸν
2247 4147 2394 4200 Θεὸν
2421 4146 2690 4215 ὄψονται.

320 4238 418 4290 ΙΒ’.
455 4238 550 4299 Τίς
580 4238 757 4290 τοίνυν
793 4238 1206 4311 μακαριώτερος
1238 4240 1270 4310 ἢ
1308 4240 1827 4310 εὐδαιμονικώτερος

241 4327 424 4399 ὑμῶν,
463 4329 548 4380 ἵνα
577 4327 707 4380 Θεὸν
742 4328 930 4390 αύταῖς
973 4327 1159 4396 ὕψεσιν
1201 4328 1379 4397 ῐδητε;
1417 4330 1674 4400 μακάριοί
1703 4331 1826 4381 ὲστε

2009 4239 2120 4293 ΧΗ.
2169 4239 2300 4305 Quis
2350 4240 2530 4307 itaque
2565 4239 2717 4292 vobis
2768 4239 2975 4294 beatior
3013 4252 3110 4302 aut
3154 4242 3499 4310 fortunatim,

1932 4331 2024 4399 qui
2062 4331 2228 4383 Deum
2278 4330 2450 4396 ipsum
2495 4329 2624 4382 estis
2667 4329 2872 4382 visuri?
2919 4329 3067 4384 Beati
3115 4333 3267 4386 eritis
3311 4334 3362 4386 iu
3415 4339 3498 4387 die

243 4421 306 4470 ἐν
341 4417 527 4489 ἡμέρᾳ
569 4417 832 4488 κρίσεως,
878 4418 1275 4484 -ποθεινότατοι,
1307 4420 1396 4472 ὅτε
1432 4423 1607 4490 κρινεῖ
1637 4422 1664 4472 6
1696 4419 1822 4482 Θεὸς

1927 4421 2145 4488 iudicii,
2193 4436 2225 4473 ο
2272 4419 2773 4481 desiderantissimi,
2821 4434 2942 4472 cum
2997 4421 3134 4474 Deus
3184 4422 3252 4475 de
3285 4438 3499 4478 arcaus

242 4508 315 4561 τά
363 4508 582 4579 κρυπτά
640 4507 750 4560 τῶν
798 4507 1135 4578 ἀνθρώπων·
1173 4511 1255 4562 ὄτι
1299 4511 1365 4562 τὰ
1410 4513 1586 4564 πάντα
1644 4513 1827 4580 γυμνὰ

243 4602 342 4654 καὶ
368 4599 840 4670 τετραχηλισμένα
869 4603 980 4662 τοῖς
1009 4600 1309 4669 ὀφθαλμοῖς
1341 4602 1505 4653 αὑτοῦ
1537 4605 1684 4653 ἐστιν
1705 4619 1718 4631 ·
1745 4603 1825 4656 ὅτι

242 4691 481 4756 πάντας
508 4690 660 4760 ἡμᾶς
688 4690 1066 4758 παραστῆναι
1089 4691 1183 4744 δεῖ
1206 4691 1545 4760 ἔμπροσθεν
1579 4691 1685 4745 τοῦ
1710 4691 1828 4759 βή-

236 4801 432 4853 ματος
454 4782 559 4836 τοῦ
591 4782 865 4850 Χριστοῦ,
892 4783 994 4834 ἵνα
1020 4783 1335 4850 κομίσηται
1355 4782 1611 4846 ἕκαστος
1632 4783 1702 4835 τὰ
1730 4782 1828 4834 διὰ

245 4875 354 4928 τοῦ
384 4873 659 4942 σώματος
709 4873 858 4941 πρὸς
907 4873 943 4925 ἁ
971 4873 1407 4939 ἔπραξεν-,εἴτε
1432 4873 1658 4941 ἀγαθὸν
1707 4873 1827 4926 είτε

241 4967 516 5036 φαῦλον·
539 4966 740 5036 τρόμος
769 4966 911 5036 ὑμᾶς
940 4966 1000 5017 οὐ
1029 4964 1257 5033 λήψεται
1281 4965 1339 5015 τὸ
1365 4965 1685 5032 τηνικαῦτα,
1711 4964 1826 5017 ἀλλ’

243 5058 553 5128 εὐφροσύνη
594 5059 686 5110 καὶ
720 5057 861 5128 χαρὰ
896 5058 990 5109 καὶ
1020 5058 1284 5123 στέφανος
1329 5055 1733 5124 ἀγαλλιάματος
1770 5057 1826 5106 ἐν

244 5149 528 5219 Πνεύματι
577 5148 749 5216 ἁγίῳ·
790 5149 917 5218 ὑμῖν
957 5149 1016 5199 ού
1050 5148 1231 5216 κρίσις
1276 5146 1507 5217 φοϐερὰ,
1553 5146 1672 5198 οὑδὲ
1717 5147 1825 5215 πῦρ

245 5243 485 5305 αἰώνιον,
517 5241 637 5294 οὑδὲ
685 5239 903 5310 σκώληξ
951 5241 1282 5310 ἁκοίμητος,
1328 5239 1467 5291 ἀλλά
1511 5240 1623 5300 τοῖς
1668 5240 1824 5290 ἐναν-

244 5334 384 5391 τίοις
411 5331 504 5383 καὶ¹
533 5329 930 5400 παραϐαίνουσι
963 5328 1059 5399 τὴν
1099 5328 1319 5397 ἐντολὴν
1350 5327 1442 5379 τοῦ
1474 5326 1635 5379 Θεοῦ·
1668 5327 1826 5395 ὑμεῖς

246 5423 516 5494 ἀκούσητε
567 5421 628 5472 τό
667 5438 680 5451 ·
717 5419 893 5473 Δεῦτε
928 5423 981 5472 οἱ
1020 5417 1412 5487 εὐλογημένοι
1450 5417 1554 5470 τοῦ
1595 5417 1826 5484 Πατρός

247 5535 392 5579 αου,
447 5513 942 5583 κληρονομήσατε
1008 5515 1123 5580 τὴν
1182 5510 1631 5581 ἡτοιμασμένην
1683 5508 1825 5576 ὑμῖν

249 5606 571 5663 ϐασιλείαν
608 5603 722 5657 ἀπὸ
766 5602 1106 5668 καταϐολῆς
1144 5604 1396 5670 κόσμου,
1424 5603 1473 5653 οἱ
1516 5598 1824 5669 ἀμέμπτως

244 5693 312 5747 τὰ
338 5692 574 5761 Χριστοῦ
602 5693 966 5762 φρονήσαντες
987 5709 999 5720 ·
1026 5689 1102 5758 τῷ
1127 5689 1182 5742 δὲ
1214 5690 1378 5760 κοινῷ
1410 5689 1624 5742 πάντων
1647 5685 1824 5756 ἐχθρῷ

1933 4511 2209 4564 hominum
2245 4507 2540 4576 judicabit,
2593 4507 2746 4575 cujus
2796 4510 2967 4562 oculis
3019 4512 3158 4563 nuda
3216 4514 3394 4566 omnia
3447 4525 3498 4567 et

1931 4600 2166 4668 patentia
2209 4608 2351 4652 sunt.
2399 4596 2641 4665 Namque
2673 4614 2844 4650 omnes
2888 4614 2981 4652 nos
3015 4616 3219 4667 necesse
3269 4613 3345 4657 est
3379 4618 3500 4657 ante

1930 4688 2162 4741 tribunal
2207 4687 2402 4740 Christi
2441 4684 2750 4752 consistere,
2787 4695 2840 4738 ut
2883 4693 3234 4758 unusquisque
3279 4708 3333 4744 tn
3378 4710 3500 4744 cor-

1927 4797 2050 4848 pore
2080 4781 2266 4846 referat
2299 4777 2782 4837 remunerationem,
2805 4780 3088 4831 secundum
3110 4796 3170 4832 ea
3192 4797 3310 4849 qua:
3336 4785 3494 4852 egerit

1927 4873 2031 4925 sive
2068 4871 2201 4923 bona
2229 4871 2332 4922 sive
2359 4884 2594 4936 peruersa
2616 4867 2683 4921 ⁶¹.
2717 4867 2868 4922 Tunc
2903 4883 2997 4922 vos
3035 4870 3194 4925 timor
3224 4887 3326 4925 non
3371 4888 3494 4926 cor-

1930 4963 2107 5031 ripiet,
2138 4962 2230 5014 sed
2274 4960 2518 5014 hilaritas
2565 4970 2619 5014 et
2664 4961 2938 5029 gaudium,
2966 4970 3020 5014 et
3051 4975 3246 5015 corona
3292 4961 3490 5017 laetitiae

1929 5055 1980 5106 in
2010 5063 2198 5105 sancto
2227 5050 2451 5120 Spiritu.
2495 5048 2646 5103 Haud
2695 5050 2848 5104 vobis
2877 5051 2979 5106 erit
3021 5050 3360 5106 formidabile
3397 5057 3490 5121 ju-

1928 5144 2148 5207 dicium,
2180 5156 2350 5210 neque
2369 5150 2603 5196 aeternus
2633 5142 2791 5211 ignis,
2817 5157 2988 5209 neque
3009 5145 3206 5197 vermis
3227 5144 3369 5214 vigil,
3399 5145 3492 5199 sed

1927 5234 1994 5288 iis
2022 5234 2112 5302 qui
2145 5233 2419 5286 contrario
2454 5247 2602 5285 more
2630 5233 2970 5297 exstiterunt,
3000 5243 3052 5287 et
3083 5233 3174 5286 Dei
3225 5245 3490 5302 praecepta

1927 5324 2278 5377 violaverunt.
2312 5321 2420 5375 Vos
2465 5321 2550 5373 illa
2588 5320 2745 5372 verba
2781 5321 3011 5374 audietis
3044 5338 3058 5374 :
3102 5319 3304 5387 Venite,
3340 5325 3492 5376 bene-

1924 5413 2048 5466 dicti
2089 5430 2119 5465 a
2153 5411 2306 5464 Patre
2352 5429 2484 5475 meo,
2518 5411 2771 5480 possidete
2811 5421 3055 5478 paratum
3093 5413 3231 5466 vobis
3276 5429 3492 5482 regnum

1925 5519 1955 5554 a
1992 5503 2175 5554 mundi
2204 5503 2570 5555 constitutione
2596 5501 2662 5567 ",
2701 5504 2789 5571 qui
2838 5501 3037 5556 Christi
3089 5503 3328 5556 instituta
3357 5518 3490 5556 cou—

1923 5603 2128 5648 stanter
2175 5595 2454 5647 servastis.
2490 5593 2774 5646 Communi
2812 5603 2988 5646 autem
3041 5593 3277 5646 onmium
3317 5593 3489 5656 h0sti,

1926 5693 1978 5738 et
2019 5685 2176 5751 hujus
2222 5685 2462 5745 asseclis,
2498 5683 2826 5737 tremendam
2860 5683 3002 5736 illam
3034 5685 3354 5737 sententiam
3407 5701 3480 5736 ιιιι

318 5814 364 5846 ⁸⁸
390 5813 522 5866 Luc.
553 5828 606 5871 κ,
640 5813 719 5864 l9.
797 5810 863 5840 ⁵⁸·
898 5809 1037 5863 Ρειιι.
1071 5826 1264 5876 xxxut,
1300 5810 1389 5864 16.
1446 5810 1487 5840 ⁵⁸
1514 5807 1628 5862 Jac.
1658 5822 1709 5872 ν,
1742 5804 1822 5857 16.

1927 5805 1947 5834 °
1975 5803 2160 5858 Matth.
2191 5820 2241 5868 v,
2277 5805 2330 5857 8.
2405 5805 2444 5832 “
2471 5803 2509 5855 ll
2539 5803 2661 5858 Cor.
2697 5819 2747 5868 v,
2787 5804 2872 5860 10.
2951 5805 2993 5836 ⁶²
3025 5804 3208 5858 Matth.
3237 5822 3362 5874 xxv,
3393 5802 3484 5862 54.

477 5904 750 5964 Ρλτιιοι..
791 5903 905 5962 Gtt.
948 5901 1082 5962 XL.

3102 5898 3177 5959 30
