4220 6316
708 351 814 410 939

1815 342 2086 398 l’A'I‘llES
2125 341 2429 399 ᾹΞΟΥΡΤΙΙ
2471 341 2743 398 ειευυιι
2784 340 2870 396 lV.

3872 336 3979 394 9‘0

714 463 921 518 timebit
955 478 969 514 :
1001 457 1243 514 Tollamr
1265 459 1330 512 de
1365 456 1536 511 medio
1573 457 1787 525 impius,
1818 474 1879 510 ne
1923 455 2145 527 gloriam
2183 455 2288 511 Do-

2417 455 2488 509 ta‘t
2539 457 2651 518 τοῖς
2707 456 2882 523 τούτῳ
2933 451 3331 523 ἀκολουθήσασι
3383 449 3524 516 λέξει
3580 448 3648 501 τὸ
3707 448 3980 520 φρικῶδες

713 551 844 609 πιἰηὶ
869 549 1054 604 videat
1079 548 1146 602 “.
1197 546 1329 601 Illuc
1361 560 1457 602 vos
1505 545 1724 605 ebibitis
1766 562 1887 600 cum
1932 545 2113 598 laetitia
2151 559 2288 614 gau-

714 644 932 712 dioque,
980 640 1122 695 unde
1171 637 1423 693 exsulant
1458 637 1614 692 dolor
1655 648 1820 707 atque
1857 636 2068 692 tristitia
2114 638 2168 689 e‘t
2203 651 2291 700 ge-

716 733 916 795 mitus.
963 729 1106 788 unde
1136 729 1312 784 honor
1341 737 1398 783 et
1430 727 1604 798 gloria
1648 738 1700 783 et
1753 727 1961 794 reliqua
2018 724 2109 778 Dei
2157 724 2291 777 dona

716 823 920 882 auferri
952 830 1249 892 nequeunt.

787 1002 926 1059 XIII.
957 1001 1244 1058 Enimvero
1305 1006 1481 1053 vestra
1536 995 1785 1066 pietasio
1839 993 2092 1064 universo
2122 1001 2294 1046 terra-

718 1111 835 1150 rum
870 1094 1001 1151 orbe
1023 1091 1347 1147 celebratur.
1399 1088 1654 1155 Quaenam
1702 1085 1920 1149 civitas,
1969 1083 2151 1137 audita
2175 1081 2296 1137 reli-

716 1189 881 1259 giosae
907 1193 1101 1240 vestrae
1129 1190 1184 1238 et
1218 1179 1526 1250 apostolicae
1561 1177 1684 1230 vitae
1716 1176 1880 1238 fatna,
1915 1188 2012 1228 vos
2053 1183 2298 1242 spectare

720 1293 827 1332 non
864 1271 1050 1345 cupii?
1085 1272 1219 1340 Quis
1255 1287 1348 1327 rex
1391 1271 1504 1327 sive
1531 1266 1803 1337 praterito
1837 1267 1952 1322 sive
1971 1265 2132 1319 etiam
2161 1277 2300 1333 prte-

715 1365 860 1422 senti
900 1375 1144 1432 tempore
1194 1368 1406 1429 sceptra
1461 1368 1670 1420 tenens.
1730 1353 1896 1411 fando
1931 1351 2159 1407 audiens
2208 1366 2299 1405 ve-

717 1471 863 1516 stros
895 1456 1011 1512 Deo
1043 1452 1236 1524 ilignea
1269 1459 1323 1506 et
1352 1450 1552 1520 virtute
1583 1447 1925 1518 plenissimos
1953 1459 2152 1509 mores,
2190 1457 2293 1497 non

717 1541 924 1608 optavit
954 1553 1051 1594 vos
1073 1534 1379 1600 consulere,
1412 1545 1466 1590 et
1497 1545 1708 1588 summo
1759 1529 1951 1585 aﬂ'ectu
1987 1527 2303 1598 complecti?

718 1629 800 1685 Es
818 1627 969 1683 vobis
991 1624 1197 1681 exstitit
1220 1623 1386 1681 abbas
1410 1620 1693 1685 Antonius,
1717 1631 1988 1673 summum
2008 1615 2304 1685 disciplinae

698 1719 925 1787 ‘apicem
977 1721 1326 1776 consecutus,
1360 1709 1513 1779 cujus
1539 1707 1704 1764 etiam
1751 1705 1860 1759 vita
1917 1704 2118 1773 scripto
2152 1717 2302 1757 com-

2393 547 2568 597 ἐκεῖνο
2612 544 2794 617 ῥῆμα·
2839 541 3087 611 Ἆρθήτω
3129 544 3162 594 ό
3199 539 3421 607 ἀσεϐὴς
3463 541 3565 593 Ira
3597 538 3681 607 μὴ
3726 539 3828 608 ida
3867 538 3984 606 τὴν

2393 635 2586 699 δόξαν
2620 635 2869 702 Κυρίου·
2899 636 3017 687 ἐκεῖ
3043 634 3200 702 ὑμεῖς
3244 630 3611 687 ἀπελεύσεσθε
3634 633 3761 702 ,μετ’
3788 632 3985 703 εὐφροε

2411 722 2576 793 σύνης
2605 723 2698 776 καὶ
2745 724 2920 794 χαρᾶς
2955 720 3082 774 ἔνθα
3125 720 3335 791 ἀπέδρα
3373 721 3533 790 ὀδύνη
3567 721 3662 774 καὶ
3701 719 3850 792 λύπη
3891 720 3988 774 καὶ

2397 812 2718 883 στεναγμὸς,
2747 812 2875 867 ἔνθα
2920 811 3054 882 τιμὴ
3097 812 3191 863 καὶ
3247 810 3374 865 δόξα
3411 811 3506 864 καὶ
3535 811 3855 883 χαρίσματα
3895 811 3987 865 άν-

2395 901 2686 973 αφαίρετα.

2469 993 2564 1046 ll".
2601 992 2675 1045 T6
2735 994 2845 1063 γάρ
2877 993 3118 1057 ἐπιεικὲς
3171 994 3325 1064 ὑμῶν
3364 994 3644 1067 πανταχοῦ
3678 994 3778 1065 τῆς
3807 996 3989 1048 οἰκου-

2403 1084 2573 1153 μένης
2605 1083 2735 1154 ὅλης
2767 1083 3080 1154 διανέμεται
3105 1099 3117 1112 ·
3179 1084 3311 1137 ποῖα
3334 1085 3486 1148 πόλις
3521 1085 3806 1140 ἀκούσασα
3834 1083 3990 1156 ὑμῶν

2398 1172 2488 1225 τὸν
2515 1172 2770 1244 ἐνάρετον
2810 1175 2902 1227 καὶ
2922 1174 3279 1228 ἀποστολικδν
3304 1175 3439 1246 βίον,
3475 1175 3575 1228 οὐκ
3599 1176 3817 1247 εὕχεται
3843 1179 3989 1248 ὑμᾶς

2403 1264 2740 1329 θεάσασθαι;
2803 1268 2956 1329 ποῖος
3013 1264 3266 1335 βασιλεὺς
3307 1266 3416 1321 τῶν
3447 1267 3788 1337 φθασάντων,
3827 1270 3860 1340 ἢ
3894 1270 3990 1325 καὶ

2401 1351 2510 1408 τῶύ
2566 1356 2688 1408 νυνὶ
2744 1357 2974 1426 χρόνων,
3028 1345 3243 1410 ἀκούων
3279 1359 3434 1428 ὑμῶν
3463 1357 3553 1411 τὸν
3583 1359 3859 1431 Θεοπρεπῆ
3897 1361 3994 1415 καὶ

2403 1446 2657 1518 ἐνάρετον
2693 1446 2827 1516 βίον,
2861 1447 2960 1501 οὐκ
2996 1446 3199 1517 ηὔξατο
3231 1448 3376 1518 ὑμᾶς
3407 1450 3706 1520 ἱστορῆσαι,
3735 1451 3828 1504 καὶ
3851 1451 3996 1522 μετά

2405 1534 2602 1589 πολλοῦ
2638 1535 2803 1588 πόθου
2858 1536 3334 1606 περιπτύξασθαις
3384 1538 3471 1606 Ἐξ
3506 1540 3661 1611 ὑμῶν
3690 1540 3835 1594 ἀδεᾶ
3869 1543 3996 1595 Ἀν-

2403 1627 2595 1690 τώνιος
2646 1627 2713 1680 δι’
2747 1627 3045 1698 ἀκρότατον
3077 1627 3190 1698 βίον
3220 1629 3535 1700 γενόμενος,
3567 1621 3628 1684 οὗ
3683 1632 3775 1685 καὶ
3820 1631 3998 1703 δρίος

2407 1716 2716 1789 ἔγγραπτος
2774 1718 2904 1788 παρ’
2936 1718 3063 1789 ὑμῖν
3080 1745 3082 1748 ·
3100 1719 3423 1785 διασώζεται
3444 1721 3638 1794 (1-16)’
3662 1722 3740 1777 ἔτι
3761 1740 3820 1777 τε
3846 1726 3948 1778 καὶ
3969 1726 4000 1778 6

719 1808 970 1863 mendata
1016 1803 1158 1873 apud
1196 1816 1291 1855 vos
1323 1807 1587 1854 servatur.
1624 1795 1756 1851 item
1803 1809 1868 1849 ex
1919 1793 2073 1849 vobis
2134 1793 2302 1848 abbas

2417 1809 2552 1862 sese
2587 1810 2810 1880 Ἀμοῦν,
2865 1811 2960 1864 καὶ
2990 1810 3135 1866 esse
3173 1790 3459 1885 Ἰωάννης,
3490 1790 3762 1867 καὶΙάὤᾶ
3799 1817 4002 1870 Μακά-

719 1902 920 1962 Anmn,
951 1905 1006 1950 et
1043 1894 1210 1949 abbas
1263 1889 1518 1956 Joannes,
1563 1899 1618 1944 et
1676 1887 1842 1942 abbas
1870 1885 2157 1951 Macarius,
2211 1885 2300 1953 qui

720 1988 918 2042 eximia
957 1986 1156 2039 virtute
1196 1979 1486 2046 ftrlserunt,
1527 1987 1579 2032 et
1607 1976 1861 2031 tniracula
1904 1975 2089 2037 etiam,
2139 1985 2304 2040 atque

721 2080 827 2133 alia
858 2073 1234 2133 sanctimoniae
1281 2086 1393 2129 sua:
1444 2071 1768 2127 documenta
1808 2066 2118 2120 hominibus
2155 2064 2306 2117 exhi-

719 2173 987 2247 buer-unt;
1035 2175 1087 2220 et
1131 2165 1401 2217 daemones
1442 2161 1548 2215 Deo
1598 2158 1808 2212 volente
1866 2156 2307 2226 ejicientes,ma-

722 2270 966 2330 gnosqne
1009 2253 1323 2309 morborum
1351 2249 1565 2306 dolores
1599 2248 1884 2319 variasque
1913 2247 2188 2317 passiones
2220 2261 2306 2299 sa-

723 2356 942 2416 nantes,
977 2343 1208 2400 medicae
1239 2340 1372 2394 artis
1422 2337 1652 2395 debilem
1680 2351 1800 2392 esse
1833 2335 2088 2391 virtutem
2119 2345 2306 2390 osten-

723 2438 938 2493 derunt.
997 2432 1186 2489 Medici
1233 2430 1377 2485 enim
1417 2443 1555 2499 quos
1583 2427 1800 2481 morbos
1829 2439 2164 2496 nequaquam
2198 2422 2310 2490 pel-

725 2529 838 2582 lere
861 2531 1128 2598 poteraot,
1188 2535 1280 2577 eos
1315 2522 1506 2575 borum
1544 2524 1860 2581 sanctorum
1890 2512 2140 2584 precibus
2180 2513 2307 2565 vali-

727 2621 914 2688 daque
957 2615 1078 2672 lidei
1120 2612 1517 2684 pervincendOS
1556 2605 1948 2671 concedebant,
1991 2605 2187 2673 quippe
2220 2604 2308 2671 qni

725 2710 859 2763 artis
895 2721 1007 2762 eos
1045 2705 1246 2758 limites
1280 2699 1666 2768 modulumque
1701 2705 2002 2752 noverant:
2039 2711 2157 2764 qua:
2188 2710 2308 2748 cum

727 2814 884 2870 reges
928 2797 1198 2859 audirent,
1246 2789 1494 2847 admirati
1539 2802 1865 2859 magnopere
1922 2787 2085 2840 Deum
2122 2784 2309 2837 lauda-

727 2893 880 2946 bant.

799 2978 940 3036 XIV.
973 2980 1097 3034 [lac
1129 2987 1226 3030 vos
1258 2988 1342 3028 me
1367 2971 1482 3044 ipso
1519 2967 1824 3028 accuratius
1849 2968 2149 3022 scitis:’vos
2169 2963 2312 3019 enim

731 3089 852 3126 cum
887 3067 1161 3141 praedictis
1184 3061 1386 3118 versati
1415 3060 1547 3116 estis
1570 3102 1586 3127 ,
1637 3073 1844 3112 necnon
1891 3068 2073 3126 patres
2123 3056 2311 3111 vestri.

2412 1915 2524 1971 ριος
2553 1900 2688 1970 (17),
2722 1901 2771 1954 οἳ
2801 1900 2922 1954 καθ’
2950 1902 3258 1974 ὑπερϐολὴν
3301 1904 3570 1976 ὲναρέτως
3597 1905 3922 1974 διέλαμψαν,
3949 1906 4000 1959 οἳ

2411 1989 2504 2041 καὶ
2536 1991 2735 2058 σημεῖα
2767 1989 2858 2042 καὶ
2901 1990 3093 2060 ἑτέρας
3112 1989 3372 2060 δυνάμεις
3411 1994 3524 2056 τοῖς
3547 1992 3850 2064 ἀνθρώποις
3897 1996 4004 2048 ἑπ-

2410 2075 2701 2141 εδείξαντο,
2725 2076 2863 2130 κατά
2891 2077 3143 2148 βούλησιν
3172 2079 3585 2150 Θεοῦδαιμόνια
3607 2082 4004 2153 ἀπελάσαντες,

2412 2169 2505 2218 καὶ
2561 2166 2805 2236 μεγάλας
2831 2169 3156 2239 νοσημάτων
3203 2169 3502 2239 ἀλγηδόνας
3551 2171 3848 2243 ἱασάμενοι,
3904 2175 4007 2227 καὶ

2411 2256 2576 2316 ’ἐτερὰ
2600 2273 2722 2310 τινα
2753 2257 2919 2327 πάθη.
2943 2258 3053 2311 τῶν
3090 2259 3290 2330 ἰατρῶν
3316 2260 3524 2326 ἔδειξαν
3548 2262 3649 2337 τὴν
3677 2263 3968 2318 ἀσθένειαν
3987 2280 4004 2296 ⁸

2413 2344 2582 2416 ᾶγάρ
2643 2346 2742 2398 οὐκ
2786 2344 3050 2415 ἠδύναντο
3112 2347 3258 2418 πάθη
3313 2351 3361 2401 oi
3420 2352 3595 2421 ἰατροὶ
3642 2352 4008 2423 θεραπεῦσαι,

2415 2434 2586 2487 ταῦτα
2610 2436 2730 2497 ταῖς
2780 2434 2986 2488 τούτων
3041 2437 3226 2504 ἁγίαις
3255 2439 3442 2508 εὐχαῖς
3475 2441 3570 2494 καὶ
3593 2442 3785 2513 ἰσχυρᾷ
3813 2443 4010 2498 πίστει

2419 2521 2790 2592 παρεχώρουν,
2825 2520 2920 2574 τοῦ
2969 2523 3260 2575 ἰᾶσθαι-τὸν
3290 2527 3486 2580 οἰκεῖον
3516 2528 3712 2598 τρόπον
3742 2530 4012 2598 ἐπιγινώ-

2420 2628 2639 2675 σκοντες
2662 2615 2790 2677 τοὺς
2829 2614 3020 2684 ὅρους·
3068 2611 3242 2668 ταῦτα
3276 2616 3517 2684 βασιλεῖς
3550 2618 3858 2687 ἀκούοντες,
3883 2621 4013 2674 λίαν

2417 2701 2786 2770 ἐθαυμάζοντο
2815 2702 2946 2756 Θεὸν
2971 2703 3285 2772 ὑμνοῦντες.

2491 2964 2586 3014 1Δ’.
2632 2963 2817 3017 Τᾶῦτα
2850 2966 3050 3035 μᾶλλον
3084 2968 3196 3021 ῐστε
3227 2971 3382 3039 ἡμῶν
3411 2972 3652 3043 ἀκριϐῶς
3673 2991 3684 3000 ·
3714 2973 3872 3043 ὑμεῖς
3899 2976 4011 3046 γὰρ

2422 3055 2602 3117 αὐτοῖς
2627 3057 2721 3109 καὶ
2756 3057 3170 3128 συνδιατρίψατε
3201 3061 3312 3130 (18)
3347 3062 3442 3114 καὶ
3469 3064 3519 3114 οἱ
3563 3065 3793 3136 πατέρες
3817 3067 4010 3136 ὑμῶν·

728 3165 864 3233 Quis
889 3134 1042 3232 Iergo
1085 3157 1276 3214 lattdcs
1327 3162 1536 3207 vestras
1568 3151 1730 3220 digne
1797 3161 2056 3201 enarrare
2096 3145 2312 3233 valeat?

2417 3144 2499 3206 τίς
2524 3144 2697 3198 τοίνυν
2723 3146 2962 3213 ἐπαξίως
2989 3149 3240 3219 ἐγκώμια
3271 3151 3560 3222 δυνήσεται
3581 3134 3813 3224 φράσαις
3838 3134 3920 3220 τίς
3956 3155 4014 3210 δδ

730 3232 867 3318 Quis
903 3258 1141 3305 vestrum
1193 3259 1297 3298 non
1330 3239 1647 3309 comprobet
1672 3235 1961 3302 landetque
1987 3248 2114 3301 erga
2151 3232 2313 3290 Deum

731 3358 997 3408 amorem,
1030 3340 1313 3411 pietatem,
1336 3332 1701 3394 devotionem,
1739 3327 2173 3395 temperantiam,
2207 3326 2316 3378 l‘or-

734 3433 1039 3497 titudinem,
1065 3428 1352 3500 justitiam,
1380 3423 1716 3495 patientiam,
1746 3417 2088 3486 sapientiam,
2112 3427 2166 3468 et
2194 3431 2314 3469 cum

733 3518 1016 3594 prudentia
1063 3511 1499 3587 simplicitatem?
1540 3509 1679 3576 Quid
1725 3509 1901 3562 dicam
1925 3507 1989 3560 de
2014 3514 2320 3594 mansuetu-

733 3593 881 3677 dine,
932 3609 1172 3670 silentio,
1215 3605 1438 3660 mitibus
1494 3601 1738 3656 moribus
1775 3609 1828 3652 et
1851 3595 2138 3666 paciﬁcis?
2181 3593 2317 3660 Quid

732 3706 800 3760 de
831 3701 1171 3763 sinceritate,
1211 3694 1583 3766 simplicitate,
1625 3689 2033 3760 tranquillitate.
2083 3687 2322 3758 pecuniae

733 3802 1070 3864 contemptu,
1117 3786 1513 3846 misericordia.
1560 3781 1940 3850 eleemosynis,
1977 3777 2319 3842 liberalitate,

735 3893 920 3940 mutua
961 3878 1358 3950 compassione,
1388 3875 1628 3928 fraterno
1672 3885 1876 3932 amore,
1912 3883 2039 3938 ergo
2072 3868 2315 3936 hospites

735 3990 800 4028 ac
826 3983 1091 4043 pauperes
1114 3963 1467 4036 benignitate,
1492 3960 1827 4021 aﬂabilitate,
1853 3959 2167 4022 veracitate,
2191 3972 2322 4012 con-

735 4064 925 4120 cordia
959 4061 1259 4118 secundum
1291 4057 1480 4115 Deum,
1532 4064 1782 4108 sermone
1815 4048 2072 4104 mellinuo
2107 4064 2169 4103 ac
2192 4048 2321 4111 leni,

737 4154 1040 4224 composito
1079 4151 1320 4211 incessu,
1352 4145 1660 4204 solitudine,
1696 4141 1896 4210 optima
1946 4140 2111 4205 tanta,
2140 4142 2324 4193 ortho-

737 4250 877 4304 doxa
908 4253 1107 4308 mente,
1141 4250 1195 4297 et
1226 4238 1328 4293 ﬁde
1352 4239 1406 4292 in
1435 4235 1645 4290 Deum?
1668 4234 1883 4298 Quanta
1920 4247 2017 4286 vos
2040 4232 2092 4284 in
2128 4229 2324 4285 virtute

740 4336 1063 4393 versamini!
1108 4342 1240 4403 quot
1290 4345 1385 4384 vos
1412 4329 1642 4381 virtutes
1690 4324 2109 4386 circnmornant,
2143 4337 2176 4376 o
2216 4321 2325 4378 Deo

737 4427 1043 4484 charissimi
1073 4427 1084 4479 l
1115 4433 1250 4492 quot
1287 4421 1544 4474 virtutum
1569 4429 1767 4469 corona
1793 4413 2092 4483 cingimitti!
2123 4421 2324 4480 quanta

741 4529 828 4573 est
860 4516 1002 4586 apud
1029 4529 1126 4569 vos
1146 4516 1409 4568 bonorum
1446 4521 1667 4576 operum
1695 4503 1995 4559 coostantia
2021 4503 2034 4554 ι
2061 4501 2167 4555 Pax
2199 4502 2325 4555 etuti-

741 4618 838 4666 net
868 4609 1011 4663 inter
1055 4619 1150 4658 vos
1191 4610 1415 4674 propter
1457 4597 1714 4652 vitiorum
1769 4593 2176 4649 abstinentiam.
2223 4593 2332 4645 Hn-

743 4699 948 4753 militas
996 4696 1135 4749 inter
1189 4706 1288 4746 vos
1326 4685 1620 4760 praecellit,
1659 4685 1751 4755 qui
1789 4695 1872 4738 est
1906 4683 2076 4737 bonns
2122 4681 2328 4735 Domini

745 4801 925 4861 typus,
968 4801 1000 4840 a
1039 4798 1145 4854 quo
1198 4779 1457 4836 recedens
1509 4777 1638 4832 olim
1686 4773 1936 4829 diabolus
1966 4773 2109 4842 juste
2145 4772 2328 4842 prolli-

744 4889 902 4948 gntus
927 4885 1035 4930 est.

815 5049 931 5108 XV.
957 5048 1080 5103 Haec
1131 5061 1160 5101 ιι
1212 5039 1489 5099 ηιελνοῦὶε
1531 5037 1695 5092 scribi
1724 5035 1938 5104 dicique
1970 5044 2190 5088 necesse
2227 5031 2326 5085 fuit

747 5154 801 5198 et
824 5141 1067 5212 apprime
1096 5134 1463 5198 conveniens;
1496 5131 1756 5199 scriptum
1788 5136 1871 5181 est
1901 5125 2044 5178 enim
2072 5142 2084 5177 :
2129 5122 2329 5177 Memo-

747 5237 831 5288 ria
873 5233 1138 5302 justorum
1171 5241 1287 5282 cum
1311 5224 1468 5279 laude
1491 5221 1594 5288 “';
1625 5228 1680 5275 et
1709 5221 1848 5286 quod
1873 5216 2037 5286 justis
2071 5213 2323 5279 laudatis,

819 5367 864 5399 "
890 5365 990 5421 lsa.
1023 5379 1169 5425 xm,
1197 5362 1282 5417 i0.
1356 5360 1434 5394 ”-'
1466 5356 1625 5412 Prov.
1657 5370 1712 5418 ι,
1744 5353 1799 5407 7.

822 5493 978 5566 (Hii)
1001 5488 1324 5566 intelligitttr
1342 5486 1430 5540 illa
1456 5486 1523 5540 ab
1557 5481 1867 5566 “Athanasio
1894 5480 2092 5566 scripta
2134 5478 2321 5566 μαριιί

752 5551 973 5626 Αιίιοιιὶἷ
999 5564 1133 5615 Vita.
1175 5551 1299 5614 Fuit
1335 5566 1511 5616 autem
1557 5551 1866 5618 Serapionis
1925 5551 2089 5601 nostri
2126 5561 2324 5605 Coacta-

751 5651 888 5692 netis
926 5632 1265 5684 Athanasius.

826 5702 938 5775 (Π)
969 5700 1041 5754 De
1071 5699 1274 5754 Amune
1313 5694 1613 5751 Palladius.
1643 5707 1760 5760 cap.
1806 5689 1888 5756 10,
1944 5698 1997 5743 et
2041 5691 2106 5744 de
2133 5689 2326 5744 abbate

2418 3235 2518 3287 οὐκ
2546 3235 2864 3302 ἀποδέξεται
2903 3237 2934 3306 ἢ
2965 3240 3301 3294 ἐπαινέσειεν
3341 3244 3402 3294 τὸ
3447 3243 3711 3311 φιλόθεον,
3747 3245 3846 3317 τὴν
3878 3249 4015 3300 ὐπο-

2423 3323 2610 3394 μονὴν,
2648 3325 2747 3395 τὴν
2788 3327 3022 3392 σύνεσιν,
3046 3328 3104 3381 τὸ
3139 3330 3398 3401 ἀκέραιον
3419 3333 3554 3402 ὁμοῦ
3587 3335 3679 3387 καὶ
3709 3336 4016 3406 φρόνιμον;

2420 3415 2553 3468 ἀλλά
2613 3416 2674 3468 τὸ
2717 3419 2892 3490 πρᾶον
2951 3421 3044 3474 καὶ
3075 3420 3319 3492 ἡσύχιον,
3349 3423 3484 3477 ἀλλὰ
3536 3425 3596 3477 τὸ
3625 3427 3830 3496 ἥμερον
3857 3424 4014 3499 ἦθος,

2421 3505 2556 3558 ἀλλά
2604 3507 2667 3559 τὸ
2718 3510 3010 3578 εἰρηνικὸν,
3062 3511 3200 3565 ἀλλά
3227 3514 3287 3566 τὸ
3315 3512 3589 3568 ἄπλαστον
3640 3518 3737 3569 καὶ
3783 3517 4016 3581 ἁπλοῦν,

2423 3593 2558 3648 ἀλλὰ
2585 3595 2646 3647 τὸ
2678 3596 3076 3660 ἀπαθὲς,.ἀλλά
3101 3600 3161 3654 τδ
3213 3601 3618 3672 ἀφυλάργυρον,
3652 3604 3786 3657 ἀλλά
3836 3606 3898 3659 τὸ
3927 3605 4021 3659 εὖο

2426 3686 2713 3757 σπλαχνον,
2771 3688 2906 3741 ἀλλά
2956 3690 3021 3742 τὸ
3053 3690 3425 3761 ὲλεημονικδν,
3462 3693 3598 3746 ἀλλὰ
3636 3693 3696 3747 τὸ
3720 3696 4022 3765 εὐμετάδοο

2421 3791 2532 3839 τον,
2556 3776 2691 3830 ἀλλά
2718 3777 2778 3830 τὸ
2807 3779 3112 3848 συμπαθὲς,
3145 3781 3280 3834 ἀλλὰ
3309 3782 3368 3834 τὸ
3391 3783 3717 3853 φιλάδελφον
3754 3787 3847 3837 καὶ
3875 3787 4021 3855 φιλό-

2427 3865 2594 3930 ξενον.
2634 3869 2770 3921 ἀλλὰ
2802 3870 2862 3922 τὸ
2909 3869 3269 3943 φιλόπτωχον,
3302 3874 3439 3927 ἀλλά
3461 3879 3521 3927 τὸ
3553 3876 3833 3946 ὁμιλητὸν,
3881 3878 4020 3932 ἀλλὰ

2422 3957 2483 4009 τὸ
2511 3957 2822 4028 φιλάληθες,
2891 3959 3026 4013 ἀλλά
3058 3961 3158 4030 τὴν
3181 3964 3258 4025 εἰς
3284 3964 3416 4016 Θεὸν
3470 3967 3745 4034 ὁμόνοιαν,
3777 3967 3915 4020 ἀλλὰ
3959 3969 4021 4022 τὸ

2428 4048 2750 4119 μελισταγὲς
2773 4050 2926 4120 ὑμῶν
2960 4052 3128 4121 ῥῆμα,
3160 4052 3294 4106 ἀλλὰ
3323 4054 3411 4107 τὸν
3432 4055 3652 4126 ἡσύχιον
3676 4057 3852 4125 λόγον,
3880 4059 4022 4113 ἀλλὰ

2423 4140 2484 4192 τὺ
2522 4139 2786 4194 εὔτακτον
2835 4141 3090 4212 βάδισμα,
3129 4143 3264 4196 ἀλλά
3313 4145 3411 4215 τὴν
3455 4147 3820 4219 ἀναχώρησιν.
3881 4149 4024 4204 ἀλλὰ

2424 4231 2485 4283 τὸ
2515 4232 2752 4302 χρηστὸν
2801 4233 2992 4302 ὄνομα,
3029 4233 3164 4286 ἀλλά
3193 4235 3252 4286 τὸ
3307 4235 3601 4306 ὁρθόδοξον,
3637 4239 3773 4293 ἀλλά
3806 4241 3904 4311 τὴν
3941 4243 4025 4304 εις

2426 4319 2558 4374 Θεὸν
2600 4323 2815 4386 πίστινς
2877 4324 2940 4375 Ὢ
2975 4324 3116 4396 πόσῃ
3163 4325 3330 4396 ἀρετῇ
3391 4329 3934 4398 συναναστρέφεσθεί
3980 4331 4027 4384 ὣ

2430 4412 2594 4465 πόσαι
2621 4414 2814 4483 ἀρεταὶ
2845 4415 2990 4484 ὑμᾶς
3039 4415 3446 4484 περιστέφουσι,
3481 4415 3601 4486 Θεῷ
3656 4418 4021 4486 τιμιώτατοιι

2431 4502 2475 4554 ὣ
2508 4504 2572 4555 ὲκ
2617 4503 2800 4572 πόσων
2854 4505 3065 4576 ἀρετῶν
3113 4505 3348 4574 διάδημα
3384 4504 3734 4575 περίκεισθει
3792 4506 3835 4559 ὣ
3875 4508 4026 4576 πόση

2432 4593 2562 4663 παρ’
2613 4593 2740 4662 ὑμῖν
2789 4593 3039 4664 χρηστῶν
3085 4593 3263 4664 ἔργων
3291 4594 3616 4647 εὐστάθειαι
3652 4595 3856 4665 Εἰρήνη
3887 4598 4023 4667 παρ’

2433 4684 2561 4753 ὑμῖν
2599 4684 2919 4753 ἡγεμονεύει
2952 4685 3060 4737 τῶν
3086 4685 3273 4736 κακῶν
3307 4685 3522 4756 ἀποχῇ·
3548 4687 4027 4758 ταπεινοφροσύνῃ

2431 4775 2560 4843 παρ’
2604 4775 2731 4844 ὑμῖν
2781 4775 3126 4845 ἡγεμονεύει,
3159 4776 3187 4827 6
3211 4773 3302 4828 τοῦ
3332 4776 3535 4847 Κυρίου
3561 4778 3795 4848 χρηστὸς
3823 4777 4027 4846 τύπος,

2431 4858 2491 4917 οὗ
2524 4863 2833 4932 ἀστοχήσας
2887 4865 3036 4934 παρά
3084 4865 3182 4933 τὴν
3223 4865 3397 4935 ἀρχὴν
3441 4866 3469 4918 6
3515 4865 3759 4930 διάϐολος
3795 4866 4028 4934 δικαίως

2432 4953 2854 5026 καταϐέϐληται.

2507 5044 2605 5096 lE'.
2635 5043 2818 5098 Ταῦτα
2864 5045 2919 5098 δὲ
2949 5045 3076 5114 ὑμῖν
3101 5045 3334 5116 γράφειν
3377 5046 3474 5098 καὶ
3507 5045 3686 5113 λέγειν
3720 5047 4026 5114 ἀναγκαῖον

2436 5136 2530 5186 καὶ
2554 5136 3004 5206 πρεπωδέστατον
3025 5153 3039 5166 ·
3073 5137 3260 5207 ἐπειδὴ
3299 5137 3607 5206 γέγραπται
3627 5155 3641 5168 ⁸
3691 5136 3909 5206 Marium
3941 5139 4029 5193 δι-

2435 5225 2620 5278 καίων
2643 5229 2772 5294 μετ’
2801 5227 3108 5296 ἐγκωμίων
3134 5245 3146 5256 ·
3185 5229 3278 5280 καὶ
3306 5230 3386 5281 ὅτι
3410 5229 3921 5300 ἐγκωμιαζομένων
3944 5230 4028 5283 δι-

2428 5481 2653 5559 Joanne,
2689 5497 2805 5552 cap.
2838 5484 2927 5559 44.
2973 5483 3264 5559 Macarium
3323 5487 3565 5559 intelligo
3588 5490 3956 5559 antiquiorem
3995 5511 4026 5547 e

2434 5552 2603 5605 tribns
2635 5554 2733 5606 hoc
2759 5556 2973 5607 nomine
3007 5554 3187 5611 claris.

2472 5620 2611 5701 ,(18)
2646 5621 2903 5688 Loquitur
2927 5619 3056 5690 ergo
3088 5619 3352 5701 Serapion
3384 5628 3448 5684 de
3484 5624 3591 5685 illis
3615 5629 3826 5684 sanctis
3848 5634 4017 5687 Anto-

2433 5696 2541 5754 nio.
2573 5702 2703 5755 etc.,
2732 5696 3330 5763 tanquamcomtancis.
