4220 6316
717 322 822 380 9‘3

1841 316 2126 375 'PATRES
2164 317 2461 375 :EGYPTH
2504 319 2779 377 S/ECL'Ll
2824 322 2912 379 IV.

3907 335 4012 394 9η

717 455 908 500 ea'tera
955 443 1408 510 humanissimus,
1465 440 1674 509 Oeaque
1714 439 1998 494 admodum
2058 441 2251 493 chorus
2288 455 2304 500 .‘
2339 451 2382 502 Α
2410 441 2623 508 Pristini
2657 443 2861 498 decoris
2905 444 3126 499 amittit.
3164 445 3316 502 Unde
3362 459 3412 503 et
3458 466 3551 521 ego
3595 468 3818 507 mtrrens
3852 471 4010 522 super

719 538 852 590 adeo
904 546 966 590 ut.
1007 537 1186 606 futura
1233 541 1618 603 pra'nosceret,
1670 541 1718 585 et
1776 547 1895 584 curn
1954 530 2151 598 angelis
2199 529 2310 594 [re-

719 638 936 699 quenter
967 629 1351 699 colloqueretur
1381 625 1456 697 (a)
1483 644 1497 680 :
1548 625 1712 696 ’Δνὴρ
1745 623 1813 676 τὰ
1851 622 2084 693 μάλιστα
2122 621 2311 691 φιλάν-

717 723 960 796 θρωπος,
1001 722 1093 775 καὶ
1136 718 1389 790 θεοφιλὴς
1434 719 1514 782 εἰς
1567 719 1705 786 ἄγαν
1729 757 1744 781 ,
1791 716 1867 778 ὡς
1905 713 2209 792 προειδέναι
2241 711 2311 765 τὰ

719 814 955 883 ἐσόμενα
977 853 992 878 ,
1015 813 1115 866 καὶ
1157 812 1322 876 θείοις
1354 811 1608 881 ἀγγέλοις
1635 806 1838 881 ὁμιλῶν
1864 806 2143 870 πολλάκις.
2175 804 2312 860 llinc

717 904 1002 960 Pachontii
1057 920 1253 960 nomen
1307 919 1435 957 cum
1493 901 1634 973 apud
1684 908 1928 954 vetustos
1978 898 2307 965 scriptores,

725 1009 839 1054 tum
877 998 934 1054 in
970 998 1127 1053 fastis
1158 995 1553 1051 ecclesiasticis
1574 1034 1589 1059 ,
1632 992 1746 1048 sive
1773 989 1981 1044 Grmcis
2011 988 2128 1043 sive
2168 988 2314 1041 Latt-

721 1090 836 1156 nis,
870 1091 1100 1145 summis
1128 1087 1377 1142 laudibus
1409 1085 1744 1141 celebratum
1776 1082 2051 1136 invenias.
2083 1080 2313 1150 Magnus

721 1171 940 1253 quidem
973 1183 1338 1246 Athanasius,
1372 1186 1511 1234 teste
1542 1176 1874 1247 HicrOnytno
1910 1175 2021 1245 (θ),
2055 1173 2209 1242 quasi
2243 1172 2310 1225 ad

722 1275 1050 1328 tutissimum
1083 1269 1465 1326 communionir
1497 1280 1705 1339 portum
1738 1266 1955 1320 Romam
1983 1264 2305 1335 confugiens,

729 1367 910 1422 Vitam
959 1366 1096 1443 beati
1132 1364 1347 1418 Antonii
1387 1362 1557 1423 adhuc
1608 1370 1730 1413 time
1769 1358 1981 1412 viventis
2007 1398 2021 1420 ,
2053 1364 2312 1409 monaste-

724 1460 1031 1528 riorumque
1070 1459 1125 1512 in
1163 1455 1424 1508 Thebaide
1462 1451 1735 1506 Pucltomi-i
1774 1449 2156 1517 Disciplinam,
2201 1447 2310 1516 pri-

721 1567 844 1607 mus
880 1552 934 1605 in
971 1550 1171 1606 Urbem
1211 1548 1437 1601 invexit.
1474 1544 1806 1613 Factumque
1836 1542 2092 1612 proinde,
2133 1541 2206 1593 ait
2237 1541 2316 1592 vir

721 1642 914 1696 tloctus
961 1638 1073 1711 (c),
1121 1651 1178 1692 ιιι
1230 1637 1472 1692 Romana
1525 1645 1634 1686 tum
1684 1633 1917 1701 primum
1962 1629 2206 1683 'EColesia
2261 1630 2311 1682 in

723 1733 1014 1789 monastici
1069 1730 1302 1784 instituti
1359 1741 1602 1780 amorem
1664 1724 1828 1776 fuerit
1874 1736 2125 1775 accensa.
2178 1719 2315 1774 Hinc

725 1821 1058 1880 monasteria
1093 1821 1260 1875 multa
1307 1833 1402 1887 per
1443 1817 1651 1870 Italiam
1698 1815 1969 1876 excitata,
2004 1822 2058 1865 et
2100 1812 2314 1865 institu—
2346 1809 2387 1865 Β

726 1928 838 1972 tum
875 1913 1183 1984 hujnsmodi
1222 1911 1420 1964 exinde
1457 1924 1552 1977 per
1580 1907 1929 1962 Occidentem
1976 1904 2217 1957 manavit
2259 1904 2312 1954 itt

723 2005 843 2060 dies
879 2004 1062 2058 latius.
1096 2001 1423 2072 Supremunt
1459 2001 1601 2070 diem
1637 1999 1774 2052 obiit
1808 1995 2185 2050 sanctissimus
2221 1995 2316 2046 ab-

727 2094 824 2150 bas
860 2110 1007 2149 anno
1055 2093 1162 2149 ’548
1209 2095 1334 2161 (d);
1404 2092 1629 2159 ejusque
1675 2099 1824 2151 gesta
1875 2087 2192 2141 admiranda
2225 2086 2318 2138 de-

724 2183 942 2251 scripsit
973 2182 1190 2255 quidatn
1226 2181 1524 2233 monachus
1552 2176 1926 2231 Taltennensis
1971 2185 2132 2229 tctate
2179 2189 2310 2243 sup-

725 2287 844 2341 par,
878 2288 997 2342 quae
1027 2273 1169 2342 apud
1193 2270 1583 2324 Bollattdianos
1611 2269 1793 2323 videas
1824 2267 1916 2340 (e).

725 2363 792 2420 ΙΙ.
841 2361 936 2418 Vir
969 2365 1280 2433 apostolicos
1305 2364 1522 2432 gratiae,
1564 2359 1825 2433 Regulam
1859 2358 2175 2433 (Egyptiace
2203 2377 2319 2425 per-

798 2429 1035 2503 scripsit.
1073 2435 1208 2487 Eam
1242 2429 1422 2503 Greece
1457 2429 1717 2486 redditam
1756 2429 1957 2503 Latinis
1991 2433 2178 2481 litteris
2208 2440 2319 2480 tra-

799 2500 929 2558 didit
976 2504 1352 2572 Hieronymus.
1387 2501 1502 2566 Quo
1532 2518 1669 2556 anno
1700 2500 1987 2554 versionem
2014 2516 2164 2552 suam
2194 2515 2319 2551 con-

797 2576 978 2646 fecerit
1013 2573 1225 2627 sanctus
1258 2577 1462 2628 doctor.

803 2668 1125 2723 Pacltomius
1150 2709 1164 2733 ,
1205 2668 1377 2735 inquit
1405 2665 1723 2721 Gennadius
1762 2665 1826 2734 (Γ)
1853 2702 1866 2727 ,
1901 2665 1977 2716 uir
2003 2673 2109 2715 tant
2140 2680 2193 2715 tn
2223 2665 2321 2714 do-

726 2762 892 2817 cendo
929 2776 1087 2829 quant
1134 2763 1187 2814 in
1243 2762 1398 2830 signa
1449 2759 1729 2828 faciendo,
1772 2758 2071 2826 αροειοίἰσιυ
2108 2758 2318 2824 gratiae,

727 2854 938 2923 scripsit
970 2852 1230 2924 Regulam
1257 2853 1462 2921 utrique
1486 2852 1668 2921 generi
1697 2852 2073 2902 monac/torum
2101 2864 2277 2916 aptam
2301 2890 2315 2913 ,

727 2962 890 3017 quam
916 2932 1102 3016 angelo
1133 2947 1361 2998 dictante
1387 2954 1704 3009 perceperat.
1733 2943 1883 3007 Quod
1907 2943 2126 3009 quidem
2158 2941 2324 2992 multo

733 3052 862 3097 ante
900 3042 1238 3095 tradiderant
1265 3036 1712 3106 Heraclides-(9),
1765 3036 2041 3096 Palladius
2073 3034 2183 3104 (It),
2221 3035 2321 3087 So-

732 3148 996 3188 somenus
1028 3132 1126 3202 (ἰ),
1164 3141 1220 3185 ct
1265 3131 1431 3201 longe
1491 3139 1611 3197 post
1663 3127 1999 3195 Nicepltortts
2041 3127 2132 3194 (j).
2173 3124 2320 3177 lianc
2350 3162 2392 3217 Ε

730 3236 913 3282 autem
949 3224 1118 3278 saneti
1152 3222 1424 3276 Pachontii
1462 3220 1711 3289 Regulum
1739 3218 2058 3289 Egyptiaco
2088 3217 2319 3286 primum

731 3319 987 3370 sermone
1020 3312 1385 3379 conscriptam
1413 3349 1428 3372 ,
1460 3310 1652 3362 deinde
1688 3307 1877 3362 Graece
1913 3308 2220 3370 redditam,
2268 3307 2321 3356 in

734 3406 950 3463 Latium
984 3402 1259 3457 transtulit
1299 3411 1523 3455 sanctus
1563 3398 1926 3469 Hieronymus
1951 3434 1965 3458 ,
2001 3406 2195 3461 rogatu
2231 3396 2323 3447 lto-

734 3497 899 3553 tninis
942 3495 1038 3549 Dei
1070 3491 1275 3548 Silvani
1308 3490 1654 3562 presbyteri;
1697 3490 1790 3558 qui
1827 3495 2111 3556 propterea
2146 3485 2322 3539 Leon-

733 3591 868 3644 tium
916 3585 1297 3659 presbyterum
1339 3593 1407 3638 ιρι
1440 3593 1666 3636 cancros
1720 3595 1841 3634 cum
1897 3595 1960 3633 co
2007 3578 2211 3633 ltatres
2256 3576 2322 3630 ad

733 3691 984 3737 sanctum
1032 3679 1325 3731 Doctorem
1378 3676 1430 3728 in
1482 3674 1823 3728 Palaestinam
1869 3673 2176 3748 direxerat,
2218 3683 2324 3736 quo

733 3772 908 3829 Graeci
938 3768 1266 3839 exemplaris
1293 3766 1798 3835 inteepretationem
1828 3777 2012 3817 coram
2043 3768 2322 3830 peterent,

730 3864 1076 3936 ﬂagitarent,
1108 3868 1385 3931 urgerent.
1439 3857 1618 3911 Tantis
1667 3858 1850 3924 itaque
1895 3856 2018 3908 viris
2060 3855 2326 3920 imperan-

735 3954 912 4017 tibus,
960 3969 1022 4006 ne
1061 3952 1234 4004 dicam
1282 3946 1613 4018 rogantibus,
1645 3960 1850 4000 morem
1889 3943 2056 4014 gessit
2105 3948 2327 3996 sanctus

733 4040 918 4105 Pater,
952 4055 1009 4098 ν’.
1041 4045 1268 4112 ipsemet
1299 4041 1353 4094 in
1385 4037 1710 4093 Praelaticne
1743 4038 1810 4089 ad
1837 4034 2140 4089 versionem
2173 4046 2323 4084 suam

734 4135 965 4192 scribit:
1001 4134 1090 4187 ubi
1118 4133 1283 4187 etiam
1315 4141 1528 4198 tempus
1561 4129 1896 4197 indicat‘quo
1928 4139 2147 4178 manum
2173 4121 2323 4190 aperi

736 4229 999 4284 admovit.
1045 4225 1313 4280 Currebat
1362 4224 1570 4277 scilicet
1611 4236 1786 4275 annus
1824 4219 1951 4283 404,
1992 4232 2098 4286 quo
2139 4225 2324 4269 sancta

736 4317 903 4374 Paula
953 4329 1268 4384 supremum
1303 4313 1443 4368 diem
1481 4312 1680 4366 obiisse
1710 4309 2060 4380 comperitur,
2109 4321 2181 4359 vit
2214 4306 2325 4358 Ka-

737 4409 921 4465 lendas
957 4404 1316 4470 Februarias,
1357 4404 1512 4457 tertia
1550 4401 1770 4457 Sabbati
1802 4410 1914 4468 post
1954 4398 2082 4451 solis
2117 4395 2328 4449 accubi-

2413 531 2734 584 dormitione
2766 543 2965 586 sancta:
2991 544 3036 587 et
3071 537 3381 591 uenerabilis
3411 537 3634 601 Paulm.
3663 572 3735 579 ——
3756 560 3859 611 quo
3888 546 4014 595 mut-

2416 631 2588 690 toqum
2623 624 2787 676 incisa
2822 624 2968 678 illius
3002 637 3170 681 morte
3207 631 3488 698 refrigeria
3524 635 3854 701 suspirarem
3877 676 3890 695 ,
3926 653 4016 687 ae-

2412 714 2524 782 cepi
2559 714 2718 767 libros
2743 755 2759 780 ,
2786 725 2894 771 etc.
2921 716 2987 769 Et
3021 732 3146 771 mox
3181 741 3191 772 ;
3228 718 3415 787 Itaque
3440 723 3563 790 quia
3588 720 3678 776 diu
3708 736 3974 778 tat-ueram
3998 769 4012 788 ,

2411 816 2462 859 et
2493 807 2729 860 dolorem
2761 824 2934 862 meum
2963 809 3174 864 silentio
3199 812 3572 866 decoraveram
3591 857 3605 879 ,
3631 844 3703 854 ——
3731 818 3902 869 accito
3930 833 4019 869 no-

2414 898 2590 964 tario,
2637 911 2690 952 ut
2735 911 2885 955 erant
2933 903 2998 955 de
3026 901 3351 972 Egyptiaca
3387 905 3442 959 in
3491 906 3739 963 (it-teram
3782 907 4015 976 linguam

2414 1009 2562 1046 uersa
2585 1033 2599 1055 ,
2635 1004 2817 1048 nostro
2841 1012 3082 1050 sermone
3107 996 3335 1063 dictavi,
3367 1007 3421 1050 ut
3447 1028 3512 1038 —
3537 999 3672 1053 bono
3690 1043 3705 1067 ,
3740 1012 3794 1054 ut
3824 1003 3973 1055 aiunt
3999 1040 4015 1063 .

2415 1088 2658 1156 auspicio
2704 1086 2920 1156 longum
2973 1088 3242 1142 silentium
3298 1106 3629 1159 rumperent,
3671 1095 3892 1146 reddens
3934 1110 4020 1148 me

2414 1182 2654 1252 pristinis
2690 1180 2921 1246 studiis,
2954 1189 3002 1233 et
3037 1192 3236 1234 sancta:
3277 1182 3487 1250 femina:
3529 1181 3853 1254 refrigerans
3897 1185 4020 1236 ani-

2417 1290 2590 1338 mam,
2623 1288 2742 1342 qua:
2776 1274 3221 1326 monasteriorum
3258 1289 3462 1341 semper
3495 1289 3675 1326 amare
3708 1274 3982 1342 ﬂagrauit.

2416 1384 2502 1442 lll.
2561 1387 2739 1441 Versio
2778 1384 3011 1466 Regulae
3041 1384 3365 1466 Hieronymo
3397 1386 3721 1466 vindicatur,
3757 1387 4022 1456 simulque

2790 1459 2961 1525 aperis
2995 1459 3270 1526 integritas
3299 1459 3579 1509 astruitur.

2490 1571 2615 1625 Haec
2650 1579 2829 1624 autem
2865 1567 3292 1638 Hieronymiana
3342 1577 3630 1638 propterea
3675 1569 3727 1621 in
3780 1570 4018 1622 medium

2419 1665 2780 1726 adduximus,
2815 1671 2874 1716 ut
2898 1660 3193 1716 Gutuelmo
3221 1661 3400 1715 Caveo
3433 1661 3497 1732 (ι)
3538 1660 3768 1729 aliisque
3800 1661 4020 1713 obviam

2421 1756 2644 1819 iremus,
2675 1752 2766 1822 qui
2796 1752 2922 1804 dum
2956 1750 3348 1820 Hieronymum
3376 1751 3763 1806 Pacltomiana‘
3797 1751 4023 1821 Regulge

2422 1848 2777 1914 interpretem
2829 1858 3127 1914 agnoscere
3179 1844 3455 1907 almunnt,
3503 1844 3746 1911 ejusdem
3802 1859 4027 1913 quoque

2423 1936 2635 2007 Regula:
2671 1937 3049 1991 sinceritatem
3082 1937 3133 2004 in
3165 1935 3458 1989 discrimen
3492 1952 3692 1991 vocare
3725 1939 4025 1992 videntur:

2419 2023 2686 2079 Nimirum
2711 2064 2725 2088 ,
2761 2026 3039 2093 inquiunt,
3073 2025 3118 2078 si
3169 2025 3309 2078 hanc
3342 2023 3599 2094 Regulam
3648 2029 4028 2081 ιτθιιειιιιὶεδει

2422 2114 2816 2187 Hieronymus,
2849 2115 3205 2170 Pachomium
3235 2116 3519 2170 enimvero
3547 2118 3691 2171 inter
3716 2118 4029 2188 scriptores

2421 2207 2829 2262 ecclesiaSticos
2869 2206 3180 2270 retulisset,
3226 2206 3306 2260 vel
3343 2209 3534 2262 saltem
3580 2210 3723 2264 inter
3767 2221 4028 2270 suasmet

2426 2300 2708 2354 versiones
2745 2303 2886 2353 hanc
2916 2298 3105 2352 itidem
3155 2300 3516 2353 recensuisset
3562 2311 3785 2355 sanctus
3830 2302 4027 2355 Pater.

2422 2391 2604 2460 Atqui
2639 2405 2718 2444 Sic
2751 2389 3196 2459 arguunteruditi
3224 2389 3355 2453 viri,
3385 2407 3489 2444 non
3523 2393 3866 2446 adverterunt
3900 2391 4016 2446 Ca-

2425 2485 2658 2553 tttlogum
2683 2499 2836 2534 suum
2871 2481 3176 2535 coal'ecisse
3209 2481 3602 2552 Hieronymum
3633 2497 3770 2536 anno
3798 2484 4030 2536 demunt

2423 2571 2549 2635 592,
2587 2573 2676 2638 qui
2713 2579 2997 2640 propterea
3033 2584 3208 2638 neque
3249 2572 3390 2625 inter
3419 2587 3546 2626 suos
3581 2570 3729 2625 Viros
3761 2573 4009 2626 illustres

2429 2661 2778 2714 l’acliomium
2800 2701 2814 2724 ,
2852 2674 3028 2729 neque
3069 2676 3197 2716 suas
3232 2664 3373 2717 inter
3406 2665 3684 2719 vcrsiones
3715 2664 4030 2718 beatissimi

2428 2754 2569 2807 illius
2613 2752 2829 2807 abbatis
2879 2752 3094 2820 Regula:
3129 2753 3535 2808 translationem
3563 2755 3762 2809 referre
3797 2757 3990 2824 potuit
4013 2797 4030 2822 ,

2426 2845 2578 2911 Cujus
2624 2843 2830 2897 scilicet
2859 2841 3106 2896 Gt-tecum
3144 2843 3421 2913 exemplar
3467 2845 3744 2899 duodecim
3788 2857 4015 2900 tantum

2427 2948 2548 3006 post
2591 2951 2762 2990 annos
2799 2933 2991 2990 Latine
3025 2939 3341 2988 vertendum
3378 2937 3606 3004 recepit.

2499 3027 2578 3081 Ad
2631 3028 2745 3081 haec
2787 3024 3207 3091 Ttllemontius,
3244 3027 3369 3081 licet
3405 3028 3664 3080 admittat
3702 3031 3872 3082 sancti
3912 3028 4021 3082 Pa-

2428 3119 2626 3173 cltotnii
2665 3117 2922 3187 Regulam
2950 3118 3365 3185 interpretatum
3390 3115 3558 3171 fuisse
3589 3117 3988 3188 Hieronymum
4021 3135 4036 3182 ;

2433 3206 2633 3259 Hortita
2669 3217 2848 3259 tamen
2880 3220 3000 3272 quae
3031 3204 3245 3274 Regulae
3271 3205 3655 3260 Pacltomiana:
3688 3207 4029 3270 subdantur,

2429 3298 2497 3351 ab
2542 3295 2733 3351 eodem
2766 3295 3096 3366 Hieronymo
3147 3296 3340 3350 Latine
3391 3295 3565 3352 fuisse
3618 3298 3856 3360 reddita,
3918 3299 4034 3352 sibi

2438 3390 2769 3459 pet-suadere
2799 3387 2941 3442 haud
2975 3397 3156 3455 potest
3179 3388 3298 3458 (nt),
3333 3402 3618 3457 propterea
3648 3389 3852 3444 scilicet
3874 3392 4037 3460 quod

2432 3479 2581 3533 locus
2634 3479 2686 3532 in
2744 3478 2847 3532 illis
2883 3489 3135 3532 occurrat
3190 3480 3274 3534 his
3335 3481 3508 3534 verbis
3556 3496 3848 3548 expressus
3891 3489 3980 3551 tu)
4021 3500 4034 3536 :

2430 3571 2688 3624 Odiantus
2716 3587 2846 3639 ergo
2881 3570 3164 3638 mundum,
3206 3583 3252 3625 et
3286 3573 3463 3625 omnia
3506 3589 3621 3642 qute
3659 3575 3710 3626 in
3753 3590 3810 3626 eo
3861 3587 4038 3639 sunt;

2430 3663 2673 3715 odiamus
2711 3663 2873 3713 etiam
2906 3678 3110 3715 omnem
3145 3664 3372 3732 requiem
3417 3666 3763 3731 corporalem.
3819 3665 4037 3730 Quibus

2428 3752 2716 3806 recitatis:
2757 3749 2936 3816 Num,
2981 3751 3192 3821 inquit,
3233 3754 3368 3807 adeo
3400 3747 3589 3822 parum
3638 3753 3830 3808 Latine
3866 3756 4028 3809 locu-

2430 3853 2541 3898 tum
2576 3841 2742 3898 fuisse
2792 3842 3179 3913 Hieronymum
3211 3843 3632 3898 existimemus?
3663 3847 3854 3898 Annon
3897 3849 4020 3915 ipse

2428 3938 2606 4007 potius
2649 3936 2962 4002 scripsisset
2999 3936 3264 3988 oderimus
3292 3936 3313 3973 "
3360 3935 3558 3990 Verum
3605 3947 3802 4005 praeter
3853 3955 4027 4006 quam

2428 4030 2572 4095 quod
2622 4025 2828 4080 Monita
2868 4027 2954 4079 illa
3004 4027 3055 4080 in
3108 4025 3429 4082 Collectione
3475 4028 3794 4098 Regularum
3851 4034 4036 4084 sancti

2429 4117 2703 4172 Benedicti
2731 4118 3052 4172 Anianensis
3075 4160 3090 4183 ,
3123 4121 3218 4188 qui
3244 4136 3382 4174 unus
3416 4119 3900 4192 Hieronymianam
3932 4124 4038 4177 Pa-

2428 4211 2841 4267 chomianorum
2883 4225 3109 4279 operum
3157 4213 3668 4280 interpretationem
3709 4216 3869 4270 nobis
3913 4231 4035 4270 ser-

2431 4303 2853 4369 vavit,niedium
2885 4302 3057 4356 locum
3083 4312 3268 4356 tenent
3302 4303 3442 4357 inter
3465 4305 3743 4360 Pacltomii
3771 4304 4037 4376 Regulam

2429 4405 2484 4447 et
2517 4393 2634 4461 ejus
2671 4391 2942 4459 Epistolas
2973 4431 2987 4456 ,
3029 4407 3261 4460 quarum
3309 4393 3580 4464 interpres
3625 4395 3884 4450 iadnbius
3944 4399 4040 4450 lm-

736 4515 880 4566 tnm,
923 4497 1168 4560 Honorio
1212 4498 1448 4566 Augusto
1491 4511 1540 4546 vt
1571 4504 1616 4547 et
1665 4493 1961 4544 Aristeneto
1986 4505 2148 4551 coss.,
2183 4486 2323 4539 utin
2357 4503 2406 4561 ι)
2434 4486 2590 4540 betur
2631 4484 2774 4538 idem
2826 4482 3224 4554 Hieronymus;
3272 4483 3504 4552 ipsemet
3555 4495 3778 4541 sanctus
3821 4485 4039 4542 Doctor

734 4597 859 4669 ejus
891 4593 1178 4664 Epitapltio
1210 4591 1374 4644 tradit
1399 4587 1538 4641 idem
1575 4586 1939 4653 Hieronymus
1976 4581 2067 4652 (lt).
2107 4581 2196 4634 Sic
2226 4583 2326 4650 igi-

737 4701 827 4745 tur
860 4688 1059 4742 Docmr
1099 4674 1373 4739 inaximus
1410 4683 1460 4733 in
1503 4679 1661 4733 modo
1702 4676 1920 4729 laudata
1956 4674 2320 4728 Praefatione:

737 4779 990 4847 Quamuis
1016 4785 1202 4829 acutus
1228 4771 1440 4843 gladius
1465 4779 1512 4822 et
1543 4769 1797 4836 levigatus
1817 4805 1829 4827 ,
1859 4771 1902 4818 si
1926 4765 2015 4817 diu
2050 4765 2103 4817 in
2136 4765 2322 4831 vagina

734 4872 982 4926 conditus
1030 4867 1223 4935 fuerit,
1281 4861 1534 4918 sordescit
1599 4858 1836 4926 rubigine
1890 4865 1937 4910 et
1995 4853 2341 4922 splettdorettt.

811 5137 889 5208 (a)
929 5136 1145 5208 §ozom.
1184 5133 1325 5208 Hist.
1354 5130 1482 5208 e_c_c_l_.
1519 5131 1611 5208 lib.
1641 5144 1731 5208 tt},
1764 5144 1827 5208 c._
1849 5129 1936 5208 υτ

811 5198 887 5278 (ὁ)
927 5206 1148 5278 Hieron.
1183 5205 1344 5274 epist.
1367 5201 1493 5268 127,
1523 5201 1592 5253 al.
1634 5202 1721 5262 16,
1761 5201 1827 5252 ad
1846 5199 2086 5268 Princip.
2115 5198 2326 5270 oirgin.,

742 5274 1244 5419 ‘izl’ﬁfn...
1290 5340 1394 5395 Vit.
1429 5339 1487 5394 s.
1535 5339 1720 5393 4tltan.
1761 5340 1823 5392 ad
1851 5353 1977 5392 ann.
2012 5338 2137 5402 5H,
2168 5341 2195 5409 ς
2221 5346 2329 5402 su,

737 5419 1146 5560 ‘j‘fd’log‘illem.
1170 5480 1334 5537 Hem.
1365 5491 1498 5535 tom.
1525 5478 1612 5534 VII
1632 5521 1645 5543 ,
1675 5493 1794 5548 pag.
1825 5478 1948 5540 691,
1982 5487 2093 5532 not.
2122 5476 2215 5541 55,
2241 5493 2330 5530 sur

737 5558 801 5616 S.
824 5557 1081 5610 Pacome.
2187 5608 2193 5614 ,

735 5628 885 5757 28ξε)
928 5626 1165 5680 Bolland.
1203 5627 1318 5677 Aet.
1358 5621 1463 5678 SS.
1497 5619 1639 5674 Juii
1692 5630 1819 5675 tom.
1867 5617 1966 5684 Ill,
2003 5633 2157 5688 pagg.
2197 5616 2327 5683 25,‘

815 5767 883 5840 (ι’)
921 5766 1166 5822 Gennatt.
1207 5766 1279 5817 De
1310 5768 1403 5818 vir.
1446 5763 1611 5826 illast.
1646 5774 1763 5829 cap.
1803 5759 1852 5812 7.

2432 4577 2608 4648 palam
2636 4579 2928 4647 prolitetur
2954 4575 3029 4646 (ο)
3060 4576 3452 4644 simplicitatem
3489 4577 3734 4648 ﬂgyptii
3767 4585 4039 4634 sermonis

2432 4686 2491 4724 se
2520 4670 2690 4724 fuisse
2720 4669 2988 4722 imitatum
3008 4709 3022 4733 ,
3055 4686 3115 4722 ne
3149 4671 3288 4723 uiros
3321 4671 3638 4738 apostolicos
3661 4682 3707 4724 et
3742 4681 3881 4724 totos
3907 4689 4039 4740 gra-

2428 4765 2514 4814 tia?
2546 4761 2881 4829 spiritualis,
2935 4777 3106 4814 sermo
3159 4761 3453 4814 rhetoricus
3501 4763 3824 4815 immutaret.
3887 4763 4038 4829 Quid

2427 4855 2569 4923 quod
2599 4853 2891 4922 ipsummct
2942 4851 3229 4907 Doctorem
3281 4854 3574 4906 maximum
3611 4855 3664 4907 in
3705 4862 4037 4910 sanctarum

2507 5127 2582 5195 (g)
2626 5125 2837 5181 Heracl.
2880 5126 3078 5196 Parad.
3111 5143 3230 5196 cap.
3269 5127 3350 5181 19.

2507 5200 2583 5264 th)
2628 5195 2834 5250 Pallad.
2875 5195 3014 5266 (list.
3050 5195 3214 5250 Laus.
3250 5213 3369 5266 cap.
3409 5196 3496 5250 '58.

2508 5266 2572 5337 (ί)
2616 5267 2830 5337 δοιυιη.
2870 5265 3010 5337 Ilist.
3039 5271 3170 5320 eccl.
3203 5268 3295 5321 lib.
3318 5265 3388 5319 illl
3416 5306 3429 5329 ,
3467 5282 3584 5333 cap.
3627 5265 3711 5337 H.

2511 5335 2578 5406 (ί)
2620 5336 2848 5405 Niceplt.
2879 5335 3028 5390 Hist.
3067 5341 3194 5392 eccl.
3227 5338 3320 5391 lib.
3365 5355 3412 5390 Ix
3443 5377 3456 5401 ,
3496 5352 3614 5403 t-ap.
3655 5335 3735 5388 lli.

2513 5405 2585 5474 (le;
2630 5406 2851 5460 Hieron.
2893 5409 3052 5474 epiSt.
3094 5407 3223 5470 108,
3257 5408 3324 5460 al.
3358 5409 3449 5473 27,
3483 5406 3510 5477 §
3543 5408 3645 5471 54,
3681 5421 3805 5475 pag.
3836 5405 3967 5459 719.

2513 5479 2575 5546 (ι)
2615 5478 2746 5547 (Juv.
2781 5477 2940 5547 Hist.
2966 5480 3127 5530 litter.
3165 5490 3292 5531 tom.
3332 5479 3384 5543 I,
3420 5495 3472 5547 p.
3504 5477 3627 5531 208.

2511 5545 2605 5620 (in)
2648 5545 2860 5620 _Tillem.
2890 5546 3051 5600 Mem.
3092 5559 3225 5604 tom.
3264 5547 3381 5611 VII,
3422 5545 3560 5620 pag.
3595 5545 3738 5609 b85,
3795 5553 3910 5598 not.
3973 5547 4035 5602 15

2437 5635 2528 5671 sur
2549 5614 2605 5672 S.
2635 5617 2882 5673 Pacome.

2511 5688 2588 5755 (η)
2633 5687 2886 5741 Pacltom.
2926 5684 3059 5755 Opp.
3101 5687 3238 5739 inira
3277 5690 3379 5742 col.
3418 5689 3545 5742 947.

2505 5758 2577 5830 (ο)
2617 5757 2835 5812 llicron.
2873 5758 2924 5811 in
2961 5757 3189 5826 l’razfttt.
3223 5758 3288 5812 ad
3325 5757 3575 5811 l’acltom.
3609 5756 3710 5811 διώ
3748 5759 3842 5813 .‘itt.
