4220 6316
179 401 275 456 985

880 401 935 455 S.
977 399 1304 457 PACIIOMII
1348 401 1827 459 TABENNENSIS
1861 406 2148 479 ABB._\TIS
2181 409 2604 478 PIMECEPTA,‘
2627 411 2777 467 ETC.

3322 417 3427 470 946

179 518 577 585 Scripturarum
606 515 1048 582 interpretatione
1076 518 1264 571 eodem
1293 518 1456 572 ferme
1484 518 1734 587 loquendi
1766 521 1816 577 Α.
1843 521 2019 575 butum
2054 524 2299 591 speciale,
2331 525 2492 592 signis
2518 524 2827 593 quibusdam
2858 531 2903 574 et
2931 522 3176 592 symbolis
3199 522 3426 578 abscon~

181 623 364 676 genere
406 607 616 663 Latinis
643 608 865 663 auribus
902 611 1078 664 minus
1142 611 1364 674 probato
1415 611 1743 680 quandoque

181 716 323 756 nsttm
358 700 524 755 fuisse
561 702 807 756 novimus
831 702 854 755 τ
881 701 948 757 Ut
976 713 1155 756 autem
1187 713 1378 756 αιτιοι-ιι
1407 703 1741 768 omittamus,

180 811 237 850 ex
262 795 422 848 unius
439 794 589 849 verbi
613 796 785 849 odisse
807 810 905 848 usu
931 795 1180 848 nonnulla
1207 794 1540 863 proferamus
1563 810 1746 848 exem—

180 888 274 956 pla.
302 887 682 956 Comperimus
715 886 892 953 itaque
924 885 1304 954 Ilierunyumm
1349 886 1400 938 in
1441 887 1613 939 Sacris
1663 884 1746 938 Bi-

181 980 293 1034 bliis
320 979 593 1032 vertendis
624 987 714 1031 aut
750 976 1102 1031 recensendis
1139 977 1215 1046 (a)
1268 992 1557 1046 usurpasse
1589 992 1748 1032 voces

178 1070 428 1136 odientis,
462 1069 631 1122 Exod.
673 1085 836 1132 χχιιι,
868 1068 942 1133 5;
977 1068 1231 1126 odientes.
1267 1066 1307 1120 ll
1338 1066 1469 1138 Reg.
1510 1083 1630 1132 xu,
1669 1067 1701 1122 6
1731 1087 1745 1133 ;

179 1161 589 1221 odibunt,Pt-ov.
623 1178 675 1225 ι,
711 1162 817 1224 22;
856 1161 1017 1223 odiet,
1050 1159 1180 1214 an.
1214 1176 1324 1224 svr,
1358 1160 1392 1214 ὅ
1421 1177 1434 1213 :
1473 1175 1591 1228 quae
1620 1174 1750 1214 sane

181 1254 524 1308 Latinissimce
551 1253 691 1307 haud
723 1261 844 1306 sunt
869 1292 884 1314 ,
918 1263 976 1304 ιιι
1030 1254 1194 1306 verbo
1229 1264 1351 1306 utar
1379 1252 1755 1322 Hieronymia-

180 1361 242 1400 no
270 1345 367 1415 (b).
404 1342 668 1398 Nimirum
698 1342 931 1397 subinde
960 1342 1242 1410 profitetur
1269 1354 1489 1397 sanctus
1535 1345 1753 1408 Doctor,

178 1455 232 1494 sc
259 1453 364 1493 non
393 1437 572 1492 omnia
601 1435 866 1492 sermonis
902 1436 1026 1488 vitia
1058 1436 1386 1500 declinasse,
1410 1438 1658 1505 quamvis
1687 1453 1752 1492 ea

178 1529 336 1595 probe
373 1528 630 1580 novisset.
682 1521 806 1579 Non
856 1526 993 1579 enim
1015 1566 1030 1590 ,
1081 1526 1253 1593 inquit
1287 1526 1356 1597 (c)
1385 1569 1398 1588 ,
1425 1543 1568 1580 cura:
1600 1529 1749 1582 nobis

177 1628 244 1670 est
273 1618 438 1671 vitare
473 1632 769 1670 sermonum
802 1619 924 1669 vitia
945 1655 960 1679 ,
995 1621 1081 1669 sed
1120 1613 1408 1685 Scripturte
1435 1627 1628 1670 sanctw
1665 1616 1758 1669 ob-

177 1711 474 1762 scuritatem
500 1709 886 1777 quibuscunque
919 1708 1078 1762 verbis
1099 1709 1374 1761 disserere.
1401 1709 1463 1762 Et
1489 1709 1617 1762 alibi
1641 1708 1718 1780 (tl)
1746 1724 1759 1761 :

1847 600 1983 665 (litos
2029 630 2209 666 sensus
2257 613 2556 667 involvens:
2602 630 2731 681 quas
2783 629 2874 666 nos
2923 611 3188 680 Epistolas
3237 614 3338 680 ita,
3372 623 3428 669 ut

1846 703 1987 769 apud
2021 702 2301 771 AEgyptios
2333 702 2643 773 ercosque
2672 704 2931 772 leguntur,
2962 705 3014 756 in
3054 714 3288 757 nostram
3328 707 3433 759 lin-

1848 813 2004 866 guam
2035 801 2299 862 vertimus,
2331 799 2532 860 eadem,
2559 807 2613 849 ut
2643 799 2944 866 reperimus,
2969 795 3217 849 elementa
3243 813 3434 864 ponen-

1849 899 1944 943 tes.
1975 887 2068 943 His
2093 890 2303 958 gemina
2342 890 2508 943 refert
2544 888 2875 943 Sozomenus
2911 887 2987 957 (Ιι)
3014 906 3027 942 :
3089 887 3314 953 Dicunt,
3344 889 3426 941 in-

1850 978 2002 1045 quit,
2044 979 2284 1033 divinum
2329 978 2572 1046 angelum
2621 976 2903 1031 Pacltomio
2943 990 3276 1047 apparentem
3325 995 3432 1032 mo-

1854 1072 2032 1124 nuisse
2063 1081 2116 1123 ut
2170 1069 2408 1137 iuniores
2447 1071 2727 1123 monachos
2771 1069 3034 1138 colligeret
3073 1081 3122 1123 et
3162 1088 3268 1124 una
3312 1087 3432 1124 cum

1857 1160 1963 1215 illis
1996 1172 2293 1215 versaretur
2313 1176 2330 1213 :
2349 1191 2416 1202 -—
2437 1172 2688 1231 praeterea
2709 1203 2724 1225 ,
2754 1169 2808 1214 ut
2836 1163 3072 1215 unirersa
3100 1164 3432 1232 congregatio

1853 1250 1909 1304 in
1942 1252 2125 1320 viginti,
2153 1265 2381 1320 quatuor
2407 1253 2602 1305 classes
2622 1253 2959 1313 divideretur,
2993 1268 3163 1320 ea'que
3186 1269 3248 1306 ea:
3273 1252 3424 1307 Gne-

1855 1355 2041 1393 cornm
2074 1340 2269 1394 littcsis
2313 1351 2710 1410 cognomentum
2762 1342 3100 1407 acciperent:
3149 1357 3430 1410 cognomen

1858 1446 1976 1484 vero
2008 1431 2109 1497 ipsi
2143 1440 2414 1497 optaretur
2439 1447 2534 1499 pro
2564 1431 2666 1484 vita
2699 1447 2770 1485 aa
2803 1431 3035 1486 moribus
3078 1430 3429 1500 singulorum.

1867 1521 2022 1576 Verbi
2046 1523 2218 1591 gratia
2250 1523 2599 1590 simpliciores
2638 1524 2747 1576 iota
2783 1523 3210 1592 appellarentur;
3239 1526 3434 1576 versuti

1860 1611 1893 1678 ζ
1917 1615 1993 1668 vet
2027 1613 2088 1678 ξ,
2122 1624 2169 1667 et
2218 1615 2295 1667 sic
2342 1615 2406 1668 de
2439 1615 2560 1668 aliis
2587 1653 2603 1681 ,
2639 1625 2791 1682 prout
2841 1616 3140 1667 institutum
3183 1615 3436 1684 cujusque

1859 1705 2042 1758 classis
2083 1706 2254 1774 ﬁgura
2297 1706 2525 1775 alicujus
2577 1705 2768 1759 litterte
2810 1717 2928 1768 apte
2968 1707 3254 1764 exprimere
3287 1707 3435 1765 licet.

177 1800 320 1864 Scio,
358 1800 463 1863 ait,
495 1803 604 1852 haec
637 1799 853 1852 molesta
881 1815 989 1852 esse
1018 1799 1198 1851 lectori
1222 1812 1240 1850 .'
1275 1800 1365 1852 sed
1384 1830 1456 1845 -η
1478 1799 1604 1853 mihi
1634 1800 1752 1868 suf-

1861 1787 2021 1858 υἷον,
2062 1794 2465 1866 ἁπλουστέρους
2504 1796 2602 1865 μὲν
2647 1795 2782 1848 ἰῶτα
2824 1793 3271 1861 ἀποκαλοῦντας,
3319 1812 3438 1847 σκο-

175 1891 276 1957 ﬁrit
306 1863 388 1945 sic
417 1891 595 1960 loqui,
619 1903 680 1961 ut
727 1891 1027 1959 intelligar;
1060 1901 1111 1942 ut
1145 1892 1207 1943 de
1247 1891 1302 1946 St
1323 1892 1537 1960 ripturis
1565 1863 1737 1960 dispu-

1855 1885 2000 1949 λιοὺς
2025 1886 2136 1950 se:
2179 1888 2213 1956 ἢ
2248 1888 2296 1951 ξ,
2337 1863 2448 1940 ’καὶ
2479 1863 2670 1950 ἄλλους
2709 1886 2918 1951 ἄλλως,
2943 1884 3124 1947 καθὼς
3154 1885 3437 1955 ικλαμοά-

177 1991 316 2045 tans,
351 1979 746 2049 Scripturarum
775 1981 949 2033 imiter
988 1981 1403 2047 simplicitatem.
1441 1982 1618 2050 Atque
1655 1982 1750 2034 ite-

177 2087 286 2124 rum
318 2070 372 2123 in
408 2070 651 2125 eamdem
685 2073 1005 2125 sententiam
1039 2070 1152 2125 lucc
1201 2073 1361 2125 liabet
1405 2073 1493 2142 (ε)
1526 2088 1538 2125 :
1577 2073 1643 2126 In
1671 2090 1753 2126 ec-

176 2161 480 2214 clesiasticis
513 2162 662 2215 rebus
691 2178 794 2215 non
833 2168 1118 2232 qmerenda
1159 2165 1312 2217 verba
1336 2205 1350 2228 ,
1395 2167 1485 2218 sed
1527 2183 1750 2231 sensus;

175 2251 223 2303 id
261 2264 374 2317 est,
419 2254 644 2319 panibus
684 2264 760 2306 est
806 2256 910 2307 vita
947 2256 1292 2308 sustentanda
1318 2298 1331 2320 ,
1381 2273 1482 2310 non
1523 2259 1749 2328 siliquis.

177 2341 358 2410 Itaque
383 2344 497 2397 sive
524 2353 736 2412 spectes
763 2346 1029 2401 versionis
1058 2349 1300 2417 exempla
1331 2348 1750 2420 Hieronymiana

178 2437 332 2489 modo
380 2435 577 2500 allata,
633 2437 748 2491 sive
795 2438 894 2492 bac
936 2438 1051 2507 ipsa
1080 2440 1145 2493 de
1179 2454 1233 2494 re
1268 2440 1466 2510 placita
1511 2443 1751 2512 ejusdem

183 2529 355 2583 sancti
406 2529 697 2598 Doctoris;
736 2532 990 2600 utrinque
1035 2533 1273 2588 arbitror
1319 2536 1571 2604 equidem
1622 2539 1753 2592 satis

175 2638 293 2676 esse
318 2633 655 2691 compertum
679 2663 694 2687 ,
723 2639 896 2694 neque
922 2626 1332 2694 improbandum
1355 2629 1581 2682 verbum
1610 2630 1756 2682 odia-

165 2729 283 2768 snus
312 2714 364 2767 in
391 2715 615 2769 Monitis
635 2714 1036 2782 Pacbomia'nis,
1064 2732 1240 2786 neque
1261 2728 1544 2789 prapterea
1565 2736 1752 2777 eorum

175 2806 350 2860 versio
387 2806 718 2879 Hieroitymo
747 2807 1132 2879 abjudicanda.
1172 2810 1277 2867 Sed
1312 2813 1379 2868 ad
1414 2814 1752 2882 propositum

175 2899 482 2954 redeamus.

175 2988 259 3046 IV.
303 2991 381 3044 De
419 2991 697 3073 Pachomii
738 2995 995 3074 Epistolis
1035 2998 1251 3074 ejusque
1291 2998 1593 3066 Alpbabeto
1640 3017 1758 3074 my.

451 3064 588 3117 stico
610 3104 624 3128 ,
663 3081 727 3118 ea:
757 3064 1039 3120 Gennadiov
1058 3064 1106 3120 et
1133 3064 1441 3123 Sozomeno.

243 3147 479 3219 Scripsit
509 3162 768 3219 prmterea
800 3154 1147 3220 I‘acbomius,
1171 3173 1235 3211 ex
1256 3159 1540 3214 Gennadio
1564 3164 1654 3230 (fy,
1686 3168 1754 3215 ad

172 3241 402 3308 collegas
441 3245 803 3311 pra'positura:
845 3263 956 3300 suae
1003 3248 1302 3317 Epistolas,
1348 3252 1402 3303 in
1431 3253 1617 3321 quibus
1662 3254 1753 3307 AI-

173 3330 463 3398 phabetnm
499 3337 730 3404 mysticis
762 3347 951 3390 tectum
980 3343 1324 3395 sacramentis
1343 3383 1358 3406 ,
1387 3344 1529 3398 velut
1559 3346 1750 3400 huma-

174 3438 253 3474 nae
311 3425 710 3478 consuetudinis
760 3433 1012 3482 excedens
1060 3431 1499 3500 intelligentiam,
1541 3435 1751 3491 clausit.

173 3512 276 3566 Sed
301 3510 588 3568 Gennadio
617 3517 731 3571 haec
754 3520 1010 3573 scribenti
1034 3522 1320 3589 pra'iverat
1343 3526 1456 3592 ipse
1483 3525 1754 3597 interpres

175 3599 561 3674 Hieronymus,
592 3608 670 3661 sic
701 3608 951 3676 inquiens
978 3611 1050 3680 (g)
1078 3629 1092 3664 :
1120 3612 1280 3665 Aiunt
1304 3624 1478 3668 autem
1511 3616 1717 3672 Thebtei
1736 3658 1753 3683 ,

172 3697 312 3762 quod
345 3694 633 3750 Pacliomio
653 3727 723 3738 —-
745 3699 959 3768 angelus
993 3701 1190 3771 linguis
1221 3707 1452 3774 mystica:
1479 3709 1755 3763 scientiam

171 3783 376 3836 dederit
405 3825 420 3848 ,
455 3796 507 3838 ut
537 3790 820 3843 scriberent
853 3791 952 3844 sibi
983 3803 1030 3845 et
1068 3793 1407 3862 loquerentur
1435 3813 1527 3865 per
1550 3798 1756 3870 Alpba-

216 3927 324 4003 vta“)
369 3919 592 4003 Iiieron.
661 3925 837 4003 Divin.
866 3928 1045 4003 “Bibl.
1087 3947 1241 4003 pagg.
1294 3933 1386 3994 87.
1436 3936 1562 3992 587.
1610 3938 1743 4003 94οι

181 3988 346 4074 ists,
372 3992 518 4074 opp.
556 3997 773 4074 ιυηιηιλ.
811 3988 1467 4074 etlit._[3B.'P§fis.16‘93.

176 4126 210 4180 ὅ
251 4063 326 4128 (ὑ)
370 4061 448 4112 Id.
488 4065 646 4186 epist.
681 4067 893 4152 .58,'al.
939 4070 1042 4133 13,
1075 4072 1144 4124 ad
1173 4070 1417 4140 Paulin.,
1457 4074 1484 4148 ᾗ
1516 4080 1579 4142 9,
1627 4093 1745 4148 pag.

213 4129 318 4192 '24,
354 4141 486 4183 tom.
561 4176 574 4192 .
608 4134 738 4190 edit.
775 4136 972 4192 Veron.

250 4200 445 4280 (c).l_t’l‘.
493 4202 585 4280 lib.
641 4221 744 4280 sit,
795 4206 995 4264 Comm.
1040 4212 1095 4266 in
1147 4211 1342 4270 Ezech.
1376 4230 1475 4280 XL,
1523 4226 1649 4271 tom.
1688 4216 1751 4279 ν.

177 4284 298 4338 pag.
332 4269 462 4335 472,
491 4273 621 4327 edit.
652 4269 850 4331 Veron.

1853 1995 1964 2030 νειν
1995 1979 2264 2048 εὐστόχως
2289 1979 2419 2031 ’ἐστὶ
2462 1980 2599 2049 πρὸς
2644 1978 2704 2030 τό
2753 1977 2938 2048 σχῆμα
2975 1975 3080 2031 tofi;
3112 1977 3438 2047 γράμματος

1852 2068 1950 2138 τὴν
1985 2069 2305 2140 προαίρεσιν
2339 2070 2431 2122 τοῦ
2459 2070 2758 2139 τάγματος.
2788 2066 2926 2130 Ilinc
2954 2067 3184 2121 fortasse
3215 2068 3301 2120 Itis
3337 2067 3437 2119 ali-

1852 2175 1956 2230 qua
1986 2161 2242 2230 Epistolis
2263 2160 2641 2216 Pacltomianis
2666 2159 2911 2215 accedet.

1855 2271 1919 2327 V.
1964 2273 2031 2328 In
2073 2274 2386 2328 adornanda
2429 2271 2914 2327 Pachomianorum
2968 2273 3280 2330 scriptorum
3323 2272 3434 2326 edi-

2270 2345 2409 2397 tione
2437 2343 2672 2396 studium
2700 2343 3012 2405 adhibitum.

1924 2432 2094 2488 Porro
2143 2433 2431 2488 editionem
2495 2442 2740 2488 nostram
2787 2431 3064 2502 exegimus
3095 2432 3159 2485 ad
3205 2445 3436 2500 prunam

1857 2523 2262 2578 Holstenianam
2296 2522 2507 2578 Codicis
2533 2521 2858 2593 Regulai‘um
2882 2519 2940 2576 S.
2979 2519 3249 2574 Benedicti
3282 2521 3439 2573 Anio-

1857 2614 2030 2668 nens‘is
2064 2613 2268 2667 abbatis
2289 2654 2304 2681 ,
2338 2628 2459 2682 quae
2489 2614 2677 2669 Romae
2707 2613 2907 2681 prodiit
2937 2628 3083 2667 anno
3117 2611 3272 2665 I66l.
3315 2607 3439 2672 Haec

1857 2708 1998 2760 enim
2035 2704 2203 2761 multo
2232 2714 2314 2761 est
2345 2705 2682 2760 emendatior
2718 2703 3011 2758 Parisiensi
3035 2744 3050 2766 ,
3099 2717 3243 2756 anno
3301 2701 3441 2756 I665

1857 2798 2106 2869 evulgata
2129 2840 2143 2862 ,
2179 2807 2239 2853 ut
2268 2813 2332 2854 ex
2365 2797 2566 2852 nostris
2594 2795 2852 2866 subjectis
2880 2793 3441 2850 animadversionibus

1857 2897 2090 2943 constat.
2136 2881 2439 2944 Doctissimi
2478 2887 2706 2942 editoris
2753 2895 2910 2940 notas
2954 2899 3074 2954 quae
3114 2884 3182 2937 ad
3229 2882 3437 2936 calcem

1860 2988 2118 3040 exstant.
2174 2993 2380 3048 easque
2431 2977 2734 3048 praesertim
2781 2989 2919 3045 quas
2972 2983 3096 3042 post
3145 2971 3437 3027 editionem

1859 3086 2011 3126 suam
2043 3085 2110 3124 ei.
2143 3064 2352 3125 duobus
2383 3069 2665 3124 codicibus
2709 3081 2840 3121 mss.
2874 3063 3139 3119 Vaticano
3167 3073 3221 3117 et
3249 3062 3439 3117 Cassi-

1862 3162 2013 3217 nensi
2047 3159 2382 3230 exprompsit
2418 3157 2758 3219 Holstenius,
2791 3155 2907 3210 suis
2954 3154 3261 3224 quibusque
3307 3152 3440 3206 locis

1861 3253 2182 3323 aptavimus.
2241 3249 2425 3318 Neque
2470 3246 2724 3302 Vallarsii
2760 3245 3143 3300 adnotationes
3213 3252 3441 3312 praeter-

1863 3348 2049 3410 iimus,
2073 3359 2209 3415 quas
2240 3343 2304 3398 ν.
2333 3341 2396 3397 C.
2429 3344 2494 3395 ad
2517 3339 2877 3394 Pachomiana
2916 3337 3217 3391 litterarum
3251 3351 3442 3390 monu-

1864 3446 2044 3494 menta
2089 3437 2142 3491 in
2188 3435 2424 3490 secundo
2450 3432 2993 3502 Hieronymianorum
3023 3443 3247 3500 operum
3279 3428 3438 3483 volu-

1860 3531 2005 3585 mine
2025 3526 2290 3598 apposuit.
2317 3526 2587 3593 Prtecepta
2623 3525 2840 3578 demum
2873 3520 3168 3590 adiecimus
3193 3513 3435 3590 ejusde'lh

1861 3620 2031 3676 sancti
2055 3617 2360 3680 Pachomii.
2389 3631 2456 3671 ex
2488 3630 2588 3669 ms.
2619 3615 2807 3670 codice
2835 3612 3150 3668 Florentino
3173 3628 3200 3664 a
3231 3611 3442 3666 Bollan-

1861 3710 2039 3765 dianis
2066 3710 2120 3764 in
2153 3709 2330 3764 lucem
2361 3707 2558 3763 emissa
2607 3705 2667 3776 (i)
2697 3724 2710 3771 ;
2745 3706 2942 3773 quibus
2995 3716 3260 3774 praeterea
3305 3719 3436 3759 eru-

1864 3801 2117 3858 ditissimi
2146 3800 2457 3864 interpretis
2484 3798 2891 3853 observationes
2919 3796 3276 3850 subdidimus.

1949 3939 2004 4009 ιι)
2028 3938 2246 3994 Hieron.
2271 3939 2430 4006 epist.
2452 3939 2530 4009 δι
2558 3937 2624 3990 al.
2644 3938 2733 4009 58.
2757 3933 3126 4009 adeamasqg
3144 3934 3234 4009 μ,
3252 3932 3434 4001 p.166.

1959 4003 2021 4075 ε’)
2048 4009 2136 4078 Id.
2166 4003 2326 4078 epist.
2355 4010 2416 4062 2|
2441 4048 2456 4071 ,
2487 4008 2555 4061 al.
2582 4007 2728 4078 IIS,
2767 4005 2794 4077 ᾗ
2824 4007 2913 4067 42,
2939 4021 3065 4078 pag.
3098 4003 3188 4056 86.

1927 4075 1992 4151 (Ῑ)
2032 4075 2899 4151 ροηηιιά.Αυιᾲυὶιο.-ἕιΙιιειικιςεειρ.
2938 4075 2989 4126 7.

2042 4147 2262 4218 Hieron.
2295 4149 2355 4218 in,
2383 4147 2605 4218 Prwfat.
2640 4147 2708 4218 ad
2740 4144 2990 4197 Pachom.
3019 4143 3235 4218 sutili".

1932 4213 2010 4287 (ir)
2052 4216 2270 4287 Sozam.
2312 4217 2453 4270 Hist.
2500 4213 2627 4269 ecct.
2654 4215 2754 4287 ιιι».
2790 4230 2848 4267 ιιι
2873 4253 2887 4277 ,
2920 4213 3161 4287 cap.lt_.

1929 4281 2002 4355 (θ’
2031 4288 2150 4345 Act.
2200 4285 2298 4342 SS.
2335 4287 2459 4341 Maii
2491 4295 2621 4339 tom.
2653 4283 2752 4349 ιιι,
2789 4298 2943 4353 pagg.
2979 4283 3092 4347 62‘,
3129 4281 3254 4335 346.

1165 4567 1514 4682 VITA
1578 4568 1697 4678 S.
1773 4570 2031 4681 PAC
2059 4568 2468 4681 HOMII

1403 4726 1695 4780 ABBATIS
1734 4724 2238 4781 TABENNENSIS.

1055 4814 1182 4868 Vide
1212 4812 1530 4874 Patroloaia:
1565 4814 1768 4870 Latina:
1822 4830 1953 4872 tom.
1986 4815 2221 4874 LXXIII.
2247 4815 2348 4869 col.
2381 4813 2505 4868 227.

197 4933 2595 4962 mw

1039 5047 1590 5163 REGULA
1682 5052 1801 5160 S.

1889 5049 2585 5162 PACHOMII

1305 5204 1361 5257 S.
1406 5203 1811 5258 IIIERONYMO
1851 5202 2314 5258 INTERPRETE.

747 5291 930 5344 Exstat
961 5293 1103 5346 inter
1138 5294 1310 5362 Opera
1341 5294 1398 5348 S.
1436 5295 1772 5360 Hieronymi,
1801 5292 2122 5364 Patr-alogia:
2167 5291 2281 5346 Lat.
2317 5304 2445 5347 tom.
2476 5292 2664 5357 XXIII,
2692 5291 2795 5346 col.
2826 5293 2914 5346 62.

1554 5526 2095 5612 EJUSDEM

425 5659 743 5734 Praecepta
775 5660 833 5717 et
858 5656 1169 5724 Instituta,
1201 5662 1510 5734 Praecepta
1545 5660 1603 5716 et
1626 5653 1882 5733 judicia,
1917 5655 2234 5734 I’rfccepta
2262 5652 2556 5728 etleges,
2591 5653 2851 5725 Monita,
2884 5650 3179 5730 Epistolas

1519 5745 1579 5794 et
1613 5735 1797 5794 verba
1828 5733 2114 5811 mystica,

868 5833 993 5890 Vide
1029 5843 1164 5888 tomo
1197 5835 1380 5904 citato,
1413 5835 1511 5891 col.
1543 5834 1740 5902 77-88,
1790 5851 1856 5891 ex.
1878 5836 2299 5903 iiuerprctatione
2331 5833 2387 5887 S.
2438 5833 2768 5903 Hieronymi.
