4220 6316
730 342 829 398 931

1834 358 2111 439 ansas
2148 363 2457 421 Λῖογιιτιι
2495 366 2772 426 suum
2812 367 2895 426 IV.

3925 366 4030 424 οδε

804 457 1246 557 XXV—III.__Nemo
1273 466 1374 520 sibi
1408 469 1705 541 quidquam
1744 484 1893 542 putet
1939 479 2285 547 permissum.

2499 485 2636 539 KH'.
2667 486 2875 557 Μηδεὶς
2905 484 3084 557 ἑαυτῷ
3103 485 3263 541 ἰάσαι
3292 482 3481 557 μηδέν.

803 550 999 612 XXIX.
1032 554 1199 610 Nemo
1243 572 1355 612 rem
1388 558 1550 614 ullam
1580 564 1855 632 possideat
1890 580 2089 636 prauer
2109 587 2170 626 ea
2201 588 2320 642 qua:

730 646 936 727 viritim
972 646 1051 716 (7)
1080 647 1278 703 dantur
1306 661 1363 703 et
1393 662 1591 719 praeter
1625 656 2047 729 vestimentum,
2078 672 2137 715 ut
2170 674 2320 729 sunt,

731 720 854 790 bina
889 736 1211 794 lebitonaria
1253 751 1307 795 ct
1337 744 1604 800 semitrita
1637 747 1825 814 ﬂorea,
1860 720 2045 820 pellis,
2071 720 2318 823 melotes,

727 827 995 892 saudalia,
1021 830 1127 886 duo
1153 832 1369 900 cuculli,
1396 851 1532 891 zona
1562 847 1617 894 et
1637 840 1860 897 baculus

801 1008 971 1064 XXX.
1004 1010 1175 1067 Nemo
1202 1014 1320 1071 sine
1344 1015 1523 1074 Patris
1558 1019 1810 1077 facultate
1840 1040 2112 1095 quoquam
2139 1030 2318 1086 abeat.

802 1101 995 1159 XXXI.
1024 1102 1197 1161 Nemo
1231 1119 1383 1163 extra
1435 1114 1789 1172 constitutam
1819 1118 1921 1172 sibi
1952 1120 2144 1176 cellam
2193 1123 2321 1179 dor-

727 1198 880 1253 tuint.

797 1286 1018 1346 XXXII.
1057 1290 1231 1349 Nemo
1259 1305 1422 1350 exeat
1453 1302 1787 1357 monasterio
1818 1304 2024 1375 absque
2054 1303 2231 1362 Patris
2253 1308 2318 1362 li-

725 1384 925 1439 nuntia.

798 1475 1038 1533 XXXIII.
1063 1478 1231 1536 Nemo
1262 1483 1312 1537 in
1348 1498 1413 1537 eo
1449 1485 1501 1539 in
1538 1500 1643 1554 quo
1680 1487 1879 1541 dormit
1906 1486 2046 1553 loco,
2080 1496 2318 1543 vicinum

722 1568 1049 1638 alloquetur.

796 1662 1041 1722 XXXIV.
1084 1666 1254 1724 Nemo
1304 1669 1445 1725 lecto
1488 1684 1587 1725 suo
1636 1670 1928 1742 quidquam
1986 1673 2316 1738 substernet,

723 1756 826 1809 nisi
852 1755 994 1812 forte
1020 1767 1279 1815 stoream.

2502 578 2632 631 ΚΘ’.
2675 579 2879 651 Μηδεὶς
2929 578 3110 650 ἐαυτῷ
3157 580 3429 651 κτήσηται
3486 579 3655 650 μηδὲν
3703 578 3879 650 χωρὶς
3919 573 4031 632 τῶν

2427 664 2726 737 δεδομένων
2757 669 2907 741 παρὰ
2929 670 3029 739 τῆς
3067 668 3331 740 κεφαλῆς,
3361 668 3639 742 παρεκτὸς
3668 669 3766 723 τοῦ
3798 669 4031 741 ἐνδύμα-

2425 775 2553 823 τοςο
2591 760 2735 832 άπερ
2767 763 2907 815 εἰσὶν
2957 760 3051 814 δύο
3103 760 3469 834 λευῖτωνάρια
3513 761 3609 816 καὶ
3658 761 4031 834 ήμιτριϐακδν

2428 851 2680 923 στρῶμα,
2707 852 2907 925 δέρμα,
2940 854 3188 928 μηλωτὴ,
3231 854 3490 909 σανδάλια
3511 898 3524 923 ,
3554 854 3884 909 κουκούλλια
3912 854 4024 921 δύο,

2425 941 2569 1015 ζώνη
2603 946 2697 999 καὶ
2730 946 2947 1016 ῥάϐδος.

2498 1036 2579 1091 Λθ.
2608 1038 2816 1107 Μηδεὶς
2842 1039 3055 1111 ἀπέλθῃ
3091 1040 3316 1093 πώποτε
3355 1042 3523 1113 χωρὶς
3551 1040 3647 1094 τοῦ
3679 1040 3919 1112 Πατρός.

2496 1129 2621 1181 AA'.
2658 1130 2865 1201 Μηδεὶς
2906 1131 3147 1203 κοιμηθῇ
3186 1132 3348 1189 ἐκτὸς
3394 1130 3490 1185 τοῦ
3538 1131 3907 1203 καθισματῑου
3930 1132 4021 1185 αὐ.

2424 1236 2543 1273 του.

2494 1309 2620 1364 AB'.
2658 1312 2866 1384 Μηδεὶς
2895 1313 3087 1387 ἐξέλθῃ
3116 1314 3221 1380 ἔξω
3249 1314 3351 1385 τῆς
3382 1314 3553 1385 μονῆς
3580 1314 3752 1386 χωρὶς
3782 1313 3879 1368 τοῦ
3916 1315 4035 1369 Πα-

2424 1405 2573 1477 τρός.

2494 1494 2618 1547 Al".
2655 1496 2865 1565 Μηδεὶς
2906 1496 3117 1568 λαλήσῃ
3146 1497 3285 1568 πρὸς
3313 1496 3405 1550 τὸν
3428 1495 3661 1567 πλησίον
3688 1497 3747 1549 ὲν
3772 1498 3852 1566 τῷ
3878 1512 4035 1567 comp

2424 1588 2483 1640 ὲν
2518 1579 2564 1654 ᾧ
2597 1586 2856 1660 καθεύδῃ.

2494 1681 2616 1734 ΛΔ’.
2650 1680 2859 1752 Μηδεὶς
2884 1679 3310 1752 ὐποστρώσηται
3339 1681 3417 1741 εὶς
3438 1679 3500 1733 τὸ
3518 1680 3881 1751 καθισμάτιον
3919 1696 4035 1751 μεη-

2422 1769 2532 1831 δὲν,
2564 1770 2613 1822 εὶ
2646 1770 2721 1841 μὴ
2747 1770 2988 1840 ψιάθιον.

792 1842 1012 1905 XXXV.
1038 1850 1227 1919 Nemo,
1253 1852 1355 1909 nisi
1388 1870 1509 1908 cum
1540 1864 1789 1926 aegrotat,
1821 1864 1992 1911 totum
2016 1871 2173 1911 suum
2192 1870 2311 1911 cor-

2492 1862 2618 1916 AE’.
2654 1862 2861 1932 Μηδεὶς
2886 1862 3008 1915 ὅλον
3031 1862 3094 1916 τὸ
3116 1861 3277 1934 σῶμα
3314 1861 3606 1935 ἀλεῖψηται
3627 1860 3801 1932 χωρὶς
3841 1861 4031 1915 νόσου.

723 1958 826 2012 pus
850 1954 1142 2015 perunget,
1180 1960 1357 2015 neque
1389 1945 1595 2001 lavabit
1621 1956 1715 2001 aut
1749 1946 2023 2020 absterget
2049 1964 2107 2004 se
2127 1947 2207 2019 (8)
2239 1948 2320 2002 in-

722 2038 1002 2091 decenter.

793 2126 1038 2183 XXXVI.
1088 2128 1259 2187 Nemo
1305 2133 1357 2187 in
1412 2142 1651 2190 tenebris
1705 2149 1826 2188 cum
1886 2137 2055 2189 fratre
2102 2134 2322 2189 habebit

720 2238 1023 2280 sermones.

793 2309 1056 2371 XXXVII.
1119 2316 1289 2374 Nemo
1340 2317 1568 2373 alterius
1621 2331 1844 2372 manum
1892 2325 1985 2371 aut
2015 2316 2159 2371 aliud
2188 2315 2317 2387 quid

719 2409 1109 2474 appreltendet.

792 2497 1081 2555 XXXVIII.
1115 2499 1244 2557 Sive
1266 2502 1561 2568 consistas,
1590 2502 1704 2557 sive
1733 2500 1998 2569 ambules,
2032 2501 2200 2557 cubiti
2216 2500 2319 2555 sal-

721 2601 828 2643 teut
861 2591 1021 2645 unius
1061 2591 1297 2661 spatium
1333 2592 1582 2660 intersit;
1608 2592 1774 2661 quod,
1807 2606 1932 2647 cum
1963 2591 2213 2653 sedebis,
2244 2591 2318 2645 si-

718 2700 750 2737 n
779 2683 918 2736 iliter
947 2682 1053 2737 erit
1078 2683 1502 2738 observandum.
2070 2752 2075 2753 ί

794 2770 1037 2828 XXXIX.
1079 2771 1249 2829 Nemo
1292 2773 1412 2828 sine
1447 2772 1626 2829 Patris
1675 2773 1890 2829 licentia
1930 2783 2093 2844 caput
2135 2775 2312 2828 radat.

789 2957 900 3013 XL.
931 2955 1140 3024 Nemo,
1174 2958 1276 3012 nisi
1312 2960 1381 3013 ad
1424 2959 1526 3013 hoc
1570 2958 1923 3022 constitutus,
1972 2965 2134 3027 caput
2180 2955 2315 3011 alle-

717 3045 833 3098 rius
866 3047 1042 3098 radat.

792 3134 924 3190 XLI.
949 3134 1142 3200 Nemo,
1174 3153 1280 3193 non
1314 3139 1577 3209 requisito
1608 3136 1791 3194 Patre.
1829 3152 1861 3194 e
1895 3138 2057 3194 rebus
2086 3138 2313 3194 alterius

713 3230 1008 3299 quidquam
1041 3229 1313 3285 admittat.

790 3321 948 3378 XLII.
985 3321 1157 3378 Nemo
1186 3322 1398 3377 asinum
1432 3322 1635 3378 nudum
1669 3338 1791 3379 cum
1832 3322 1940 3378 alio
1971 3322 2272 3377 inscendat.

791 3412 970 3469 XLIII.
998 3414 1169 3469 Nemo
1189 3416 1308 3470 sine
1332 3414 1632 3484 superioris
1656 3416 1813 3470 venia
1846 3415 1899 3470 in
1924 3414 2177 3486 opificum
2198 3412 2317 3467 om-

716 3510 869 3563 ciuas
912 3508 1274 3578 ingrediatur.

788 3680 969 3737 XLIV.
1003 3680 1172 3737 Nemo
1197 3683 1283 3738 vel
1316 3698 1345 3737 a
1398 3682 1618 3754 proprio
1649 3682 1819 3739 fratre
1845 3682 2138 3753 quidquam
2171 3684 2314 3739 acci-

715 3774 829 3842 piat
856 3773 909 3827 in
936 3774 1268 3842 depositum.

788 3866 952 3921 XLV.
985 3865 1154 3921 Nemo
1181 3868 1233 3921 iu
1261 3866 1473 3921 oﬂicina
1500 3866 1729 3921 fratrum
1756 3882 1948 3937 panem
1979 3867 2308 3936 pinsentium

712 3962 1000 4029 loquetur;
1038 3959 1133 4014 sed
1176 3959 1326 4014 taciti
1357 3958 1769 4014 meditabantur
1806 3974 1978 4028 usque
2018 3959 2144 4013 dum
2194 3975 2313 4014 ces-

714 4053 916 4107 sabunt
947 4051 1016 4106 ab
1040 4066 1205 4121 opere
1233 4068 1247 4105 :
1277 4051 1320 4104 si
1347 4065 1453 4120 qua
1487 4065 1543 4105 re
1578 4050 1895 4121 indigeant,
1926 4066 2030 4105 non
2058 4065 2309 4106 sermone

712 4148 808 4201 ιιι-(Ι
830 4144 985 4215 pulsu
1017 4144 1069 4199 id
1096 4144 1419 4213 significent.

788 4237 974 4297 XLVI.
1015 4236 1071 4291 Si
1117 4238 1240 4307 quis
1280 4237 1511 4290 fratrum
1553 4252 1582 4289 e
1625 4238 1731 4289 vita
1763 4236 2116 4305 migraverit,
2153 4251 2309 4293 nemo

713 4341 1004 4386 excusetur
1030 4330 1100 4385 ab
1132 4332 1249 4399 ejus
1272 4329 1463 4384 funere
1492 4330 1546 4383 in
1577 4339 1816 4384 montem
1844 4330 2179 4386 deducendo.

788 4422 998 4478 XLVII.
1034 4422 1207 4477 Nemo
1258 4422 1398 4477 inter
1444 4422 1679 4478 eundum
1722 4423 1995 4491 praecedat
2053 4424 2310 4495 [tegume-

793 4603 1023 4660 XLVIII.
1045 4602 1213 4659 Nemo
1240 4603 1636 4672 perficiatopus
1658 4603 1875 4673 aliquod
1898 4605 2102 4673 absque
2125 4603 2306 4669 Patre,

714 4708 761 4751 et
807 4698 906 4766 ipsi
950 4696 1145 4751 cedant
1179 4710 1371 4751 omnes
1396 4696 1494 4766 (9).

789 4786 975 4842 XLIX.
1006 4786 1177 4841 Nemo
1220 4788 1273 4841 in
1327 4788 1595 4855 virginum
1648 4788 1987 4843 monasterio
2034 4790 2214 4851 abeat,
2252 4796 2309 4841 ut

716 4880 1030 4949 quampiam
1060 4877 1273 4932 illarum
1316 4880 1476 4944 visat,
1509 4880 1609 4934 nisi
1645 4882 1737 4950 qui
1766 4881 1833 4933 ad
1871 4882 1920 4934 id
1953 4883 2139 4935 statuti
2183 4889 2309 4935 sunt

716 4972 987 5034 seniores,
1013 4969 1103 5038 qui
1131 4971 1435 5025 necessaria
1468 4986 1683 5040 quoque
1711 4973 1842 5042 ipsis
1868 4974 2304 5027 subminisuant.

792 5064 850 5116 L.
884 5061 1011 5116 Hznc
1054 5077 1217 5130 porro
1252 5062 1345 5132 qui
1375 5063 1694 5132 neglexerit,
1730 5064 1934 5132 absque
1973 5064 2121 5118 omni
2170 5080 2301 5118 cou—

717 5150 1042 5204 tradictioue
1068 5150 1442 5217 pteuitentiam
1480 5152 1759 5219 suscipiat,
1794 5164 1849 5206 ut
1886 5164 2091 5207 :etcruo
2117 5155 2165 5206 in
2190 5168 2304 5208 εαξ-

714 5242 780 5295 bs
807 5257 972 5313 regno
999 5242 1275 5311 potiantur
1306 5243 1356 5295 in
1380 5242 1620 5297 Christo.
1646 5244 1837 5297 Amen.

789 5396 1125 5469 t7)_yiritim
1173 5396 1526 5469 interpretor.
1585 5397 1959 5469 quodiirmce
2000 5398 2150 5469 παρὰ
2208 5398 2306 5468 τῆς

716 5466 987 5536 κεφαλῆς,
1034 5468 1188 5536 quasi
1233 5470 1287 5518 in
1312 5478 1465 5534 caput
1495 5483 1590 5521 seu
1641 5468 1931 5528 capitatim.

792 5484 892 5535 φα).
936 5486 987 5534 ς,
1034 5484 1187 5536 quas:
1233 5484 1287 5518 ιη
1312 5484 1465 5534 caput
1495 5484 1590 5521 seu
1641 5484 1931 5528 capitatim.

792 5539 868 5607 (8)
888 5484 1097 5599 ἔναιρε,
1134 5537 1318 5599 κακῶς
1341 5580 1353 5599 ,
1394 5538 1551 5589 male.
1588 5536 1658 5589 Ita
1684 5536 1885 5603 Regula
1911 5537 2171 5605 prolixior
2196 5538 2305 5595 32:

718 5608 889 5661 Nemo
926 5608 1185 5659 lambitur
1219 5625 1357 5677 aqua
1408 5611 1546 5659 nudo
1592 5624 1826 5665 corpore.
1882 5607 2019 5671 Quiu
2077 5621 2131 5661 et
2183 5625 2305 5662 cum

719 5680 1001 5731 abluenda?
1037 5688 1198 5729 cram
1223 5686 1422 5739 vcsies,
1451 5688 1635 5731 tuouct
1665 5677 1862 5747 Regula
1894 5680 1998 5732 U9:
2033 5678 2199 5732 Nemo
2230 5682 2309 5732 la-

721 5758 797 5799 rct
843 5750 1080 5802 retractis
1141 5750 1193 5800 in
1241 5748 1403 5801 ullum
1457 5749 1676 5802 t-eszibus
1726 5749 2003 5816 plusquam
2054 5760 2305 5803 statutum

721 5829 814 5872 εει.
1264 5844 1267 5845 ⁷

2338 3202 2385 3261 C

2423 1954 2549 2009 οὔτε
2578 1956 2841 2029 λούσηται
2867 1956 2901 2027 ἢ
2937 1957 3275 2030 άπονίψηται
3306 1956 3495 2021 κακῶς

2492 2136 2631 2203 Λςι.
2661 2130 2870 2206 Μηδεὶς
2902 2135 3128 2208 λαλήσει
3168 2135 3307 2209 πρὸς
3348 2135 3443 2189 τὸν
3472 2134 3703 2207 πλησίον
3750 2132 3918 2186 αὑτοῦ
3965 2134 4035 2187 ιν

2423 2227 2665 2301 σκοτεία.

2491 2320 2614 2375 AZ’.
2659 2321 2865 2392 Μηδεὶς
2906 2317 3127 2392 δέξηται
3159 2320 3260 2392 τῆς
3287 2319 3472 2392 χειρὸς
3501 2318 3597 2373 τοῦ
3634 2318 3827 2390 ἑτέρου
3860 2317 3896 2390 ἢ
3926 2316 4024 2373 ἆλ-

2420 2409 2511 2465 λου
2542 2411 2717 2476 εἴδους
2744 2413 2936 2466 αὑτοῦ.

2490 2503 2619 2556 ΛΗ’.
2650 2502 2777 2556 Εἴτε
2804 2504 3047 2573 στήκων,
3078 2500 3189 2555 εἴτε
3225 2500 3529 2573 ὁδοιπορῶν
3562 2501 3767 2572 μεταξὺ
3802 2500 4021 2571 διάστη-
4068 2516 4083 2539 ι

2422 2613 2498 2667 μα
2520 2596 2769 2666 ποιήσεις
2809 2594 2885 2658 ὡς
2912 2594 3094 2665 πῆχυν
3129 2594 3246 2647 ἕνα·
3279 2592 3547 2657 ὡσαύτως
3573 2594 3668 2647 καὶ
3709 2592 4024 2664 καθήμενος

2420 2687 2667 2741 ποιείτω.

2488 2778 2615 2833 ΛΘ’.
2638 2778 2848 2851 Μηδεὶς
2877 2778 2978 2850 τὴν
3011 2776 3258 2848 κεφαλὴν
3290 2776 3544 2849 κείρηται
3582 2777 3753 2846 χωρὶς
3784 2774 3879 2829 τοῦ
3911 2775 4031 2829 Πα-

2418 2871 2568 2942 τρός.

2489 2963 2577 3017 Μ’.
2606 2962 2814 3035 Μηδεὶς
2851 2961 3056 3034 μηδένα
3088 2961 3250 3033 κείρῃ
3281 2960 3453 3033 χωρὶς
3480 2960 3582 3032 τῆς
3606 2958 3986 3032 προστάξεως.

2492 3140 2631 3194 MA'.
2657 3139 2865 3211 Μηδεὶς
2885 3138 3029 3210 λάϐῃ
3054 3155 3109 3192 τι
3134 3133 3276 3201 εἶδος
3304 3135 3458 3209 παρά
3482 3151 3629 3201 τινος
3662 3133 3896 3204 ἀδελφοῦ
3915 3152 4027 3206 χω-

2421 3230 2508 3301 ρὶς
2546 3229 2647 3301 τῆς
2674 3227 2903 3301 γνώμης
2930 3227 3026 3281 τοῦ
3057 3228 3292 3300 Πατρός.

2487 3323 2623 3377 MB‘.
2659 3322 2867 3392 Μηδεὶς
2908 3319 3149 3392 καθεσθῇ
3183 3320 3264 3381 εὶς
3279 3318 3399 3373 ὄνον
3427 3316 3635 3389 γυμνὸν
3658 3315 3797 3388 μετὰ
3831 3315 4023 3371 ἄλλου.

2486 3416 2617 3471 Ml".
2650 3413 2858 3485 Μηδεὶς
2885 3412 3098 3485 άπέλθῃ
3125 3412 3207 3475 εἰς
3234 3410 3304 3465 τά
3331 3410 3674 3483 ἐργαστήρια
3700 3407 3809 3461 τῶν
3840 3424 4027 3479 χειρο-

2414 3510 2621 3579 τέχνων
2648 3506 2820 3580 χωρὶς
2842 3506 2942 3577 τῆς
2973 3504 3241 3576 κεφαλῆς.

2482 3688 2612 3741 ΜΔν.
2644 3683 2853 3757 Μηδεὶς
2892 3682 3033 3756 λάϐῃ
3062 3681 3200 3747 εἶδος
3227 3682 3304 3747 ὡς
3328 3683 3386 3735 ἐν
3419 3680 3719 3753 παραθήκῃ
3746 3671 4023 3751 μεχρὶτοῦ

2419 3779 2551 3833 ἰδίου
2596 3776 2852 3845 ἀδελφοῦ.

2482 3869 2620 3931 ME’.
2638 3869 2845 3940 Μηδεὶς
2872 3867 3083 3941 λαλήσῃ
3112 3868 3170 3920 ὲν
3191 3865 3275 3937 τῷ
3297 3863 3615 3937 ἀρτοκοπίῳ
3638 3862 3752 3917 τῶν
3771 3864 4023 3935 ἀδελφῶν

2412 3963 2523 4017 τῶν
2550 3961 3011 4034 ἀρτοποιοὼτων,
3044 3958 3185 4013 άλλά
3216 3957 3594 4030 μελετήσωσιν
3637 3957 3748 4022 ἕως
3781 3958 3853 4011 ἂν
3878 3960 4021 4013 am.

2415 4053 2673 4123 σχῶνται·
2712 4052 2809 4106 ἐὰν
2848 4052 2907 4105 δὲ
2956 4050 3237 4124 χρῄζωσιν
3268 4066 3435 4113 τινος,
3471 4050 3535 4104 οὐ
3576 4048 3653 4122 μὴ
3684 4048 4020 4121 λαλήσωτιν.

2414 4147 2550 4201 ἀλλὰ
2576 4147 2905 4217 κρούσωσιν.
3210 4216 3215 4221 Ξ

2486 4236 2637 4305 Μετ’.
2671 4237 2881 4308 Μηδεὶς
2905 4235 3196 4307 άποληφθῇ
3229 4234 3339 4288 τῶν
3381 4232 3654 4304 ἀδελφῶν,
3686 4233 3785 4287 ἐὰν
3812 4250 4019 4306 κοιμη-

2413 4332 2479 4401 θῇ
2506 4329 2751 4399 ἀδελφὸς,
2782 4327 3103 4399 προπέμψαι
3134 4330 3214 4392 εἰς
3238 4328 3300 4380 τὸ
3324 4326 3471 4398 ὅρος.

2481 4420 2613 4473 MZ'.
2666 4418 2873 4486 Μηδεὶς
2910 4416 3249 4489 πορεύσηται
3290 4416 3602 4489 ἔμπροσθεν
3642 4416 3740 4470 τοῦ
3773 4417 4019 4490 ἡγουμέ-

2418 4528 2532 4564 νου.

2488 4600 2629 4655 MH'.
2670 4599 2879 4668 Μηδεὶς
2908 4600 3291 4672 πληροποιησῃ
3330 4601 3505 4672 παρὲξ
3536 4601 3633 4656 τοῦ
3661 4602 3903 4673 Πατρδς,
3922 4604 4020 4658 καὶ

2416 4694 2524 4744 πᾶν
2554 4692 2869 4763 πρόσφατον
2896 4692 3072 4762 παρὲξ
3103 4692 3294 4747 αὑτοῦ.
3602 4762 3605 4765 λ

2484 4783 2617 4837 ΜΘ.
2651 4785 2858 4856 Μηδεὶς
2883 4783 3092 4855 ἀπέλθῃ
3122 4786 3202 4848 εἰς
3238 4785 3339 4854 τὴν
3372 4784 3542 4855 μονὴν
3579 4784 3689 4837 τῶν
3720 4785 4019 4857 ἁειπαρθέ-

2413 4892 2541 4931 νων.
2571 4878 2651 4938 εἰς
2678 4876 2737 4927 τὸ
2765 4874 3166 4943 ἐπισκέψασθαι
3198 4893 3351 4939 τινας
3372 4874 3573 4940 αὐτῶν,
3596 4877 3645 4927 ει
3681 4876 3759 4947 μὴ
3790 4878 3942 4947 μόνοι
3965 4880 4017 4931 οἱ

2416 4968 2847 5040 προσταχθέντες
2864 4967 3189 5040 πρεσϐῦται,
3217 4969 3268 5019 οἱ
3287 4968 3381 5021 καὶ
3395 4967 3775 5032 διακονοῦντες
3796 4970 4014 5034 αὑταῖς.

2486 5062 2568 5114 N'.
2602 5061 2822 5113 Τούτων
2865 5062 2893 5113 ὁ
2943 5059 3163 5130 ἀμελῶν
3214 5060 3499 5130 ἐπιτιμίαν
3542 5059 3814 5131 λαμϐάνει
3874 5062 4016 5132 ὑπὲρ

2415 5152 2597 5205 αὐτῶν
2629 5152 2798 5222 χωρὶς
2830 5151 3012 5223 πάσης
3043 5150 3375 5218 ἀντιλογίας,
3410 5150 3497 5204 ἵνα
3520 5149 3621 5221 κλη
3633 5152 4015 5222 ρονομήσωσιν

2411 5245 2507 5315 τὴν
2532 5242 2745 5296 αἰώνιον
2774 5242 3046 5314 βασιλείαν
3074 5246 3132 5297 ὲν
3169 5242 3409 5315 Χριστῷ.
3442 5244 3639 5314 Ἀμήν.

2480 5397 2556 5472 (9)
2576 5396 2780 5472 Graece,
2818 5398 3024 5468 Μηδεὶς
3048 5398 3429 5472 πληροποιήσῃ
3452 5398 3626 5472 παρὲξ
3647 5398 3744 5453 τοῦ
3773 5400 4013 5472 Πατρὸς,

2480 5416 2556 5468 (υ)
2576 5416 2780 5456 urmce.
2818 5416 3024 5468 Μηοεις
3048 5416 3156 5469 πλη
3196 5416 3429 5470 οποιησῃ
3452 5416 3626 5470 παρες
3647 5416 3744 5453 του
3775 5416 4013 5472 ιιατρος,

2410 5471 2503 5521 καὶ
2532 5470 2639 5521 πᾶν
2670 5470 2983 5541 πρόσφατον
3013 5416 3193 5541 παρὲξ
3221 5468 3409 5521 αὐτοῦ.
3441 5469 3595 5535 Quod
3631 5481 3694 5541 ut
3715 5482 3865 5525 recte
3906 5475 4016 5525 ιδιά

2412 5544 2521 5613 line
2556 5538 2951 5613 reddiderimus
2976 5538 3253 5613 ,_vcreor;
3298 5554 3421 5592 nam
3459 5543 3601 5594 sicut
3641 5539 4013 5613 πληροςρορέω

2409 5608 2830 5684 νιιιὶιιιιιῌΙιιιΙιοι
2879 5609 3339 5684 significationem
3381 5628 3408 5684 ;_
3449 5614 3540 5684 ita
3577 5620 3631 5663 et
3681 5608 3772 5664 de”
3800 5608 4011 5684 πληρο-

2410 5680 2601 5741 ποιέω,
2634 5678 2759 5733 licet
2786 5680 3104 5733 melioribus
3137 5681 3497 5747 scriptoribus
3528 5681 3735 5748 ignoto,
3765 5678 4012 5749 cogitare

2411 5764 2699 5815 possumus
2722 5790 2734 5811 ,
2786 5751 2986 5803 habere
3022 5751 3108 5803 hic
3146 5750 3422 5819 pr0priam
3468 5752 3705 5820 aliquam
3760 5767 3817 5807 ct
3854 5756 4011 5811 nobis

2414 5821 2639 5875 necdum
2678 5830 3007 5891 compertam
3043 5824 3346 5875 notionem.
