4220 6316
189 503 3439 548 W

1448 772 1616 817 ANNO
1659 769 1882 816 DOMINI
1925 770 2135 812 CCCLVI
2145 799 2156 811 .

226 1099 396 1272 S.
479 1093 1578 1278 ANTONIUS
1642 1090 2535 1272 MAGNUS
2598 1083 3359 1266 ABBAS.

1469 1595 2124 1710 NOTlTlA.

827 1821 1149 1898 (Caunum,
1192 1821 1433 1878 Veterum
1471 1821 1698 1876 Patrum
1731 1821 2012 1884 Biblioth.,
2037 1827 2076 1874 t.
2110 1818 2196 1886 IV,
2230 1818 2467 1890 Praleg.,
2494 1836 2544 1889 p.
2581 1817 2773 1885 um.)

301 2107 340 2162 I.
385 2108 603 2162 Antonii
651 2106 828 2178 Magni
858 2123 1004 2177 gesta
1040 2115 1265 2165 strictim
1310 2114 1603 2182 proposita.

227 2200 528 2253 Antonium
573 2215 770 2269 genere
815 2199 1133 2272 Egyptian:
1162 2242 1178 2268 ,
1226 2215 1587 2274 cognomento
1636 2205 1752 2259 Ma-

160 2306 341 2358 gnum,
383 2291 618 2360 vitaeque
673 2295 986 2348 monasticae
1046 2294 1452 2362 institutorem,
1501 2297 1751 2354 ﬂoruisse

165 2385 259 2437 sub
306 2382 669 2438 Constantino
717 2393 774 2439 et
818 2384 941 2440 ftliis
987 2385 1105 2455 ejus
1152 2389 1523 2457 regnantibus,
1589 2390 1752 2445 tradit

163 2470 218 2527 S.
248 2473 611 2544 Hieronymus
663 2476 763 2547 (a).
809 2474 924 2531 Sub
971 2477 1229 2548 Dionysio
1277 2490 1457 2533 autem
1505 2480 1751 2535 antistite

158 2565 524 2620 Alexandrino
556 2567 728 2635 ipsum
763 2569 814 2622 in
836 2581 1076 2622 eremum
1116 2571 1408 2625 secessisse
1436 2583 1595 2640 atque
1628 2572 1752 2627 inde

159 2656 555 2710 anachoretica
580 2656 703 2710 vitae
728 2657 936 2712 initium
961 2659 1198 2725 dedisse,
1229 2662 1477 2716 scribunt
1507 2661 1749 2716 Elmaci-

161 2760 279 2809 nus,
342 2745 639 2802 Makrisius
684 2756 742 2802 et
791 2747 929 2802 alii:
983 2763 1294 2820 quanquam
1349 2752 1449 2805 sub
1502 2749 1752 2822 Philippo

166 2839 504 2905 imperatore
561 2839 704 2893 illius
750 2852 1022 2894 secessum
1072 2839 1302 2896 collocet
1339 2841 1747 2912 Abuliaragius,

156 2938 213 2982 ut
259 2932 522 2984 observat
575 2931 643 2986 cl.
699 2929 1072 2986 Renaudotius
1118 2932 1216 3002 (b).
1272 2931 1514 2999 Quorum
1566 2945 1746 2989 tamen

156 3023 488 3092 scriptorum
542 3023 737 3093 placita
796 3041 861 3078 ex
915 3024 984 3080 iis
1022 3024 1368 3080 reformanda
1427 3036 1750 3093 noscuntur,

157 3129 274 3183 qua:
315 3117 382 3169 de
413 3116 650 3170 Antonio
692 3125 880 3172 nostro
923 3116 1086 3172 tradit
1125 3115 1184 3172 S.
1219 3118 1573 3175 Athanasius.
1605 3120 1750 3176 Pras-

163 3206 298 3260 tlsra
327 3207 477 3261 enim
508 3206 626 3274 ejus
670 3217 817 3276 gesta
874 3207 1072 3278 insigni
1114 3207 1391 3263 volumine
1430 3220 1749 3279 prosecutus

161 3306 238 3351 ist
280 3313 516 3367 magnus
547 3296 636 3350 ille
669 3295 1050 3352 Alexandrina:
1092 3297 1246 3353 urbis
1265 3299 1574 3369 episcopus,
1619 3311 1752 3356 tem-

161 3389 309 3457 poris
340 3389 535 3443 ordine
565 3389 752 3442 sedulo
793 3389 993 3458 ubique
1032 3400 1271 3455 servato,
1313 3401 1372 3443 ut
1417 3392 1623 3460 primus
1650 3393 1748 3448 ad-

163 3481 320 3535 vertit
376 3479 724 3534 doctissimus
772 3477 1208 3536 Montlaucouius
1262 3480 1335 3551 (c)
1373 3499 1392 3547 ;
1437 3484 1746 3539 sanctitatis
1777 3462 1821 3518 Β

164 3583 286 3626 vero
323 3586 430 3625 non
461 3572 660 3634 minus,
723 3585 885 3640 quam
917 3570 1245 3628 Christianae
1272 3574 1394 3630 lidei
1425 3588 1494 3631 ac
1523 3576 1745 3642 religio-

155 3663 246 3716 nis
297 3662 742 3717 studiosissimus
798 3663 882 3716 vir
940 3664 1164 3730 beatus,
1236 3681 1552 3734 supremum
1602 3668 1748 3723 diem

161 3755 292 3806 obiit
323 3755 548 3808 ineunte
573 3753 774 3809 Christi
805 3769 950 3810 anno
973 3755 1101 3820 556,
1135 3758 1313 3812 aetatis
1335 3756 1460 3814 105.

163 3845 219 3899 ll.
269 3844 440 3899 Nulla
486 3846 783 3899 litterarum
819 3848 1036 3901 scientia
1069 3848 1322 3914 imbutus,
1358 3850 1562 3904 divinas
1599 3850 1747 3906 Scri-

225 3928 410 3980 pturas
441 3917 635 3982 optime
656 3916 903 3970 calluisse
932 3919 1253 3986 comperitur
1274 3920 1457 3974 beatus
1492 3921 1672 3976 abbas.

233 4001 422 4074 Neque
448 4005 660 4072 scriptis
699 4006 828 4068 suis,
865 4021 1027 4076 neque
1058 4006 1240 4074 gentili
1268 4009 1552 4078 sapientia,
1585 4026 1746 4080 neque

161 4107 271 4150 arte
301 4111 619 4164 quacunque
663 4096 910 4149 inclaruit
937 4097 1227 4166 Antonius,
1259 4108 1318 4152 ut
1345 4101 1534 4154 scribit
1567 4103 1744 4155 Atha~

161 4186 344 4240 assius
381 4186 486 4256 (ά).
540 4183 738 4241 Verum
777 4188 1029 4257 quamvis
1079 4190 1225 4243 nulla
1277 4192 1498 4246 scientia
1541 4193 1746 4246 littera-

162 4292 280 4330 rum
309 4275 480 4329 fuerit
535 4275 809 4340 imbutus,
866 4274 1170 4345 Scripturas
1225 4286 1405 4331 tamen
1459 4278 1665 4332 diuinas
1695 4287 1744 4331 et

161 4368 468 4423 memoriter
492 4365 758 4418 audiendo
790 4367 1038 4431 tenuisse,
1067 4377 1115 4420 et
1151 4368 1434 4437 prudenter
1467 4369 1746 4438 cogitando

162 4459 489 4514 intellexisse
514 4457 855 4525 prcedicatur,
894 4467 1114 4511 auctore
1139 4458 1440 4528 Augustino
1461 4459 1550 4528 (ρ).
1591 4457 1744 4524 Quod

161 4549 376 4618 quidem
415 4547 553 4600 satis
609 4545 910 4599 luculenter
952 4557 1239 4609 testantur,
1286 4562 1408 4616 quia
1449 4549 1742 4600 etiamnum

162 4642 420 4702 superant
457 4633 572 4685 sive
602 4632 668 4684 ab
717 4646 784 4686 eo
831 4632 1025 4686 litteris
1065 4635 1337 4695 mandata,
1384 4635 1496 4696 sive
1528 4635 1595 4688 ab
1623 4635 1745 4688 aliis

160 4736 224 4775 ex
268 4735 366 4776 ore
426 4719 546 4789 ejus
588 4729 811 4788 excepta
869 4720 1189 4776 Christianas
1230 4725 1489 4778 doctrinae
1547 4739 1742 4778 monu-

1779 2118 1975 2183 Aquis
2017 2111 2141 2181 jure
2201 2110 2511 2182 putaverit,
2580 2110 2891 2179 siquidem,
2942 2117 3000 2162 ut
3058 2109 3133 2161 ait
3183 2106 3435 2177 Augusti"

1855 2220 1957 2259 nus
1985 2204 2082 2275 (9),
2123 2206 2378 2257 bonorum
2406 2201 2734 2272 ingeniorum
2765 2203 2988 2271 insignis
3018 2213 3092 2256 est
3127 2201 3355 2258 indoles.
3381 2198 3436 2254 in

1851 2297 2020 2350 verbis
2051 2311 2234 2350 verum
2281 2311 2484 2358 amare,
2537 2309 2638 2346 non
2695 2294 2866 2346 verba.
2928 2294 3136 2358 Quibus
3190 2304 3436 2346 veterum

1853 2387 2142 2443 sententiis
2167 2397 2222 2440 et
2257 2386 2383 2440 illud
2416 2386 2517 2440 hac
2544 2386 2610 2439 de
2637 2401 2696 2439 re
2726 2386 2990 2452 prmelare
3020 2385 3222 2439 dictum
3254 2399 3284 2436 a
3321 2399 3433 2438 ma-

1852 2494 1957 2548 gno
1987 2478 2244 2534 Ecclesia
2275 2477 2550 2531 annalium
2599 2484 2824 2546 parente
2872 2477 3074 2530 addere
3119 2476 3260 2530 haud
3304 2475 3434 2529 alie-

1856 2588 1982 2624 num
2019 2586 2048 2624 a
2089 2570 2370 2639 proposito
2415 2577 2602 2622 nostro
2640 2569 2876 2624 fortasse
2909 2567 3073 2622 fuerit
3112 2564 3189 2636 (h)
3220 2585 3232 2621 :
3287 2564 3434 2620 Sicut

1852 2664 2122 2733 effossum,
2149 2663 2246 2727 ait,
2272 2663 2497 2729 informe
2523 2677 2713 2714 aurum
2741 2670 2789 2713 et
2814 2659 2943 2713 rude
2967 2675 3026 2712 eo
3070 2660 3282 2712 eharins
3324 2673 3434 2711 esse

1851 2756 2002 2819 solet,
2057 2755 2196 2824 quod
2250 2753 2383 2808 nihil
2432 2753 2674 2807 videatur
2723 2752 2943 2806 alterius
2999 2750 3196 2804 metalli
3247 2751 3433 2803 habers

1853 2846 2182 2899 commistam
2208 2862 2228 2900 :
2258 2847 2331 2898 ita
2365 2845 2500 2899 tanti
2523 2843 2841 2913 confessoris
2879 2843 3086 2912 egregia
3127 2857 3433 2895 monumen-

1851 2948 1936 3003 ta,
1975 2953 2071 2990 sua
2113 2938 2282 3005 ipsius
2315 2945 2570 2990 uetustate
2598 2945 2755 3003 atque
2785 2935 3122 3001 sintplicitate
3161 2933 3433 2998 micantia,

1849 3029 2038 3098 quibus
2062 3044 2143 3081 res
2182 3027 2356 3095 potius
2396 3043 2554 3096 quam
2600 3026 2752 3079 verba
2784 3025 2840 3078 in
2873 3022 3038 3092 pretio
3075 3039 3188 3077 esse
3225 3021 3433 3085 solent,
3491 3093 3493 3095 _

1850 3119 2088 3189 gratiora
2115 3119 2269 3185 plane
2300 3127 2452 3170 erunt
2479 3123 2638 3184 atque
2658 3114 2989 3184 jucundiora
3024 3113 3206 3183 quovis
3237 3114 3432 3176 scripto

1851 3211 2152 3265 reeentioris
2177 3210 2430 3273 auctoris,
2474 3207 2868 3277 quibuscumque
2902 3207 3212 3275 eloquentia:
3248 3207 3428 3272 phale-

1852 3305 1928 3357 ris
1966 3313 2270 3357 ezornato:
2307 3299 2562 3371 quidquid
2609 3298 2744 3352 enim
2793 3297 3074 3351 obducitur
3107 3298 3230 3364 fuco
3280 3308 3438 3366 atque

1850 3397 2146 3466 pigmentis,
2206 3403 2502 3461 suspectum
2561 3391 2832 3457 redditur,
2870 3390 3240 3459 pulchriorque
3272 3393 3438 3443 enite-

1848 3489 1946 3542 scit
1971 3488 2086 3556 ipsa
2115 3486 2200 3540 sui
2230 3485 2462 3556 puritate
2506 3483 2817 3549 simplicitas
2843 3498 2862 3548 ;
2905 3497 3020 3553 qua:
3057 3483 3197 3550 quod
3210 3470 3431 3535 Vmentiri

1849 3576 2066 3640 nesciat,
2096 3591 2246 3629 omne
2285 3573 2522 3644 quamvis
2569 3572 2638 3624 nd
2675 3580 2920 3623 ornatum
2965 3570 3309 3638 compositum
3358 3586 3439 3623 ee-

1846 3665 2134 3718 lamentum
2166 3663 2432 3716 abhorret.

1848 3756 1935 3821 ιιι.
2002 3756 2258 3820 Quaenam
2310 3752 2576 3819 scripserit
2631 3750 2692 3807 S.
2755 3751 2937 3815 Pater,
3004 3752 3304 3817 exponitur.
3363 3748 3430 3805 Et

2084 3827 2250 3893 primo
2289 3826 2351 3877 de
2395 3823 2542 3875 illius
2580 3821 2938 3878 Sermonibus
2985 3825 3182 3892 agitur.

1917 3913 2035 3968 iam
2067 3928 2215 3975 vero,
2247 3921 2305 3965 ut
2335 3913 2467 3966 tanti
2514 3911 2692 3966 Patris
2730 3912 2928 3980 scripta
2968 3925 3089 3979 quas
3126 3910 3303 3965 adhuc
3341 3925 3428 3964 su-

1847 4009 2091 4070 persunt,
2144 4001 2454 4052 summatim
2516 4014 2944 4064 recenseamus,
3002 4000 3235 4069 primum
3284 4000 3426 4056 sisti-

1848 4107 1969 4145 mus
1993 4090 2110 4157 ejus
2161 4089 2481 4153 Sermones;
2521 4106 2659 4160 quos
2687 4091 2828 4145 inter
2864 4091 3110 4161 p:incipe
3140 4107 3270 4146 sane
3312 4093 3428 4145 Ιο‹·ο

1846 4183 2039 4251 dignus
2067 4180 2482 4244 existimandus,
2509 4196 2669 4250 quem
2713 4182 2869 4237 nobis
2917 4184 3157 4236 servavit
3201 4199 3427 4254 magnus

1843 4272 2179 4326 Athanasius
2206 4273 2292 4341 ti).
2336 4268 2391 4322 lu
2420 4285 2487 4324 eo
2517 4271 2787 4341 siquidem
2815 4286 2943 4326 suos
2973 4282 3188 4329 ascetas
3210 4283 3427 4328 sanctus

1845 4364 2010 4418 abbas
2047 4363 2114 4416 ad
2159 4362 2406 4417 militiam
2448 4364 2785 4430 spiritualem
2833 4364 3134 4418 informans
3170 4406 3186 4430 ,
3222 4365 3425 4419 eisdem

1845 4453 2048 4505 monita
2075 4452 2231 4520 plane
2266 4468 2306 4517 ~a
2323 4451 2614 4504 lmirabilia
2657 4453 2934 4522 suggerit;
2977 4452 3175 4522 quibus
3209 4453 3424 4520 imbuti,

1845 4549 1912 4597 ait
1965 4543 2359 4597 colluctandum
2407 4543 2659 4598 adversus
2706 4545 2965 4614 principes
3021 4554 3070 4598 et
3123 4553 3425 4613 potestates,

1846 4637 2091 4689 adversus
2132 4638 2312 4688 mundi
2343 4647 2568 4705 rectores
2598 4639 2927 4691 tenebrarum
2979 4641 3192 4704 harum,
3242 4651 3423 4694 contra

1846 4728 2142 4796 spiritualia
2213 4729 2457 4798 nequitia:
2487 4731 2539 4782 in
2598 4731 2890 4784 caelestibus
2955 4734 3005 4797 ί,
3069 4738 3422 4802 promptiores

161 4824 373 4878 menta;
431 4814 490 4865 in
531 4811 739 4880 quibus,
789 4825 847 4865 ut
868 4829 990 4867 cum
1039 4814 1369 4886 Hieronymo
1423 4816 1613 4884 loquar
1651 4817 1743 4887 (Ῑ),
1773 4795 1817 4853 C
1851 4795 2249 4888 validioresque
2287 4795 2681 4876 redderentur.
2756 4795 3420 4891 Nim'irum,unus-Anto-

161 4905 410 4973 loquendi
434 4902 825 4969 simplicitatem
848 4905 1121 4956 excusabit
1143 4906 1505 4960 sanctimonia:
1538 4908 1746 4975 magni-

162 4998 306 5047 tudo.
341 4991 533 5060 Neque
551 4992 696 5047 enim
720 4994 1218 5061 reprehendendam
1247 4996 1301 5050 in
1329 4997 1556 5051 vetuStis
1577 4999 1748 5066 potis-

163 5087 360 5138 simum
438 5082 699 5137 Ecclesiae
775 5083 1025 5139 Patribus
1086 5089 1353 5142 sermonis
1421 5087 1744 5157 imperitiam

234 5286 247 5314 ⁸
287 5283 501 5353 Epltes.
530 5298 578 5339 Vl
603 5323 621 5350 ,
659 5284 747 5338 12.

232 5487 308 5557 (a)
351 5484 578 5539 Hieron.
619 5485 694 5557 De
725 5488 822 5540 vir.
857 5487 1050 5540 illustr.
1091 5504 1208 5557 cap.
1246 5491 1333 5543 88.

229 5555 304 5620 (ο)
350 5557 603 5627 itenaud.
641 5555 780 5627 Hist.
805 5560 1090 5622 patriarch.
1125 5555 1273 5611 Alex.
1326 5574 1444 5627 pag.
1480 5561 1567 5613 38.

231 5626 539 5748 (gi-)7lgpntl'.
573 5627 624 5678 itt
673 5626 857 5679 Manil.
887 5628 952 5678 ad
979 5628 1169 5681 Anton.
1218 5626 1600 5683 Viti/ithmtas.
1638 5631 1662 5700 ς
1692 5634 1742 5695 8,

169 5707 564 5838 paigitr‘tiitltan.
603 5767 673 5838 in
702 5765 808 5818 Vit.
845 5767 1034 5838 Anton.
1065 5767 1089 5834 §
1121 5768 1208 5825 95,
1245 5785 1363 5838 pag.
1406 5770 1530 5823 895.

236 5842 306 5904 te)
352 5840 502 5903 Aug.
538 5835 609 5888 De
645 5837 809 5890 doctr.
842 5836 1035 5890 Christ.
1081 5855 1127 5889 ιιι
1156 5835 1359 5908 pt'nlng.
1402 5856 1453 5893 tt.
1490 5843 1538 5896 4.

1850 4911 1971 4964 nius
2036 4925 2145 4980 prae
2220 4913 2468 4976 caeteris,
2524 4927 2684 4968 omne
2745 4930 2914 4985 genus
2966 4916 3421 4972 conﬂictationum

1851 5016 2132 5057 acrearum
2160 5012 2435 5071 expertus,
2477 5008 2616 5073 potis
2636 5016 2755 5060 erat
2790 5007 3190 5079 investigabiles
3225 5012 3419 5066 diaboli

1853 5097 2123 5150 versutias
2155 5098 2426 5162 detegere,
2455 5098 2652 5166 quibus
2694 5101 2852 5154 modo
2875 5101 3036 5166 clam,
3061 5103 3218 5157 modo
3247 5105 3418 5173 palam

1933 5491 1998 5572 (ι)
2044 5491 2454 5572 ῌίθτοιι.“ρρίξι.
2477 5494 2568 5556 57,
2601 5495 2670 5572 al.
2708 5493 2827 5572 lOl,
2949 5494 3301 5572 Pammach.§
3333 5501 3423 5558 12.

1930 5564 2184 5682 (9)2A6ug.
2247 5560 2324 5614 De
2375 5563 2540 5615 dactr.
2599 5563 2793 5616 Christ.
2856 5565 2948 5619 lib.
3019 5582 3090 5630 tv,
3149 5560 3300 5636 cap.'
3337 5574 3422 5631 Η,

1855 5646 2002 5684 num.
2111 5672 2122 5684 .

1927 5699 2002 5774 (lt)
2043 5701 2238 5774 Baron.
2273 5703 2338 5754 ad
2372 5717 2496 5774 ann.
2526 5702 2648 5766 556,
2679 5703 2703 5774 §
2737 5704 2823 5758 91.

1924 5770 2225 5850 t__i)n.§nthan.
2284 5775 2333 5824 in
2386 5771 2484 5826 Vit.
2533 5770 2730 5827 Anton.
2782 5792 2806 5828 a
2848 5777 3218 5843 ηιιιη.16-45,
3265 5795 3396 5850 pagg

1850 5840 2108 5895 808-829.
