4220 6316
784 381 912 442 ~9355

1932 386 2208 442 PATRES
2251 387 2404 444 ᾹΞΟΫ

2507 390 2549 444 II
2593 389 2863 445 SECELI
2903 385 2991 442 IV.
3987 394 4071 452 956

803 506 895 560 ttle
930 504 1154 561 humani
1189 505 1404 577 generis
1434 505 1607 560 hostis
1650 505 1981 575 improvidos
2009 506 2224 561 animos
2268 507 2403 562 irre-
2433 517 2477 570 Α
2508 508 2906 582 Champerius:
2940 522 3103 578 quam
3145 508 3486 574 postmodum
3537 506 3908 562 excludendum
3935 523 4071 567 cura-

805 599 907 653 tire
931 609 1185 654 conatur.

878 691 1140 760 Sequitur
1190 705 1375 746 sermo
1433 689 1511 744 De
1567 693 1798 744 uanitate
1871 692 2054 742 mundi
2102 700 2152 743 et
2217 692 2398 746 resur-

805 783 1034 836 rertionc
1075 790 1426 848 mortuorum,
1459 797 1621 850 quem
1659 797 1726 836 ex
1754 781 1978 847 antiquo
2022 780 2143 835 Aldi
2176 781 2396 837 Mauutii

807 873 1000 928 Latino
1037 875 1223 927 codice
1251 888 1355 928 ms.
1387 874 1556 927 edidit
1598 872 1882 941 Moguntia:
1918 886 2063 924 anno
2100 870 2260 924 1604.
2293 872 2399 926 Ge-

807 967 999 1020 rartlus
1030 966 1252 1020 Vossius
1278 965 1617 1035 Tungrensis
1658 965 1976 1032 praepositus
2014 965 2157 1017 inter
2188 962 2401 1017 Miscet-

805 1057 960 1112 lanea
981 1072 1286 1110 sanctorum
1311 1056 1553 1120 Patrum,
1578 1053 1847 1124 Operibus
1873 1054 1930 1108 S.
1950 1052 2198 1124 Gregorii
2219 1053 2399 1109 ’Πλευ-

807 1156 1042 1217 tnatttrgi
1076 1153 1349 1219 subjecta.

882 1239 976 1293 His
1005 1256 1168 1309 porro
1217 1240 1425 1294 duobus
1464 1238 1599 1291 alios
1650 1237 1983 1292 attexuimus
2022 1252 2302 1293 sermones
2328 1254 2398 1291 xx

810 1328 882 1381 De
926 1329 1209 1382 virtutibus
1243 1337 1292 1381 et
1332 1328 1493 1387 uitiis,
1521 1329 1714 1381 breves
1744 1327 1863 1381 illos
1899 1328 2139 1393 quidem,
2167 1331 2258 1382 sed
2282 1344 2401 1393 cte-

806 1419 926 1472 lesti
959 1420 1204 1473 doctrina
1242 1416 1511 1483 refertos;
1557 1433 1696 1487 quos
1740 1419 1807 1472 ad
1858 1420 1998 1474 ﬁlios
2037 1410 2167 1476 suos
2213 1436 2402 1475 mona-

805 1511 940 1565 chos
980 1521 1203 1564 sanctus
1231 1508 1398 1570 Pater
1432 1510 1690 1564 habuisse
1725 1513 1976 1566 traditur.
2028 1509 2135 1567 Eos
2177 1528 2306 1567 vero
2334 1529 2398 1568 ex

807 1616 910 1654 tus.
957 1601 1150 1655 codice
1192 1601 1429 1654 Arabico
1464 1599 1657 1653 Latine
1699 1603 2086 1669 interpretatus
2115 1612 2197 1656 est
2226 1603 2398 1655 Abra-

808 1693 1000 1746 bamns
1039 1691 1401 1746 Eccbellensis
1447 1692 1740 1756 Maronita,
1797 1708 2029 1763 einuqne
2077 1697 2202 1749 aliis
2251 1693 2404 1749 Chri-

805 1784 998 1838 stianae
1022 1785 1247 1853 pietatis
1281 1784 1646 1836 monumentis
1679 1800 1801 1836 mox
1832 1787 2222 1839 enumerandis
2247 1786 2401 1840 Pari-

806 1875 905 1928 siis
929 1873 1195 1942 evulgavit
1233 1887 1377 1927 anno
1415 1871 1573 1926 1646.
1603 1871 1737 1926 lllnd
1769 1883 1949 1926 autem
1979 1872 2118 1927 scite
2146 1873 2401 1927 admOuct
2434 1854 2472 1907 υ

809 1967 859 2018 iu
891 1963 1219 2020 Praefationc
1255 1966 1320 2020 ad
1347 1966 1603 2020 lectorem
1635 1965 1881 2019 eruditus
1917 1965 2207 2035 interpres,
2239 1966 2402 2021 nullis

806 2058 1028 2125 quidem
1050 2059 1357 2124 rationibus
1385 2058 1657 2125 nullisque
1690 2057 1857 2112 certis
1896 2059 2225 2114 testimoniis
2253 2075 2402 2113 com-

807 2149 1026 2218 probari
1061 2164 1244 2218 posse,
1291 2149 1406 2203 haec
1436 2149 1652 2215 aliaque
1678 2147 1945 2214 ejusmodi
1977 2147 2278 2218 spiritualia
2306 2151 2403 2203 do-

807 2251 1061 2296 cumenta
1101 2240 1271 2294 fuisse
1329 2255 1358 2293 a
1409 2240 1758 2295 sanctissimo
1802 2241 1997 2293 abbate
2050 2240 2245 2295 litteris
2299 2252 2404 2295 tra-

808 2333 968 2398 dita,
1035 2333 1141 2388 nisi
1203 2347 1310 2385 una
1396 2334 1640 2387 omnium
1709 2327 1948 2388 Orientis
2016 2335 2400 2387 monachorum

809 2425 1105 2480 traditione
1129 2433 1297 2494 atque
1337 2424 1631 2478 universali
1675 2440 1944 2481 consensu
1974 2442 1985 2478 :
2013 2441 2244 2494 quorum
2273 2441 2404 2479 sane

808 2519 1055 2573 omnium
1093 2532 1394 2572 concursus
1435 2517 1502 2570 ad
1549 2517 1967 2586 contingendam
2017 2517 2216 2585 aliquid
2253 2532 2404 2571 com-

809 2624 976 2664 mune
1039 2607 1392 2676 impossibilis
1441 2621 1562 2660 esse
1621 2607 1882 2662 videtur:
1930 2609 2233 2675 prmsertim
2278 2623 2401 2662 cum

807 2699 1103 2755 orientales
1164 2698 1237 2753 illi
1285 2698 1551 2753 'anllatlli
1604 2699 1876 2752 variarum
1934 2699 2041 2752 siut
2092 2707 2401 2760 sectarum,

812 2792 1082 2862 variaeque
1126 2791 1356 2861 proinde
1409 2791 1778 2858 persuasionis
1828 2791 2003 2859 quoad
2047 2789 2400 2858 religionem;

810 2885 887 2938 uti
923 2893 1050 2940 sunt
1085 2882 1372 2946 Melcl-iitaa,
1412 2881 1690 2946 Jacobitaz,
1736 2880 2066 2938 Nestoriani.
2115 2880 2400 2950 Copbtitaz,

809 2976 1114 3045 Aitbiopes,
1152 2974 1431 3029 Maronita:
1472 2973 1692 3042 aliique.

811 3083 901 3138 IV.
945 3083 1154 3152 Septem
1206 3083 1465 3151 Epistula:
1521 3084 1748 3154 primum
1791 3083 2109 3154 Egyptian
2158 3085 2402 3154 σαίνων,

2504 603 2581 654 vit
2639 602 2879 665 Colonia:
2905 616 3049 654 anno
3107 598 3244 652 55256
3317 599 3605 670 Dionysius
3663 599 4071 670 Carthasiauus,

2502 690 2615 743 suis
2659 689 2712 742 in
2746 689 2915 743 libros
2945 687 3352 757 Arcopagiticos
3385 689 3794 745 commentariis
3827 690 4071 759 diectam

2505 781 2599 836 fol.
2639 782 2744 837 569
2779 797 2905 850 sqq.
2941 780 3149 835 Exintle
3181 795 3311 834 vero
3345 781 3511 835 semel
3559 783 3868 853 iterumque
3899 786 4073 853 prodiit

2503 872 2729 932 Basilcae
2771 888 2900 926 ann.
2942 871 3104 935 1550,
3153 870 3293 926 1555
3338 879 3393 925 el.
3431 871 3591 936 1569,
3628 889 3752 928 cum
3805 873 3858 926 in
3901 873 4074 928 Hiero-

2500 965 2816 1035 presbytico,
2851 974 2961 1017 tum
2997 963 3050 1016 in
3079 962 3605 1031 Ortbodoxographis
3635 964 3854 1019 Heroldi
3883 975 3934 1019 et
3954 965 4074 1038 Gly-

2506 1057 2606 1110 nmi
2642 1074 2656 1121 ;
2695 1070 2908 1112 necnon
2971 1057 3024 1109 in
3071 1053 3417 1109 Bibliothecis
3453 1050 3676 1110 Patrum
3704 1055 3880 1112 Paris.
3903 1055 4072 1112 Colon.

2501 1158 2557 1202 et
2603 1146 2948 1218 Lugdunensi
2988 1166 3003 1201 :
3041 1147 3094 1201 in
3150 1147 3351 1217 quibus
3386 1159 3567 1202 tamen
3616 1161 3806 1203 omnes
3841 1148 4075 1218 Epistola:

2502 1238 2854 1302 Antoni-ante,
2885 1239 2931 1293 si
2969 1237 3198 1308 primam
3233 1239 3496 1309 excipias,
3540 1253 3821 1308 perperam
3865 1239 3934 1292 ad
3984 1241 4076 1292 Ar-

2502 1328 2725 1382 sinoitas
2758 1329 2937 1383 missas
2987 1327 3272 1396 feruntur;
3309 1344 3433 1384 cum
3475 1329 3806 1398 Hieronymo
3837 1339 3989 1394 teste,
4029 1341 4078 1384 ut

2504 1421 2665 1474 modo
2731 1419 3130 1480 intelleximus,
3201 1434 3363 1473 unam
3412 1421 3810 1483 tantummodo,
3868 1433 4078 1486 eamque

2501 1512 2848 1580 pra'cipuam,
2883 1510 3176 1566 Arsinoitis
3205 1509 3378 1566 fuisse
3413 1511 3726 1582 inscriptam
3757 1521 4076 1582 compertum

2503 1604 2574 1656 sit
2609 1624 2619 1657 :
2646 1612 2841 1672 estque
2881 1602 3146 1665 secunda,
3171 1617 3292 1672 quae
3314 1601 3430 1657 sola
3463 1603 3518 1656 in
3550 1603 3950 1672 antiquioribus
3980 1605 4080 1657 edi-

2505 1692 2593 1753 tis,
2643 1693 2799 1747 nobis
2829 1693 3111 1762 inspectis,
3160 1693 3230 1746 ad
3275 1694 3578 1746 Arsinoitas
3626 1694 3795 1748 missa
3847 1694 4082 1762 perbibe-

2507 1794 2613 1836 tur.
2652 1781 2803 1850 Quod
2835 1784 3052 1852 quidem
3091 1789 3337 1837 erratum
3390 1784 3444 1837 in
3490 1783 3717 1837 Patrum
3759 1783 4080 1837 Bibliothecis

2502 1888 2836 1936 occurrens,
2895 1875 3104 1942 primus
3175 1875 3398 1944 agnovit
3459 1873 3882 1942 emendavitque
3940 1874 4081 1928 Bisa-

2506 1965 2616 2018 rius
2647 1965 2744 2035 (g),
2775 1965 2864 2033 qui
2902 1977 2958 2019 et.
3003 1965 3054 2017 in
3083 1979 3183 2018 suo
3220 1964 3436 2019 erudito
3473 1964 3548 2018 De
3587 1965 3744 2019 veteri
3782 1966 4081 2018 nionacliatu

2503 2072 2668 2121 opere
2706 2067 2813 2111 tres
2870 2057 3081 2126 priores
3139 2056 3486 2111 Antonianas
3523 2056 3771 2110 exhibuit
3815 2055 4083 2125 epistolas,

2503 2147 2773 2216 simulque
2809 2147 3022 2202 illarum
3056 2161 3087 2201 e
3115 2148 3340 2218 regione
3383 2145 3785 2215 expositionem
3823 2148 4084 2216 apposuit.

2507 2239 2690 2310 Neque
2745 2241 2905 2295 aliter
2974 2242 3194 2294 demum
3269 2239 3427 2297 nobis
3483 2239 3750 2310 agendum
3825 2240 4084 2296 existima-

2505 2346 2701 2383 VIIIIUS.

2505 2419 2571 2473 V.
2633 2419 2842 2475 Harum
2898 2419 3262 2489 Epistolarum
3315 2422 3646 2490 prestantia.
3707 2418 3828 2486 Quo
3874 2431 4086 2489 tempore

3183 2511 3418 2576 scriptae.

2577 2599 2684 2656 Sed
2714 2601 2841 2654 illud
2881 2597 3061 2670 potius
3089 2603 3299 2657 relerre
3330 2601 3558 2671 juverit,
3593 2602 3737 2672 quod
3775 2603 3935 2658 nobis
3966 2603 4086 2659 edis-

2507 2694 2639 2746 serit
2663 2692 2730 2747 de
2757 2693 2842 2748 bis
2875 2691 3129 2762 Epistolis
3159 2694 3370 2762 primus
3397 2709 3585 2748 earum
3621 2694 3800 2750 editor
3832 2694 4082 2764 Cbampe-

2509 2787 2621 2839 rius
2657 2787 2708 2839 in
2752 2786 2974 2855 epistola
3007 2786 3226 2841 Hectori
3269 2786 3419 2842 Dallo
3457 2787 3601 2842 sedis
3635 2788 3948 2857 apostolicis
3977 2802 4088 2856 pro-

2510 2877 2783 2931 tonotario
2823 2878 3106 2946 inscripta,
3147 2892 3368 2948 suaeque
3430 2878 3656 2933 editioni
3705 2879 3952 2948 pmﬂsa.
4008 2880 4090 2934 Sic

2510 2967 2676 3036 igitur
2715 2968 2849 3021 ille:
2898 2965 3090 3034 Accepi
3134 2969 3374 3032 tandem,
3419 2968 3616 3038 inquit,
3651 2985 3786 3038 quas
3826 2969 3919 3022 diu
3960 2970 4087 3023 desi-

2506 3060 2688 3112 deravi
2722 3075 2753 3111 a
2801 3073 2847 3111 te
2896 3059 3123 3123 litteras,
3171 3075 3388 3129 cumque
3434 3060 3513 3114 his
3554 3061 3716 3114 simul
3769 3063 3874 3115 diui
3923 3060 4089 3115 Patris

883 3149 1074 3209 deinde
1104 3171 1169 3208 ea:
1193 3149 1426 3208 versione
1465 3154 1650 3207 Grata
1697 3149 1883 3206 Latins
1906 3149 2164 3208 'reddita'.
2199 3153 2401 3208 Earum
2430 3192 2468 3220 ,η
2509 3152 2725 3204 Antonii
2758 3149 3036 3220 Epistolas
3080 3162 3297 3217 septem,
3325 3167 3456 3220 quas
3486 3168 3636 3206 sacer
3679 3154 3984 3207 Theodorus
4020 3166 4088 3206 to-

884 3225 1180 3279 auctoritas
1216 3226 1575 3294 comprobata.
1627 3222 1913 3277 Rccensitw
1951 3225 2225 3279 editiones.

882 3316 1180 3372 Sermones
1219 3316 1498 3384 excipiunt
1537 3313 1826 3382 Epistolas;
1883 3332 2112 3382 quarum
2172 3327 2358 3384 septem
2386 3359 2401 3383 ,

812 3408 1146 3478 Hieronymo
1188 3420 1325 3463 te5te
1357 3408 1431 3477 (a)
1458 3449 1473 3472 ,
1514 3407 1789 3477 apostolici
1809 3424 1990 3461 sensus
2013 3411 2367 3478 sermonisque
2387 3453 2401 3476 ,

811 3502 954 3554 misit
1003 3499 1272 3554 Antonius
1322 3497 1642 3569 Egyptian
1685 3498 1754 3551 ad
1805 3499 2017 3552 diversa
2062 3502 2401 3564 monasteria,

810 3594 866 3645 in
903 3590 1143 3645 ercam
1173 3591 1411 3660 linguam
1448 3591 1707 3658 deinceps
1739 3591 2062 3656 translatas;
2105 3605 2407 3662 earumque

810 3685 1082 3754 priocipua
1114 3693 1191 3738 est
1239 3684 1306 3735 ad
1341 3683 1669 3736 Arsinoitas.
1703 3681 2036 3752 Hieronymo
2069 3684 2278 3737 accedit
2305 3700 2405 3738 au-

811 3785 934 3829 ctor
958 3773 1181 3828 Grzecus
1213 3773 1456 3827 incertus
1499 3771 1574 3824 De
1614 3772 1770 3841 gestis
1809 3782 1855 3826 et
1897 3771 2064 3826 verbis
2104 3770 2403 3839 Seniorum,

813 3867 968 3932 tujns
999 3881 1136 3933 opus
1169 3873 1416 3918 recenset
1460 3863 1688 3918 Pbotius
1715 3863 1824 3932 (b):
1878 3871 2164 3932 exstatque
2213 3863 2408 3920 Latine

817 3957 1059 4012 redditus
1094 3957 1188 4026 (α),
1239 3957 1536 4024 interprete
1581 3957 1799 4027 Pelagio
1833 3955 1893 4009 S.
1951 3957 2014 4009 ii.
2049 3957 2109 4010 E.
2157 3958 2404 4024 diacono,

814 4051 881 4101 de
903 4055 1012 4117 quo
1030 4046 1201 4114 deque
1221 4047 1338 4114 ejus
1355 4047 1608 4101 versione
1627 4048 1788 4100 verba
1816 4046 1946 4102 facit
1967 4047 2282 4117 Sigebertus
2303 4050 2403 4117 (tl).

815 4138 909 4195 Sic
951 4141 1134 4207 itaque
1163 4154 1466 4209 anonymus
1507 4138 1599 4193 illo
1643 4139 1882 4206 scriptor
1911 4138 2020 4210 (e):
2056 4139 2203 4192 Dixit
2247 4141 2407 4194 abbas

817 4231 1120 4283 Antonius:
1159 4227 1394 4283 ACstimo
1425 4231 1566 4299 quod
1616 4228 1806 4282 habeat
1843 4246 2033 4297 corpus
2075 4242 2274 4285 motum
2319 4249 2409 4285 na-

816 4321 1041 4375 turalem
1066 4337 1401 4389 conspersum
1433 4322 1487 4374 in
1527 4336 1602 4384 se,
1637 4329 1741 4374 etc.
1774 4318 1872 4386 Qui
1899 4321 2113 4390 quidem
2147 4322 2296 4378 locus
2322 4323 2404 4377 in-

819 4428 968 4484 tt'gcr
1007 4413 1245 4468 occurrit
1276 4414 1329 4466 in
1367 4412 1607 4482 Epistola
1646 4410 2027 4478 IAntoniana,
2078 4411 2108 4483 ᾗ
2143 4413 2198 4476 4,
2237 4423 2296 4468 ut
2339 4417 2405 4469 ad

2507 3245 2610 3297 tius
2634 3243 2936 3296 monasticae
2957 3243 3300 3312 arcliipra'sul
3319 3245 3834 3310 communicaverat;
3863 3264 4090 3314 —quas-

2506 3353 2604 3406 quc
2634 3353 2737 3389 una
2766 3346 2813 3390 et
2849 3335 3168 3405 lEgyptiarc
3205 3340 3448 3402 scriptas,
3485 3347 3534 3390 et
3571 3334 3749 3392 Greece
3786 3341 4089 3407 interpreta-

2508 3440 2616 3493 tas,
2647 3445 2810 3497 nuper
2840 3446 2958 3483 vero
3005 3445 3036 3481 a
3077 3427 3292 3483 Valerio
3345 3427 3564 3485 Sat-asia
3624 3429 3808 3486 Latine
3851 3438 4088 3498 scriptas,

2507 3520 2575 3572 ad
2608 3536 2688 3573 me
2725 3520 2939 3573 misisti.
2974 3517 3216 3584 Quarum
3246 3522 3630 3588 grauitatcmne
3670 3539 3739 3576 an
3784 3525 4090 3578 suas-itath

2509 3613 2626 3674 plus
2657 3611 2917 3678 admirer,
2967 3613 3163 3669 nescio.
3218 3609 3466 3680 Namque
3517 3614 3785 3681 aptissime
3827 3615 4092 3668 exorditur

2517 3703 2804 3765 Antonius,
2857 3705 3032 3758 lucide
3071 3705 3445 3772 prophetarum
3485 3716 3663 3758 narrat
3707 3708 3982 3766 historias,
4019 3706 4092 3760 iii-

2508 3797 2642 3850 uclzit
2685 3797 2900 3861 acriter,
2945 3797 3089 3850 varie
3136 3811 3326 3861 ornat,
3376 3798 3662 3865 artiﬁciose
3689 3801 4090 3864 complectitur:

2510 3899 2617 3940 tant
2651 3899 2790 3956 apte,
2824 3898 2932 3941 tam
2965 3903 3169 3954 ornate,
3219 3899 3326 3942 tant
3372 3891 3600 3958 copiose,
3644 3902 3752 3943 tam
3797 3893 4016 3959 pulchre
4043 3893 4091 3946 in

2512 3980 2768 4048 Epistolis
2802 3984 2971 4034 orauit
3026 3984 3307 4037 Antonius.
3342 3981 3485 4046 Quid
3511 3982 3610 4048 hac
3651 3981 3956 4038 Antoniana
3983 4001 4093 4037 oro-

2509 4072 2648 4122 tione
2679 4072 2961 4140 perfectius
2987 4073 3012 4125 3’
3051 4073 3178 4142 quid
3210 4073 3549 4126 absolutius?
3572 4074 3688 4136 quis
3724 4075 3956 4129 modus!
3985 4076 4092 4142 quis

2510 4160 2682 4214 ordo.’
2720 4157 3031 4226 Nunquam,
3085 4162 3155 4213 mi
3203 4159 3422 4223 Hector,
3459 4177 3605 4224 atque
3637 4162 3927 4218 delectatus
3961 4180 4089 4218 sunt.

2513 4249 2783 4303 Hactenus
2818 4249 2927 4304 ille.

2581 4339 2690 4394 Has
2722 4353 2899 4394 autem
2947 4339 3217 4409 Epistolas
3262 4343 3550 4412 scripsisse
3598 4345 3938 4412 comperitur
3971 4345 4089 4397 bea-

2514 4434 2752 4488 tissimus
2785 4436 2972 4500 abbas,
3009 4452 3132 4491 cum
3157 4449 3424 4506 provecta:
3456 4438 3744 4490 admodum
3783 4449 3932 4493 esset
3973 4451 4091 4492 a‘ta-

814 4522 938 4560 cuin
975 4505 1153 4560 locum
1191 4505 1516 4560 monuimus.
1576 4505 1772 4572 Ecquis
1826 4520 1988 4574 porro
2025 4507 2151 4575 jure
2191 4506 2399 4562 dubitet

2511 4525 2596 4587 tis,
2651 4532 2706 4577 ut
2747 4524 2978 4591 ipsemet
3020 4505 3304 4595 proﬁtetur
3361 4529 3446 4580 bis
3486 4528 3664 4580 verbis
3692 4525 3813 4596 (Ii):
3873 4528 4023 4584 Unde
4049 4539 4092 4584 et

815 4599 885 4652 de
942 4599 1134 4652 harum
1191 4595 1557 4658 Epistolarum
1604 4597 1943 4662 sinceritate,
2001 4606 2079 4649 tot
2133 4599 2403 4665 tantisque

818 4693 1048 4747 testibus
1093 4690 1434 4746 confirmata.
1479 4689 1571 4743 Sic
1608 4689 1779 4745 ferme
1811 4689 2056 4743 Bivarius
2098 4689 2199 4758 (Γ),
2233 4705 2262 4743 a
2297 4707 2403 4759 quo

819 4800 928 4838 uno
962 4784 1078 4837 bazc
1109 4782 1441 4850 accepimus,
1474 4780 1846 4846 Tillemoutio,
1879 4777 2136 4834 Fabricio
2170 4779 2404 4849 aliisque

817 4876 952 4929 viris
981 4873 1211 4928 eruditis
1249 4872 1409 4943 plane
1441 4873 1797 4941 incomperta.

890 4968 1001 5023 Has
1037 4979 1216 5023 autem
1249 4980 1456 5037 septem
1496 4967 1761 5030 Epistolas
1797 4981 1940 5022 nunc
1967 4978 2174 5021 tantum
2216 4967 2404 5020 Latine

820 5060 1105 5122 habemus,
1125 5079 1157 5116 e
1177 5060 1367 5115 Graeco
1393 5060 1628 5114 redditas
1649 5074 1678 5112 a
1701 5058 1917 5113 Valerio
1941 5058 2189 5124 Sarasio;
2217 5060 2303 5114 cui
2324 5069 2404 5113 ta-

821 5168 944 5205 men
985 5151 1038 5204 in
1071 5167 1167 5204 sua
1199 5152 1332 5204 satis
1360 5150 1592 5218 implexa
1626 5149 2076 5216 interpretatione
2101 5164 2186 5203 res
2217 5164 2406 5217 parum

821 5242 1051 5296 feliciter
1113 5242 1300 5296 cessit.
1369 5242 1637 5294 Cancrum
1691 5240 1996 5293 versionem
2055 5238 2400 5293 Sarasianam

824 5337 1028 5404 primus
1059 5335 1328 5401 evulgavit
1359 5333 1580 5387 Parisiis
1622 5347 1764 5386 anno
1799 5331 1940 5384 1515
1972 5330 2402 5399 Symphorianus

893 5456 969 5524 ta)
1009 5455 1230 5510 Hieron.
1265 5457 1339 5508 Dc
1364 5457 1462 5508 uir.
1503 5457 1699 5510 illustr.
1734 5473 1854 5526 cap.
1890 5457 1978 5512 88.

904 5532 974 5598 to)
1013 5526 1422 5598 Pbotius_Bib_l.
1467 5529 1583 5598 cod.
1621 5529 1739 5584 198.

899 5593 966 5666 (ι’)
1009 5599 1126 5649 Lib.
1165 5613 1191 5647 ν
1232 5596 1307 5649 De
1353 5593 1481 5649 Vitis
1521 5595 1764 5651 Patrum.

897 5674 974 5732 tit;
1019 5669 1201 5735 Sigcb.
1245 5668 1316 5718 Dc
1348 5669 1528 5734 script.
1561 5668 1685 5719 cccl.
1720 5683 1838 5733 Cap.
1879 5669 1996 5721 liii.

895 5739 966 5804 μ’)
1012 5741 1186 5792 Anon.
1233 5739 1324 5790 (ir.
1357 5738 1515 5790 libcll.
1561 5754 1587 5788 γ
1662 5736 1687 5806 §
1735 5738 1778 5801 ί,
1815 5738 1862 5790 in
1905 5736 2008 5793 Vit.
2050 5737 2161 5792 I'I’.
2206 5739 2298 5793 lib.
2355 5758 2405 5794 ν.

2507 4628 2599 4680 ego
2649 4630 2852 4682 quoque
2878 4615 3194 4669 deterrimus
3228 4618 3317 4684 qui
3359 4619 3495 4669 lianc
3524 4618 3779 4684 descripsi
3802 4622 4090 4687 epistolam,

2509 4705 2906 4773 expergefactus
2940 4724 2970 4758 a
3012 4709 3328 4760 dormitione
3378 4709 3584 4775 mortis,
3634 4709 3929 4776 plurimum
3970 4712 4091 4764 illud

2509 4794 2759 4860 temporis
2811 4797 2948 4862 quod
3021 4795 3150 4848 mihi
3212 4797 3312 4862 fuit
3383 4813 3537 4864 super
3609 4808 3850 4858 terram.
3899 4803 4091 4870 factum

2512 4881 2755 4934 existimo
2787 4885 2983 4937 luctum
3027 4896 3073 4937 et
3103 4886 3308 4955 ﬂetum,
3351 4899 3458 4944 etc.
3493 4888 3646 4954 Quod
3676 4891 3874 4946 itermn
3906 4894 4091 4947 contir-

2509 4985 2644 5040 mat,
2683 4977 2807 5027 dum
2847 4976 3034 5029 Arium
3072 4990 3101 5029 e
3149 4978 3387 5031 tenebris
3419 4981 3619 5035 mundo
3659 4983 3977 5049 emersisse,
4021 4984 4091 5036 vi-

2506 5081 2706 5134 rusque
2750 5081 2908 5118 suum
2962 5066 3238 5121 eliundere
3280 5069 3390 5136 jam
3439 5071 3671 5138 coepisse
3728 5081 3985 5139 testatur,
4020 5073 4089 5127 sic

2508 5157 2761 5225 inquiens
2795 5157 2900 5225 (i):
2953 5156 3027 5209 De
3055 5158 3184 5210 Aria
3230 5176 3348 5212 vero
3383 5162 3473 5228 qui
3520 5161 3574 5212 in
3617 5161 3948 5216 Alexandria
3982 5172 4090 5215 ssu-

2515 5248 2668 5311 rexit,
2725 5255 2772 5299 et
2816 5247 3044 5315 loquitur
3090 5247 3266 5300 aliena
3312 5251 3467 5301 verba
3506 5250 3570 5302 de
3629 5247 3934 5320 Unigenito.
3990 5261 4085 5304 etc.

2514 5337 2656 5402 Quin
2685 5337 2847 5389 etiam
2887 5339 3207 5406 rogantibus
3233 5338 3503 5408 episcOpis
3541 5350 3595 5393 et
3627 5341 3889 5396 fratribus
3917 5342 4086 5398 omni-

2585 5462 2650 5528 (Ι)
2694 5461 2867 5514 Bivar.
2905 5459 2980 5512 De
3026 5471 3126 5511 oet.
3168 5460 3406 5511 monac-Ii.
3451 5459 3545 5515 lib.
3581 5474 3679 5526 ut,
3729 5476 3845 5531 cap.
3881 5461 3939 5524 ἓ,
3981 5460 4003 5531 δ
4039 5461 4087 5526 5,

2513 5548 2565 5602 p.
2591 5531 2687 5584 ‘20I
2707 5572 2718 5584 .

2586 5604 2659 5670 (ῃ)
2705 5603 2778 5654 ld.
2813 5601 2941 5654 ibid.
2983 5615 3105 5667 pag.
3135 5599 3382 5670 201_sqq.

2587 5668 2662 5740 (ti)
2704 5673 2904 5725 Anton.
2948 5671 3108 5740 epist.
3141 5668 3262 5740 διδ
3297 5672 3347 5722 5.

2586 5738 2650 5809 (ἡ)
2691 5743 2763 5796 id.
2793 5742 2952 5811 epist.
2979 5739 3033 5805 8,
3067 5741 3167 5794 sub
3197 5738 3290 5792 (in.
