4220 6316
717 353 826 411 959

1841 365 2110 423 PATRES
2144 365 2444 422 .‘ECYPTII
2487 369 2758 429 SECULI
2801 373 2891 430 ιν.

3907 387 4015 442 960

718 474 778 527 Si
814 486 1123 543 potestatem
1175 493 1342 532 uitam
1377 481 1634 536 haberetis
1682 486 1736 536 in
1771 502 1870 550 me,
1911 504 2046 554 imus
2087 500 2310 553 vestrum
2343 494 2388 548 Α
2422 501 2621 556 tot-ius,
2648 496 2739 561 qui
2779 495 2928 548 nihili
2961 510 3054 549 eas
3089 496 3274 561 duxit,
3301 500 3394 554 sed
3441 501 3539 553 ira!
3582 503 3698 556 ibus
3723 512 3836 559 ait:
3878 504 4016 563 Ecce

721 578 850 628 sutis
903 587 1060 632 εδει-ι.
1093 576 1247 632 Tunc
1295 590 1470 631 autem
1519 580 1693 635 instar
1730 583 2309 653 luitii~dissipalmnlur

716 682 901 718 curam
929 682 1021 733 eo;
1052 686 1100 721 et
1132 671 1316 731 libera
1353 673 1697 737 passionibus
1723 684 1883 742 atque
1915 677 2308 732 tentationihus

714 758 1052 812 ciliciehatur
1083 779 1097 815 :
1128 773 1181 814 et
1217 763 1372 814 dedit
1409 766 1457 817 ei
1509 766 1650 819 Deus
1699 767 2084 820 auctoritatem
2122 769 2309 822 victri-

713 851 1146 906 co-tuadversus
1187 855 1457 911 diabolus.
1496 857 1696 910 Panem
1738 859 1820 911 bis
1855 860 1905 911 iu
1953 875 2097 912 anno
2138 860 2309 913 conli-

714 944 896 998 nit-bat
926 955 981 998 et
1017 947 1282 1011 torrebat,
1313 959 1371 1002 ut
1412 950 1602 1003 melius
1647 962 2090 1006 Conseri/aretur.
2125 952 2308 1008 Nemi-

715 1047 840 1086 nem
883 1038 949 1086 ad
999 1051 1056 1088 se
1106 1035 1315 1105 ingredi
1349 1042 1715 1107 permittebat,
1756 1044 1851 1096 sed
1904 1041 2037 1098 foris
2065 1054 2307 1101 astantes

700 1125 879 1178 ‘verba
911 1128 1255 1195 excipiebant
1290 1130 1408 1198 ejus
1431 1131 1520 1198 qui
1544 1146 1609 1185 eo
1637 1134 2022 1189 adventabant.

791 1215 991 1287 Viginti
1041 1237 1308 1274 annorum
1339 1225 1516 1293 spatio
1550 1226 1790 1278 sedulam
1833 1228 1963 1280 inibi
1996 1230 2145 1284 dedit
2185 1246 2309 1298 ope-

716 1323 833 1361 rum
881 1311 1152 1379 religiosis
1203 1315 1441 1370 cultibus
1471 1327 1524 1369 et
1564 1319 1843 1372 institutis.
1878 1320 2013 1374 Tutu
2054 1325 2309 1390 prmcepit

713 1400 814 1467 ipsi
855 1401 1134 1469 Dominus,
1167 1417 1223 1457 ιιι
1258 1406 1535 1474 proticuus
1566 1419 1703 1464 esset
1744 1414 1928 1481 generi
1967 1414 2225 1479 humano,
2256 1426 2309 1469 et

716 1492 968 1545 timorem
1008 1492 1100 1546 Dei
1144 1510 1210 1548 ac
1253 1510 1438 1548 verum
1486 1497 1602 1564 ejus
1635 1483 1837 1552 cultum
1885 1504 2139 1559 edoceret
2186 1521 2304 1560 eos.

713 1580 894 1646 Quare
922 1581 1226 1657 iu.Pbaintn
1251 1586 1528 1656 prolectus
1547 1599 1732 1654 est;et
1755 1593 1843 1659 qui
1871 1596 1998 1647 inibi
2019 1611 2172 1649 crant
2198 1599 2307 1650 fra-

716 1677 1221 1739 tres,'coniirmavit
1250 1691 1340 1732 :et
1367 1696 1620 1734 reversus
1642 1693 1722 1736 est
1748 1684 1813 1736 ad
1847 1701 2002 1738 suum
2038 1701 2308 1745 monaste-

718 1767 880 1818 rium.
928 1765 1197 1835 Tempore
1246 1772 1642 1836 persecutioois
1694 1787 2016 1845 tnartyrmn,
2060 1786 2304 1852 martyrii

2419 587 2667 639 habemus
2700 588 2901 641 litteras
2943 588 3098 658 Regis
3147 608 3346 659 regum,
3374 611 3490 662 quin
3527 615 3620 649 tm.-
3649 600 3883 660 quotidie
3910 603 4014 652 ad-

2416 693 2659 744 mouent;
2685 691 2730 733 et
2773 699 2866 733 nos
2910 683 3059 734 nihili
3105 684 3229 735 illus
3266 685 3491 748 facimus
3522 698 3603 740 :et
3645 692 3776 758 tryis
3815 693 4013 745 terreni

2415 771 2704 837 gaudemus
2751 773 2978 828 litteris?
3015 775 3078 826 Et
3121 778 3209 828 vix
3261 778 3478 844 quidem
3529 795 3844 848 responsum
3878 786 4013 839 dare

2417 863 2585 917 voluit
2620 865 2948 921 instantibus
2987 868 3268 933 fratribus,
3301 879 3356 923 et
3387 872 3730 926 dicentibus:
3771 872 3872 929 Hi:
3906 880 4012 927 im-

2415 967 2628 1022 perator
2665 968 2739 1010 est
2776 957 2970 1023 iustus,
3021 971 3230 1013 amatur
3283 960 3553 1017 Ecclesiw.
3601 963 3696 1018 llis
3739 968 4010 1025 adductus

2418 1048 2502 1099 vix
2537 1049 2781 1117 scripsit.
2813 1060 2868 1103 et
2901 1050 3109 1106 solatus
3138 1063 3220 1106 est
3262 1068 3412 1119 eum,
3441 1069 3504 1107 ac
3541 1055 3837 1110 benedixit.
3869 1060 4008 1113 Cum

2413 1139 2705 1209 aliquando
2751 1143 2908 1195 tanlio
2942 1142 3165 1197 affectus
3209 1156 3386 1208 esset,
3434 1147 3640 1200 audivit
3677 1164 3863 1202 vacem
3902 1151 4008 1205 sibi

2413 1233 2726 1287 dicentem:
2769 1232 3033 1304 Egredere
3069 1235 3235 1303 foras,
3276 1249 3329 1289 ut
3367 1238 3580 1302 videas;
3607 1251 3660 1294 et
3702 1256 3823 1294 cum
3863 1253 4014 1299 esset

2411 1336 2688 1392 egressus,
2739 1325 2870 1378 vidit
2914 1326 3166 1395 augt-lum
3206 1326 3340 1380 stola
3387 1329 3653 1392 indutum,
3699 1344 3753 1384 et
3789 1333 4012 1401 cingulo

2409 1416 2725 1470 accinctum
2757 1417 3112 1480 decussatim,
3147 1419 3236 1486 qui
3277 1419 3507 1473 formam
3545 1420 3818 1476 referebat
3859 1425 4009 1494 pallii

2413 1507 2698 1561 mouastici
2727 1546 2741 1570 ,
2787 1516 2842 1560 et
2878 1509 3042 1577 capiti
3085 1509 3200 1577 ejus
3255 1509 3536 1576 cucullus,
3589 1525 3646 1566 ut
3695 1514 3848 1581 galea
3893 1527 4014 1570 erat

2414 1598 2731 1667 impositus;
2772 1609 2822 1652 et
2879 1601 2957 1653 sic
3008 1601 3206 1655 sedens
3259 1600 3386 1654 folia
3428 1605 3756 1657 contexehat
3798 1605 4013 1672 palma-

2415 1705 2532 1742 rum
2559 1706 2573 1752 ;
2611 1699 2725 1742 tum
2747 1689 3005 1758 surgebat
3031 1694 3096 1744 ad
3127 1693 3416 1758 orandum,
3448 1694 3756 1762 iterumque
3785 1699 4012 1752 sedebat

2412 1792 2463 1835 et
2506 1783 2851 1835 contexebat.
2884 1781 2948 1835 Et
2981 1783 3128 1837 venit
3165 1785 3232 1837 ad
3285 1785 3434 1838 illum
3493 1801 3592 1839 vox
3649 1790 3838 1843 dicens
3872 1808 3884 1842 :
3922 1789 4008 1842 Ita

711 1863 1081 1930 consequendi
1118 1881 1375 1918 coronam
1430 1869 1669 1920 maximo
1705 1869 1973 1924 desiderio
2020 1871 2302 1939 ﬂagrabat.
2342 1856 2379 1908 Β
2414 1874 2516 1942 fur,
2549 1876 2774 1939 Antoni,
2821 1889 2866 1927 et
2913 1875 3166 1942 quiescas.
3223 1876 3432 1930 Exinde
3479 1887 3660 1932 autem
3712 1884 4015 1948 assumpsit

713 1951 958 2024 Eamque
981 1957 1051 2010 ob
1083 1972 1302 2012 causam
1338 1962 1670 2015 monasterio
1702 1962 1890 2018 relicto
1921 1967 2304 2023 Alexandriam

714 2048 1016 2109 contendit,
1046 2058 1101 2102 et
1143 2049 1212 2102 ibi
1247 2051 1426 2118 palam
1456 2052 1732 2108 Christum
1765 2065 1844 2109 est
1877 2058 2180 2122 confessus,
2212 2064 2306 2115 sed

716 2150 877 2189 nemo
919 2140 1090 2191 tenuit
1142 2140 1315 2194 illum.
1363 2140 1597 2198 Carcere
1641 2145 1885 2201 inclusos
1941 2165 2041 2216 pro
2088 2154 2307 2206 nomine

713 2227 914 2281 tiliristi
959 2230 1218 2286 solando:
1253 2233 1457 2287 adibat.
1503 2235 1636 2290 Cum
1684 2248 1864 2292 autem
1909 2242 2121 2295 videret
2171 2259 2308 2311 prte-

713 2320 911 2389 l'ectus,
958 2338 1121 2394 quam
1159 2341 1349 2394 parum
1402 2327 1504 2381 sibi
1542 2331 1757 2385 timeret
1790 2317 2056 2387 Antonius
2081 2376 2094 2397 ,
2140 2337 2310 2391 edixit

715 2421 773 2465 tit
811 2414 990 2468 nullus
1037 2419 1336 2472 monachus
1384 2421 1435 2474 in
1486 2421 1760 2489 publicum
1797 2427 2017 2491 prodire
2059 2429 2301 2484 auderet.

713 2502 784 2555 At
815 2504 903 2558 ille
931 2521 1064 2560 sese
1100 2508 1276 2576 palam
1320 2509 1369 2563 ei
1407 2509 1690 2576 offerebat,
1718 2526 1772 2566 et
1811 2515 2208 2583 alloquebatur,
2249 2531 2308 2575 ut

715 2598 859 2649 torte
905 2596 983 2649 ira
1027 2600 1305 2666 percitus.
1354 2603 1640 2656 tormentis
1681 2603 1829 2656 illum
1877 2607 2204 2676 subjiceret,
2254 2620 2308 2664 et

714 2688 796 2740 sic
826 2689 1074 2757 martyrii
1110 2705 1538 2759 consequeretur
1570 2693 1840 2761 lauream;
1887 2699 1980 2752 sed
2016 2716 2113 2753 nec
2145 2703 2307 2757 verbo

712 2778 931 2846 quidem
964 2780 1139 2834 virum
1176 2781 1264 2836 Dei
1306 2781 1527 2838 oﬂeudit
1559 2796 1651 2839 aut
1685 2788 1853 2853 hesit,
1898 2796 2024 2860 quia
2077 2796 2125 2848 in
2167 2797 2307 2849 mul-

713 2881 892 2923 torum
937 2872 1224 2927 utilitatem
1261 2875 1436 2944 ipsum
1473 2879 1612 2933 Deus
1654 2885 2014 2939 conservabat
2060 2906 2072 2940 :
2110 2903 2305 2955 quam-

710 2960 902 3014 obrem
933 2961 1112 3017 divina
1153 2965 1560 3035 dispensatione
1592 2984 1748 3024 suum
1792 2975 2007 3041 repetiit
2037 2989 2306 3033 nooasle-

714 3052 879 3107 rium.
912 3053 1316 3121 Indumentum,
1362 3073 1427 3112 ex
1471 3060 1592 3127 pilis
1625 3063 1806 3118 tunica
1844 3077 1981 3118 erat.
2018 3067 2152 3122 Toto
2185 3072 2306 3127 vita:

711 3143 891 3210 spatio
928 3160 1029 3200 nec
1059 3161 1199 3216 aqua
1239 3149 1456 3218 quidem
1504 3167 1706 3221 corpus
1745 3155 1892 3211 lavit.
1934 3158 2182 3217 Molestia
2218 3167 2306 3219 al-

716 3234 890 3288 lectus
924 3249 1145 3307 prepter
1175 3239 1540 3310 frequentiam
1577 3246 1790 3302 illorum
1824 3252 1914 3319 qui
1953 3269 2020 3308 eo
2057 3260 2300 3313 coullue-

712 3325 846 3380 bant
875 3329 942 3383 ad
980 3331 1299 3401 excipienda
1342 3336 1462 3404 ejus
1491 3339 1849 3408 documenta,
1894 3361 2168 3404 annuente
2205 3353 2306 3406 Do-

715 3419 863 3473 mino
889 3421 940 3474 in
973 3421 1245 3478 desertum
1278 3427 1506 3482 interius
1534 3446 1594 3486 se
1627 3435 1875 3490 contulit.
1909 3437 1987 3492 Eo
2019 3441 2302 3509 prolectus

711 3521 796 3565 est
830 3527 954 3566 cum
987 3511 1229 3570 Arabum
1271 3524 1628 3588 quorumdam
1672 3528 1932 3582 comitatu
1984 3532 2147 3598 trium
2192 3534 2303 3590 die—

714 3616 834 3655 rum
870 3603 1066 3658 itinere
1100 3622 1196 3675 per
1245 3610 1556 3678 desertum,
1610 3616 1785 3671 donec
1826 3619 2036 3675 invenit
2082 3638 2304 3692 aquam,

712 3706 761 3746 et
798 3695 868 3749 ibi
898 3699 1174 3766 constitit;
1215 3703 1424 3759 Arabes
1461 3720 1589 3761 vero
1631 3707 1932 3765 aﬂ'erebant
1973 3714 2047 3768 illi
2083 3731 2302 3784 pauent.

715 3784 1003 3855 Perplures
1046 3803 1204 3846 erant
1246 3808 1314 3848 eo
1353 3795 1406 3848 in
1445 3798 1662 3854 deserto
1708 3802 1920 3860 feroces
1967 3806 2115 3877 ferae,
2163 3826 2301 3880 quas

713 3878 832 3944 ejus
877 3882 1130 3948 precibus
1173 3884 1300 3941 inde
1346 3888 1552 3958 expulit
1600 3891 1773 3958 Deus,
1819 3911 1918 3952 nec
1967 3878 2200 3970 amplius
2252 3905 2304 3958 in

713 3971 844 4028 illud
903 3973 1178 4032 desertum
1243 3989 1371 4036 sunt
1438 3997 1684 4041 reversa.
1743 3987 2142 4049 Revertebatur
2187 3997 2304 4051 ali-

712 4066 932 4133 quando
955 4067 1023 4122 ad
1056 4072 1297 4128 exterius
1327 4079 1735 4142 monasterium,
1781 4093 1835 4137 et
1870 4085 2070 4141 fratres
2104 4090 2195 4158 qui
2232 4091 2302 4146 ibi

716 4157 1086 4228 morabantur,
1118 4163 1382 4219 iuvisebat
1409 4177 1464 4221 et
1491 4173 1902 4242 consolabatur;
1937 4188 2049 4232 tum
2080 4157 2309 4239 interius

716 4251 997 4318 repetebat
1043 4258 1454 4314 monasterium.
1501 4262 2020 4336 Constantinopolim
2061 4270 2127 4324 ad
2160 4275 2308 4327 Con-

715 4343 1015 4399 stantinum
1069 4344 1322 4416 Magnum
1389 4351 1770 4418 imperatorem
1819 4359 1936 4426 ejus
1999 4362 2174 4417 delata
2227 4373 2310 4420 est

716 4431 886 4499 fatua,
911 4437 1002 4505 qui
1036 4439 1254 4506 scripsit
1285 4442 1521 4498 Antonio
1546 4447 1829 4514 epistolam
1855 4468 1957 4521 qua
1989 4453 2134 4510 illum
2163 4472 2309 4512 corn-

2412 1971 2514 2022 silii
2579 1971 2822 2024 habitum
2881 1970 3028 2023 illum
3067 1973 3158 2040 qui
3212 1982 3293 2026 est
3353 1973 3574 2029 habitus
3631 1976 4008 2042 mouasticus,

2410 2073 2742 2127 Operatnque
2791 2061 2918 2113 item
2961 2060 3109 2112 dedit
3159 2061 3460 2128 palmarum
3515 2065 3875 2117 contexendi:
3925 2063 4012 2118 fo-

2412 2151 2517 2212 liis,
2548 2167 2645 2204 nec
2689 2151 2921 2220 amplius
2960 2152 3175 2204 taedium
3220 2168 3506 2220 perpessus
3537 2164 3642 2207 est.

2489 2244 2561 2296 De
2591 2242 2850 2297 Ecclesiae.
2884 2244 3190 2296 vastatione
3219 2258 3312 2311 per
3347 2244 3637 2300 htereticos
3673 2246 4014 2302 vaticinatus

2413 2346 2514 2397 εει,
2555 2335 2799 2401 itemque
2845 2335 2910 2388 de
2942 2332 3058 2399 ejus
3091 2335 3433 2388 restitutione
3475 2336 3526 2389 in
3563 2337 3855 2404 pristinum
3891 2349 4012 2393 sta-

2415 2437 2551 2479 tum.
2583 2425 2925 2480 Vaticinatus
2971 2441 3190 2495 quoque
3223 2437 3307 2482 est
3353 2429 3421 2483 de
3472 2431 3780 2494 monachis,
3814 2447 4011 2487 eorum

2412 2518 2758 2571 multitudine
2803 2527 2858 2571 et
2896 2528 3191 2586 augmento
3219 2559 3234 2580 ,
3282 2529 3338 2573 et
3372 2523 3644 2588 quomodo
3702 2524 3865 2578 urbes
3924 2527 4014 2580 in-

2413 2609 2710 2664 habitaturi
2739 2619 2918 2671 erant,
2952 2609 3156 2664 relictis
3183 2611 3439 2665 desertis.
3465 2611 3808 2670 Vaticinatus
3834 2616 4014 2672 etiam

2411 2714 2493 2759 est
2525 2703 2592 2757 de
2625 2703 3101 2758 consummatione
3137 2705 3343 2759 szeculi.
3373 2706 3492 2774 Ipse
3540 2706 3876 2762 Macltarimn
3910 2711 4011 2763 lia-

2415 2799 2526 2851 Iiitu
2571 2798 2746 2851 induit
2798 2799 3125 2864 monastico,
3156 2809 3212 2854 et
3236 2801 3575 2865 consolatus,
3607 2817 3727 2871 quas
3755 2803 3805 2856 ei
3837 2819 4014 2858 even-

2413 2901 2532 2944 tura
2575 2901 2733 2946 erant
2773 2891 3026 2961 praedixit
3063 2893 3187 2961 ipsi.
3233 2890 3521 2949 Profectus
3576 2898 3735 2949 etiam
3784 2899 3848 2950 ad
3890 2913 4018 2951 ma-

2411 3003 2574 3053 gnum
2625 2985 2843 3040 Patrem
2883 2985 2945 3040 B.
2991 2985 3253 3050 Paulum,
3290 2995 3343 3040 et
3383 3002 3570 3041 curam
3626 2989 3792 3058 gessit
3845 3004 4018 3057 sepe-

2413 3077 2572 3131 liendi
2607 3076 2724 3143 ejus
2766 3091 2988 3144 corpus,
3021 3079 3166 3146 quod
3204 3077 3490 3132 Athanasii
3540 3080 3758 3134 involvit
3814 3082 4014 3149 pallio.

2417 3171 2585 3222 Suum
2623 3170 2924 3225 discessum
2978 3173 3044 3225 ad
3099 3172 3343 3240 requiem
3399 3173 3606 3226 instare
3652 3173 4014 3229 animadver-

2413 3271 2535 3314 tetis
2562 3261 2856 3324 Antonius,
2905 3271 2965 3313 ut
2996 3276 3198 3328 corpus
3229 3277 3384 3316 suunt
3420 3264 3833 3328 absconderem,
3875 3264 4016 3319 ﬁliis

2410 3354 2523 3408 suis
2554 3355 2832 3422 praecepit.
2871 3351 3148 3406 Mandavit
3178 3354 3368 3414 etiam,
3399 3354 3649 3408 baculum
3691 3371 3844 3409 suum
3875 3357 4007 3410 dari

2412 3445 2709 3510 Machario,
2757 3457 2962 3500 vestem
3020 3446 3302 3516 pelliceam
3359 3446 3694 3509 Athanasio,
3735 3457 3789 3501 et
3837 3449 4021 3503 ὅθι-δε

2411 3538 2555 3606 pioui
2620 3538 2902 3607 pelliceam
2963 3537 3241 3592 melotam.
3297 3537 3455 3592 Hunni
3512 3540 3696 3607 itaque
3739 3548 4020 3594 extensus

2410 3631 2663 3701 Spiritum
2713 3630 2953 3693 tradidit,
3003 3640 3058 3684 et
3092 3630 3409 3700 angelorum
3457 3646 3521 3684 ac
3561 3641 3865 3684 sanctorum
3908 3631 4022 3684 ob-

2412 3726 2555 3780 viam
2603 3724 2730 3788 ivit,
2775 3740 2936 3792 quem
2987 3726 3052 3777 ad
3089 3725 3266 3778 locum
3321 3725 3526 3792 requiei
3564 3735 4017 3791 asportaveruut.

2409 3817 2625 3886 Corpus
2654 3833 2783 3871 vero
2830 3818 2974 3870 illius
3013 3817 3262 3885 discipuli
3292 3816 3715 3874 abscOndet-unt,
3750 3826 3808 3868 ut
3844 3832 4020 3871 mau-

2413 3909 2639 3963 daverat
2691 3909 2842 3976 ipsis,
2877 3910 3002 3981 quia
3036 3910 3427 3962 exsecrabatur
3466 3924 3582 3968 eos,
3633 3909 3721 3974 qui
3767 3924 4017 3976 corpora

2411 4007 2725 4053 sanctorum
2758 4008 2811 4052 et
2844 4009 3141 4068 martyrum
3173 4013 3237 4052 eo
3285 4001 3628 4066 exponebant
3680 3999 3892 4064 publice
3931 4002 4008 4053 ad

2411 4103 2605 4141 aurum
2655 4088 2984 4158 cogendum,
3027 4102 3092 4140 ac
3131 4098 3352 4154 prOpter
3402 4091 3576 4140 solum
3630 4088 3857 4147 luetutn,
3891 4102 4017 4144 non

2413 4189 2593 4233 autem
2629 4180 3054 4239 venerationem.
3093 4178 3234 4231 Vixit
3281 4178 3346 4231 ad
3401 4175 3697 4246 perfectam
3746 4187 4016 4232 senectu—

2414 4282 2545 4338 tem,
2579 4286 2679 4326 nec
2719 4272 3063 4326 immutatum
3099 4279 3182 4323 est
3227 4285 3426 4340 corpus
3457 4270 3598 4340 ejus,
3636 4286 3812 4339 neque
3851 4270 4017 4326 defe-

2415 4373 2609 4420 cerunt
2649 4364 2816 4426 vires,
2852 4377 2954 4418 nec
2991 4362 3183 4417 dentes
3219 4363 3562 4418 exciderunt.
3621 4361 3685 4416 Et
3726 4361 4017 4432 profectus

2416 4469 2498 4514 est
2533 4459 2598 4513 ad
2630 4456 2940 4520 Christum,
2987 4469 3146 4524 quem
3199 4455 3412 4508 dilexit.
3461 4454 3592 4524 Ejus
3641 4457 3922 4509 orationes
3957 4465 4015 4508 et

717 4527 1028 4594 meudabat,
1058 4542 1124 4583 ac
1156 4539 1212 4584 ut
1243 4547 1342 4600 pro
1380 4549 1441 4588 se
1485 4549 1669 4593 oraret
1710 4541 1906 4606 Deum,
1953 4547 2113 4601 enixe
2151 4563 2306 4619 roga-
2341 4541 2384 4595 Β
2413 4548 2820 4608 benedictiones
2852 4547 3131 4602 nobiscum
3162 4547 3295 4600 sint.
3328 4546 3521 4603 Amen.

715 4619 830 4676 bat.
865 4620 1089 4680 Litteris
1124 4624 1271 4696 regis
1322 4627 1490 4695 gavisi
1523 4639 1652 4680 sunt
1700 4631 1916 4701 fratres,
1952 4647 2005 4690 at
2049 4654 2154 4693 non
2188 4644 2304 4697 An-

1388 4877 1494 4938 Ea:
1540 4879 2010 4964 Martyrologio
2047 4891 2544 4971 Maronitarum,
2590 4899 2704 4959 sub
2737 4897 2834 4957 die
2863 4912 3002 4956 xvn
3034 4891 3358 4953 Januarii.

793 5009 908 5062 liae
961 5010 1049 5061 die
1107 5017 1558 5064 commemoratio
1634 5013 1945 5068 celebratur
2003 5019 2302 5077 beatissimi

717 5101 942 5157 Antonii
985 5099 1162 5170 Magni
1195 5099 1431 5154 abbatis.
1463 5101 1562 5156 llic
1606 5117 1807 5171 genere
1840 5105 2129 5177 Egyptius
2161 5125 2299 5180 erat,

714 5208 882 5265 quem
919 5193 987 5245 ab
1038 5193 1151 5261 ipsa
1202 5193 1436 5246 infantia
1480 5195 1533 5248 in
1583 5194 1893 5251 Christiana
1943 5202 2202 5271 religione
2240 5221 2303 5259 ac

719 5286 825 5341 tlde
865 5284 1184 5338 erudierunt
1217 5297 1494 5353 parentes.
1528 5285 1639 5340 Sub
1681 5288 2014 5345 Diocletiano
2043 5303 2097 5346 et
2128 5294 2300 5348 Maxi-

721 5378 904 5431 miano
950 5374 1162 5439 ﬂoruit,
1208 5385 1263 5429 et
1296 5388 1550 5445 protensa
1600 5389 1684 5433 est
1722 5379 1839 5447 ejus
1872 5391 2003 5434 astas
2047 5385 2112 5435 ad
2157 5383 2299 5438 Con-

719 5470 1024 5523 stantinum
1080 5467 1333 5538 Magnum
1395 5470 1860 5538 religiosissimum
1921 5474 2301 5543 imperatorem

717 5579 914 5632 usque.
955 5563 1186 5632 Operam
1237 5563 1384 5615 dedit
1434 5563 1680 5617 instituto
1725 5567 2024 5619 monastico
2068 5580 2130 5617 ac
2172 5566 2296 5618 vita:

720 5657 1025 5728 religiosae;
1061 5666 1379 5724 tantumque
1418 5657 1686 5724 praecessit
1716 5672 1902 5711 omnes
1939 5657 2093 5727 hujus
2138 5657 2294 5710 insti-

722 5749 842 5810 tuti,
880 5758 936 5800 ut
984 5749 1196 5802 cunctis
1247 5748 1528 5802 monachis
1580 5760 1832 5817 tauquam
1876 5749 2151 5816 exemplar
2183 5750 2303 5802 imi-

726 5838 945 5894 tandum
998 5849 1408 5908 proponetclur.
1458 5839 1606 5905 Quod
1659 5854 1782 5894 vero
1822 5840 1998 5906 nugis
2034 5841 2305 5894 admit-an-

2414 5027 2540 5081 dum
2578 5032 2692 5087 est,
2739 5023 2952 5076 tametsi
3005 5035 3109 5072 non
3158 5018 3396 5072 omnium
3433 5013 3642 5083 primus
3692 5016 4007 5070 institutum

2419 5119 2518 5171 hoc
2540 5114 2794 5183 angelica:
2819 5114 2941 5166 vita:
2975 5112 3088 5179 ipse
3116 5118 3264 5161 esset
3295 5121 3613 5176 aggressus;
3647 5107 3712 5158 ab
3744 5108 4008 5161 omnibus

2417 5216 2596 5256 tamen
2625 5213 2679 5254 ut
2714 5201 2918 5267 primus
2949 5200 3055 5251 dux
3085 5206 3138 5250 et
3169 5206 3359 5250 auctor
3386 5210 3600 5262 semper
3636 5194 3847 5247 habitus
3878 5209 3999 5256 est;

2413 5294 2556 5362 quod
2587 5291 2674 5345 ille
2702 5291 2849 5345 solus
2882 5290 2948 5341 ad
2980 5290 3094 5353 ejus
3123 5302 3348 5340 summa:
3393 5285 3744 5352 perfectionis
3780 5286 4002 5339 culmen

2412 5384 2780 5452 pervenisset,
2830 5391 2888 5432 ut
2947 5379 3182 5433 lideltum
3235 5377 3472 5430 omnium
3523 5391 3587 5428 ac
3652 5376 3997 5442 ubtgentintu

2409 5477 2611 5543 scripta
2675 5482 2942 5526 testantur
2992 5480 3044 5522 et
3085 5468 3411 5522 universalis
3459 5463 3703 5518 ali'ectus.
3758 5465 3885 5528 Ejus
3940 5465 4002 5518 in

2411 5581 2648 5635 przesens
2676 5565 2740 5616 ad
2775 5579 2933 5617 aures
2969 5561 3202 5616 lideliutn
3242 5572 3498 5614 enarrare
3530 5557 3779 5616 virtutes.
3806 5572 4002 5624 super-

2413 5658 2576 5711 llnutn
2625 5666 2800 5716 esset,
2851 5670 2973 5707 cum
3031 5667 3185 5706 nemo
3234 5666 3418 5702 earum
3474 5659 3541 5701 Sil
3590 5649 3831 5716 ignarus.
3887 5646 4003 5702 Hoc

2414 5761 2590 5800 tamen
2641 5763 2804 5800 unum
2861 5745 3075 5799 silentio
3141 5759 3244 5796 non
3295 5751 3376 5796 cst
3432 5739 3999 5809 platermittendum,

2412 5841 2552 5908 quod
2602 5841 2806 5894 scilicet
2843 5854 2962 5894 cum
2999 5837 3173 5892 adhuc
3209 5847 3349 5891 esset
3392 5837 3442 5889 in
3480 5846 3705 5904 corpore
3753 5831 3996 5897 mortali,
