4220 6316
215 375 313 433 961
1215 380 1276 439 5.
1317 381 1600 438 ANTONII
1645 382 1708 438 ll.
1755 384 2053 442 ABBATIS
2093 385 2466 445 SERMONES

3394 392 3505 444 963

217 497 344 550 vidit
373 496 728 553 ascensioncs
755 508 803 555 et
837 501 1038 570 gradus
1061 500 1390 566 animarum,
1423 517 1521 556 nec
1554 521 1661 556 non
1699 503 1809 556 dia-
1841 513 1884 569 Α
1915 517 2131 565 centum
2168 509 2304 562 vixit
2348 524 2543 574 annos,
2573 517 2624 563 et
2663 507 2915 579 migravit
2945 507 3012 562 ad
3047 506 3331 562 Dominam
3365 526 3381 564 :
3410 507 3500 566 cul

217 588 366 642 bolos
406 604 502 641 eas
547 591 934 660 illaqueantes;
963 595 1105 662 quod
1143 611 1250 649 non
1280 606 1364 652 est
1402 612 1678 666 corporea:
1712 613 1795 649 na.

217 688 350 732 Iura:
404 679 713 749 facultatis,
764 684 860 740 sed
920 683 1274 756 incorporeze.
1327 689 1578 758 Quinque
1642 703 1806 758 supra

1916 602 2105 673 gloria.
2135 606 2327 658 Amen.

1149 917 1399 994 VITA
1479 919 1556 992 S.
1644 914 2078 993 ANTONII
2168 909 2597 989 ABBATIS

1404 1056 1737 1112 AUCTORE
1779 1056 1838 1111 S.
1881 1055 2309 1110 ATHANASIO.

890 1167 1018 1223 Vide
1048 1170 1186 1224 inter
1227 1169 1400 1238 Opera
1435 1167 1495 1224 S.
1529 1169 1831 1234 Athanasii,
1865 1169 2084 1238 hujusce
2115 1170 2434 1241 Patrologta:
2468 1181 2594 1225 tam.
2627 1169 2843 1224 XXVI.

222 1295 3477 1326 mw

826 1401 949 1512 S.
1049 1402 1664 1515 ANTONII
1752 1399 2212 1514 MAGNI
2295 1403 2898 1514 ABBA'I‘IS

1273 1593 1664 1670 ORATIO
1719 1593 1842 1669 AD
1887 1595 2474 1674 MONACHOS.

745 1731 932 1786 Exstat
961 1732 1016 1786 in
1056 1729 1172 1785 Vita
1203 1727 1262 1785 S.
1297 1730 1517 1784 Antom’i
1553 1731 1710 1784 modo
1755 1739 2070 1794 memorata,
2104 1729 2132 1802 §
2170 1730 2236 1784 l6
2263 1748 2398 1802 sqq.,
2431 1741 2572 1785 torno
2606 1748 2765 1801 supra
2791 1734 2977 1790 citato.

213 1855 2308 1881 W

2311 1867 2577 1880 *ο*

881 2033 1001 2146 S.
1093 2031 1706 2148 ANTONll
1787 2034 1939 2145 M.
2028 2033 2639 2145 ABBATIS
2717 2013 2840 2090 (ω)

637 2253 870 2311 δεηΜο
913 2255 1002 2308 DE
1039 2253 1396 2309 VANITATE
1434 2252 1652 2308 MllNDl
1692 2253 1780 2308 ET
1822 2252 1910 2307 DE
1949 2252 2538 2311 RESURRECTIONE
2581 2255 3053 2317 MORTUORUM.

285 2543 328 2598 Ι.
349 2541 590 2615 Tempus
609 2542 941 2612 operationis
959 2541 1418 2605 est,dilectissimi
1444 2582 1460 2609 ,
1501 2542 1552 2596 in
1584 2558 1694 2612 quo
1741 2543 1808 2596 ad
1847 2551 1888 2606 Β
1917 2557 2258 2597 exercemus.
2289 2542 2517 2598 Divitias
2542 2544 2698 2600 nobis
2728 2545 2935 2609 tribuit,
2966 2555 3097 2601 utet
3129 2547 3274 2616 ipsas
3303 2549 3385 2602 his
3412 2552 3502 2619 qni

206 2643 476 2690 aternam
513 2635 801 2704 pervenire
833 2637 1104 2704 possimus
1138 2637 1331 2698 vitam,
1360 2644 1413 2688 et
1445 2635 1810 2688 incommuta-

207 2725 379 2782 bilem
422 2727 668 2796 gloriam.
725 2728 861 2783 Huic
908 2729 1054 2782 enim
1105 2729 1229 2782 vitae
1259 2727 1505 2783 succedit
1553 2735 1813 2792 mors,et

210 2819 544 2872 mundanam
607 2819 833 2889 gloriam
892 2819 1250 2888 apprehendit
1319 2819 1590 2872 confusio.
1656 2816 1808 2870 Mulli

205 2911 418 2982 quippe
447 2913 772 2980 potentium,
806 2922 935 2966 ante
966 2911 1290 2981 praeﬁnitum
1335 2920 1547 2978 tempus
1569 2949 1583 2973 ,
1613 2924 1808 2964 cauum

209 3018 369 3058 more
392 3004 445 3059 in
477 3002 748 3058 infernum
771 3003 976 3057 detrusi
1001 3013 1160 3065 sunt;
1188 3009 1242 3056 et
1265 3003 1480 3070 iudices
1507 3001 1574 3054 ab
1608 2999 1809 3054 inlimis

201 3093 440 3164 iudicati
473 3104 636 3159 sunt,
674 3104 728 3149 et
766 3094 962 3149 divites
1004 3103 1266 3163 eguerunt
1313 3094 1368 3146 in
1421 3101 1723 3162 posterum,
1755 3100 1811 3144 et

207 3189 490 3260 sapientes
539 3188 889 3243 nihilominus
930 3188 984 3241 in
1035 3187 1322 3242 stultitiam
1369 3185 1607 3240 devoluti
1650 3193 1803 3238 sunt.

206 3279 436 3340 Puteus.
466 3280 738 3334 invalidus
759 3279 988 3335 eﬂ‘eclus
1009 3291 1124 3345 est;
1153 3290 1206 3333 et
1227 3279 1318 3347 qui
1348 3276 1638 3331 incolumis
1666 3284 1806 3339 erat,

209 3367 526 3423 inﬁrmatus
551 3380 656 3422 est.
689 3368 790 3435 Qui
838 3367 1168 3431 exsultabat,
1200 3366 1530 3420 lamentatur
1571 3372 1625 3416 et
1658 3364 1812 3432 plan-

205 3459 327 3528 git;
363 3470 418 3513 et
445 3460 538 3528 qui
571 3461 937 3528 principatum
975 3459 1278 3524 obtinebat,
1306 3472 1370 3512 eo
1402 3458 1649 3526 privatus
1684 3465 1806 3520 est;

207 3547 463 3618 nihilque
492 3548 709 3604 firmum
741 3558 925 3603 manet
956 3564 1019 3604 ac
1043 3547 1258 3610 stabile,
1289 3548 1417 3617 quia
1452 3547 1577 3602 boni
1604 3545 1809 3614 aliquid

206 3656 321 3697 non
366 3643 634 3711 reperitur
664 3644 715 3695 in
752 3643 972 3696 mundo.
1018 3641 1139 3695 Filii
1171 3642 1386 3710 injuriis
1432 3651 1487 3694 et
1522 3650 1807 3695 contume-

204 3737 301 3793 liis
329 3752 457 3792 suos
490 3747 672 3806 patres
699 3735 972 3801 alliciunt;
1005 3745 1060 3790 et
1094 3745 1275 3805 patres
1300 3734 1550 3806 proprios
1582 3734 1812 3802 perhor-

202 3839 439 3883 rescunt
477 3828 637 3882 filios.
687 3827 956 3898 Coniuges
1002 3842 1131 3882 suos
1186 3828 1333 3880 viros
1400 3826 1716 3894 repudiant;
1757 3832 1812 3878 et

1917 2634 2158 2703 indigent
2193 2635 2600 2695 ministremus;
2637 2646 2693 2690 at
2725 2652 2822 2691 nos
2855 2639 2947 2707 qui
2991 2639 3209 2694 divitias
3259 2645 3507 2710 posside-

1915 2741 2058 2788 mus,
2099 2741 2366 2796 pauperes
2414 2743 2444 2780 e
2475 2729 2753 2784 contrario
2781 2730 3097 2798 spoliamus.
3135 2732 3505 2804 Principatum

1915 2821 2069 2872 nobis
2102 2829 2157 2873 et
2205 2830 2528 2888 potestatem
2564 2822 2790 2892 largitus
2822 2834 2927 2888 est,
2962 2836 3017 2877 ut
3050 2840 3146 2894 per
3177 2841 3295 2881 eam
3333 2828 3505 2895 possi-

1913 2927 2034 2965 mus
2083 2912 2202 2966 illos
2232 2913 2323 2982 qui
2368 2913 2683 2968 .violentiam
2738 2918 3027 2988 patiuntur_
3069 2917 3403 2986 defendere;
3453 2928 3510 2973 at

1914 3017 2013 3056 nos
2042 3013 2232 3057 contra
2266 3018 2372 3059 non
2405 3004 2775 3062 defensionem
2803 3009 3037 3072 miseris,
3066 3012 3161 3064 sed
3188 3011 3503 3066 violentiam

1914 3094 2086 3163 magis
2126 3095 2429 3150 inferimus.
2487 3095 2602 3151 Non
2637 3105 2721 3150 est
2770 3097 2862 3166 qui
2916 3113 3014 3166 per
3059 3101 3202 3172 viam
3263 3095 3507 3155 ambulet

1914 3199 2153 3249 rectam,
2207 3201 2384 3255 neque
2433 3188 2524 3256 qui
2567 3188 2773 3256 justum
2819 3189 3082 3256 iudicium
3117 3201 3370 3246 exerceat
3405 3204 3498 3245 aut

1912 3289 2189 3347 sequatur.
2214 3277 2446 3333 Refrixit
2469 3279 2710 3334 Charitas
2727 3282 2769 3342 ²,
2813 3290 2868 3334 et
2915 3282 3095 3334 odium
3128 3282 3512 3352 multiplieavit

1914 3368 2153 3422 fructum
2190 3383 2372 3423 suum.
2409 3368 2516 3424 Pro
2554 3370 2724 3424 nihilo
2755 3371 2988 3424 habetur
3013 3370 3183 3424 virtus
3213 3373 3419 3436 animi,
3453 3383 3508 3427 et

1912 3461 2188 3515 simulatio
2225 3463 2430 3530 passim
2478 3463 2650 3532 magis
2696 3463 2890 3532 placet.
2942 3461 2996 3516 In
3039 3465 3502 3527 abominationem

1912 3553 2059 3604 venit
2097 3553 2398 3616 humilitas,
2428 3563 2482 3605 et
2525 3553 2576 3605 in
2620 3553 2825 3606 honore
2853 3552 3095 3606 maximo
3127 3555 3356 3608 habetur
3392 3557 3504 3608 elu-

1915 3643 2081 3697 ttonis
2109 3644 2444 3710 arrogantia.
2477 3644 2688 3697 Abolita
2717 3655 2799 3698 est
2829 3633 3058 3709 veritas,
3085 3656 3137 3700 ct
3166 3647 3505 3701 mendacium

1914 3734 1968 3787 in
1995 3735 2156 3789 terris
2192 3736 2494 3804 praevaluit.
2538 3733 2583 3788 0
2625 3736 2851 3790 altitudo
2894 3737 3226 3801 divitiarum,
3260 3739 3503 3810 benigni-

1917 3826 2042 3879 tatis
2075 3837 2124 3879 et
2165 3827 2435 3894 patientia:
2467 3825 2564 3879 Dei
2593 3827 2644 3880 ἐ
2678 3829 2803 3896 quia
2845 3843 3006 3896 super
3038 3828 3123 3882 his
3155 3845 3275 3899 quae
3301 3845 3505 3897 gerun-

204 3920 316 3974 viri
343 3921 455 3975 suis
497 3919 816 3990 coniugibus
855 3919 1246 3974 conscientiam
1283 3918 1397 3988 (ll)
1430 3917 1655 3972 minime
1690 3933 1808 3972 ser-
1838 3894 1878 3952 C
1919 3927 2005 3970 tur
2037 3917 2216 3981 malis,
2251 3917 2636 3987 longanimiter
2665 3918 2863 3983 dill'erl,
2895 3931 2949 3975 et
2989 3935 3327 3991 nequaquam
3372 3925 3504 3978 uici

205 4021 368 4066 vant.
400 4011 656 4066 iuniores
687 4026 808 4065 cum
844 4011 1152 4067 senioribus
1196 4011 1433 4066 delirare
1465 4018 1801 4073 noscuntur;

201 4117 262 4162 et
295 4119 460 4161 senes
502 4119 623 4159 cum
650 4103 938 4172 iuvenibus
986 4103 1239 4159 lascivire
1291 4103 1653 4158 delectantur.
1687 4101 1804 4156 Non

199 4206 294 4253 cst
327 4197 382 4251 in
412 4196 591 4251 amico
624 4197 776 4263 ﬁdes,
801 4211 900 4251 nec
926 4197 978 4250 in
1009 4196 1228 4266 praprio
1257 4194 1426 4250 fratre
1453 4195 1802 4250 conﬁdentia.

200 4287 394 4344 llomo
428 4289 651 4357 pacitica
701 4303 798 4343 sua
834 4289 1073 4358 loquitur
1118 4289 1389 4356 proximo,
1422 4297 1475 4341 et
1520 4288 1574 4341 in
1604 4297 1809 4342 semet-

200 4379 333 4450 ipso
372 4379 508 4432 mala
542 4377 804 4432 adversus
839 4393 963 4433 eum
993 4380 1287 4446 exc0gitat.
1335 4378 1537 4432 Invidia
1568 4388 1622 4432 et
1652 4377 1805 4431 dolus

195 4469 365 4524 ontni
399 4483 522 4525 cum
553 4467 756 4521 malitia
795 4479 1114 4531 exercetur;
1149 4475 1206 4524 et
1244 4468 1540 4522 infidelitas
1588 4467 1802 4522 obtinet

200 4562 494 4614 universa.
546 4557 734 4613 Nullus
767 4559 963 4626 recipit
996 4559 1314 4612 memoriam
1351 4559 1476 4622 Dei,
1509 4573 1606 4612 nec
1651 4558 1803 4626 quis-

199 4667 383 4722 quam
433 4666 492 4705 se
532 4653 796 4706 rationem
843 4651 1182 4706 redditurum
1239 4651 1348 4704 Deo
1399 4661 1515 4720 post
1574 4661 1802 4703 mortem

195 4745 473 4799 restituat.
522 4744 587 4797 Et
637 4753 920 4812 propterea
967 4743 1395 4811 multiplicantur
1447 4744 1621 4807 mala,
1673 4757 1806 4809 quo-

198 4837 365 4892 niam
415 4837 784 4890 contemnitu‘r
832 4835 994 4889 Deus.
1035 4836 1371 4889 Intellectum
1412 4837 1568 4889 nobis
1617 4835 1808 4888 tribuit

196 4925 382 4990 Deus,
432 4935 490 4980 ut
533 4927 652 4995 eius
686 4927 902 4998 cognita
947 4927 1259 4988 voluntate,
1295 4929 1438 4995 quod
1490 4928 1690 4980 bonum
1725 4937 1802 4980 est

193 5035 546 5092 Operemur:
603 5035 704 5075 nos
760 5031 941 5076 autem
989 5030 1240 5089 percepta
1288 5020 1598 5089 cognitione
1645 5018 1802 5085 eius,

194 5113 358 5181 quod
397 5112 597 5165 malum
645 5121 729 5166 est
782 5128 1092 5181 operantur.
1130 5111 1396 5170 Virtutem
1427 5111 1594 5165 etiam
1647 5113 1804 5164 nobis

193 5203 471 5265 cantulit,
502 5217 608 5272 qua
639 5205 911 5268 possimus
952 5205 1096 5273 quod
1129 5211 1342 5272 asciuum
1392 5212 1445 5256 et
1479 5211 1685 5256 rectum
1723 5213 1806 5256 est

1916 4010 2109 4065 scitur.
2142 4010 2260 4065 Non
2307 4012 2460 4080 quasi
2501 4026 2565 4065 eo
2600 4013 2746 4080 quod
2794 4024 3024 4082 nequeat
3075 4015 3260 4069 statim
3305 4005 3506 4070 inferre

1915 4101 2236 4164 vindictam,
2271 4115 2424 4154 suam
2451 4101 2877 4171 indignationem
2910 4113 3196 4174 temperat,
3231 4109 3325 4162 sed
3351 4111 3501 4176 quasi

1914 4193 2037 4262 pius
2071 4203 2226 4258 pater
2277 4192 2575 4247 clementer
2609 4194 2766 4248 nobis
2807 4195 3103 4251 condolens
3144 4212 3295 4251 suam
3336 4202 3502 4254 mise-

1916 4285 2206 4338 ricordiam
2237 4285 2551 4353 prtetendit,
2583 4295 2641 4339 ut
2676 4287 2759 4340 vel
2791 4301 2915 4340 sero
2946 4291 3251 4357 compuneti
3287 4291 3352 4344 ad
3384 4308 3502 4350 nm-

1916 4374 2202 4428 nitentiam
2236 4386 2645 4438 convertamur,
2680 4389 2734 4429 et
2773 4376 3052 4432 immensa:
3098 4379 3360 4435 bonitatis
3385 4384 3503 4450 eius

1915 4465 2345 4520 misericordiam
2392 4481 2810 4535 consequamur.
2863 4466 2979 4521 Non
3026 4470 3169 4524 enim
3201 4472 3315 4525 vult
3363 4473 3503 4530 Deus

1916 4565 2146 4610 mortem
2182 4559 2502 4626 peccatoris,
2547 4559 2640 4612 sed
2674 4560 3076 4626 paenitentiam.
3124 4562 3254 4627 Quae
3281 4573 3366 4618 est
3400 4581 3498 4618 au-

1917 4657 2024 4702 tem
2058 4659 2242 4702 nostra
2276 4649 2470 4715 virtus,
2506 4650 2648 4718 quod
2686 4651 3100 4708 divinae-Nirtuti
3137 4631 3507 4711 resistendum

1916 4741 2210 4809 putamus?
2243 4741 2415 4796 Flavit
2455 4743 2507 4794 in
2541 4758 2639 4796 nos
2672 4752 2881 4806 ventus,
2923 4753 2978 4797 et
3006 4746 3233 4801 arefacti
3272 4761 3496 4815 sumus,

1915 4844 1968 4886 et
2005 4843 2299 4902 tempestas
2338 4834 2494 4903 quasi
2528 4835 2861 4903 phryganum
2899 4835 3012 4907 (12)
3049 4852 3113 4892 ac
3159 4851 3497 4894 sarmentum

1915 4938 2008 4977 seu
2042 4924 2292 4994 stipulam
2345 4927 2596 4993 dispersit
2650 4941 2768 4979 nos.
2817 4924 3017 4996 thuid
3062 4945 3190 4997 ergo
3231 4932 3499 5000 gloriatur

1917 5026 2061 5069 terra
2118 5027 2172 5071 et
2225 5018 2408 5072 cinis?
2459 5034 2583 5071 cum
2638 5018 2901 5086 scriptum
2940 5021 3011 5074 sit
3058 5043 3068 5077 :
3112 5020 3235 5075 Vidi
3277 5025 3518 5092 impium,

1913 5106 2382 5173 super-exaltatum,
2420 5119 2466 5159 et
2500 5107 2754 5166 eleuatum
2794 5108 2924 5161 sicut
2966 5113 3148 5164 cedro;
3181 5109 3406 5176 Libani,
3446 5123 3496 5166 et

1917 5202 2157 5266 transivi,
2193 5213 2240 5254 et
2289 5216 2402 5252 ecce
2436 5217 2540 5252 non
2580 5211 2721 5266 erat,
2754 5211 2800 5253 et
2852 5202 3066 5268 qutvst'vi
3109 5218 3225 5254 eum
3250 5243 3262 5265 ,
3293 5213 3342 5256 et
3395 5223 3496 5258 mm

195 5295 519 5367 perﬁcere,
564 5303 618 5349 et
669 5310 768 5350 nos
819 5311 917 5364 per
972 5297 1174 5365 ipsam,
1227 5297 1404 5365 potius
1464 5295 1805 5364 iniquitatem
1841 5275 1884 5329 D
1914 5307 1984 5344 est
2027 5292 2267 5344 inventus
2298 5292 2441 5344 locus
2473 5292 2586 5361 ejus
2617 5295 2660 5349 ⁸.

285 5431 310 5461 ⁸
345 5430 538 5493 Matth.
567 5428 823 5493 xx1v,12.
886 5427 906 5458 ³
944 5425 1100 5480 Rom.
1133 5443 1208 5494 ιι,
1246 5427 1337 5481 55.
1376 5427 1395 5458 ⁸
1427 5427 1570 5480 Psal.
1604 5441 1791 5487 xxxvi,
1816 5425 1903 5480 35.

270 5569 401 5644 (10)
450 5569 528 5623 Ex
572 5566 949 5644 antiquojldi
1003 5564 1370 5644 Manut‘ii-msn.
1416 5565 1612 5644 Latino
1655 5566 1797 5644 l‘t'lllic

193 5633 524 5700 Befttlétretn
589 5633 755 5692 edidit
801 5636 1090 5705 Moguntitn
1140 5636 1278 5705 lGO-l»
1331 5635 1607 5705 Gerardus
1660 5633 1798 5687 Vos-

195 5714 324 5768 sius
363 5709 684 5778 pra-positus
708 5703 1039 5778 Ttingretisis
1077 5704 1387 5778 itIAMt'scell.
1417 5705 1516 5757 SS.
1556 5703 1796 5778 Patrum,

191 5773 449 5855 Oppfs.
481 5773 732 5847 Gregorii
763 5773 1148 5846 Tlt‘aumaturgi
1185 5775 1468 5844 subjectis,
1504 5790 1622 5844 pag.
1661 5773 1784 5829 l28.

1984 5564 2092 5632 (ll)
2130 5562 2512 5618 Conscientiam
2526 5605 2537 5618 .
2573 5564 2778 5618 Fidem.

1982 5635 2090 5701 (l2)
2132 5633 2470 5704 Pliryganum
2497 5676 2516 5705 ,ν
2539 5635 2842 5704 Φρύγανον.
2874 5635 3168 5694 Crcntiunt.
3201 5636 3495 5705 virgultum

1917 5706 2127 5758 aridum
2154 5716 2204 5758 et
2233 5716 2473 5759 cretnnlu
2503 5704 2682 5760 fuerit}.
