4220 6316
711 319 819 378 963

1816 318 2093 377 PATRES
2133 316 2435 395 .ecrprn
2477 319 2751 377 secum
2787 320 2877 377 tv.

3908 323 4023 384 96$

784 432 847 486 ll.
887 430 965 487 Ne
1005 433 1172 503 igitur
1211 434 1293 489 sic
1328 408 1684 503 arbitremur,
1736 421 1902 505 quasi
1939 448 2059 503 post
2099 438 2305 490 obitum
2338 447 2381 502 Α
2412 439 2599 507 pravis
2643 437 2903 504 operibus
2948 436 3394 491 condemnemur.
3449 435 3586 491 Nam
3648 438 3699 492 in
3755 440 4021 509 operibus

712 524 847 578 nihil
871 523 1035 578 futuri
1073 527 1243 581 simus
1265 566 1279 588 ,
1308 539 1361 581 et
1390 537 1510 597 post
1541 538 1867 597 praesentem
1903 528 2068 583 vitam
2101 530 2305 584 nullum

717 618 953 673 futurum
994 619 1067 674 sit
1098 619 1389 687 judicium.
1448 621 1567 675 Erit
1604 623 1748 676 enim
1809 626 2137 678 resurrectio
2185 634 2308 694 post

713 719 941 765 mortem
968 752 983 777 ,
1032 721 1088 765 et
1111 713 1390 782 judicandi
1422 717 1631 772 erimus
1653 733 1680 769 a
1713 716 1846 777 Deo.
1876 717 1967 787 qui
2000 718 2310 773 redditurus

712 811 796 854 est
829 802 1125 872 unicuique
1160 806 1462 861 secundum
1496 823 1661 878 opera
1689 824 1808 864 sua.
1841 806 1920 863 Ne
1950 825 2082 879 ergo
2114 826 2310 864 erran-

715 905 820 959 tes,
863 906 1080 951 nosmet
1121 897 1267 967 ipsos
1299 899 1657 970 dccipiamus,
1689 910 1743 956 et
1777 902 1828 956 iu
1860 902 1966 956 hac
1998 904 2106 956 vita
2139 904 2249 959 inst
2271 921 2312 958 ιι·

710 988 1169 1045 irrationabilium
1203 995 1467 1062 pecudum
1502 1009 1915 1050 eonversemur.
1952 994 2085 1048 Nam
2121 997 2165 1050 si
2203 1012 2309 1049 non

708 1090 795 1135 est
822 1083 1190 1149 resurrectio,
1230 1102 1406 1155 neque
1459 1102 1627 1140 mors.
1659 1086 1718 1141 Si
1759 1097 1940 1141 autem
1987 1081 2313 1142 resurrectio

707 1173 847 1241 erit,
883 1175 1072 1246 utique
1118 1186 1172 1231 et
1210 1177 1498 1247 judicium.
1549 1178 1651 1246 Qui
1704 1180 1850 1233 enim
1887 1182 2081 1234 statuit
2115 1182 2307 1235 mortis

707 1268 1057 1335 sententiam,
1101 1270 1217 1340 ipse
1251 1272 1613 1327 comminatus
1640 1282 1722 1329 est
1761 1274 1927 1329 etiam
1951 1275 2213 1339 judicium
2266 1276 2309 1328 '.

708 1358 767 1413 Si
798 1352 980 1417 iu'hoc
1009 1376 1175 1416 verax
1204 1373 1313 1430 εει,
1347 1378 1448 1418 nec
1481 1363 1536 1417 in
1569 1364 1658 1419 illo
1688 1376 1866 1434 potest
1894 1368 2125 1420 mendax
2160 1368 2307 1421 exsi-

707 1464 879 1509 stere.
932 1454 1073 1521 Quid
1120 1456 1266 1510 enim
1319 1455 1535 1512 facilius
1583 1470 1765 1528 potest
1812 1460 1975 1513 homo
2013 1459 2311 1528 perﬁcere;

710 1557 976 1602 vetustam
1005 1549 1228 1603 domum
1263 1550 1547 1606 destruere
1572 1592 1587 1616 ,
1630 1563 1684 1606 et
1715 1567 1781 1606 ex
1822 1553 1957 1622 ipsis
1984 1553 2316 1628 reaediﬁcare

708 1639 1040 1710 impendiis;
1078 1654 1144 1697 an
1176 1641 1339 1697 aliam
1372 1657 1439 1697 ex
1470 1644 1679 1716 integro
1729 1661 1925 1700 novam
1955 1659 2310 1711 construere,

709 1733 797 1785 ubi
849 1733 980 1786 nihil
1013 1734 1209 1803 prioris
1242 1734 1404 1790 fuerit
1442 1737 1697 1792 aediﬁcii?
1728 1738 1898 1808 Igitur
1924 1739 1968 1792 si
2015 1749 2214 1793 terram
2246 1754 2313 1793 ex

707 1841 813 1894 qua
847 1824 1009 1879 homo
1044 1825 1222 1879 factus
1252 1836 1367 1893 est,
1396 1830 1602 1882 creavit
1626 1845 1692 1883 ex
1724 1805 1926 1895 nihilo,
1958 1840 2164 1900 quanto
2195 1847 2314 1885 ma-
2350 1805 2393 1859 Β

707 1917 792 1985 gis
844 1916 1120 1970 hominem
1170 1933 1235 1973 ex
1289 1922 1515 1975 materia
1557 1921 1888 1977 subsistente
1931 1931 2205 1987 erectum,
2259 1934 2315 1977 et

709 2025 740 2062 ιι
798 2019 975 2063 morte
1017 2022 1370 2081 corruptum,
1430 2029 1496 2068 ex
1544 2014 1789 2083 ejusdem
1844 2025 2002 2069 terra:
2055 2026 2312 2071 manente

708 2102 1013 2156 substantia
1042 2144 1057 2169 ,
1104 2103 1319 2159 facilius
1358 2105 1537 2160 denuo
1572 2106 1773 2175 poterit
1806 2106 2154 2161 reformare?
2193 2107 2308 2162 Non

708 2194 856 2249 enim
888 2208 1011 2248 cum
1038 2194 1227 2250 labore
1248 2209 1514 2263 operatur
1541 2198 1705 2252 Deus.
1741 2198 1937 2253 Sermo
1966 2209 2149 2253 autem
2189 2199 2303 2265 Dei,

708 2301 848 2354 opus
883 2296 969 2342 est
1001 2286 1153 2354 ejus;
1188 2299 1243 2343 et
1275 2290 1587 2357 consilium,
1622 2306 1808 2345 sermo
1840 2292 2010 2361 ipsius
2037 2302 2139 2347 est.
2182 2281 2308 2349 Uti-

707 2394 815 2449 que
855 2379 997 2434 sicut
1032 2380 1222 2443 voluit,
1295 2381 1477 2443 Dixit,
1524 2393 1571 2435 et
1617 2384 1758 2451 facta
1801 2394 1923 2437 sunt
1955 2385 1995 2439 ⁸.
2044 2384 2316 2450 Quemad-

709 2470 929 2525 modum
966 2471 1233 2541 scriptum
1279 2483 1359 2527 εει
1390 2491 1403 2527 :
1448 2470 1549 2538 Qui
1592 2484 1738 2527 vocnt
1773 2490 1833 2528 ea
1868 2491 1986 2540 qua:
2026 2492 2128 2528 non
2159 2486 2301 2542 sunt,

707 2570 963 2632 tauquam
1004 2578 1066 2616 ea
1109 2579 1229 2633 qua
1271 2574 1393 2617 sunt
1428 2565 1471 2616 ".
1520 2563 1654 2619 Nam
1695 2567 1837 2619 sicut
1886 2567 2060 2620 virtus
2116 2567 2207 2621 Dei
2258 2576 2313 2621 et

710 2653 955 2721 potentia
1001 2652 1121 2723 ejus
1152 2656 1723 2725 incomprehensibilis
1758 2666 1879 2711 est:
1923 2659 1991 2711 ita
2031 2669 2086 2713 et
2113 2674 2313 2726 opera-

712 2744 895 2800 tioues
938 2744 1079 2813 ejus.
1118 2745 1185 2800 Et
1233 2748 1375 2806 sicut
1422 2748 1688 2815 sapientia
1720 2750 1841 2816 ejus
1882 2750 2148 2806 immensa
2178 2761 2262 2805 est
2295 2770 2309 2805 :

700 2834 786 2889 'ita
818 2845 881 2888 et!
924 2837 1021 2888 via:
1072 2834 1189 2905 ejus
1238 2838 1623 2906 iuvestigubiles
1650 2838 1695 2892 ".
1741 2838 1817 2894 Ne
1861 2855 1991 2909 ergo
2048 2841 2313 2895 increduli

711 2942 1134 2990 remaneamus,
1181 2931 1307 2998 quia
1353 2942 1547 2999 potens
1589 2942 1673 2987 est
1721 2935 1867 2989 Deus
1928 2932 2110 2989 facere
2171 2934 2315 3003 quod

713 3018 1000 3089 promisit,
1042 3029 1097 3073 ιιι
1139 3035 1208 3074 ιιε
1242 3036 1341 3091 pro
1373 3022 1755 3080 incredulitate
1799 3025 1971 3094 magis
2010 3042 2173 3095 quam
2217 3040 2314 3095 pro

776 3140 799 3171 ³
850 3134 1014 3191 ιιοιπ.
1051 3151 1126 3202 ιι,
1163 3135 1255 3191 27.

718 3205 764 3239 “
807 3206 963 3264 liotn.
1001 3222 1113 3270 xw,
1153 3204 1245 3261 20.

1334 3136 1519 3195 'Psal.
1552 3156 1724 3208 xxx",
1762 3140 1816 3196 9.
1864 3137 1884 3169 '
1924 3141 2080 3196 Rom.
2117 3141 2286 3209 tv,l.7.
2363 3142 2385 3173 ⁸
2410 3141 2569 3197 Rom.
2603 3158 2678 3205 χι.
2715 3142 2805 3198 33.

2412 528 2768 598 delinquere,
2812 528 3153 584 inﬁrmitatis
3196 529 3459 584 indicium
3504 538 3619 596 est;
3670 532 4017 607 incredulum

2413 635 2544 674 vero
2565 636 2707 682 esse,
2737 620 3023 675 audaciam
3056 622 3385 677 temeritatis
3408 622 3704 692 signiﬁcat.
3734 623 3775 677 γ
3800 640 3837 677 x
3868 626 4016 678 enim

2417 712 2589 766 audax
2643 723 2699 767 et
2746 714 3073 769 temerarius
3112 714 3278 767 ullum
3336 715 3538 769 bonum
3589 731 3727 785 opus
3776 717 4017 786 perﬁcit.

2418 801 2560 872 Ergo
2611 806 2739 858 dum
2785 813 2999 872 tempus
3047 804 3341 871 habemus,
3391 822 3679 877 parcamus
3724 811 4021 863 nobismet-

2419 898 2585 967 ipsis,
2632 910 2686 952 et
2736 900 3091 968 propitienms
3137 898 3305 952 Deum
3344 915 3440 968 pro
3484 902 3721 970 peccatis
3778 903 4015 965 uosnis,

2417 1004 2488 1045 ne
2530 990 2772 1058 quando,
2803 990 2979 1060 ligatis
3017 991 3261 1045 manibus
3286 1000 3333 1045 et
3361 995 3581 1057 pedibus
3602 1032 3618 1059 ,
3648 994 3701 1046 in
3730 995 4018 1047 exteriores

2417 1088 2655 1137 tenebras
2710 1084 2902 1153 projici
2942 1082 3257 1151 jubeamur,
3308 1083 3398 1137 ubi
3440 1095 3513 1138 est
3550 1087 3703 1154 ﬂetus
3731 1098 3779 1140 et
3819 1088 4019 1141 stridor

2417 1175 2650 1228 dentium
2682 1175 2724 1228 ’.
2770 1176 2910 1242 Quid
2954 1184 3137 1230 autem
3190 1174 3347 1230 ﬁctus
3384 1178 3588 1232 indicat
3636 1190 3689 1232 et
3725 1178 4017 1246 planctus.

2420 1270 2522 1323 nisi
2554 1270 2859 1324 crudelium
2888 1279 2943 1325 et
2979 1272 3323 1327 horribilium
3356 1272 3752 1341 suppliciorum
3785 1274 4018 1327 immen-

2419 1354 2649 1409 sitates?
2678 1356 2741 1409 Et
2768 1359 2897 1425 quid
2921 1360 3196 1429 signiﬁcat
3219 1361 3425 1415 stridor
3448 1360 3716 1424 dentium,
3749 1362 3854 1415 nisi
3883 1364 4011 1431 quia

2419 1464 2517 1517 pro
2541 1450 2730 1503 iisdem
2758 1454 3022 1519 peccatis,
3048 1453 3219 1522 major
3240 1454 3345 1508 erit
3370 1455 3710 1523 postmodum
3734 1455 4021 1523 paenitudo

2421 1541 2729 1595 malorum?
2771 1541 2925 1597 Tunc
2954 1545 3097 1597 enim
3139 1546 3483 1612 certissime,
3528 1556 3658 1601 tunc
3689 1547 4021 1616 incipiemus

2420 1638 2709 1692 adversum
2746 1640 3112 1708 nosmetipsos
3153 1640 3539 1712 indignantes,
3598 1656 3720 1694 cum
3778 1642 4019 1695 stridore

2421 1731 2660 1785 dentium
2716 1734 3022 1801 poenitere,
3064 1733 3285 1803 quando
3326 1733 3505 1788 nullus
3552 1734 3809 1789 utilitatis
3843 1734 4021 1797 locus,

2422 1838 2522 1877 nec
2565 1836 2778 1893 tempus
2823 1824 3101 1893 supererit
3152 1826 3509 1894 pmniteutiaa.
3546 1826 3682 1881 Cum
3720 1841 3857 1897 ergo
3895 1842 4023 1895 pos-

2421 1928 2611 1967 sumus
2646 1915 2700 1967 iu
2747 1915 2850 1970 hoc
2896 1915 3046 1970 brevi
3084 1923 3333 1985 tempore
3360 1916 3641 1970 deservire
3674 1914 3823 1979 Deo,
3861 1925 3917 1967 et
3955 1913 4021 1966 l'r-

2421 2006 2600 2062 berari
2635 2025 2662 2062 a
2712 2009 2960 2078 gehenna
3008 2018 3063 2063 et
3109 2007 3449 2067 cruciatibus
3489 2006 3882 2075 sempiternis,
3926 2020 4024 2060 cur

2420 2100 2767 2171 negligimus,
2800 2112 2855 2155 et
2889 2102 3249 2169 despicientes
3283 2110 3553 2170 praecepta
3587 2099 3701 2160 Dei,
3741 2100 4019 2152 servimus

2426 2193 2662 2263 prbpriis
2691 2193 3086 2261 voluptatibus,
3120 2202 3181 2247 ut
3209 2191 3508 2247 efﬁciamur
3531 2190 3755 2246 obnoxii
3788 2192 4021 2243 irreme-

2422 2284 2606 2338 diahili
2638 2283 2856 2352 poenae?
2888 2284 3030 2338 Deus
3076 2294 3257 2337 autem
3306 2292 3511 2347 noster,
3541 2283 3630 2351 qui
3666 2293 3752 2335 est
3790 2293 4021 2351 magnus

2423 2387 2480 2431 et
2533 2387 2748 2430 amator
2799 2376 3110 2441 hominum,
3156 2375 3297 2429 diues
3348 2376 3403 2427 in
3450 2373 3820 2427 misericordia
3848 2372 3918 2437 ¹⁶,
3971 2379 4020 2425 ει

2423 2478 2619 2537 potens
2664 2468 2716 2521 in
2749 2468 3008 2537 operibus
3043 2468 3159 2521 suis
3188 2482 3205 2521 :
3239 2467 3355 2537 ipse
3391 2464 3610 2533 adjuvet
3641 2463 4022 2518 inﬁrmitatem

2424 2574 2703 2627 nostram,
2763 2571 3052 2616 conterens
3086 2559 3345 2615 Satanam
3395 2559 3496 2611 sub
3545 2556 3778 2626 pedibus
3830 2556 4023 2611 nostris

2423 2654 2684 2709 velociter
2723 2654 2789 2719 “,
2824 2664 2879 2707 et
2921 2655 3012 2708 det
3047 2655 3303 2709 virtutem
3343 2651 3537 2717 nobis,
3579 2661 3636 2705 et
3680 2650 4023 2704 intellectqu

2421 2747 2628 2802 tribuat
2659 2746 2984 2817 spiritalem,
3015 2754 3074 2800 ut
3100 2746 3154 2800 in
3187 2746 3290 2800 hoc
3311 2743 3457 2814 quod
3482 2752 3733 2813 superest
3755 2754 4027 2811 tempore,

2424 2837 2477 2892 in
2525 2837 2757 2893 veritate
2808 2837 2856 2892 ei
2911 2845 2966 2892 et
3016 2835 3249 2890 ﬁdeliter
3286 2834 3627 2898 servientes,
3678 2830 4030 2887 inveniamus

2423 2929 2653 2999 gratiam
2684 2928 2826 2998 apud
2852 2929 3049 2997 Deum,
3083 2927 3138 2983 in
3170 2927 3259 2983 illa
3289 2925 3521 2981 terribili
3544 2924 3634 2979 die
3656 2923 3853 2992 judicii
3886 2923 4026 2989 ejus.

2422 3024 2619 3077 Amen.

2881 3139 2903 3171 ’
2924 3138 3113 3194 Matth.
3140 3154 3259 3205 xm,
3292 3139 3387 3205 24,
3408 3138 3501 3195 25.
3583 3138 3629 3170 '°
3647 3137 3850 3208 Ephes.
3880 3153 3942 3206 ιι,
3974 3138 4029 3191 ι.

1382 3526 1918 3641 SANCTI
1997 3528 2599 3643 ANTONII
2685 3528 3306 3642 ABBATIS

2068 3746 2324 3803 PATRIS
2361 3744 2646 3811 NOSTIH,

1094 3919 1635 4002 SEBMONES
1697 3920 1830 3997 XX
1887 3920 2021 3997 AD
2098 3918 2451 3996 FILIOS
2513 3916 2770 3996 SUOS
2850 3917 3412 3999 MONACHOS
3491 3905 3633 3996 (¹⁵).

1314 4205 1501 4246 διεστιο
1540 4207 1727 4249 PRIMA.

1106 4279 1179 4335 De
1207 4280 1314 4351 ﬁde
1354 4282 1408 4336 in
1446 4281 1657 4338 Christo
1690 4283 1939 4345 Domino.

789 4374 934 4428 Ante
966 4372 1179 4437 omnia,
1208 4372 1434 4438 fratres,
1470 4375 1759 4431 credamus
1791 4376 1845 4429 in
1886 4375 2179 4436 Dominum
2225 4392 2321 4431 no-

719 4476 896 4521 strum
924 4463 1113 4520 Jesum
1138 4466 1443 4537 Christum,
1474 4469 1719 4526 colamus
1754 4470 1927 4535 illum,
1953 4484 2163 4542 nosque
2194 4473 2321 4528 sub-

723 4556 1008 4611 mittamus
1050 4557 1172 4627 ipsi,
1219 4568 1273 4612 et
1319 4558 1437 4627 ejus
1470 4558 1739 4615 faciamus
1777 4561 2110 4617 voluntatem
2168 4563 2318 4617 onmi

724 4660 971 4719 tempore
1020 4665 1085 4703 ac
1120 4663 1435 4715 .notneuto;
1472 4665 1571 4707 nec
1609 4654 1661 4707 in
1704 4652 1871 4706 alium
1910 4655 2076 4709 Deum
2120 4668 2323 4725 praeter

726 4740 906 4811 ipsum
942 4743 1253 4811 credamus,
1282 4748 1541 4814 quoniam
1570 4753 1654 4801 est
1682 4741 1823 4801 Deus
1851 4762 2103 4818 magnus,
2145 4748 2323 4809 Domi:

726 4850 831 4891 nus
864 4834 1286 4890 dominantium.
1330 4836 1728 4895 Benedicamus
1761 4854 1885 4893 eum
1924 4839 1978 4893 in
2006 4838 2219 4908 justitia
2269 4851 2324 4894 et

725 4927 994 4990 veritate,
1030 4934 1086 4981 et
1137 4927 1270 4987 nulli
1300 4938 1677 4984 creaturarum
1731 4930 2103 4987 assimilemus
2147 4932 2321 4997 illum,

731 5034 910 5088 neque
940 5019 1007 5073 iis
1035 5034 1155 5089 qua!
1185 5031 1313 5075 sunt
1350 5021 1404 5074 in
1433 5021 1590 5077 cmlis
1619 5037 1860 5087 sursum,
1891 5037 2068 5091 neque
2094 5025 2145 5077 in
2177 5035 2321 5077 terra

728 5110 1023 5176 deorsum,
1075 5112 1199 5181 quia
1242 5112 1426 5167 omnia
1474 5113 1589 5168 haec
1629 5129 1725 5183 per
1773 5115 1950 5184 ipsum
1995 5114 2133 5170 facta
2176 5124 2322 5179 sunt,

726 5213 783 5256 ct
809 5201 924 5270 ipse
953 5213 1036 5257 est
1059 5213 1186 5258 ante
1217 5205 1422 5271 omnia,
1449 5220 1512 5259 ac
1538 5205 1590 5259 in
1619 5215 1885 5259 internum
1909 5220 2322 5275 pcrmansnrus,

730 5291 1051 5361 nullumque
1081 5295 1303 5350 habebit
1345 5298 1527 5350 ﬁnem.
1561 5294 1923 5361 Quamobrem
1958 5297 2009 5350 in
2055 5313 2177 5367 eum
2207 5313 2327 5352 crc-

730 5383 925 5437 damus
945 5392 1002 5437 et
1030 5384 1276 5438 colamus
1298 5384 1469 5452 illum,
1498 5397 1558 5441 ut
1581 5402 1703 5441 cum
1732 5387 1824 5441 illo
1848 5402 2137 5455 regnemus
2164 5400 2329 5458 atque

732 5475 902 5527 simus
928 5474 979 5528 in
1003 5484 1268 5531 aeternum
1294 5476 1413 5545 ejus
1450 5475 1693 5533 fruentes
1724 5479 1881 5534 bonis
1902 5521 1916 5546 ,
1941 5481 2068 5549 quia
2098 5491 2183 5535 est
2211 5480 2327 5533 Rex

807 5630 853 5663 “
876 5628 993 5686 Jac.
1026 5646 1088 5696 ιι,
1118 5631 1210 5699 εο,
1239 5631 1329 5687 26.
1411 5633 1454 5665 ⁸³
1482 5633 1622 5688 Psai.
1653 5638 1777 5701 txv,
1812 5636 1898 5690 10.

2350 4204 2394 4260 ο
2428 4207 2639 4263 regum,
2673 4200 2727 4245 et
2759 4192 2944 4245 omnia
2978 4206 3146 4262 regna
3176 4193 3245 4247 ab
3278 4207 3343 4248 eo
3373 4204 3522 4253 sunt.
3559 4192 3863 4253 Credamus
3900 4210 4031 4269 ergo

2427 4287 2484 4340 in
2514 4301 2637 4339 eum
2669 4301 2733 4338 ex
2770 4286 2899 4341 totis
2927 4287 3188 4341 cordibus
3232 4287 3456 4351 nostris,
3493 4298 3549 4345 et
3590 4289 3645 4345 in
3681 4289 3802 4357 ejus
3832 4292 4033 4348 ambu-

2431 4378 2604 4432 lemus
2633 4378 2942 4448 praeceptis,
2977 4381 3234 4448 quoniam
3259 4378 3390 4447 ﬁdes
3413 4381 3528 4435 sine
3548 4382 3793 4447 aperibus
3816 4393 4034 4439 mortua

2428 4479 2505 4527 est
2536 4470 2614 4519 ηε
2655 4478 2714 4521 ιιι
2761 4469 2925 4523 faciat
2961 4470 3245 4525 uobiscum
3288 4470 3719 4529 miscricordiam
3769 4472 3821 4529 in
3862 4489 4036 4541 regno

2430 4574 2547 4624 Suo,
2583 4574 2705 4613 cmn
2738 4559 3009 4615 exibimus
3039 4576 3103 4616 ex
3134 4560 3571 4630 peregrinatione
3599 4563 3784 4619 mundi
3814 4578 4036 4631 pram-

2427 4652 2552 4713 rati,
2604 4653 2901 4706 dicentes:
2956 4650 3151 4722 Utique
3196 4652 3433 4719 credidi,
3485 4663 3765 4723 prapterea
3819 4655 4036 4711 locutus

2423 4760 2540 4797 sum
2566 4743 2632 4797 ".

2979 4851 3169 4891 sunt!)
3204 4852 3463 4894 SECUNDA.

2926 4925 3004 4982 De
3057 4930 3245 4985 timore
3283 4928 3521 4984 Domini.

2505 5020 2620 5081 Eia,
2659 5019 2882 5083 fratres,
2920 5021 3265 5077 ambulemus
3300 5023 3353 5076 iu
3388 5023 3588 5079 timore
3616 5023 3858 5090 Domini,
3890 5043 4032 5095 quo-

2431 5112 2574 5165 niam
2608 5112 2987 5180 praascriptum
3019 5122 3105 5165 est
3140 5112 3318 5179 nobis,
3362 5124 3423 5168 ut
3455 5116 3763 5171 serviamus
3798 5132 3923 5171 cum
3963 5120 4031 5173 ti-

2432 5216 2583 5254 more
2612 5211 2666 5255 et
2695 5211 2933 5255 tremore
2964 5201 3029 5266 “,
3069 5212 3127 5258 ut
3169 5218 3460 5272 operemur
3492 5206 3725 5259 salutem
3756 5218 4027 5266 nostram.

2429 5293 2881 5363 Quandoquidem
2912 5295 3044 5351 nihil
3065 5298 3415 5365 praestantius
3449 5309 3533 5354 εει
3572 5300 3771 5357 timore
3789 5301 3885 5358 Dei
3926 5304 4033 5359 Doc

2434 5385 2564 5438 mini
2591 5386 2763 5440 nostri
2784 5384 2912 5461 Jesu
2938 5386 3164 5443 Christi.
3188 5388 3379 5444 Timor
3404 5390 3619 5447 Domini
3643 5403 3730 5448 est
3749 5395 3951 5465 gloria,
3975 5408 4031 5451 et

2433 5479 2605 5547 gratia
2629 5481 2863 5535 maxima
2884 5498 2896 5535 :
2923 5494 3098 5551 quare
3122 5483 3300 5553 magni
3321 5483 3579 5555 ponderis
3595 5494 3649 5542 et
3664 5486 4033 5543 existimatio-

1978 5636 2019 5667 ιι
2048 5636 2279 5709 Philipp.
2304 5648 2368 5701 ιι,
2400 5635 2487 5693 ιε.

808 5761 924 5834 (ιδ)
973 5761 1045 5817 Ex
1100 5764 1332 5820 Διειιιὶιτυ
1390 5765 1579 5821 Latine
1645 5767 1835 5821 redditi
1893 5768 1960 5821 ab
2010 5767 2319 5825 Abrahamo
2344 5765 2698 5825 Eccheliensi.
