4220 6316
153 353 245 411 965

1126 350 1184 406 S.
1228 347 1508 403 ANTONII
1549 345 1620 399 Μ.
1662 341 1957 398 ABBATIS
2000 341 2392 400 SERMONES.

3273 334 3378 392 9M
3426 343 3429 346 .

154 472 228 527 nis
249 479 330 524 est
348 469 464 536 ille,
488 484 579 540 qut
604 469 755 523 timet
776 459 1600 521 Dominum.TimoremDomini
1624 459 1713 527 qui
1747 463 1789 516 Δ
1821 467 1928 521 tur,
1982 474 2100 522 quae
2139 458 2422 527 pervagari
2476 457 2679 511 faciunt
2731 454 3102 519 intellectum,
3140 467 3204 508 ac
3251 450 3389 507 male

153 558 411 629 possedit,
425 573 651 629 magnos
671 565 756 611 est
774 556 998 623 adeptus
1019 553 1306 607 thesauros
1323 549 1480 605 bonis
1500 549 1718 603 mternis

153 646 558 712 reiertissitnos;
589 658 642 702 et
664 647 777 714 jam
818 653 1101 711 exemptus
1134 651 1216 698 est
1244 641 1311 697 ab
1340 641 1564 696 aeternis
1594 654 1719 708 sup-

153 736 333 802 pliciis,
365 751 486 806 quae
511 735 888 805 peccatoribus
916 741 1045 788 sunt
1066 742 1277 801 parata.
1297 732 1482 785 Timor
1503 728 1716 783 Domini

152 836 228 886 est
254 822 624 892 electus,pius
653 837 814 891 quam
850 837 1040 876 aurum
1080 834 1134 874 et
1185 833 1467 890 argentum
1509 833 1570 872 ac
1600 832 1722 887 pre-

154 917 423 974 tiosissimi
457 917 689 986 lapides.
714 911 902 968 Nullus
934 912 1152 983 sapiens
1190 913 1262 966 ita
1309 921 1388 966 est
1427 909 1719 975 exaltatus,

155 1015 206 1059 ut
239 1004 327 1060 ille
364 1004 457 1074 qui
513 1005 666 1060 timet
713 1005 1022 1059 Dominum.
1059 1003 1247 1056 Timor
1282 1001 1490 1055 DOmini
1533 1014 1722 1054 omnes

153 1095 291 1150 dolos
323 1103 382 1150 et
410 1103 629 1162 peccata
679 1103 746 1150 ab
772 1095 952 1150 animo
995 1093 1260 1146 eradicat.
1304 1089 1404 1157 Qui
1439 1089 1721 1145 hominum

155 1199 249 1239 non
301 1184 478 1247 timet,
512 1185 567 1238 in
607 1183 772 1238 multa
821 1184 1023 1238 incidet
1067 1181 1231 1235 ntala.
1285 1179 1471 1234 Timor
1512 1178 1722 1260 Domini

152 1276 417 1331 hominem
450 1273 612 1329 eﬂicit
636 1275 891 1336 liberum,
926 1272 1186 1340 illumque
1214 1287 1241 1325 a
1275 1271 1533 1340 peccatis,
1568 1285 1723 1338 para-

154 1365 216 1419 tis
263 1364 542 1436 suppliciis
597 1374 653 1416 et
698 1378 726 1417 a
763 1363 1000 1419 dracone
1037 1377 1267 1431 nequam
1303 1361 1497 1415 salvat.
1538 1359 1726 1413 Timor

157 1454 360 1510 Domini
401 1454 639 1522 quandiu
683 1451 900 1508 exsistit
935 1452 986 1504 in
1023 1450 1261 1513 homine,
1306 1449 1454 1502 illum
1494 1448 1726 1501 custodit

155 1557 205 1601 et
231 1555 436 1613 servat,
463 1559 749 1614 quousque
784 1543 1006 1611 abjiciat
1044 1556 1075 1595 a
1116 1556 1176 1596 se
1207 1557 1402 1609 corpus
1429 1541 1532 1595 hoc
1563 1529 1744 1610 grave

155 1646 387 1706 portatu,
421 1645 476 1694 et
523 1635 700 1690 haeres
729 1634 996 1688 eiiiciatur
1027 1633 1293 1689 bonorum
1337 1647 1458 1692 cum
1499 1630 1722 1695 sanctis,

156 1728 466 1796 quibuscum
495 1724 750 1795 gaudebit
780 1724 976 1793 gaudio
1009 1734 1237 1789 aeterno,
1270 1721 1723 1791 quemadmodmu

155 1819 410 1886 scriptum
467 1823 552 1870 est

154 1909 500 1976 concepimus,
537 1907 768 1961 dolorem
812 1918 994 1973 partus
1032 1905 1173 1971 passi
1219 1920 1420 1966 sumus,
1451 1913 1508 1963 et,
1529 1903 1728 1971 peperi-

157 2015 266 2054 mus
292 1997 537 2066 spiritum
577 1996 767 2054 salutis
802 1997 867 2051 ".

715 2101 904 2141 SECTIO
943 2100 1165 2140 TERTIA.

672 2177 750 2231 De
783 2177 1200 2248 longanimitate.

221 2263 404 2320 Sacrae
431 2275 682 2321 asserunt
719 2265 1047 2335 Scriptum,
1094 2264 1189 2318 iiiii
1233 2264 1338 2319 mei
1372 2265 1750 2331 dilectissimi,

157 2355 296 2426 quod
331 2356 526 2411 melior
551 2357 624 2411 sit
651 2356 994 2423 longanimis,
1024 2370 1190 2424 quam
1223 2354 1378 2410 lortis
1409 2357 1460 2410 in
1493 2367 1589 2410 sua
1624 2356 1734 2409 for-

162 2446 389 2501 titudine
425 2446 491 2514 ¹⁶,
523 2447 798 2516 istumque
833 2446 923 2501 ille
962 2446 1180 2502 excellit
1225 2456 1482 2515 tanquam
1519 2438 1734 2516 rugiens

158 2539 222 2592 ab
251 2538 398 2606 igne.
442 2536 628 2592 Estote
668 2538 851 2606 itaque
887 2536 988 2590 viri
1026 2535 1214 2600 fortes,
1265 2537 1358 2591 sed
1393 2538 1735 2596 ambulantes

161 2629 209 2682 in
257 2627 691 2698 longanimitate,
722 2628 848 2697 quia
897 2628 1036 2682 Deus
1076 2628 1128 2681 in
1179 2627 1469 2697 longanimi
1504 2629 1733 2688 habitat.

160 2715 247 2770 ille
286 2729 420 2771 vero
460 2717 550 2786 qui
596 2727 824 2788 angusto
859 2727 1114 2787 operatur
1141 2731 1394 2786 pectore,
1425 2729 1507 2773 est
1535 2733 1733 2773 secun-

161 2809 280 2861 dum
312 2808 645 2865 voluntatem
672 2809 896 2875 diaboli,
920 2816 976 2863 et
999 2807 1115 2876 ejus
1138 2810 1490 2878 pessimorum
1515 2811 1735 2880 coadju-

163 2910 334 2952 torum
361 2915 376 2953 :
405 2910 614 2962 contra,
639 2899 962 2973 longanimis
983 2909 1066 2954 est
1087 2902 1377 2955 secundum
1407 2901 1736 2957 voluntatem

159 2985 250 3043 Dei
287 2989 439 3043 omni
478 2997 745 3060 tempore.
795 2989 1126 3042 Adnitamur
1161 2990 1342 3060 igitur,
1381 2991 1472 3045 lilii
1509 2990 1613 3044 mei
1657 2990 1738 3043 di-

162 3076 469 3146 lectissimi,
493 3081 560 3133 ad
591 3082 925 3148 operandam
955 3079 1252 3135 secundum
1277 3079 1735 3149 longanimitatem

1817 551 2056 602 excitant
2096 549 2416 610 certamina,
2443 547 2650 617 plagas.
2680 545 2902 600 bellicos
2939 557 3207 608 rumores,
3243 542 3388 595 invi-

1818 639 1962 692 diam
1989 680 2002 703 ,
2054 640 2236 692 odiuut
2277 649 2334 695 et
2371 638 2567 693 similia
2610 638 2786 701 mala,
2827 651 2946 703 quin
2986 650 3184 705 corpus
3229 634 3394 687 etiam

1821 735 2116 792 aggravant
2147 733 2200 779 et
2234 726 2453 780 morbos
2490 726 2725 780 inierunt
2769 726 2866 778 illi.
2908 723 3008 790 Qui
3042 725 3228 778 dolose
3262 734 3396 792 ope-'-

1822 825 1989 875 ratur,
2033 818 2277 872 tradetur
2306 817 2618 886 suppliciis;
2649 827 2702 870 et
2736 832 2832 871 cor
2861 818 3082 880 diaboli,
3119 831 3182 871 ac
3219 817 3412 886 pessi-z

1823 920 2030 958 morum
2064 908 2335 961 sociorum
2369 906 2622 962 lzetiticat.
2677 907 2767 961 Eia
2803 908 2991 977 igitur,
3032 907 3127 960 filii
3167 907 3273 962 mei
3307 907 3395 960 di-

1823 993 2134 1060 lectissimi,
2164 989 2481 1066 comparate
2517 999 2672 1053 vobis
2701 999 2858 1052 modo
2891 999 3286 1060 innocentiam,
3329 1013 3399 1052 ne

1825 1083 2135 1140 tuoriamini
2185 1096 2310 1141 ante
2355 1099 2566 1156 tempus
2614 1099 2851 1143 vestrum
2904 1091 2968 1144 ι’.
3019 1089 3399 1159 Αάἰρίἰείιιιίηἰ

1823 1174 1976 1231 vobis
2025 1191 2240 1247 quoque
2290 1189 2603 1234 sanctorum
2654 1181 3094 1249 simplicitatem,
3131 1190 3190 1235 ut
3235 1183 3302 1235 ad
3341 1195 3403 1236 se

1825 1268 2084 1322 Dominus
2111 1280 2297 1324 noster
2319 1268 2477 1326 Jesus
2497 1263 2752 1326 Christus
2782 1286 2879 1325 vos
2912 1271 3227 1339 suscipiat;
3251 1271 3402 1325 dica-

1826 1375 2053 1427 musque
2088 1377 2209 1415 cum
2247 1361 2445 1432 gaudio
2476 1377 2492 1416 :
2529 1360 2754 1430 Propter
2787 1364 3139 1430 innocentiam
3174 1362 3405 1417 nosti-ant

1825 1449 1893 1501 ad
1918 1458 1966 1502 te
1991 1451 2264 1516 suscepisti
2293 1466 2408 1518 nos,
2443 1461 2494 1506 et
2529 1450 2856 1520 conﬁrmasti
2886 1469 3063 1506 coram
3095 1462 3144 1506 te
3174 1454 3228 1508 in
3251 1463 3408 1506 trter-

1828 1556 1950 1594 uum
1981 1540 2049 1593 ‘°.
2080 1543 2273 1594 Amen.
2844 1604 2849 1608 _

2390 1647 2579 1687 SECTIO
2616 1647 2838 1696 QDINTA.

2398 1725 2472 1777 De
2508 1725 2824 1780 humilitate

615 1833 630 1871 :
685 1813 911 1883 Propter
969 1814 1204 1867 timorem
1263 1824 1432 1874 tuum,
1486 1810 1724 1874 Domine,
1761 1809 1802 1866 ii
1902 1815 2138 1878 Fratres,
2169 1795 2706 1884 prephetadicitzAd
2727 1832 2875 1885 quem
2902 1804 3412 1893 respidanqpisiad

1828 1906 2027 1964 mitem,
2059 1905 2304 1957 humilem
2340 1914 2734 1958 actrementem
2773 1921 3035 1961 sermones
3085 1921 3247 1968 meos,
3281 1920 3410 1974 quas

1829 1994 2014 2061 loquar
2038 1993 2082 2022 ¹¹
2103 1996 2123 2044 '.’
2157 1993 2414 2046 Dominus
2450 2008 2575 2044 vero
2607 2003 2788 2046 noster
2818 1994 2888 2045 ita
2915 1976 2966 2045 in
2999 1991 3292 2060 Evangelio
3322 1993 3404 2045 di-

1830 2085 1904 2134 cit
1944 2107 1958 2136 .-
1993 2081 2184 2154 Discite
2210 2100 2241 2134 a
2268 2099 2365 2144 me,
2405 2083 2538 2152 quia
2556 2083 2701 2135 mitis
2731 2099 2843 2136 sum
2885 2096 2931 2135 et
2975 2082 3187 2140 humilis
3224 2083 3412 2146 contis;

1831 2179 1876 2223 el
1913 2171 2181 2224 invenietis
2217 2172 2440 2240 requiem
2489 2171 2764 2223 animabus
2805 2173 2984 2223 vestris
3009 2172 3074 2223 ".
3117 2170 3216 2236 Qui
3251 2170 3414 2238 igitur

1832 2262 1933 2314 sibi
2002 2262 2336 2331 comparavit
2399 2263 2787 2325 inunititatem,
2851 2261 2965 2331 jam
3011 2262 3102 2315 Dei
3159 2261 3411 2316 altissimi

1833 2351 2006 2406 factus
2041 2361 2123 2406 est
2153 2353 2521 2428 habitaculum
2548 2369 2563 2416 ;
2596 2361 2648 2406 et
2676 2352 3036 2417 altitudinem,
3066 2355 3312 2409 amorem‘
3334 2353 3415 2416 in-

1838 2443 2129 2503 nocentiae.
2191 2457 2378 2511 pacem
2420 2451 2473 2495 et
2509 2443 2828 2495 charitatem
2882 2443 3107 2510 adeptus
3156 2450 3258 2496 est.
3319 2440 3413 2496 Eia

1837 2545 1966 2599 ergo
1998 2532 2360 2585 humilitatem
2391 2533 2542 2587 vobis
2567 2541 2899 2601 comparate,
2927 2539 2982 2586 et
3009 2547 3132 2589 cum
3161 2533 3414 2600 superbia

1837 2623 2021 2676 cordis
2078 2622 2409 2677 diabolornm
2462 2637 2528 2676 ne
2576 2621 2884 2678 ambuletis.
2948 2622 3212 2691 Superbia
3269 2624 3416 2700 enim

1837 2713 2019 2767 cordis
2050 2715 2303 2783 despecta.
2326 2724 2407 2768 est
2440 2729 2624 2768 coram
2659 2713 2765 2768 Deo
2787 2723 2842 2768 et
2873 2717 3080 2785 angelis
3108 2715 3228 2784 ejus
3256 2723 3419 2785 atque

1839 2800 2063 2857 sanctis.
2102 2803 2356 2870 Quisquis
2391 2819 2519 2874 ergo
2562 2804 2803 2858 ambulat
2847 2820 2970 2860 cum
3006 2805 3259 2873 superbia
3297 2819 3420 2861 cor-

1840 2892 1943 2968 dis,
1986 2892 2318 2946 diabolorum
2368 2895 2642 2963 particeps
2687 2904 2789 2947 est.
2832 2892 3061 2963 Propter
3108 2894 3416 2964 superbiam

1841 2981 2020 3036 cordis
2045 2982 2304 3047 inclinati
2334 2991 2459 3037 sunt
2489 2983 2643 3047 coeli,
2675 2992 2727 3035 et
2755 2992 3022 3037 commota
3048 2981 3419 3052 fundamenta

1844 3084 2022 3137 terra,
2053 3077 2386 3128 conturbata:
2420 3074 2626 3144 abyssi,
2664 3085 2720 3128 et
2749 3073 3018 3130 deturbati
3048 3073 3224 3145 angeli
3249 3088 3279 3127 a
3298 3074 3421 3145 glo-

166 3166 378 3221 Domini
437 3167 610 3223 nostri
657 3165 783 3223 Jesu
822 3167 1025 3223 Christi
1059 3169 1124 3232 ",
1176 3178 1235 3222 ut
1281 3168 1635 3237 adimplcatur
1661 3170 1728 3241 in
1763 3172 1808 3232 ο
1843 3167 1919 3220 ria
1954 3181 2072 3228 sua,
2109 3181 2174 3219 ac
2216 3164 2414 3218 diaboli
2460 3162 2586 3218 facti
2616 3175 2838 3235 propter
2879 3165 3195 3233 superbiam
3234 3166 3418 3242 cordis

165 3260 319 3314 nobis
347 3259 577 3314 verbum
625 3259 752 3314 illud
783 3259 1080 3328 Scriptura:
1109 3275 1123 3312 :
1161 3257 1216 3312 in
1249 3268 1492 3328 tempore
1532 3258 1738 3328 requiei

165 3349 495 3423 longanimis’
518 3351 639 3417 fuit,
667 3360 721 3406 et
749 3351 990 3421 possedit
1017 3337 1418 3406 testamentum.

722 3456 910 3497 SECTIO
927 3466 935 3471 ‘
949 3456 1187 3505 ουΑιιτΑ.

483 3535 563 3588 De
591 3533 955 3611 simplicitate,
984 3549 1075 3590 seu
1110 3534 1422 3587 innocentia.

236 3627 464 3683 Asserit
496 3627 690 3682 beatus
732 3625 902 3683 David
950 3627 1004 3680 in
1046 3624 1249 3692 Spiritu
1295 3635 1484 3679 sancto
1532 3644 1545 3678 :
1580 3634 1745 3679 Inno-

163 3729 336 3772 centes
383 3728 430 3771 et
474 3719 604 3770 recti
645 3717 976 3770 adha’ssrunl
1030 3718 1183 3789 mihi,
1227 3718 1354 3786 quia
1402 3718 1625 3770 sustinui
1673 3727 1740 3783 te,

166 3811 390 3864 Domine
444 3808 583 3863 Deus
641 3809 704 3862 ⁸⁸.
763 3809 886 3864 Haec
937 3811 1234 3880 praphetia,
1290 3809 1508 3872 fratres,
1547 3819 1629 3866 est
1679 3809 1745 3867 de

164 3901 375 3956 sanctis
416 3901 506 3968 qui
548 3900 727 3969 juncti
771 3909 901 3953 sunt
945 3899 1053 3953 Deo
1091 3913 1187 3954 sua
1236 3899 1577 3965 innocentia;
1621 3898 1743 3966 quia

164 3984 484 4054 abjecerunt
519 4001 546 4040 a
601 4000 658 4040 se
692 3986 910 4050 dolum,
951 4002 1108 4054 quem
1165 3988 1458 4056 pessimum
1510 3984 1743 4039 fructum

164 4087 286 4132 esse
319 4084 592 4128 noverunt
628 4091 642 4129 :
694 4085 878 4128 contra
933 4089 1081 4137 vero,
1123 4073 1357 4128 fructum
1397 4072 1743 4136 innocentiae,

164 4163 333 4219 vitam
379 4173 657 4238 aeternam.
690 4163 970 4218 Hominem
1008 4166 1347 4219 innocentem
1403 4163 1456 4218 in
1511 4161 1747 4230 perfecto

167 4255 261 4312 Dei
305 4257 506 4310 timore
535 4256 861 4325 contperies.
899 4253 1152 4330 Quisquis
1181 4271 1301 4311 eam
1333 4255 1590 4324 possidet,
1623 4269 1746 4320 per-

169 4345 344 4401 fectus
375 4357 462 4400 est
500 4356 554 4400 et
582 4346 774 4400 similis
811 4347 953 4413 Deo;
981 4333 1033 4400 et
1060 4349 1267 4408 "odores
1305 4348 1505 4403 emittit
1533 4346 1748 4402 suavis-

165 4438 337 4492 simos
375 4447 542 4506 atque
577 4445 791 4513 gratos,
821 4446 1018 4504 estque
1038 4436 1237 4505 gaudio
1281 4445 1334 4489 et
1364 4436 1533 4505 gloria
1570 4435 1744 4506 reple-

167 4539 276 4595 tus,
309 4539 367 4582 et
399 4527 605 4596 requiei
638 4527 865 4597 spiritus
903 4526 994 4579 Dei
1040 4527 1396 4580 domicilium.
1431 4527 1742 4581 lnnocentia

164 4627 249 4671 est
293 4616 423 4670 thus
465 4615 602 4682 Deo;
635 4615 943 4684 quicunque
974 4617 1118 4668 illam
1167 4617 1506 4684 adipiscitur,
1551 4629 1742 4669 conse-

165 4709 358 4775 quitur
391 4707 618 4777 gloriam
652 4717 707 4760 et
737 4707 998 4761 honorem
1044 4707 1097 4761 in
1136 4707 1237 4761 hoc
1269 4708 1466 4762 saeculo
1498 4717 1661 4776 atque
1690 4707 1744 4760 in

168 4798 382 4864 futuro,
422 4807 478 4850 et
518 4811 711 4853 nomen
741 4797 858 4867 ejus
885 4797 991 4852 erit
1017 4798 1071 4852 in
1120 4798 1526 4868 gen‘teratiouem
1563 4809 1617 4852 et
1651 4813 1746 4867 ge-

168 4887 540 4942 nerationem.
613 4888 1076 4953 Quemadmodum
1134 4902 1297 4956 quam
1354 4890 1538 4957 plures
1584 4888 1749 4942 silvas

167 4977 450 5033 comburit
480 4978 618 5054 ignis
641 5016 656 5041 ,
684 4977 729 5032 si
767 4977 916 5032 illum
949 4978 1253 5046 neglexeris
1288 4995 1301 5030 :
1342 4978 1414 5032 ita
1450 4977 1603 5032 dolus
1635 4980 1751 5031 ani-

167 5084 311 5122 mam
347 5079 500 5122 tuam
531 5068 824 5137 deperdet,
873 5068 917 5122 si
960 5068 1012 5121 in
1053 5068 1217 5122 corde
1260 5068 1405 5121 illum
1443 5069 1748 5133 admiseris,

166 5171 481 5228 corpusque
500 5157 566 5210 ad
589 5158 705 5211 hac
739 5167 888 5211 tuum
934 5157 1326 5226 coinquiuauit,
1363 5168 1417 5212 et
1449 5159 1612 5210 inulta
1651 5158 1744 5212 tibi

166 5245 365 5303 aﬂ'eret
407 5245 547 5300 tnala
584 5255 639 5301 et
675 5247 891 5316 iniquas
927 5249 1296 5316 cogitationes.
1340 5249 1555 5302 Deridet
1590 5248 1744 5301 inuo-

167 5347 390 5391 centem
419 5335 657 5400 doiosus,
683 5345 737 5389 et
768 5339 935 5390 bonos
963 5352 1186 5401 omnes;
1219 5348 1271 5391 et
1295 5353 1389 5391 cor
1416 5339 1531 5406 ejus
1563 5338 1747 5392 amitis

167 5440 232 5480 se
255 5425 519 5495 pessimis
545 5424 966 5495 cogitationibus
1001 5442 1031 5480 a
1065 5426 1294 5480 di‘abolis
1326 5426 1486 5480 illatis
1517 5429 1746 5497 corripi-

240 5628 283 5660 "
331 5627 441 5680 lsa.
485 5644 632 5691 nrt,
677 5629 763 5683 i8.

169 5698 384 5760 n.13.

841 5629 885 5662 ’⁸
919 5629 1076 5682 Prov.
1111 5644 1222 5690 κεί,
1258 5629 1345 5682 32.

461 5698 505 5728 “
555 5699 656 5751 lsa.
693 5713 838 5761 vat,
869 5697 923 5758 2.
1001 5699 1045 5730 ’²
1086 5697 1275 5751 Matth.
1319 5715 1391 5760 χι,
1434 5700 1520 5753 9.9.

1427 5631 1467 5661 ιτ
1495 5630 1535 5682 il
1563 5630 1678 5683 Pet.
1725 5647 1805 5686 Ill.
1846 5633 1931 5687 15.
2015 5634 2055 5664 ⁸³⁵

1434 5700 1520 5753 ⁵⁵29.
1600 5700 1643 5730 ’³
1678 5700 1843 5756 Marc.
1888 5718 1964 5764 Ix,
1993 5703 2084 5755 45.

1844 3273 2028 3311 eorum
2058 3274 2072 3310 :
2107 3257 2278 3313 iratus
2311 3266 2395 3311 est
2429 3266 2718 3328 propterea
2757 3256 3138 3328 Omnipotens,
3169 3266 3224 3310 et
3261 3256 3424 3327 abys-

1845 3363 1963 3401 sum
2008 3363 2222 3405 sursmn
2257 3350 2435 3418 ignem
2468 3349 2724 3407 emittere
2768 3348 2915 3415 fecit,
2949 3349 3216 3417 simulque
3267 3363 3420 3406 mare

1846 3441 2064 3508 igneum
2118 3455 2334 3494 sursum
2385 3439 2648 3499 extollere
2693 3439 2907 3496 ﬂuctus.
2960 3440 3190 3510 Propter
3230 3453 3444 3510 superi

1846 3533 1989 3586 biam
2017 3534 2195 3588 cordis
2230 3533 2497 3590 infernum
2522 3534 2776 3598 instituit,
2809 3545 2861 3589 et
2884 3534 3173 3604 supplicia.
3197 3533 3426 3605 Propter

1846 3624 2155 3693 superbiam
2187 3625 2606 3680 cordis-vincula
2636 3626 2777 3681 facta
2815 3637 2941 3680 sunt
2967 3638 3021 3682 et
3051 3625 3278 3694 ﬂagella,
3312 3624 3428 3696 qui-

1848 3717 1946 3769 bus
1995 3716 2241 3769 diabolus
2289 3717 2357 3770 ob
2403 3717 2582 3771 cordis
2626 3718 2708 3772 sui
2762 3715 3071 3786 superbiam
3121 3726 3423 3785 torquetur.

1849 3806 2075 3874 Propter
2115 3807 2422 3876 superbiam
2453 3809 2633 3862 cordis
2659 3810 2778 3879 ejus
2802 3807 2957 3864 facta:
2979 3818 3100 3864 sunt
3137 3809 3312 3880 abyssi
3345 3809 3426 3864 inn

1851 3897 2109 3963 ferorum,
2152 3909 2205 3952 et
2237 3915 2447 3954 vermes
2489 3901 2579 3970 qui
2609 3915 2716 3954 non
2748 3901 3052 3954 moriuntur
3084 3901 3131 3932 ³³
3166 3916 3266 3955 nec
3299 3900 3427 3954 dor-

1850 3989 2039 4043 miunt.
2091 3989 2318 4059 Propter
2345 3991 2654 4059 superbiam
2688 3993 2868 4046 cordis
2911 3991 3037 4046 facti
3073 4001 3199 4045 sunt
3231 4006 3428 4046 currus

1851 4081 2011 4149 ignei,
2053 4082 2124 4134 et'
2150 4082 2506 4136 instrumenta
2542 4083 2881 4137 ﬂammarum
2911 4083 3177 4149 ardentia,
3219 4092 3272 4136 et
3307 4098 3429 4136 car-

1849 4166 2016 4224 bones
2045 4169 2207 4238 ignis.
2251 4170 2477 4240 Propter
2510 4171 2820 4242 superbiam
2863 4173 3045 4226 cordis
3077 4172 3258 4226 omnia
3296 4186 3430 4226 con-

1851 4259 2083 4312 turbata’
2114 4268 2263 4323 sunt,
2309 4259 2715 4330 couiliguntque
2767 4260 2955 4322 simul,
3000 4260 3141 4317 unde
3179 4269 3298 4317 orta
3339 4267 3427 4315 est

1853 4350 2110 4419 tyrannis.
2153 4349 2357 4404 Cuncta
2389 4351 2501 4405 haec
2529 4350 2668 4405 facta
2708 4359 2830 4405 sunt
2874 4361 3092 4420 propter
3116 4347 3426 4426 superbiam

1852 4440 2057 4505 cordis.
2101 4440 2366 4510 Superbia
2415 4441 2595 4496 cordis
2637 4441 2914 4498 hominum
2957 4455 3141 4499 coram
3181 4439 3295 4497 Deo
3323 4431 3431 4494 imr-

1854 4531 2053 4584 munda
2086 4539 2167 4584 est
2206 4551 2217 4584 :
2267 4533 2428 4585 corda
2477 4547 2605 4586 vero
2644 4531 2925 4606 humiliats
2963 4539 3017 4586 et
3052 4531 3281 4586 contrita
3319 4545 3427 4586 non

1857 4618 2200 4673 abominatur
2230 4618 2389 4672 Dens.
2417 4619 2496 4673 Ad
2525 4635 2624 4673 nos
2649 4629 2856 4682 autem,
2889 4619 2982 4672 lilii
3019 4629 3071 4674 ct
3102 4619 3425 4678 lratrcunei

1854 4709 2211 4775 dilectissimi,
2261 4710 2486 4764 veniens
2528 4710 2620 4764 Dei
2661 4710 2948 4766 clementia
3003 4711 3074 4764 ab
3122 4709 3425 4783 altissimis,

1853 4801 1991 4856 facta
2016 4809 2099 4856 est
2130 4801 2546 4870 bumilisusque
2569 4802 2909 4856 ad‘ultimunt
2941 4803 3218 4873 spiritum.
3247 4801 3428 4867 Quare

1851 4889 2146 4959 gloriemur
2175 4905 2296 4944 cum
2327 4892 2536 4946 dicente
2576 4907 2589 4944 :
2626 4889 2844 4959 Respice,
2870 4892 3221 4952 humilitatem
3258 4906 3425 4956 meum

1851 4992 1895 5032 et
1927 4980 2156 5032 laborent
2186 4996 2382 5040 meum.
2408 4991 2454 5033 et
2482 4981 2694 5034 dimitte
2719 4983 2844 5034 milii
2873 4991 3083 5050 peccata
3114 4997 3227 5037 mea
3253 4983 3312 5033 ".

2425 5085 2616 5132 SEC'IIO
2661 5088 2850 5128 δεκτί.

2452 5158 2528 5210 De
2576 5164 2826 5227 puritate.

1923 5248 2108 5302 Sacrze
2143 5259 2390 5300 asserunt
2435 5250 2748 5318 Scriptura;
2784 5253 2876 5303 lilii
2919 5249 3023 5303 mei
3065 5246 3433 5319 dilectissimi,

1856 5341 1998 5406 quod
2050 5354 2256 5408 ntaguze
2286 5338 2488 5397 divitia:
2524 5341 2592 5393 sit
2650 5355 2817 5406 purus
2843 5340 3028 5394 homo.
3068 5337 3258 5392 DlCllill
3285 5355 3426 5409 quo-

1856 5443 1958 5496 que
1992 5468 2004 5480 .
2042 5428 2218 5483 Estote
2247 5443 2438 5493 sancti,
2487 5430 2746 5498 qstouiaut,
2785 5447 2876 5501 ego
2908 5442 3119 5485 sanctus
3165 5449 3301 5498 sunt,
3349 5435 3427 5490 ait

2015 5634 2055 5664 "’
2105 5631 2244 5685 Psal.
2294 5648 2438 5691 utv.
2466 5633 2554 5686 21.

2635 5635 2676 5665 “
2712 5636 2882 5691 Eoi-lc.
2918 5653 3009 5699 vu.
3045 5637 3125 5690 l8.
3204 5636 3250 5670 ’⁸
3280 5632 3428 5690 Psal.

2163 5703 2209 5733 "
2243 5703 2380 5756 i'sal.
2412 5719 2559 5770 μιν,
2612 5706 2692 5758 18.
