4220 6316
734 359 835 418 987

1842 358 2115 417 PATRES
2157 360 2458 417 JEGYPTll
2500 358 2772 418 SAICULI
2815 357 2905 413 IV.

3919 353 4031 412 968

737 475 992 532 Dentium
1039 475 1364 543 omnipotens
1399 476 1468 528 ’³.
1526 460 1619 530 Eia
1659 491 1790 543 ergo
1839 478 2184 533 decertenms
2235 496 2334 549 pro
2365 486 2409 540 Α
2439 487 2516 531 eSt
2561 477 2887 544 principium
2928 474 3105 528 omnis
3141 473 3248 529 doli
3285 483 3339 528 et
3368 465 3602 536 fraudis,
3637 472 3904 541 supplicio
3955 473 4035 524 af-

735 567 974 636 puritate
999 583 1169 636 usque
1192 568 1256 619 ad
1283 575 1542 631 mortem,
1576 578 1632 621 et
1660 569 1727 622 ab
1751 569 2008 624 omnibus
2039 585 2330 629 caveamus

736 658 1114 720 immunditiis,
1146 674 1266 726 quae
1291 668 1416 712 sunt
1447 670 1645 727 praeter
1671 669 1949 726 naturam,
1975 663 2132 731 juxta
2165 666 2329 717 verba

736 750 1082 820 primogeniti
1113 753 1502 820 prophetarum
1528 753 1749 825 Moysis.
1779 754 2080 808 Plurimum
2114 770 2332 825 quoque

735 857 1025 896 caveamus
1059 843 1127 896 ab
1157 842 1257 895 hoc
1293 844 1510 913 negotio
1543 860 1755 908 amaro,
1793 860 1859 899 ne
1887 845 2100 900 scilicet
2142 859 2330 901 nostra

738 930 971 983 invicem
1007 929 1338 998 detegantur
1369 935 1606 986 verenda
1630 974 1644 995 ,
1681 950 1816 989 neve
1858 934 2146 1005 mulierum
2182 935 2333 1005 aspi-

736 1021 944 1074 ciamus
995 1020 1479 1089 pulchritudines:
1527 1025 1727 1092 quippe
1764 1024 1906 1079 haud
1957 1000 2331 1079 nescimus-ex

739 1113 824 1168 his
859 1122 1087 1167 mortem
1126 1124 1304 1166 ortam
1353 1114 1549 1179 fuisse;
1594 1128 1647 1170 et
1702 1131 1835 1170 sane
1877 1119 2121 1170 omnium
2159 1118 2335 1186 pessi‘

739 1220 884 1257 mum
932 1215 1016 1258 est
1063 1205 1324 1260 mulieres
1371 1209 1619 1274 aspicere
1675 1207 1743 1260 ad
1805 1207 2331 1275 concupiscentiam.

740 1296 970 1365 Propter
1000 1297 1172 1351 visum
1205 1299 1350 1351 enim
1381 1298 1665 1352 oculorum
1693 1299 1869 1366 angeli
1903 1300 2151 1354 cecidere
2179 1315 2206 1352 a
2238 1315 2334 1353 sua

737 1385 907 1455 gloria
952 1398 1010 1440 et
1036 1387 1244 1441 honore
1272 1388 1484 1456 spoliati
1511 1398 1658 1442 sunt.
1679 1388 1824 1442 Multi
1849 1390 2067 1457 quidem
2099 1390 2330 1458 periere,

741 1481 958 1544 fratres,
984 1488 1207 1552 prdpter
1233 1485 1511 1538 mulieres.
1539 1482 1772 1550 Quidam
1795 1485 1938 1538 enim
1965 1485 2151 1538 uxoris
2171 1499 2334 1539 causa

739 1572 1011 1625 interfecti
1037 1613 1052 1638 ,
1097 1573 1341 1628 nonnulli
1380 1589 1631 1628 sororum
1673 1590 1860 1639 causa,
1898 1575 2062 1644 aliqui
2115 1588 2338 1646 propter

740 1663 880 1719 filias
921 1683 936 1719 ι
983 1667 1167 1718 omnia
1217 1677 1396 1719 autem
1436 1667 1551 1720 haec
1582 1668 1652 1720 ob
1686 1667 1858 1721 solam
1911 1668 2332 1721 immmulitiam.

739 1752 1097 1810 Ambulemus
1128 1757 1315 1825 igitur,
1347 1758 1572 1820 fratres,
1605 1757 1658 1810 in
1693 1758 1950 1826 puritate,
1976 1758 2100 1826 quia
2132 1759 2337 1826 purita-

2434 572 2560 626 fecti
2582 581 2708 624 sttnt
2728 570 2820 624 filii
2854 570 2949 623 Dei
2975 609 2990 632 ,
3015 568 3243 638 ejusque
3265 582 3428 622 causa
3458 566 3683 619 invaluit
3713 578 4031 632 peccatum;

2436 661 2686 729 regnavit
2714 674 2860 713 mors
2889 672 3054 728 super
3089 657 3386 720 infernum,
3421 666 3476 710 et
3510 658 3737 710 arbores
3773 652 4034 706 infructi-

2444 752 2575 806 fera!
2607 752 2829 805 reddita:
2862 759 3010 813 sunt,
3035 763 3300 816 suamque
3326 756 3728 803 commutarunt
3754 757 4034 799 naturam.

2435 843 2664 913 PrOpter
2731 842 2988 895 invidiam
3047 839 3204 893 ell‘usi
3261 848 3388 892 sunt
3440 839 3734 909 sanguines
3795 837 4032 890 innoxii.

2435 934 2729 1004 Fugiamus
2754 931 2917 1001 igitur
2949 930 3207 984 invidiam
3255 938 3312 982 et
3344 932 3742 984 contentiones.
3768 926 3869 994 Qui
3897 927 4036 980 ami-

2439 1044 2534 1082 cus
2581 1037 2665 1081 est
2716 1025 2881 1079 invidi
2920 1035 2976 1080 et
3004 1023 3366 1090 conlentiosi,
3414 1024 3623 1078 amicus
3663 1032 3747 1077 est
3787 1022 4035 1075 nocentis

2438 1119 2590 1173 ferte.
2637 1116 2750 1172 lmo
2775 1117 2864 1186 qui
2891 1132 2948 1170 se
2971 1116 3196 1170 conlidit
3229 1116 3359 1169 fene
3385 1125 3478 1168 aut
3501 1115 3749 1177 draconi,
3783 1113 4036 1167 securior

2438 1221 2521 1266 est
2566 1226 2632 1264 eo
2665 1211 2757 1280 qui
2794 1224 2854 1264 se
2890 1209 3117 1263 conlidit
3146 1208 3492 1262 contentioso
3523 1217 3578 1260 et
3616 1207 3819 1259 invido.
3857 1207 3963 1272 Qui
4007 1219 4034 1256 ι

2438 1303 2880 1357 contentionibus
2909 1316 3014 1355 tton
3047 1300 3325 1364 abhorret,
3355 1299 3563 1354 nemini
3593 1299 3878 1352 hominum
3910 1315 4038 1366 par-

2439 1395 2531 1459 cit,
2569 1409 2667 1448 nec
2708 1393 2840 1463 ipsis
2873 1393 3096 1455 amicis;
3138 1402 3193 1444 et
3237 1406 3399 1444 nemo
3447 1390 3524 1444 illi
3560 1400 3753 1458 potens
3794 1391 4034 1451 videtur,

2441 1501 2540 1540 nec
2570 1485 2825 1555 dirigitur
2853 1484 2906 1536 itt
2937 1484 3048 1537 via.
3080 1482 3291 1536 Etenim
3318 1482 3637 1551 sanguinem
3673 1491 3826 1534 tuum
3858 1482 4036 1534 mani-

2441 1576 2541 1630 bus
2567 1577 2702 1642 suis,
2731 1585 2791 1629 ut
2819 1574 3078 1645 pugillum
3111 1589 3267 1642 aqua:
3297 1572 3577 1627 effundent
3611 1588 3776 1642 super
3806 1585 4034 1634 terram,

2451 1677 2506 1719 et
2552 1668 2660 1718 vita
2699 1674 2789 1718 ttta
2824 1665 2977 1718 nihili
3026 1665 3244 1717 ducitur
3287 1665 3354 1718 ab
3390 1663 3516 1717 illis.
3562 1662 3656 1716 Eia
3699 1677 3844 1716 nunc
3883 1679 4037 1732 ergo,

2443 1756 2537 1809 ftlii
2570 1758 2719 1820 mei,
2758 1755 2923 1824 fugite
2967 1755 3227 1810 invidiam
3251 1797 3265 1821 ,
3302 1767 3355 1810 et
3396 1766 3570 1810 estote
3621 1756 3714 1808 lilii
3765 1766 4040 1810 amatores

742 1846 813 1898 tis
844 1847 1051 1900 fructus
1078 1859 1161 1900 est
1197 1846 1402 1912 lumen,
1439 1850 1645 1901 veritas
1679 1859 1733 1901 et
1763 1848 2063 1918 vigilantia.
2101 1849 2177 1902 Ne
2216 1850 2336 1904 sitis
2369 1828 2410 1883 Β
2441 1847 2612 1915 pacis,
2638 1856 2690 1899 et
2723 1847 2987 1916 proximis
3007 1848 3204 1902 vestris
3241 1863 3308 1901 ne
3343 1847 3731 1910 adverscmilli.
3771 1849 4035 1910 αυοιιίειηι

739 1951 872 2006 ergo
921 1937 1281 2006 pessimarum
1323 1937 1768 2008 abjectaruntque
1815 1943 2132 2010 passionum
2169 1941 2333 2004 servi,

740 2041 835 2084 aut
861 2033 1223 2084 obscenarum
1250 2032 1591 2098 voluptatum
1623 2047 1743 2100 qua:
1773 2033 2064 2087 immunda:
2094 2044 2219 2087 sunt
2244 2049 2338 2087 co-

742 2139 858 2177 ram
897 2123 1023 2177 Deo.
1069 2123 1158 2176 Dei
1195 2138 1390 2178 nomen
1441 2125 1491 2177 in
1524 2125 1771 2178 cordium
1813 2138 2121 2179 vestrorum
2165 2127 2339 2180 oculis

742 2217 1087 2285 perscrittite,
1121 2228 1176 2269 ut
1204 2215 1410 2286 jugiter
1455 2217 1599 2270 intra
1647 2232 1742 2271 vos
1787 2217 2057 2272 exclamet
2092 2219 2282 2272 dicens
2322 2237 2337 2273 :

752 2310 858 2365 Vos
897 2313 1020 2364 estis
1062 2309 1254 2377 templa
1288 2307 1384 2362 Dei
1421 2309 1518 2363 civi
1549 2310 1616 2374 ’⁸,
1653 2318 1708 2364 et
1740 2311 1891 2364 locus
1925 2311 2130 2378 requiei
2163 2312 2341 2380 Spiri—

747 2412 833 2455 tus
879 2401 1055 2454 sancti
1087 2399 1155 2451 ".
1188 2400 1290 2464 Qui
1342 2408 1522 2452 autem
1561 2407 1823 2468 operatur
1871 2398 2174 2462 immunda,
2214 2397 2340 2452 dolo

744 2491 1059 2546 cumulatus
1102 2501 1184 2544 est
1215 2500 1267 2543 et
1308 2491 1388 2542 ira
1421 2500 1475 2542 et
1509 2490 1874 2543 amaritudine
1903 2497 1958 2543 et
2000 2491 2251 2558 suspiriis
2287 2500 2343 2544 et

747 2583 980 2637 vinculis
1033 2581 1288 2651 pessimis
1331 2595 1515 2636 coram
1551 2581 1813 2636 Creatore
1862 2597 1981 2638 suo.
2022 2581 2194 2635 Homo
2243 2581 2343 2638 de-

745 2686 937 2744 ceptus
969 2673 1355 2736 immunditiis,
1379 2673 1576 2727 similis
1603 2683 1686 2727 est
1717 2688 1901 2728 coram
1940 2673 2050 2727 Deo
2080 2674 2344 2743 jumentis

745 2766 929 2820 otnnis
988 2766 1316 2836 cognitionis
1393 2766 1745 2835 expertibus,
1807 2767 1958 2836 juxta
2015 2771 2342 2823 sententiam

751 2858 1051 2926 psalmistm
1087 2857 1257 2911 sancti
1298 2856 1466 2910 David
1516 2859 1796 2926 prophetat
1828 2859 1892 2911 ⁸⁸.
1931 2858 2026 2912 Eia
2067 2875 2211 2913 nunc
2242 2859 2346 2928 igi-

761 2963 864 3010 tur,
903 2949 994 3002 lilii
1042 2950 1144 3002 mei
1198 2947 1579 3014 dilectissimi,
1619 2952 1824 3014 venite,
1868 2951 1994 3004 odio
2050 2952 2347 3005 habeamus

759 3039 966 3092 oculum
1005 3038 1152 3092 illuni
1191 3052 1428 3106 nequam
1455 3076 1471 3099 ,
1509 3049 1562 3091 et
1612 3040 1905 3108 puritatem
1941 3040 2343 3109 perquiramus,

756 3132 879 3202 quia
912 3133 1085 3201 gloria
1124 3128 1238 3191 [nec
1288 3137 1371 3182 est
1410 3129 1728 3198 angelorum
1765 3131 1879 3185 Dei.
1915 3130 1972 3185 Si
2006 3145 2185 3185 autem
2219 3147 2342 3201 per-

754 3225 1020 3278 suadente
1093 3221 1310 3277 diabolo
1374 3223 1769 3286 ceciderintus,
1825 3238 1921 3291 per
1968 3225 2342 3292 paenitentiam

753 3329 1080 3384 surgamus,
1115 3323 1168 3368 et
1224 3314 1484 3368 adeamus
1549 3314 1701 3368 illttttt
1766 3315 1858 3382 qui
1904 3317 2054 3369 venit
2103 3329 2350 3385 quaerere

751 3421 918 3460 unam
950 3421 1104 3460 ovem
1147 3421 1268 3474 qua:
1295 3416 1579 3460 erraverat
1612 3422 1708 3475 per
1743 3419 2024 3475 peccatum
2056 3409 2135 3472 '9;
2177 3409 2346 3464 Deum

755 3512 972 3566 nempe,
1027 3496 1118 3565 qui
1166 3507 1386 3560 peccata
1440 3499 1716 3552 condonat
1770 3500 2022 3553 omnibus
2075 3501 2212 3562 illis,
2253 3504 2348 3571 qui

756 3590 934 3658 ipsum
985 3599 1176 3658 rogant
1206 3605 1270 3644 ex
1306 3598 1420 3644 toto
1455 3593 1618 3645 corde
1653 3606 1754 3645 suo
1789 3610 1802 3644 :
1835 3602 1893 3644 ιιι
1922 3595 2208 3647 audiamus
2252 3610 2349 3648 nos

756 3697 972 3751 quoque
1011 3697 1198 3736 vocem
1251 3683 1395 3736 illam
1444 3698 1668 3737 suavem
1723 3686 1994 3740 dicentem
2041 3701 2054 3738 :
2109 3685 2348 3742 Pretiosa

753 3783 832 3829 est
874 3777 926 3828 in
967 3789 1245 3844 conspectu
1294 3775 1391 3828 Dei
1437 3793 1577 3829 mors
1625 3779 1908 3831 electorum
1950 3795 2188 3844 suorum,
2241 3782 2351 3832 sine

757 3869 974 3921 interitu
1011 3870 1063 3921 in
1091 3875 1347 3929 sa'cututtt
1373 3868 1440 3920 ".

1305 4025 1498 4064 SECTIO
1547 4026 1795 4064 SEPTIMA.
1883 4016 1886 4020 '

1424 4100 1500 4154 De
1539 4119 1684 4169 pace.

839 4217 949 4270 Iloc
986 4216 1334 4270 manifestum
1365 4217 1520 4271 vobis
1551 4219 1643 4282 sit,
1669 4217 1888 4285 fratres,
1916 4220 2057 4290 quod
2095 4222 2356 4278 Dominus

765 4308 884 4378 ipse
911 4308 1168 4378 pratcepit
1195 4309 1353 4362 nobis
1385 4323 1572 4377 pacem
1606 4312 1938 4380 perquirere,
1970 4323 2027 4364 ut
2054 4315 2357 4382 apprehen-

765 4402 959 4454 damus
976 4414 1097 4454 eam
1121 4417 1136 4464 ;
1160 4401 1418 4468 quoniam
1435 4402 1579 4454 oculi
1605 4401 1817 4456 Domini
1846 4405 2354 4473 respicinntjnstos,

766 4498 823 4542 et
851 4504 1008 4543 aures
1054 4489 1170 4555 ejus
1206 4490 1428 4544 intentae
1475 4502 1601 4544 sunt
1651 4493 1716 4544 ad
1749 4508 1937 4546 eorum
1972 4498 2249 4551 orationes
2286 4497 2354 4551 ³¹.

768 4582 1010 4645 Fratres,
1047 4582 1433 4651 diguoscamus
1463 4597 1650 4649 pacem
1688 4583 1778 4635 Dei
1814 4593 1866 4636 et
1900 4601 2252 4654 properemus
2288 4590 2354 4641 ad

769 4675 940 4734 illam,
985 4690 1052 4726 ne
1105 4673 1262 4726 nobis
1310 4674 1626 4742 objiciatur,
1673 4677 1814 4742 quod
1856 4692 1956 4743 pax
2007 4691 2189 4731 noStra
2253 4696 2351 4747 pax

768 4775 1116 4834 peccatorum
1151 4764 1244 4830 sit,
1276 4765 1715 4832 quandoquidem
1762 4767 1874 4834 ipse
1923 4767 2058 4820 dixit
2102 4785 2114 4819 :
2156 4765 2358 4825 Pacem

769 4873 937 4910 meam
969 4858 1036 4908 do
1063 4857 1222 4918 vobis,
1246 4865 1320 4919 et,
1347 4872 1521 4921 pacem
1553 4873 1720 4909 meam
1749 4859 1985 4926 relinquo
2009 4859 2147 4911 vobis
2174 4860 2237 4910 ".
2263 4858 2359 4911 Eia

770 4963 920 5016 ergo,
962 4947 1184 5008 fratres,
1215 4949 1397 5000 venite
1429 4963 1443 4999 :
1478 4964 1662 5001 verum
1697 4949 1944 5002 ineamus
1978 4960 2275 5012 certamen,
2305 4960 2361 5003 ut

772 5040 930 5094 nobis
982 5038 1185 5093 Christi
1249 5039 1580 5092 retineamus
1640 5055 1849 5108 pacem,
1903 5042 2026 5108 quia
2082 5056 2185 5108 pax
2243 5041 2360 5095 haec

771 5130 1059 5185 descendit
1089 5146 1116 5182 a
1159 5129 1321 5183 Patre
1355 5130 1618 5181 lttminuttt
1653 5129 1721 5193 ³³,
1746 5141 1798 5182 ct
1837 5129 1985 5200 Rege
2011 5133 2358 5186 surculorum.

775 5224 1007 5274 Amator
1048 5221 1202 5289 pacis
1224 5219 1336 5287 jam
1368 5237 1595 5275 consors
1619 5220 1842 5276 clTectus
1871 5233 1950 5275 est
1982 5224 2158 5276 dilecti
2188 5222 2364 5276 Patris

775 5308 903 5364 Jesu
933 5310 1141 5364 Christi
1171 5318 1333 5378 atque
1362 5311 1699 5378 angelorum,
1727 5314 1997 5380 nulliSque
2027 5314 2256 5367 allicitur
2282 5315 2364 5368 in-

775 5403 1111 5466 commodis;
1161 5403 1247 5453 ubi
1300 5417 1490 5455 osot'es
1525 5404 1674 5471 pacis
1717 5404 1916 5458 invidia
1965 5414 2019 5459 et
2069 5408 2359 5475 perturba-

775 5484 1014 5546 tionibus
1045 5503 1449 5562 retorquentur.
1483 5493 1713 5564 Propter
1743 5496 1998 5550 invidiam
2030 5509 2206 5551 autem
2242 5514 2360 5566 quze

849 5649 892 5681 ’⁵
937 5647 1106 5700 Levit.
1153 5664 1228 5711 ιιι,
1269 5647 1368 5712 44;
1395 5664 1507 5705 Xix.
1545 5649 1611 5711 ἒς
1645 5667 1733 5715 xx,
1761 5652 1824 5715 7;

774 5719 864 5774 9.1.
972 5721 1016 5749 ¹⁹
1052 5717 1180 5772 Luc.
1220 5735 1307 5784 xv,
1341 5720 1392 5771 4.

779 5790 824 5820 “
853 5792 1007 5844 Rom.
1042 5804 1156 5845 χιιι.
1188 5789 1278 5842 ‘20.

1902 5652 1917 5704 ι
1956 5650 2072 5707 Pet.
2109 5670 2148 5715 ι,
2184 5655 2271 5708 16.

1475 5721 1517 5749 ³ο
1567 5720 1707 5772 Psal.
1766 5738 1887 5788 cxv,
1945 5724 2030 5777 l5.

1361 5791 1404 5820 ³⁸
1433 5789 1561 5843 Luc.
1602 5807 1711 5854 xxt,
1741 5793 1828 5845 54.
1898 5795 1940 5823 ³⁸
1975 5794 2161 5849 Matth.
2205 5813 2253 5861 v,
2293 5802 2342 5851 υ.

2113 5670 2148 5715 ι,
2184 5655 2271 5708 16.
2357 5656 2403 5686 ¹⁶
2435 5654 2479 5708 ll
2517 5656 2644 5710 Cor.
2687 5657 2882 5718 vt,16.

2113 5725 2152 5756 ³1
2210 5726 2328 5756 υιηιι
2410 5743 2576 5756 ννιοιιι
2679 5728 2743 5756 IX
2823 5730 2890 5756 .lt:

2208 5726 2349 5781 Psal.
2410 5743 2614 5790 xxxttt,
2679 5728 2766 5790 15,
2823 5730 2912 5783 ‘lti.
3013 5731 3058 5760 "
3101 5730 3256 5783 Joan.
3307 5746 3415 5792 xtv,

2208 5813 2253 5861 ι’,
2293 5802 2342 5851 9.
2447 5798 2486 5827 ³⁷
2515 5797 2672 5854 Prov.
2711 5815 2762 5866 ι,
2795 5801 2903 5856 ⁵2ομ
2969 5802 3011 5832 ³⁸
3045 5803 3248 5855 Coloss.
3282 5817 3355 5866 tv,
3385 5803 3434 5856 ti.

2443 1938 2704 2006 perfeCtio
2743 1938 2873 2005 legis
2903 1949 3009 2000 est,
3047 1947 3104 1990 ut
3136 1939 3407 1991 sustineas
3430 1947 3483 1990 et
3511 1937 3701 2007 diligas
3727 1939 4039 2005 proximum

2444 2037 2594 2080 tuum
2626 2027 2690 2078 “.
2728 2026 3076 2096 Nequaquam
3112 2027 3344 2095 duplicis
3384 2025 3567 2080 cordis
3614 2026 3735 2080 sitis
3760 2067 3772 2090 ,
3811 2038 3874 2079 ut
3921 2028 4041 2079 sitis

2444 2120 2630 2173 fortes.
2679 2116 2758 2172 Ne
2804 2119 2931 2171 mali
2966 2119 3086 2171 sitis
3127 2118 3178 2171 itt
3212 2119 3470 2183 invicem,
3507 2119 3634 2188 quia
3669 2119 3834 2171 homo
3867 2120 4042 2170 malus

2442 2228 2664 2267 amarus
2696 2223 2777 2266 est
2830 2220 2945 2266 tota
2992 2213 3104 2265 vita
3137 2227 3257 2278 sua,
3295 2222 3348 2266 et
3380 2211 3606 2266 festinus
3635 2226 3719 2268 est
3763 2215 3814 2267 in
3859 2215 4011 2283 npcri

2443 2305 2544 2360 bus
2608 2305 2972 2374 perditionis,
3023 2314 3079 2357 et
3127 2307 3252 2359 vita:
3294 2320 3515 2375 operam
3576 2307 3669 2359 dat
3723 2309 3979 2376 pessimae
4028 2323 4041 2359 :

2444 2397 2693 2465 pretiosrc
2721 2406 2772 2449 et
2805 2396 3158 2450 honorabiles
3200 2406 3328 2451 sunt
3356 2399 3496 2464 apud
3532 2397 3680 2450 illum
3722 2399 3957 2466 injuriae,
3994 2408 4039 2451 et

2445 2490 2498 2544 in
2533 2491 2712 2544 verbis
2747 2488 3324 2560 stultitiae'gloriatur.
3359 2490 3515 2544 Nunc
3548 2493 3757 2561 itaque,
3787 2493 3883 2544 filii
3917 2493 4042 2553 mei,

2445 2584 2491 2638 si
2518 2584 2609 2652 qui
2641 2598 2707 2636 ex
2738 2579 2891 2635 vobis
2923 2587 3089 2636 vitam
3125 2598 3288 2653 agere
3326 2599 3491 2652 super
3523 2595 3726 2638 terram
3776 2585 4041 2654 deligunt,

2446 2677 2659 2730 fructus
2704 2690 2962 2744 agrorum
3015 2675 3244 2730 colendo
3275 2684 3368 2728 aut
3403 2676 3710 2737 vinearum,
3746 2693 3813 2728 ne
3856 2690 4042 2729 cmite-

2446 2768 2589 2822 datis
2616 2776 2670 2821 et
2705 2767 2904 2820 bibatis
2936 2767 3055 2820 sine
3085 2783 3366 2832 mensura,
3399 2783 3465 2821 ne
3499 2767 3902 2822 obliviscamini
3943 2769 4048 2823 Do-

2449 2862 2654 2914 minum
2700 2861 2868 2914 Deum
2902 2869 3142 2913 vestrum
3198 2860 3358 2928 juxta
3402 2860 3567 2913 verba
3615 2861 3754 2913 sacri
3805 2859 4052 2929 Evange-

2449 2951 2503 3007 lii
2529 2954 2599 3019 ³⁸,
2637 2953 2732 3006 sed
2762 2952 3074 3008 laboremus
3113 2968 3279 3022 Opere
3317 2968 3572 3006 manuum
3621 2961 3962 3013 nostrarum,
3994 2962 4051 3003 ut

2447 3044 2745 3099 offeramus
2777 3046 3008 3100 Domino
3037 3047 3310 3100 sacrificia
3341 3055 3396 3098 et
3427 3045 3745 3099 holocausta
3791 3043 4048 3111 paciﬁca,

2451 3136 2766 3204 ut0ptintus
2799 3146 3040 3192 nostram
3069 3138 3326 3190 exaudiat
3365 3139 3670 3195 orationem
3720 3135 3881 3196 Deus,
3919 3149 4049 3186 nos-

2451 3245 2556 3299 que
2582 3231 2869 3284 audiamus
2897 3245 3084 3284 vocem
3113 3231 3256 3282 illam
3289 3231 3458 3298 ipsius
3490 3229 3698 3282 dulcem
3731 3244 3742 3278 :
3781 3226 3939 3280 Beati
3974 3242 4055 3278 re-

2450 3320 2792 3372 concilianter
2825 3336 3006 3386 pacem
3036 3322 3172 3372 inter
3194 3319 3452 3384 homines,
3494 3320 3742 3388 quoniam
3786 3317 4056 3371 rocnbun-

2453 3421 2541 3464 tur
2560 3413 2658 3481 ﬁlii
2687 3410 2786 3465 Dei
2807 3412 2875 3480 “,
2903 3413 2992 3482 qui
3018 3423 3103 3466 est
3125 3413 3264 3465 Deus
3289 3413 3440 3479 pacis
3461 3414 3512 3465 itt
3539 3422 3822 3465 aeternum.
3849 3410 4053 3463 Amen.

3021 3566 3214 3621 SECTIQ
3249 3566 3483 3608 OCTAVA.

3087 3644 3164 3697 De
3194 3645 3422 3698 silentio.

2527 3759 2759 3830 Sapiens
2790 3759 2985 3815 asserit
3027 3760 3282 3813 Salomon
3316 3759 3384 3821 ³⁷,
3427 3757 3780 3822 dilectissimi,
3829 3756 4060 3811 thesau-

2457 3867 2576 3905 rum
2621 3853 2854 3906 electum
2892 3865 3013 3906 esse
3060 3851 3113 3905 in
3147 3867 3240 3904 ore
3283 3852 3584 3921 sapientis;
3619 3852 3767 3913 item,
3814 3849 3914 3917 qui
3953 3864 4060 3903 non

2454 3949 2636 4009 potest
2657 3943 2933 3995 custodire
2960 3957 3022 3995 os
3058 3957 3216 3995 suum
3248 3950 3414 4009 atque
3454 3940 3717 4007 linguam,
3749 3948 3970 4007 satagat
3998 3953 4062 3993 ne

2459 4033 2780 4101 multiplicet
2810 4035 2996 4087 verba.
3029 4031 3196 4098 Cave,
3236 4033 3417 4095 homo,
3446 4043 3500 4087 et
3526 4032 3720 4101 linguae
3747 4031 4060 4095 dominare,

2458 4141 2557 4178 nec
2618 4126 2948 4193 multiplices
2994 4125 3179 4190 verba,
3221 4140 3288 4178 ne
3329 4124 3652 4192 multiplices
3680 4125 3772 4176 tibi
3806 4130 4061 4193 peccata.

2458 4216 2550 4272 Ori
2584 4227 2675 4271 tuo
2720 4233 2859 4287 pone
2890 4219 3138 4287 digitum,
3169 4226 3222 4270 et
3253 4216 3464 4268 frenum
3511 4216 3704 4285 lingua:
3761 4226 3890 4277 tuae,
3935 4217 4062 4282 quia

2459 4308 2624 4361 homo
2663 4308 3014 4375 multiloquus
3057 4321 3319 4372 nusquam
3363 4303 3588 4371 Spiritui
3625 4315 3818 4356 saneto
3845 4303 4058 4354 inhabi-

2463 4399 2608 4453 tandi
2648 4400 2697 4452 itt
2749 4414 2808 4452 se
2856 4398 3109 4466 relinquit
3163 4397 3361 4451 locum.
3415 4394 3587 4448 Noctu
3633 4395 3831 4462 diuque
3861 4409 4060 4447 nomen

2466 4491 2676 4546 Domini
2715 4501 2961 4544 versetur
3014 4493 3066 4543 in
3096 4505 3191 4543 ore
3220 4502 3332 4553 tuo,
3361 4500 3414 4541 et
3451 4487 3680 4555 Spiritali
3721 4497 3839 4540 esto
3872 4489 4062 4538 condi-

2469 4596 2556 4637 tus
2586 4585 2699 4638 sale
2734 4584 2799 4647 3‘,
2835 4595 2892 4636 ut
2931 4593 3222 4653 cognoscat
3272 4581 3640 4649 unusquisque
3667 4578 4062 4632 continentiam

2462 4687 2631 4729 tuam.
2688 4674 2743 4729 Si
2800 4676 2920 4744 quis
2977 4676 3080 4727 tiro
3133 4673 3308 4727 adhuc
3361 4684 3532 4726 tecum
3584 4677 3808 4740 loquens
3860 4680 3911 4725 te
3976 4687 4060 4723 ro—

2463 4768 2673 4835 gaverit
2727 4769 2951 4822 verbum
3011 4767 3224 4834 aliquod
3278 4766 3330 4818 in
3382 4780 3489 4833 quo
3535 4775 3618 4818 est
3683 4763 3891 4816 lucrum
3950 4765 4057 4816 ani-

2465 4877 2585 4922 mat,
2639 4860 2906 4926 responde
2960 4859 3073 4923 illi;
3130 4859 3213 4910 sin
3262 4873 3391 4910 vero
3439 4856 3642 4909 nullum
3697 4866 3780 4908 est
3828 4854 4042 4908 lucrnnt

2469 4963 2586 5005 esto
2614 4963 2670 5003 ut
2699 4954 2896 5004 surdus
2945 4951 3036 5020 qui
3089 4967 3192 5004 non
3226 4951 3394 5012 audit,
3428 4959 3483 5002 et
3539 4962 3595 5001 ιιι
3631 4960 3810 5001 mutus
3841 4951 3934 5016 qui
3961 4965 4065 5000 non

2470 5044 2731 5112 loquitur.
2778 5042 2872 5095 Eia
2929 5058 3072 5096 nunc
3127 5043 3312 5111 igitur,
3358 5042 3449 5094 filii
3507 5042 3633 5103 mei,
3690 5056 3873 5094 veram
3909 5045 4064 5094 vobis

2463 5145 2776 5203 comparate
2819 5135 3148 5200 doctrinam,
3207 5143 3263 5185 ut
3297 5135 3415 5188 sitis
3469 5134 3694 5202 perfecti
3740 5152 3754 5188 :
3818 5133 4062 5201 impense

2464 5227 2692 5295 quwrite
2728 5226 3013 5278 veritatem
3063 5235 3116 5278 et
3184 5224 3678 5286 mansuetudinem,
3733 5233 3792 5275 ut
3836 5223 4063 5292 implea-

2474 5323 2602 5374 ntini
2630 5321 2805 5376 battis.
2830 5320 2928 5387 Qui
2960 5334 3138 5376 autem
3195 5322 3317 5376 silet
3371 5325 3564 5374 sedens
3591 5335 3774 5374 coram
3807 5321 3939 5384 Deo,
3976 5322 4061 5373 ad-

2474 5411 2786 5477 implebitur
2825 5413 2888 5463 de
2921 5409 3009 5462 illo
3038 5414 3260 5464 verbum
3306 5412 3566 5479 scriptum
3615 5429 3628 5464 :
3661 5410 3809 5465 Beati
3835 5412 3929 5480 qui
3973 5408 4069 5462 Ini-

2473 5503 2802 5555 serebuntur
2825 5491 3180 5572 illis.pr0ptcr
3209 5505 3458 5558 timorem
3488 5504 3531 5535 "
3563 5504 3870 5572 Deijudicis
3919 5504 4064 5553 vito-

2964 5661 3006 5690 "
3047 5659 3062 5711 l
3094 5661 3302 5726 Cor.vt,
3339 5661 3425 5717 l9.
3503 5661 3548 5691 ’³
3577 5659 3719 5713 Psal.
3752 5675 3938 5718 xavttt,
3983 5657 4062 5726 l5.

3013 5731 3058 5760 ”
3101 5730 3256 5783 Joan.
3288 5723 3415 5792 ἀιν,
3464 5731 3551 5784 27.
3670 5730 3714 5760 ³³
3757 5728 3868 5780 .Iar.
3907 5747 3947 5788 t,
3985 5723 4062 5780 Η.

3517 5802 3558 5834 ³⁹
3580 5800 3729 5854 Juda:
3763 5802 3852 5854 ‘25.
