4220 6316
151 373 230 434 969

1106 362 1163 416 S.
1204 356 1482 414 ANTONH
1518 355 1586 409 M.
1627 347 1918 406 ABBATIS
1961 342 2351 402 SERMONES.

3252 334 3364 391 970

151 511 243 550 rum
269 501 316 546 et
353 501 686 545 mortuorum
724 486 856 555 :qui
905 493 1081 538 autem
1126 476 1685 548 adimpletconsilium
1718 479 1760 530 Α
1795 469 2039 522 habitare
2071 481 2188 517 cum
2237 476 2552 516 susurrune.
2590 458 2941 527 Blasphemus
2981 465 3139 523 atque
3172 464 3357 525 tyran-

149 596 380 646 tustorum
420 584 536 636 sine
569 579 935 649 corruptione,
972 577 1115 630 vivet
1163 575 1215 628 in
1244 583 1504 626 internum
1543 585 1604 624 ac
1636 569 1688 621 in

149 675 390 734 modum.
429 674 618 726 Amen.

723 779 908 820 δεῦτιο
945 780 1101 820 NONA.

155 861 203 914 lu
243 875 333 930 qua
375 857 579 930 colatur
613 873 726 909 eum
767 856 853 924 qui
895 871 948 908 se
982 852 1218 930 religioni
1241 851 1694 928 addicnipmprra!

312 927 497 981 salutis
532 943 714 983 causa.
751 919 840 978 nec
869 919 1154 994 perseverat
1178 923 1232 975 in
1261 919 1506 986 peccarit.

213 1020 338 1074 Dixit
376 1017 585 1071 Psalles
635 1033 648 1068 :
691 1013 884 1070 Servite
923 1013 1142 1065 Domino
1181 1013 1236 1063 in
1272 1010 1454 1062 timore
1486 1021 1503 1057 :
1538 1022 1579 1057 ei
1610 1020 1699 1055 ea:-

153 1110 321 1162 tidtate
369 1110 415 1159 ei
469 1123 586 1159 cum
635 1116 857 1158 tremore
887 1105 956 1154 δ’.
1017 1101 1294 1168 Scriptura
1327 1098 1487 1150 etiam
1526 1094 1697 1147 dicit:

159 1197 226 1253 Ne
249 1198 402 1250 alium
458 1196 640 1248 colatis
692 1194 852 1247 Deum
882 1204 1069 1261 pra'ter
1096 1206 1174 1242 me
1204 1188 1271 1241 “.
1298 1186 1524 1256 Expedit
1549 1184 1704 1242 nobis

156 1306 286 1356 ergo,
320 1287 516 1343 fratres
562 1285 920 1347 dilectissimi,
982 1283 1184 1337 servire
1242 1279 1349 1333 Deo
1392 1293 1406 1331 :
1446 1278 1702 1344 quoniam

159 1383 316 1434 melius
370 1389 466 1443 est,
517 1381 588 1432 uli
641 1377 898 1430 scribitur
929 1374 993 1436 θ’,
1047 1373 1183 1441 canﬁ
1203 1372 1307 1424 lere
1356 1371 1409 1423 in
1461 1367 1701 1428 Domino.

156 1485 292 1540 quam
319 1469 580 1535 conﬁdere
615 1466 666 1517 in
728 1461 1024 1516 hominibus
1082 1459 1157 1513 Ne
1196 1458 1410 1512 solliciti
1465 1472 1594 1525 ergo
1629 1456 1704 1507 si-

160 1576 261 1616 mus
289 1561 492 1616 servire
524 1556 854 1619 hominibus,
898 1570 961 1607 ne
997 1553 1048 1605 in
1092 1553 1311 1621 laqueos
1345 1565 1530 1603 eorum
1568 1545 1705 1599 inci-

156 1647 350 1709 damus,
377 1659 681 1713 pravasque
705 1644 940 1711 ipsorum
969 1639 1454 1709 concupiscentias.
1493 1636 1570 1690 Ne
1593 1653 1711 1689 am-

159 1740 292 1793 bules
329 1747 451 1806 post
515 1735 1002 1804 concupiscentiam
1054 1733 1200 1786 visus
1249 1730 1524 1784 oculorum
1589 1739 1706 1781 tuo-

1798 574 1898 612 nns
1929 556 2175 610 meliores
2200 564 2328 607 sunt
2378 563 2690 604 susurrone.
2739 547 2932 603 Omnia
2965 553 3184 615 peccata
3211 561 3357 598 nutr-

1797 652 2101 705 muratione
2131 656 2254 699 sunt
2296 645 2523 696 minora.
2579 642 2812 696 Susurro
2840 649 2894 694 et
2926 640 3018 709 qui
3076 638 3174 708 ipsi
3206 654 3367 691 aures

1798 744 2020 812 prmbet,
2052 742 2294 793 eamdem
2335 736 2572 789 referunt
2601 732 3123 787 condemnationem.
3193 729 3364 797 Expe-

1801 834 2031 887 dieutius
2060 830 2150 883 tibi
2193 837 2277 881 est
2303 828 2368 879 ad
2393 826 2568 895 ignem
2595 823 2846 877 accedere
2867 831 2920 874 et
2948 821 3215 882 comburi,
3266 835 3362 887 pn-

1810 927 1917 978 tius
1954 938 2114 992 quant
2161 918 2415 972 accedere
2447 917 2510 969 ad
2562 929 2926 969 susurrouem.
2981 912 3034 966 Si
3084 912 3371 966 incesserit-

1802 1031 1965 1084 supcr
1985 1015 2170 1082 picem
2201 1011 2544 1063 cliullietitcui
2590 1006 2791 1073 tibique
2823 1005 3051 1066 caveris,
3083 1003 3234 1055 facile
3265 1003 3369 1054 sai-

1807 1121 1903 1160 vus
1930 1107 2121 1159 et'ailcs
2151 1121 2162 1154 :
2193 1114 2246 1152 at
2286 1101 2327 1153 si
2353 1115 2476 1151 casu
2512 1097 2790 1150 transieris
2816 1110 2976 1162 prope
3001 1109 3367 1151 susurronum,

1808 1196 1961 1264 longe
2014 1192 2205 1245 recede
2241 1189 2443 1250 abillo,
2481 1204 2545 1238 ne
2577 1184 3062 1239 irremediabilibns
3106 1195 3156 1237 te
3204 1184 3372 1252 plagis

1809 1289 2008 1345 tradat,
2043 1284 2164 1349 quia
2194 1297 2253 1334 os
2280 1279 2394 1348 cjtts
2422 1279 2563 1331 omni
2595 1289 2834 1345 tempore
2861 1276 3071 1344 plenum
3099 1287 3178 1329 cst
3202 1276 3377 1328 homi-

1807 1376 1963 1430 cidiis
1999 1385 2050 1426 ct
2080 1373 2374 1425 fraudibus.
2403 1369 2762 1435 Quamobrem
2796 1368 2943 1420 vobis
2970 1366 3155 1420 stricte
3186 1370 3372 1434 ιιι-ει·ρί-

1811 1469 1916 1536 pio,
1943 1475 2000 1518 ut
2029 1465 2262 1516 maxima
2306 1478 2404 1528 qua
2444 1461 2662 1528 potestis
2712 1458 2858 1528 fuga,
2891 1472 2919 1510 a
2951 1472 3239 1512 susurrone
3286 1471 3379 1506 vos

1815 1559 2126 1628 recipiatis;
2163 1557 2457 1608 innuat-hiis
2518 1554 2586 1605 sit
2621 1551 2726 1614 ille,
2781 1551 3122 1606 anachoreta.
3173 1549 3248 1600 vel
3284 1549 3384 1602 de-

1811 1663 2049 1711 certans,
2093 1649 2203 1701 sive
2230 1647 2486 1710 novitius,
2532 1643 2822 1698 dummodo
2851 1658 3072 1696 susurro
3099 1653 3200 1706 est,
3230 1643 3372 1710 quis--

1814 1743 1934 1810 quis
1969 1743 2058 1803 sit,
2091 1741 2212 1808 fuge
2241 1738 2412 1801 illum,
2441 1736 2541 1787 etsi
2574 1745 2726 1802 pater
2747 1733 2905 1786 fuerit
2927 1742 3050 1785 tuus
3077 1732 3154 1783 vel
3183 1732 3380 1789 frater;

160 1849 284 1890 rum.
313 1847 411 1886 nec
444 1846 538 1884 cor
568 1839 717 1883 tuum
748 1826 1028 1886 dissolvas,
1068 1842 1134 1879 ne
1161 1824 1366 1877 incidas
1411 1825 1464 1876 in
1489 1823 1602 1875 loca
1633 1830 1708 1874 te-
1745 1837 1747 1843 ε

1846 1848 2037 1888 usui-ro
2064 1844 2166 1891 est,
2205 1830 2358 1898 longe
2399 1839 2449 1881 te
2475 1828 2539 1880 ab
2565 1830 2679 1894 ipso
2712 1817 2951 1895 recipito.
2990 1824 3213 1891 Expedit
3242 1823 3388 1876 enim

161 1923 432 1976 nebrarnm
478 1921 640 1973 [mnis
671 1920 825 1988 plena
869 1919 918 1970 iii
947 1927 1231 1970 a‘ternum.
1262 1913 1710 1981 Concupiscentia

160 2030 372 2081 namque
407 2011 544 2070 mala
595 2026 689 2065 cor
746 2010 1025 2078 pervertit,
1050 2016 1102 2061 et
1157 2015 1388 2059 mentem
1424 2013 1712 2072 permutat.

161 2103 380 2172 Longius
413 2103 575 2172 igitur
610 2102 847 2155 recedire
882 2099 948 2150 ab
980 2112 1064 2159 ea,
1101 2111 1167 2148 ne
1201 2094 1290 2147 Dei
1326 2093 1636 2146 inhabitans
1662 2093 1713 2144 iti

162 2194 295 2248 vobis
325 2195 589 2246 irascatur
616 2191 870 2260 Spiritus.
905 2189 1008 2243 Vos
1038 2197 1240 2248 autem,
1281 2185 1370 2238 ﬁlii
1405 2185 1530 2249 mei,
1563 2198 1717 2252 aequo

161 2284 376 2353 fortique
407 2295 580 2339 estote
639 2284 840 2344 animo,
872 2292 924 2334 et
958 2280 1228 2333 diabolum
1287 2277 1436 2331 "oeci
1494 2277 1673 2330 ducite
1701 2315 1715 2336 ,

162 2374 398 2440 quoniam
467 2373 724 2424 habemus
771 2370 1106 2432 Creatorem,
1159 2368 1247 2437 qui
1297 2376 1491 2435 pratslo
1521 2377 1603 2418 est
1654 2365 1719 2417 ad

160 2480 299 2532 Opem
330 2466 486 2518 nobis
514 2464 815 2524 ferendam,
855 2475 908 2514 ut
950 2460 1064 2527 ejus
1099 2458 1358 2514 faciamus
1392 2459 1718 2522 voluntatem

160 2567 417 2610 etcuncta
459 2555 789 2623 bcncplacita
839 2554 985 2608 omni
1031 2565 1290 2622 tempore.
1326 2551 1506 2616 Quare
1543 2551 1723 2603 excla-

159 2664 362 2701 memus
391 2652 633 2701 dicentes
670 2664 682 2698 :
719 2647 853 2699 Deus
882 2645 973 2708 mi,
1011 2660 1102 2713 ego
1127 2659 1240 2696 sum
1278 2658 1474 2704 servus,
1505 2650 1552 2694 et
1581 2638 1725 2708 [ilius

158 2737 356 2791 anciltw
392 2749 496 2789 tua:
521 2736 589 2788 “.
615 2735 752 2789 Deus
787 2735 876 2803 qui
909 2733 1054 2787 solus
1083 2732 1298 2799 sapiens
1330 2738 1436 2794 est,
1457 2729 1727 2783 custodiat

159 2845 266 2891 vos,
299 2839 352 2879 ut
389 2829 714 2881 exa'rescatis
767 2827 817 2877 in
851 2826 1104 2891 operibus
1143 2822 1350 2876 Domini
1384 2821 1557 2877 nostri
1601 2820 1726 2875 Jesu

160 2921 374 2985 Christi,
405 2922 488 2974 cui
525 2920 691 2987 gloria
723 2920 771 2971 in
807 2928 1086 2971 aeternum.
1124 2917 1167 2968 A
1192 2932 1313 2969 aen.

730 3071 916 3110 ξεί-ιο
947 3068 1159 3110 νεεικιι.

252 3191 467 3257 Oportet
498 3209 589 3244 nos
613 3192 895 3255 plurimum
937 3207 1116 3242 cavere
1138 3207 1168 3242 a
1195 3189 1386 3259 linguis
1418 3190 1631 3243 nostris.

227 3285 484 3338 Dominus
516 3293 697 3335 uoster
727 3281 882 3334 Jesus
905 3282 1155 3336 Christus
1178 3283 1226 3334 in
1255 3296 1353 3335 suo
1377 3297 1537 3334 sacro
1563 3280 1734 3333 Evan-

159 3373 294 3441 gelio
329 3375 488 3427 nobis
523 3372 653 3424 dicit
699 3389 712 3423 :
761 3371 961 3424 Intrate
994 3389 1085 3440 per
1126 3381 1402 3441 angustum
1443 3371 1732 3440 portam“.

164 3466 293 3518 Dicit
327 3467 458 3518 item
492 3479 505 3516 :
543 3462 644 3516 Per
666 3465 858 3516 multa:
898 3462 1261 3515 tributationes
1301 3472 1496 3529 oportet
1521 3478 1611 3525 nos
1651 3463 1732 3512 in-

160 3569 296 3610 trare
322 3559 380 3608 in
431 3572 647 3624 regnum
672 3557 738 3609 “.
798 3555 935 3620 Quid
974 3564 1154 3608 autem
1195 3555 1264 3608 sit
1305 3568 1458 3623 porta
1508 3566 1732 3622 angusta

160 3664 252 3716 per
284 3664 450 3717 quam
482 3635 983 3701 nobis‘intranduin
1017 3657 1118 3710 est,
1151 3646 1350 3700 fratres
1376 3645 1733 3707 dilectissimi,

160 3738 212 3793 id
247 3741 404 3794 nobis
442 3739 664 3806 sapiens
712 3738 967 3792 Salomon
1020 3737 1211 3806 aperit,
1249 3739 1375 3790 dum
1419 3738 1548 3790 dicit
1579 3755 1592 3790 :
1630 3735 1737 3787 Fili

160 3827 253 3888 mi,
271 3841 334 3878 ne
375 3826 652 3892 permittas
689 3828 766 3876 ari
797 3834 907 3886 tuo,
935 3834 986 3876 ut
1015 3827 1305 3892 aperiatur,
1333 3842 1394 3877 ne
1414 3836 1582 3892 peccet
1615 3843 1736 3877 curo

160 3927 246 3967 tua
286 3916 351 3968 “'.
405 3915 626 3969 Necnon
681 3933 692 3967 :
734 3913 804 3969 Os
839 3916 1008 3977 stulti,
1043 3916 1286 3967 contritio
1314 3916 1427 3983 ejus
1457 3915 1522 3967 ⁸⁷.
1570 3917 1736 3967 Adni-

161 4019 337 4062 tatnur
365 4025 499 4078 ergo
528 4009 709 4063 oribus
734 4010 934 4062 nostris
963 4007 1157 4061 fortem
1183 4022 1380 4076 ponere
1414 4009 1738 4069 custodiam,

163 4119 224 4155 ne
253 4103 378 4154 mali
409 4102 705 4168 quidquam
737 4102 1092 4168 proleramus,
1126 4099 1377 4166 quoniam
1406 4114 1584 4151 sermo
1613 4113 1704 4164 pra
1723 4130 1737 4138 -

159 4207 256 4247 vus
287 4194 510 4247 cunctis
539 4193 756 4244 venenis
786 4191 933 4259 pejor
966 4202 1066 4243 est.
1090 4190 1285 4245 Omnia
1311 4190 1527 4244 Vulnera
1549 4207 1742 4244 curan-

162 4294 273 4350 tur;
307 4285 508 4336 vulnus
565 4297 692 4336 vero
718 4281 908 4348 lingua:
960 4282 1160 4335 nullam
1191 4283 1524 4341 curationem
1561 4284 1739 4336 habet.

160 4372 365 4442 Lingua
403 4374 664 4429 draconis
696 4381 916 4440 priestat
973 4372 1150 4441 lingua
1185 4374 1516 4436 susurronis,
1545 4375 1632 4440 qui
1663 4382 1746 4427 est

1817 1923 1984 1989 magis
2025 1920 2346 1993 commorari
2393 1932 2514 1970 cum
2575 1919 2727 1968 leone
2767 1924 2819 1967 et
2849 1915 3032 1974 leirna,
3077 1926 3385 1981 quamcum

1819 2027 2130 2068 susurronc.
2160 2011 2267 2064 Nec
2319 2021 2369 2062 te
2410 2009 2607 2074 pudeat
2635 2006 2754 2074 fuga
2805 2006 2871 2058 ab
2902 2005 2988 2057 illo
3020 2006 3288 2068 recedere,
3323 2021 3392 2055 ne

1820 2102 2032 2172 peccati
2060 2116 2266 2154 veneno
2298 2109 2348 2153 te
2377 2098 2599 2152 inliciat.
2625 2097 2721 2150 Eia
2759 2096 2939 2165 igitur,
2966 2095 3056 2148 tilii
3090 2095 3214 2160 mei,
3246 2111 3390 2148 mur-

1823 2195 2177 2249 murationem
2211 2194 2400 2263 iugite,
2424 2203 2477 2245 et
2514 2191 2728 2245 silentio
2756 2199 2947 2243 navate
2969 2204 3187 2258 operam
3214 2205 3228 2252 ;
3269 2188 3391 2256 quia

1822 2289 2035 2341 silentio
2065 2287 2277 2339 deditus
2311 2300 2475 2352 prope
2508 2267 2671 2336 Deum
2709 2295 2791 2335 est
2823 2291 2876 2335 et
2925 2281 3144 2350 angelos
3177 2281 3315 2349 cjus,
3340 2291 3393 2332 et

1824 2381 1876 2432 in
1911 2379 2190 2433 altissimis
2222 2378 2532 2431 (cuneatus.
2570 2375 2824 2428 Dominus
2862 2383 3036 2426 autem
3078 2373 3227 2434 dicit,
3253 2373 3395 2440 quod

1828 2481 1957 2523 tunc
1987 2468 2256 2520 custodiet
2289 2466 2400 2516 vias
2432 2474 2565 2525 luas,
2599 2464 2811 2529 quando
2836 2462 2946 2529 ipse
2984 2472 3101 2514 tuos
3127 2459 3402 2514 custodics

1833 2575 2112 2615 sermones
2143 2558 2212 2608 ⁸⁸.
2238 2558 2496 2621 Dicetqiie
2534 2555 2683 2606 nobis
2712 2563 2994 2621 propterea
3022 2553 3072 2604 in
3102 2552 3187 2604 die
3224 2552 3402 2604 visita-

1832 2653 1991 2706 tionis
2022 2661 2219 2703 nostra:
2272 2670 2282 2701 :
2336 2647 2532 2699 Beatus
2562 2661 2643 2705 es,
2702 2644 2888 2708 Israel,
2950 2645 3038 2710 qui
3076 2644 3310 2698 custodis
3341 2659 3408 2697 os

1830 2754 2000 2796 tuttm.
2034 2741 2165 2806 Quis
2190 2739 2381 2791 similis
2421 2749 2500 2790 est
2535 2735 2653 2788 tui?
2711 2735 2847 2789 Dens
2882 2747 3058 2789 autem
3107 2750 3199 2789 vos
3225 2716 3403 2789 servet

1832 2848 1965 2902 pace
1991 2847 2086 2886 sua
2121 2842 2282 2900 atquc
2309 2828 2500 2898 gratia.
2531 2829 2724 2879 Amen.

2360 2936 2545 2974 i-ECTIO
2582 2933 2845 2974 UNDECIIA
2858 2961 2869 2972 .

2005 3014 2076 3067 De
2103 3013 2362 3080 sapientia
2392 3022 2437 3064 et
2479 3011 2850 3078 iuteltigentia,
2881 3026 2966 3061 seu
2998 3012 3237 3064 scientia.

1911 3107 2049 3161 Dicit
2100 3107 2318 3173 sapiens
2367 3102 2622 3156 Salomon
2649 3102 2692 3133 ‘9
2724 3119 2736 3153 :
2774 3099 3101 3169 Principium
3139 3103 3413 3169 sapientiae

1842 3208 1917 3251 est
1958 3199 2118 3248 timor
2151 3194 2384 3247 Domini.
2429 3194 2661 3246 Sticntia
2719 3193 2900 3260 itaque
2950 3193 3188 3259 aperanti
3221 3207 3410 3246 secun-

1839 3292 1966 3343 dum
2009 3287 2123 3350 eius
2176 3296 2394 3348 statuta,
2435 3287 2634 3352 optima
2688 3294 2790 3338 est.
2841 3283 3112 3335 Aitctiam
3134 3282 3219 3335 ὀε
3257 3283 3415 3336 Omni

1836 3379 2106 3447 diligentia
2156 3377 2355 3428 custodi
2412 3391 2500 3427 cor
2533 3386 2676 3426 tuum
2705 3417 2717 3437 ,
2758 3374 3002 3446 quoniam
3047 3375 3244 3426 semitm
3293 3376 3412 3426 rita:

1837 3486 1901 3523 ex
1938 3469 2016 3519 his
2068 3467 2370 3531 procedunt.
2424 3462 2555 3516 Nam
2607 3474 3021 3515 consentaneum
3086 3474 3160 3515 (‘Sl
3191 3503 3204 3524 ,
3265 3472 3320 3515 ut
3361 3464 3415 3516 in

1840 3572 2024 3613 nostro
2058 3559 2317 3627 regimine
2353 3558 2567 3608 solliciti
2603 3556 2800 3616 simus,
2820 3570 2884 3607 ne
2912 3555 3064 3608 stulti
3095 3555 3410 3616 habeantur,

1846 3652 2042 3705 stultus
2077 3661 2252 3702 autem
2289 3649 2446 3700 nauci
2480 3648 2733 3709 ducitur;
2771 3646 2996 3713 ideoque
3024 3646 3242 3705 dit-itur,
3275 3647 3417 3712 quod

1842 3743 2037 3798 stultus
2062 3753 2117 3796 ct
2156 3743 2462 3793 insensalus
2511 3755 2609 3790 una
2668 3747 2918 3803 pereunt,
2945 3748 2989 3787 vl
3060 3738 3109 3786 in
3149 3736 3292 3788 nullo
3323 3739 3414 3786 lio-

1845 3851 1974 3889 nore
1998 3835 2281 3888 habentur.
2317 3831 2452 3883 Dicit
2487 3841 2741 3897 pradcrca
2786 3827 3036 3881 Salomon
3070 3846 3083 3880 :
3127 3826 3218 3879 Ira
3274 3827 3416 3880 stulti

1842 3943 1901 3979 eo
1940 3927 2088 3994 pejor
2117 3934 2191 3977 est
2237 3923 2302 3972 “.
2355 3920 2566 3975 Nemo"
2610 3938 2621 3973 :
2683 3918 2854 3971 Durus
2879 3920 3033 3972 corde
3056 3918 3105 3970 in
3143 3919 3305 3969 multa
3337 3920 3416 3969 in-

1844 4016 1975 4070 cidet
1999 4015 2138 4067 mala
2161 4015 2205 4045 "
2232 4055 2246 4077 ,
2295 4022 2349 4066 et
2396 4011 2612 4066 ossibus
2639 4009 2754 4077 ejus
2789 4026 2891 4063 non
2931 4022 3008 4064 est
3035 4009 3259 4072 sanitas,
3328 4026 3407 4062 nc-

1844 4121 1948 4174 quc
1980 4105 2154 4156 anima
2192 4101 2306 4167 ejus
2335 4101 2571 4168 requiem
2630 4102 2990 4165 nanciscetur,
3046 4109 3100 4152 et
3153 4104 3200 4154 iii
3251 4112 3425 4155 morte

1845 4197 1960 4264 ejus
2005 4210 2108 4247 non
2171 4207 2252 4246 est
2307 4193 2518 4260 requies
2557 4208 2729 4259 neque
2791 4194 2981 4246 honor.
3044 4193 3213 4247 llunio
3251 4195 3426 4248 cintus

1847 4287 2009 4339 corde
2039 4283 2288 4337 omnibus
2313 4294 2395 4337 es:
2448 4272 2667 4347 exosus,
2703 4285 2840 4350 quod
2879 4299 3041 4354 opera
3093 4285 3233 4339 illius
3260 4286 3420 4338 nimis

1846 4374 2084 4429 fastuosa
2121 4376 2265 4437 sint;
2327 4385 2718 4443 proptereaque
2764 4375 2813 4426 in
2870 4376 3032 4428 multa
3082 4377 3264 4430 incidit
3304 4393 3431 4445 pce-

158 4485 185 4520 a
216 4472 463 4538 pessimo
495 4466 727 4529 diabolo,
770 4467 891 4534 quia
929 4466 1076 4520 rixas
1099 4476 1152 4520 et
1180 4467 1326 4520 acria
1359 4469 1658 4519 certamina
1691 4468 1740 4520 in
1779 4495 1822 4547 υ
1848 4479 1988 4521 cata.
2039 4464 2229 4520 Omnia
2300 4476 2519 4533 peccata
2577 4480 2758 4518 coram
2818 4466 2926 4518 Deo
2976 4478 3098 4519 sunt
3150 4470 3421 4534 despecta,

159 4560 335 4613 medio
372 4559 581 4611 excitat
621 4555 873 4620 fratrum,
910 4565 963 4610 et
992 4557 1286 4609 seditiones
1315 4571 1378 4610 ac
1413 4556 1552 4610 mala
1576 4558 1739 4610 semi-

160 4661 248 4702 nat
280 4651 429 4702 inter
463 4646 736 4717 pacificos,
782 4657 835 4699 et
871 4647 1319 4716 coogrcgationes
1365 4648 1591 4716 dissipat
1621 4649 1740 4716 plu-

161 4744 344 4796 rimas.
385 4743 443 4794 Si
479 4742 543 4792 ad
591 4749 642 4792 te
676 4740 818 4791 illum
875 4739 1078 4806 ingredi
1126 4740 1458 4807 permiseris,
1489 4741 1742 4793 omnibus

158 4835 523 4904 dignitatibus
557 4829 804 4899 spoliabit
839 4839 909 4883 te.
944 4830 1259 4895 Quicunque.
1282 4829 1590 4883 societatem
1619 4847 1740 4882 cum

159 4927 248 4978 illo
280 4924 530 4983 iniverit,
556 4924 666 4991 jam
705 4922 992 4975 lioinicidis
1019 4930 1069 4973 et
1106 4920 1546 4973 interlicientibus
1574 4922 1749 4988 gladio

160 5018 336 5071 factus
365 5025 456 5069 est
483 5016 684 5075 socius,
723 5015 845 5080 quia
873 5012 1136 5065 homicida
1166 5019 1219 5062 et
1247 5025 1470 5064 Susurro
1497 5014 1748 5064 eumdem

159 5113 475 5178 producunt
525 5107 793 5170 catulum;
837 5121 959 5158 nam
993 5105 1036 5156 si
1080 5103 1255 5173 gladio
1290 5118 1395 5154 non
1432 5104 1749 5156 interimunt

161 5215 229 5265 te,
269 5217 336 5255 eo
373 5210 429 5252 te
462 5198 728 5251 adducent
763 5196 949 5248 eodem
983 5196 1221 5248 vulnere.
1258 5192 1459 5263 Lingua
1500 5211 1748 5246 susurro-

161 5299 243 5348 nis
271 5295 423 5347 baud
461 5289 724 5343 absimilis
766 5297 849 5339 est
900 5289 1100 5339 morsui
1138 5286 1341 5340 Culubri
1390 5303 1401 5337 :
1440 5285 1546 5338 into
1585 5288 1750 5355 magis

157 5387 382 5454 expedit
404 5382 657 5436 habitare
675 5394 792 5431 cum
811 5378 1030 5429 colubro
1051 5389 1103 5429 et
1125 5377 1432 5442 atorpione,
1454 5392 1610 5442 quam
1646 5392 1752 5426 una

742 5617 787 5650 δι
818 5616 986 5672 Exod.
1017 5631 1108 5680 xx,
1135 5615 1188 5669 3.

697 5689 740 5720 "
772 5687 926 5740 Prov.
957 5700 1110 5746 xvtti.
1147 5687 1197 5738 7.
1307 5687 1352 5717 ⁸⁸
1376 5687 1530 5740 Prov.
1566 5700 1610 5736 χι

697 5773 777 5812 nv.
810 5770 1000 5817 xxviii,
1030 5757 1116 5808 Η.
1189 5757 1233 5787 ⁸³
1263 5755 1420 5810 Prov.
1454 5771 1534 5817 ις,
1562 5754 1610 5805 7.

231 5622 278 5652 ⁵³
299 5624 456 5679 Psal.
494 5636 556 5686 It,
585 5619 670 5673 Η.
742 5617 787 5650 δι
818 5616 986 5672 Exod.
1017 5631 1108 5680 xx,
1135 5615 1188 5669 3.
1267 5617 1308 5646 δ’
1343 5615 1477 5671 Psal.
1510 5629 1674 5679 mut,
1700 5615 1751 5686 8.

154 5708 200 5740 η
234 5696 425 5753 Eccle.
465 5708 522 5754 ν,
552 5689 606 5744 5.

160 5782 330 5833 urit,
389 5764 452 5817 3.
547 5760 594 5791 ⁸¹
617 5757 777 5812 Prov.
810 5770 1000 5817 xum,
1030 5757 1116 5808 Η.

417 5859 698 5918 Ριϊιιοι..
747 5857 863 5914 (in.
916 5852 1043 5911 XL.

1307 5687 1352 5717 “’
1376 5687 1530 5740 Prov.
1566 5700 1660 5738 xui
1690 5724 1702 5748 ,
1736 5685 1797 5749 3;
1835 5685 2056 5745 xxt,‘:t5.

1849 4562 1942 4612 sed
1973 4559 2212 4611 omnium
2262 4555 2746 4622 deSpiCatissimum
2812 4566 2896 4608 est
2943 4560 3186 4624 superbia
3219 4561 3420 4612 cordis.

1850 4649 2165 4715 Quicunque
2223 4657 2314 4698 attt
2371 4647 2503 4714 petit
2561 4661 2655 4699 aut
2707 4646 2798 4699 dat
2860 4649 3137 4700 consilium
3194 4652 3426 4714 superbo

1849 4741 2030 4802 cortlc,
2063 4739 2251 4790 similis
2281 4747 2360 4788 cst
2390 4735 2680 4790 ciiundcnti
2743 4753 2934 4803 aquam
2974 4739 3024 4790 in
3059 4754 3148 4791 Vas
3183 4742 3424 4808 peiura-

1855 4841 1965 4880 tnni
1996 4847 2007 4880 :
2042 4827 2120 4880 vel
2156 4827 2227 4878 illi
2262 4825 2454 4879 similis
2480 4837 2579 4891 est,
2623 4826 2712 4894 qui
2748 4830 3165 4882 transvolantcm
3194 4831 3423 4899 alloqui-

1852 4929 1938 4972 tur
1962 4935 2133 4971 avcm.
2161 4919 2486 4971 Societatem
2510 4934 2632 4971 cum
2661 4921 2891 4973 dracone
2923 4930 2976 4972 et
3001 4920 3067 4990 by
3112 4937 3170 4974 ro
3192 4923 3428 4988 pessimo

1855 5013 2009 5072 inire,
2041 5013 2417 5077 expedientitts
2469 5017 2573 5073 est,
2602 5026 2759 5076 quam
2793 5026 2912 5064 cum
2957 5013 3188 5079 superbo
3215 5014 3376 5066 corde
3409 5031 3422 5066 :

1853 5113 2022 5171 quare
2069 5104 2405 5154 inserar-alunt
2437 5102 2525 5168 qui
2596 5103 2794 5162 erudit.
2826 5106 3121 5170 exprobrat
3157 5104 3322 5172 legem
3355 5105 3421 5155 ".

1856 5195 2028 5246 Draco
2072 5195 2116 5245 si
2176 5194 2446 5246 hominem
2499 5194 2694 5246 nudum
2722 5193 2936 5256 viderit,
2963 5193 3144 5262 capite
3193 5197 3427 5248 demisso

1861 5288 2147 5338 retrocedit
2187 5304 2199 5337 :
2250 5296 2299 5336 at
2358 5287 2520 5336 homo
2547 5286 2812 5352 superbus
2841 5294 3007 5337 corde
3040 5285 3184 5337 nullo
3213 5290 3425 5354 Capitur

1859 5377 2061 5444 pudore
2093 5388 2307 5443 propter
2339 5376 2723 5442 nequissimam
2755 5378 2931 5429 cordis
2953 5379 3069 5444 cjns
3096 5379 3306 5442 Slllh'l'lli
3331 5398 3427 5433 -ιιι,

1835 5616 1875 5642 is
1901 5613 2040 5665 ρδμι,
2079 5629 2199 5671 (λιν,
2241 5616 2321 5666 16.
2399 5616 2443 5644 δ”
2465 5612 2651 5669 Mttllh.
2685 5631 2781 5679 Vit,
2815 5618 2896 5672 15.

2164 5684 2208 5716 ⁸⁸
2237 5686 2390 5740 l’rov.
2425 5701 2463 5748 ι,
2493 5680 2544 5739 7.

2977 5618 3158 5669 “det.
3198 5618 3420 5676 ιιιν,ἳ1.

2655 5686 2704 5716 '°‘
2736 5685 2893 5744 Prov.
2925 5704 2999 5752 tv,
3026 5687 3114 5740 ‘23.
3193 5689 3233 5717 ⁵¹
3265 5689 3426 5743 lbos.

3033 5848 3104 5909 31
