4220 6316
785 262 880 317 9η
1881 260 2156 319 PATRES
2195 262 2492 319 EGYPTII
2535 263 2809 321 SASCULI
2848 268 2938 323 iV.
3960 277 4053 335 υἷε

787 380 1047 435 Diabolus
1100 379 1264 434 etiam
1296 380 1365 434 ob
1404 378 1586 434 cordis
1620 380 1699 434 sui
1733 379 2097 449 superbiame
2118 380 2256 435 caelo
2279 379 2374 436 de-
2404 387 2448 443 Α
2479 399 2645 439 meam
2676 386 2950 453 suscepisti
2982 404 3082 453 me,
3142 400 3189 444 et
3212 392 3540 460 conﬁrmasti
3579 411 3658 449 me
3706 395 3761 448 in
3792 408 4052 465 conspectu

782 470 1034 525 turbatus
1065 481 1169 525 cst.
1201 468 1310 524 Vos
1337 469 1459 539 ipsi,
1498 485 1592 524 vos
1624 471 1900 541 corrigite,
1943 481 1996 525 et
2022 481 2241 540 peccata
2273 486 2367 527 ve-

782 573 897 617 stra
920 577 1105 617 coram
1141 563 1247 617 Deo
1280 573 1333 617 et
1367 563 1563 616 vestris
1590 562 1884 629 majoribus
1918 562 2283 628 confitemini,
2311 573 2367 617 ut

785 668 883 708 vos
910 655 1021 723 ipse
1050 653 1272 717 exaltet,
1304 654 1434 722 quia
1485 668 1731 706 summus
1762 652 1850 707 ille
1883 652 1936 705 in
1967 652 2121 707 ctelis
2155 662 2260 717 est,
2314 662 2366 706 et

783 746 1014 801 humiles
1044 762 1072 800 a
1115 747 1273 817 longe
1308 745 1549 814 respicit.
1603 744 1695 799 Eia
1728 759 1868 799 nunc
1896 743 2077 814 igitur,
2116 743 2208 796 lilii
2241 743 2363 805 mei,

783 838 1129 893 decertamus
1181 837 1479 891 secundum
1516 852 1695 891 veram
1759 835 2128 905 optimumque
2153 834 2367 904 sapien-

781 926 935 993 tiam,
967 941 1037 982 ne
1060 926 1126 980 de
1159 926 1315 979 nobis
1361 924 1724 994 adimpleatnr
1764 921 2046 983 Scriptura
2085 919 2175 973 illa
2211 936 2223 971 :
2265 917 2370 973 Cor

777 1017 927 1071 stulti
964 1016 1021 1070 in
1052 1016 1269 1069 sinistra
1320 1014 1431 1084 ejus
1450 1014 1529 1079 5‘;
1587 1012 1679 1065 sed
1733 1018 1790 1063 ut
1821 1010 1886 1064 de
1914 1012 2069 1064 nobis
2097 1010 2310 1062 dicatur
2354 1028 2364 1061 :

781 1108 1095 1162 Intellectus
1139 1108 1405 1173 sapientis
1440 1107 1491 1159 in
1525 1106 1713 1159 dextra
1751 1103 1886 1173 ejus.
1945 1102 2190 1167 Itemque
2240 1098 2369 1152 iliml

780 1199 1089 1254 PSalmista:
1125 1218 1138 1253 :
1174 1198 1369 1253 Manus
1404 1209 1494 1250 tua
1527 1198 1742 1250 deducet
1787 1210 1889 1259 me,
1931 1203 1979 1247 et
2027 1192 2244 1245 dextera
2280 1200 2369 1241 tua

774 1291 1001 1357 suscepit
1049 1306 1129 1342 me
1165 1288 1233 1342 ".
1284 1288 1424 1342 Deus
1452 1297 1629 1339 autem
1658 1286 1727 1339 sit
1774 1284 2049 1339 vobiscum
2082 1279 2361 1335 omnibus.

774 1380 971 1433 Amen.

1052 1448 1057 1453 ἡ
1300 1483 1488 1523 .‘ECTIO
1518 1478 1843 1521 IHJUDECIIA.

1352 1561 1426 1613 De
1460 1557 1799 1612 verecundia.

850 1651 1035 1707 Sacra:
1060 1661 1309 1707 asserunt
1348 1650 1641 1717 Scriptura:
1669 1647 1738 1708 “,
1765 1646 2035 1714 duplicem
2070 1660 2191 1699 esse
2226 1660 2371 1699 vere-

2473 487 2562 530 tuo
2594 477 2644 529 in
2676 488 2929 533 internum
2957 480 3024 534 ".
3052 482 3251 537 Anien.

2911 586 3099 629 εεοτιο
3140 589 3335 631 ῺΕΟΙΙΑ
3376 593 3598 633 TERTIA.

3037 661 3107 716 De
3138 680 3271 718 vana
3309 667 3498 734 gloria.

2546 750 2683 804 Dicit
2743 751 3029 820 propheta,
3083 751 3282 809 fratres
3321 756 3703 812 dilectissimi:
3740 757 3939 813 Panem
3967 760 4049 814 de-

2470 842 2802 895 siderabilem
2836 859 2938 895 non
2980 844 3179 897 comedi
3209 845 3277 904 ".
3319 862 3484 915 neque
3511 848 3733 918 gloriam
3786 852 4049 919 concupiri

2471 932 2740 986 hominum
2762 933 2829 986 '°.
2875 932 2935 986 Et
2969 933 3226 987 Dmninus
3286 947 3471 989 noster
3505 938 3597 1003 qui
3637 939 3939 992 animarum
3968 955 4050 993 tto-

2470 1037 2708 1081 strarum
2740 1023 3214 1080 commiseratioue
3273 1026 3508 1092 ducitur,
3540 1030 3592 1081 in
3625 1044 3783 1084 sacro
3818 1030 4048 1100 Evange-

2471 1117 2543 1172 lio
2570 1119 2702 1172 dicit
2731 1134 2745 1172 :
2786 1116 2876 1171 Va:
2914 1119 3077 1180 vobis,
3116 1118 3162 1170 si
3219 1119 3455 1172 dixerint
3492 1121 3556 1172 de
3586 1122 3726 1175 vobis
3750 1123 3888 1175 bona
3914 1123 4045 1176 verba

2469 1220 2516 1263 et
2543 1208 2837 1277 gloriﬁcent
2872 1224 2977 1273 vos,
3000 1218 3050 1263 et
3078 1209 3301 1279 gtorimn
3335 1208 3428 1262 Dci
3463 1225 3563 1262 non
3585 1213 3829 1279 qua’rett's
3859 1213 3925 1264 “.
3960 1212 4046 1266 De-

2471 1311 2744 1354 certemus
2793 1300 2957 1369 igitur
3003 1315 3100 1355 nos
3154 1303 3317 1353 etiam
3358 1304 3424 1354 ad
3455 1311 3681 1355 mortem
3714 1318 3889 1371 usque
3916 1312 4049 1358 vabte

2474 1392 2656 1461 gloria:
2708 1392 3051 1455 obsistendo,
3103 1391 3333 1461 ejusque
3380 1394 3649 1461 pessimos
3680 1395 4050 1450 abscindaums

2474 1498 2677 1547 ramos,
2720 1499 2788 1538 ne
2826 1489 2893 1537 ad
2930 1483 3253 1554 supplicium
3290 1484 3675 1552 perducamur.
3712 1485 3863 1540 Vana
3898 1487 4050 1555 gloria

2473 1576 2727 1629 cordibus
2774 1574 2978 1629 nostris
3031 1575 3297 1629 dominari
3333 1576 3571 1632 assolet:
3613 1578 3698 1631 cui
3728 1593 3861 1634 vero
3892 1577 4047 1631 domi-

2477 1679 2601 1721 nata
2642 1678 2725 1721 est
2755 1683 2889 1719 vana
2922 1667 3114 1736 gloria,
3140 1669 3204 1720 ad
3240 1669 3750 1723 condemnationem
3783 1679 3871 1724 est
3895 1668 4046 1724 desti-

772 1745 1069 1801 cundiam:
1110 1759 1213 1796 una
1255 1757 1318 1795 ex
1364 1756 1468 1809 qua
1531 1738 1807 1793 enascitur
1859 1748 2167 1808 peccatum,
2203 1736 2370 1789 altera
2404 1736 2447 1789 Β
2480 1768 2636 1811 “ams
2685 1757 3096 1826 suppliciorum,
3153 1773 3217 1812 ac
3258 1772 3375 1811 sese
3426 1760 3476 1811 in
3531 1760 3861 1814 sacriﬁcium
3912 1758 4053 1814 03-8“

786 1849 917 1890 vero
964 1849 1027 1888 ex
1084 1848 1188 1902 qua
1219 1831 1492 1885 enascitur
1542 1829 1713 1899 gloria
1756 1838 1811 1883 et
1854 1830 2061 1898 gratia.-
2104 1830 2372 1882 Asserunt

780 1925 944 1980 etiam
1000 1923 1430 1981 inverecundunt
1467 1920 1720 1976 omnibus
1773 1935 1999 1975 exosum
2038 1920 2373 1991 despectum-

780 2031 887 2085 que
919 2031 1081 2080 esse;
1116 2013 1454 2068 verecundus
1481 2026 1608 2066 vero
1632 2010 1958 2065 verecundia
1991 2024 2088 2064 sua
2118 2010 2184 2064 ad
2214 2024 2371 2063 vere-

774 2108 1028 2163 cundiam
1053 2107 1319 2161 elevatur.
1362 2103 1701 2158 Verecnudia
1753 2104 1823 2158 ob
1856 2111 2200 2156 coiitractum
2242 2115 2369 2169 pec-

777 2206 960 2252 catum
989 2209 1259 2264 verusque
1282 2195 1487 2263 pudor,
1525 2204 1603 2247 est
1642 2193 1788 2247 utilis
1820 2192 2187 2258 verecundia;
2221 2205 2366 2246 vere-

773 2288 970 2344 cundia
1010 2302 1138 2340 veru
1169 2301 1233 2339 ex
1268 2301 1373 2355 qua
1419 2284 1696 2338 enascitur
1730 2293 2039 2351 peccatum.
2076 2290 2159 2334 est
2193 2294 2257 2335 ea
2286 2294 2369 2333 ve-

773 2377 1033 2434 recundia
1092 2392 1213 2445 qua:
1270 2374 1497 2442 impedit
1544 2388 1610 2426 ne
1654 2369 1995 2427 exsecutioni
2044 2369 2369 2423 mandentur

775 2470 868 2524 Dei
892 2479 1179 2539 ρτωερριςι.
1210 2465 1334 2520 Filii
1372 2465 1500 2526 mei,
1531 2475 1740 2528 cavete,
1787 2480 1853 2517 ne
1906 2477 2124 2532 operam
2160 2462 2368 2537 injusti-

773 2563 861 2617 tia:
892 2562 1101 2615 uavetis
1151 2569 1205 2613 et
1252 2556 1697 2626 Oppressionibus
1748 2570 1807 2607 ac
1836 2552 2067 2621 judicio,
2094 2569 2195 2609 nec
2246 2569 2366 2607 cum

769 2652 1004 2707 cll‘usore
1037 2650 1314 2719 sanguinis
1343 2645 1662 2709 ambuletis;
1709 2646 1801 2699 sed
1838 2644 2080 2698 omnium
2130 2644 2365 2698 maxime

774 2759 997 2797 munera
1051 2750 1421 2811 acccptantcm
1464 2751 1517 2792 et
1568 2747 1909 2791 exercentem
1952 2751 2151 2791 usuras
2179 2737 2366 2807 fugite,

774 2852 839 2889 ne
864 2835 1154 2905 capiamini
1182 2847 1368 2886 amore
1395 2830 1629 2899 argenti,
1668 2830 1808 2883 sicut
1830 2827 1900 2882 illi
1930 2846 1951 2883 ηε
1981 2829 2244 2899 siquidem
2279 2843 2369 2881 ar-

768 2929 917 2999 genti
951 2943 1103 2981 amor
1136 2928 1300 2980 multa
1344 2927 1457 2980 suis
1503 2924 1839 2979 amatoribus
1869 2922 2031 2978 infert
2062 2923 2224 2977 mala.
2260 2923 2365 2979 Ca-

776 3030 894 3073 vete
942 3036 1008 3072 ne
1072 3029 1298 3087 propter
1346 3014 1731 3069 verecundiam
1783 3014 2157 3079 consentiatis,
2205 3025 2368 3085 atque

772 3111 1113 3165 concurratis
1148 3125 1268 3163 cum
1303 3108 1644 3164 multitudine
1713 3107 1764 3160 in
1793 3107 1971 3161 dolum
2012 3117 2067 3161 et
2098 3105 2354 3163 fraudem.

769 3201 971 3257 Cavete
1005 3201 1203 3264 adlmc,
1254 3214 1321 3254 ne
1383 3200 1603 3268 propter
1645 3197 2026 3252 verecundiam
2067 3200 2209 3264 quod
2275 3214 2363 3251 ve-

771 3306 943 3349 strum
976 3308 1081 3347 non
1112 3302 1215 3354 est.
1251 3290 1667 3358 concupiscatis.
1706 3292 1843 3344 Odio
1879 3304 1946 3343 ne
1983 3291 2183 3343 habeas
2206 3300 2363 3345 aetate

772 3393 1076 3453 provectas,
1119 3392 1173 3436 et
1209 3382 1416 3447 viduas,
1468 3395 1674 3435 necnon
1728 3395 1995 3450 pauperes
2048 3381 2363 3448 parentibus

769 3479 1026 3543 orbatos;
1081 3478 1202 3545 fuge
1253 3486 1430 3529 tamen
1487 3475 1700 3527 viduam
1759 3472 1985 3537 fatuam,
2022 3483 2075 3526 et
2133 3460 2363 3543 pupillos

772 3565 1096 3633 cognitionis
1126 3573 1399 3634 expertes.
1434 3562 1578 3617 Cave
1603 3562 1843 3626 omnino,
1871 3578 1937 3616 ne
1964 3561 2151 3633 litigo-iis
2181 3564 2362 3632 capia-

772 3656 866 3720 ris,
896 3659 987 3710 sed
1022 3672 1050 3710 a
1087 3656 1527 3711 contentionibus
1582 3654 1738 3725 longe
1782 3655 2039 3709 recedito.
2078 3655 2211 3709 Cum
2245 3672 2362 3709 mu-

772 3749 900 3802 liere
940 3747 1084 3801 fatua
1118 3763 1251 3802 eave
1286 3748 1545 3817 loquaris.
1594 3754 1687 3800 aut
1727 3762 1847 3800 cum
1875 3748 2182 3815 reprobata,
2219 3762 2360 3814 prte-

769 3846 955 3899 sertim
986 3854 1190 3908 autem,
1217 3858 1336 3911 qua:
1366 3842 1562 3912 injuria
1596 3840 1761 3897 allicit
1806 3843 1970 3907 viros,
2003 3846 2359 3913 quemadmo-

768 3938 893 3990 dum
934 3936 997 3987 de
1025 3935 1110 3988 illa
1138 3934 1400 4003 scriptum
1437 3942 1542 3987 est.
1605 3933 1683 3987 Ne
1719 3943 1770 3987 te
1792 3933 1989 4002 pudeat
2020 3935 2270 3988 recedere
2293 3934 2360 3988 ab

771 4028 873 4081 illis
904 4027 992 4094 qui
1046 4034 1408 4095 pervagantur
1452 4026 1502 4077 in
1559 4024 1772 4093 plateis,
1817 4039 1879 4078 ac
1907 4038 2005 4093 per
2026 4024 2277 4079 civitates
2303 4033 2353 4078 et

769 4118 1088 4172 solitudines
1128 4126 1334 4181 errant,
1379 4118 1500 4183 quia
1535 4114 1749 4183 plurimi
1787 4114 1889 4168 hoc
1922 4113 2063 4183 capti
2116 4123 2244 4169 sunt
2276 4115 2356 4169 la-

767 4226 925 4279 queo.
978 4204 1091 4265 Sed
1124 4219 1460 4264 revertamur
1500 4223 1640 4261 nunc
1682 4209 1747 4261 ad
1799 4221 1917 4261 eam
1952 4208 2353 4273 verecundiam,

763 4320 882 4375 qua:
914 4302 1097 4374 gloria:
1129 4311 1179 4353 et
1224 4301 1409 4369 gratia:
1442 4307 1524 4354 est
1565 4298 1739 4368 plena.
1797 4296 1873 4350 Ne
1898 4307 1950 4353 te
1982 4298 2145 4367 igitur
2175 4297 2354 4353 facere

2474 1849 2795 1918 prtcsidibus
2824 1849 3009 1917 abyssi
3045 1848 3379 1911 inferorum;
3410 1849 3713 1918 similisque
3730 1862 3812 1904 est
3837 1850 4050 1911 homini,

2472 1942 2563 2009 qui
2597 1955 2792 2011 aquam
2828 1941 3042 2010 reponit
3071 1942 3136 1995 ad
3168 1955 3322 1995 suam
3356 1941 3501 1995 sitim
3535 1941 3820 1995 levandam
3854 1942 3906 1995 in
3936 1955 4051 1995 vase

2475 2032 2770 2101 perforato.
2809 2030 2960 2101 Fuge
2994 2048 3188 2086 vanam
3213 2031 3440 2102 gloriam
3484 2050 3496 2085 :
3528 2032 3711 2102 plures
3739 2034 3883 2087 enim
3907 2033 4050 2087 inter-

2476 2126 2655 2177 ierunt
2710 2139 2873 2178 causa
2939 2124 3115 2187 illius;
3168 2123 3551 2201 hominemque
3611 2126 3681 2179 ad
3734 2124 4049 2195 multiplicis

2474 2215 2735 2283 compulit
2759 2214 2992 2283 labores,
3020 2214 3243 2283 jejuuia,
3271 2230 3477 2283 preces,
3516 2217 3699 2284 plures
3728 2217 3937 2287 vigilias
3966 2232 4050 2270 no-

2474 2314 2713 2367 cturnas,
2740 2302 3112 2369 eleemosynas
3154 2305 3353 2358 multas
3380 2320 3565 2359 coram
3608 2308 3918 2361 hominibus
3938 2323 4048 2360 em-

2474 2405 2628 2463 gatas
2660 2410 2723 2449 ac
2773 2395 2873 2448 alia
2929 2395 3225 2463 ejusmodi;
3265 2396 3460 2465 quibus
3493 2398 3711 2452 demum
3747 2399 3879 2451 nihil
3924 2398 4049 2453 aliud

2476 2497 2839 2555 consequetur
2873 2487 2974 2540 nisi
3009 2486 3383 2543 confusionem
3426 2498 3475 2542 et
3505 2489 3879 2558 opprobrium.
3915 2490 4051 2542 llauc

2473 2596 2606 2649 ergo
2638 2579 2911 2651 fugiamus
2942 2582 3157 2633 inanem
3195 2580 3447 2652 gloriam,
3478 2584 3601 2649 quia
3651 2584 3906 2639 onmibus
3951 2583 4050 2637 dia-

2475 2672 2610 2727 liolis
2652 2674 2802 2742 pejor
2851 2684 2954 2728 est.
3025 2673 3082 2727 Si
3130 2684 3310 2727 autem
3374 2675 3516 2729 nulla
3572 2684 3756 2731 exstat
3807 2675 3859 2730 in
3912 2675 4051 2730 nobis

2471 2781 2608 2820 vana
2656 2766 2849 2834 gloria,
2916 2768 2981 2819 ad
3044 2781 3234 2837 magna
3285 2769 3606 2823 ostentanda
3654 2784 3721 2823 ne
3754 2785 4049 2832 curramus,

2474 2873 2541 2912 ne
2585 2860 2919 2913 intercamus
2980 2867 3291 2927 pr0pterea,
3334 2868 3390 2914 et
3444 2860 3838 2929 multiplicibus
3877 2878 4049 2916 eorum

2476 2951 2641 3004 ramis
2681 2950 3042 3019 implicemur,
3106 2951 3366 3019 quoniam
3412 2952 3610 3006 diaboli
3662 2953 3840 3008 inanis
3882 2955 4048 3022 gloria

2475 3044 2625 3097 multi
2658 3026 2784 3097 sunt
2807 3042 2981 3100 nimis.
3026 3042 3095 3096 At
3129 3043 3426 3112 impensius
3470 3046 3639 3100 umlto
3671 3046 3945 3115 inquirere
3966 3046 4039 3099 ad-

2471 3136 2711 3189 nitamur
2735 3145 3048 3189 sanctorum
3080 3133 3308 3205 gloriam
3335 3149 3631 3205 eorumque
3665 3146 4047 3205 paupertatem,

2471 3239 2523 3282 ut
2580 3242 2749 3282 suave
2808 3227 2935 3281 illud
2992 3227 3520 3295 comprehendamus
3578 3228 3669 3281 Dei
3737 3228 4048 3297 eloquium:

2468 3316 2622 3371 Beati
2647 3332 2898 3386 pauperes
2929 3316 3144 3384 spiritu,
3197 3319 3446 3386 quoniam
3472 3316 3705 3384 ipsorum
3737 3327 3815 3370 est
3849 3333 4047 3387 regnant

2465 3408 2713 3461 calorum
2745 3406 2813 3459 ".

2916 3533 3104 3574 SECTIO
3146 3534 3342 3575 υεειιιλ
3373 3535 3585 3584 ουΑιιτΑ
3597 3561 3609 3575 .

2934 3632 3006 3686 De
3043 3633 3213 3703 gloria
3248 3644 3295 3689 et
3323 3636 3595 3703 patientia.

2538 3748 2676 3802 Dicit
2711 3748 2969 3804 Dominus
3000 3757 3184 3802 noster
3207 3746 3364 3803 Jcsus
3396 3748 3645 3823 Christus
3668 3752 3721 3806 in
3768 3768 3930 3808 sacro
3962 3768 4049 3807 suo

2462 3841 2753 3909 Evangelio
2788 3858 2801 3893 :
2859 3839 2923 3893 In
2979 3842 3233 3909 patientia
3258 3850 3429 3896 vestra
3478 3842 3816 3899 lucrabimini
3853 3847 4047 3901 animos

2462 3945 2659 3988 vestras
2702 3933 2767 3986 ⁶¹.
2805 3932 3026 3988 Necnon
3064 3950 3077 3987 :
3110 3934 3219 4001 Qui
3244 3935 3557 3989 sustinuerit
3588 3954 3748 4007 usque
3796 3940 3853 3993 in
3880 3940 4044 4008 ﬁnem,

2461 4027 2544 4080 hic
2573 4027 2748 4079 sulcus
2771 4026 2871 4078 erit
2903 4025 2970 4078 ⁵³.
2999 4025 3217 4092 Quanto
3247 4028 3422 4095 magis
3450 4041 3579 4097 ergo
3608 4029 3660 4082 in
3696 4032 3930 4087 veritate
3958 4046 4046 4087 noo

2461 4117 2544 4171 bis
2572 4116 2923 4169 laborandum
2953 4126 3008 4169 et
3046 4116 3422 4171 sustinendum
3465 4120 3592 4183 erit,
3627 4129 3685 4174 ut
3715 4135 3774 4174 ea
3814 4138 3937 4191 qua:
3964 4138 4047 4176 no-

2461 4210 2543 4264 bis
2573 4211 2625 4263 iu
2679 4209 2831 4263 etelis
2877 4219 3063 4278 parata
3096 4218 3225 4264 sunt
3254 4212 3699 4279 consequamur?
3745 4214 4042 4285 Antequam

2458 4304 2523 4356 ad
2554 4302 2832 4371 sanguinis
2883 4300 3198 4355 effusionem
3252 4304 3682 4371 pervenerimus.
3734 4320 3800 4360 ne
3857 4308 4043 4378 glorie-

765 4397 961 4467 pudeat
1004 4395 1264 4462 quidquid
1288 4402 1371 4447 est
1395 4393 1689 4445 secundum
1725 4390 2056 4444 voluntatem
2086 4388 2201 4452 Dei,
2252 4405 2351 4445 nec
2386 4413 2428 4467 ο
2460 4412 2612 4461 mur;
2672 4396 2848 4449 nullus
2893 4397 3034 4448 enim
3086 4395 3280 4451 artifex
3318 4396 3386 4450 de
3426 4411 3591 4465 opere
3613 4413 3713 4452 suo
3758 4410 4040 4468 antequam

762 4489 817 4543 in
851 4501 1016 4555 opere
1076 4483 1326 4538 veritatis
1388 4484 1529 4537 celes
1565 4493 1637 4546 te,
1680 4496 1782 4536 nec
1814 4482 2022 4536 Domini
2074 4482 2353 4537 doctrinas

752 4581 1008 4634 ediscere
1061 4588 1151 4631 aut
1210 4578 1369 4630 verba
1412 4576 1690 4644 sapientiae
1732 4573 1993 4638 verearis,
2027 4585 2119 4628 aut
2151 4583 2239 4627 tua
2268 4589 2354 4628 sa-

760 4672 967 4726 cerdoti
1001 4678 1090 4723 tuo
1116 4679 1333 4738 peccata
1388 4669 1601 4737 aperire
1662 4676 1713 4721 te
1748 4667 1965 4735 pudeat.
2018 4665 2347 4738 Principem,

759 4772 852 4817 aut
885 4764 1107 4817 divitem
1158 4760 1641 4815 immisericordem
1694 4774 1759 4811 ne
1795 4760 2008 4825 timeas,
2049 4769 2141 4813 aut
2171 4776 2351 4814 verea-

758 4856 833 4910 ris
860 4863 1157 4923 potentem,
1204 4851 1283 4905 vel
1316 4863 1629 4921 tyrannum,
1661 4857 2002 4917 peecatorcm
2035 4861 2127 4903 aut
2166 4865 2348 4920 perpe-

758 4954 1017 5000 tratorem
1076 4944 1443 5013 iuiquitatum.
1502 4940 1836 4996 Vei'ecuudia
1872 4941 1937 4995 ad
1973 4940 2185 5010 aliquod
2224 4956 2347 5009 pec-

752 5047 933 5090 catum
959 5037 1377 5104 perpetrandum
1428 5050 1493 5087 ne
1526 5034 1805 5088 seducaris
1840 5043 1931 5086 aut
1963 5032 2256 5094 inducaris,
2282 5047 2347 5085 ne

754 5126 840 5181 illa
873 5137 923 5180 te
959 5128 1213 5194 perducat
1250 5128 1315 5177 ait
1369 5126 1664 5193 pessimum
1696 5122 2014 5191 supplicium
2052 5138 2067 5175 :
2120 5132 2343 5189 pr0pter

751 5230 1033 5291 peccatum
1098 5219 1241 5272 enim
1278 5218 1464 5287 gloria:
1499 5216 1825 5269 vestimento
1873 5214 2209 5281 exspoliatus
2258 5222 2341 5265 est

753 5318 934 5368 homo.
968 5313 1107 5365 Deus
1148 5324 1279 5379 ergo
1332 5308 1616 5363 scientiam
1652 5306 1804 5359 vobis
1838 5305 2126 5362 concedat.
2178 5312 2231 5355 et
2266 5304 2341 5355 iti-

744 5406 871 5458 duat
902 5404 1169 5473 sapientia
1218 5401 1403 5471 gloria:
1452 5410 1505 5454 et
1540 5396 1929 5466 intelligentiae,
1964 5405 2021 5448 ut
2067 5396 2337 5449 exclame-

747 5509 868 5547 mus
924 5509 1021 5547 nos
1078 5506 1294 5562 quoque
1339 5490 1578 5545 dicentes
1635 5507 1647 5540 :
1699 5484 1925 5555 Propter
1981 5486 2331 5538 innocentiam

1394 5626 1438 5657 ⁵⁵
1472 5625 1611 5681 Psal.
1656 5639 1924 5692 cxxxvut,
1959 5623 2046 5676 10.

807 5628 852 5657 ’⁵
884 5626 1060 5685 Eccle.
1139 5645 1190 5693 κ,
1225 5630 1275 5683 2'.
1394 5626 1438 5657 ⁵⁵
1472 5626 1611 5681 Psal.
1656 5639 1924 5692 cxxxvut,
1959 5626 2046 5676 10.

816 5714 875 5756 tt.
908 5698 992 5754 16.
1105 5701 1150 5731 ⁸⁸
1175 5700 1330 5756 Joan.
1366 5716 1420 5757 ν.
1463 5699 1552 5757 M.
1631 5696 1671 5727 ⁶¹
1704 5695 1891 5750 Matth.
1937 5709 1987 5757 v,
2013 5692 2066 5746 '5.

738 5714 875 5756 ttVtt.
908 5698 992 5754 16.
1105 5701 1150 5731 ⁸⁸
1175 5700 1330 5756 Joan.
1366 5716 1420 5758 v.
1463 5699 1552 5757 44.

2164 5622 2209 5653 ⁸⁸
2243 5622 2409 5677 Eccli.
2444 5638 2516 5688 tv,
2548 5621 2639 5677 25.

2145 5694 2188 5725 "
2228 5692 2503 5761 Luc.xx1,
2541 5694 2625 5747 i9.

2458 4487 2790 4550 absolvatur,
2822 4485 3110 4555 gloriatur,
3160 4484 3253 4538 sed
3295 4485 3526 4540 artiﬁcio
3550 4485 3662 4555 jam
3700 4487 3958 4555 perfecto.
3990 4486 4038 4538 Si

2456 4578 2600 4632 enim
2648 4578 3108 4632 ambulaverimus
3139 4578 3434 4631 secutulum
3476 4577 3779 4640 veritatem,
3833 4588 3887 4631 et
3917 4576 4037 4631 dile-

2456 4670 2700 4724 xerimus
2734 4670 2859 4723 odio
2886 4684 2982 4723 nos
3013 4669 3300 4731 habentes,
3338 4678 3392 4722 et
3434 4673 3577 4737 quod
3609 4670 3765 4723 nobis
3799 4670 3915 4723 ﬁeri
3950 4685 4038 4723 no-

2456 4762 2656 4825 lumus,
2686 4761 2839 4815 alteri
2872 4776 2978 4815 non
3011 4761 3320 4825 fecerimus,
3345 4770 3399 4814 et
3424 4761 3788 4816 amaverimus
3818 4777 3999 4831 pacem
4021 4802 4034 4823 ,

2457 4854 2813 4908 humilitatem
2862 4852 2974 4920 jam
3024 4867 3211 4906 sumus
3268 4851 3567 4906 consecuti.
3621 4851 3677 4905 Si
3733 4854 4031 4921 superbiant

2452 4940 2634 4993 cordis
2662 4939 2787 4993 odio
2820 4939 3194 5003 habuerimus,
3221 4940 3333 5009 jam
3358 4941 3608 4996 inimicos
3629 4941 3915 5011 amplexati
3946 4959 4031 4998 su~

2455 5045 2573 5083 mus
2599 5040 2787 5083 nostro
2819 5067 2836 5081 .
2872 5028 2928 5083 Si
2992 5030 3436 5086 benedixerimus
3471 5031 3919 5089 maledicentibus
3945 5048 4027 5087 no-

2450 5122 2553 5186 bis,
2574 5121 2686 5189 jam
2718 5119 2931 5175 frenum
2966 5122 3325 5191 imposuimus
3354 5124 3544 5179 oribus
3567 5124 3787 5179 nostris.
3819 5124 3877 5180 Si
3906 5125 4029 5180 dile-

2454 5214 2700 5268 xerimus
2729 5210 3214 5280 cbaritatem,jam
3254 5215 3515 5281 optimum
3542 5216 3893 5283 praestitimus
3920 5215 4023 5271 cul-

2446 5312 2580 5369 tum,
2612 5304 2844 5359 vicimus
2874 5305 3113 5369 tatdium,
3164 5303 3566 5373 multiloquium
3598 5316 3653 5361 et
3700 5308 3883 5361 odium
3908 5323 4021 5375 erga

2439 5394 2768 5462 proximum.
2794 5395 2927 5450 Cum
2966 5398 3081 5450 haec
3112 5394 3294 5450 omnia
3324 5397 3677 5467 compleverit
3701 5399 3881 5461 homo.
3922 5410 4019 5453 tttm

2438 5486 2722 5554 glorietur,
2760 5495 2819 5539 ut
2870 5486 2959 5542 ille
2998 5486 3087 5555 qui
3147 5495 3260 5542 tota
3316 5488 3405 5543 die
3436 5498 3518 5543 est
3546 5502 3825 5560 operatus,
3876 5491 4040 5560 juxta.

2718 5622 2763 5654 "’
2804 5622 2946 5677 Psal.
2976 5639 3063 5686 χι,
3104 5622 3193 5678 l3.
3268 5624 3313 5657 ⁵⁸
3346 5625 3477 5678 Dan.
3522 5643 3572 5691 χ,
3609 5626 3665 5681 3.

2707 5693 2750 5724 ”
2778 5694 2967 5749 Matth.
3004 5710 3058 5753 χ.
3091 5694 3197 5762 ‘22;
3225 5710 3371 5761 xxiv,
3406 5697 3491 5750 15.

3742 5628 3787 5659 ³⁹
3826 5627 4015 5681 Jerem.
