4220 6316
199 351 288 408 J73

1174 348 1231 402 S.
1275 346 1552 402 ΑΝΤΟΝΙΙ
1595 344 1662 402 Μ.
1709 343 1999 402 ABBATIS
2039 344 2404 409 SEBMONES

3326 349 3429 406 975

198 467 453 536 Evangelii
504 466 869 522 testimonium
901 467 967 529 “,
1014 476 1068 521 et
1101 482 1222 520 cum
1273 466 1465 521 ﬁducia
1521 465 1756 536 postulet
1792 471 1832 524 Α
1865 476 2011 532 Strat,
2047 481 2113 520 ne
2144 464 2484 534 indiligentes
2518 476 2773 519 vocemur
2803 478 2856 518 et
2894 463 3048 534 pigri.
3087 465 3294 520 Dictum
3318 467 3431 538 jam

200 556 483 612 mercedem
516 571 705 622 suam;
766 556 905 611 Deus
941 557 1084 611 enim
1123 567 1306 611 noster
1349 559 1488 612 haud
1527 558 1758 627 iujustus

200 655 287 712 est,
316 648 407 702 sed
435 648 729 717 unicuique
761 649 947 702 tribuit
968 648 1263 702 secundum
1297 651 1507 702 merita.
1534 647 1627 704 Ille
1659 666 1754 703 au-

200 750 295 796 tem
325 739 516 794 beatus
560 749 642 794 est
677 739 960 804 dicendus,
997 742 1084 810 qui
1136 741 1440 796 humilitate
1472 743 1755 797 victoriam

197 840 270 887 est
289 841 643 897 consecutus,
680 839 734 885 et
777 845 875 885 suo
900 841 1140 900 tempore
1192 832 1652 901 gloriﬁcabiturin
1678 835 1756 887 al-

200 922 427 983 tissimis,
466 932 522 974 ut
569 922 830 978 Lazarus.
899 923 1065 979 Nobis
1109 934 1287 979 autem
1344 925 1755 980 exclamandum

195 1023 289 1074 est.
312 1022 475 1080 atquc
506 1014 788 1068 dicendum
825 1031 839 1068 :
882 1014 1144 1080 Quoniam
1169 1015 1477 1070 humiliatus
1525 1033 1662 1081 sum,
1693 1017 1759 1070 li-

196 1105 370 1159 beraui
405 1121 507 1168 me,
536 1104 785 1169 Domine;
811 1117 1081 1172 revertere,
1111 1107 1290 1161 anima
1316 1123 1431 1161 mea
1451 1147 1466 1174 ,
1492 1109 1559 1162 ad
1587 1108 1756 1162 locum

195 1195 373 1264 requiei
406 1209 510 1250 tum
536 1198 588 1249 in
611 1207 864 1251 aiternum
889 1198 954 1250 ⁸⁸.
986 1199 1178 1251 Arnen.

621 1304 812 1343 SECTIO
851 1302 1045 1341 DECIIIA
1088 1303 1308 1352 ουιΝτΑ.

741 1379 812 1432 De
836 1378 1204 1449 intelligentia.

259 1468 397 1525 Dixit
426 1472 626 1539 pSaltes
665 1471 829 1524 David
863 1489 876 1524 :
930 1470 1153 1538 Eloquia
1198 1479 1288 1523 tua
1331 1472 1510 1524 dulcia
1548 1482 1666 1525 sum
1703 1489 1757 1524 tu

192 1561 420 1630 faucibus
448 1562 594 1624 meis,
632 1577 739 1629 pra:
767 1561 919 1614 melle
956 1562 1009 1613 in
1044 1577 1131 1615 ore
1159 1578 1271 1615 meo
1300 1562 1364 1614 “.
1405 1562 1536 1616 Item
1569 1575 1582 1613 :
1617 1561 1757 1616 C0u-

191 1653 300 1710 sitia
329 1653 510 1708 cordis
544 1653 660 1723 ejus
690 1654 859 1707 electa
907 1662 1032 1707 sunt
1079 1668 1186 1721 prae
1225 1653 1494 1723 lapidibus
1537 1656 1758 1724 optimis

192 1744 454 1812 pretiosis.
481 1741 620 1797 Vere
656 1743 848 1798 beatus
875 1755 957 1797 est
993 1743 1081 1798 ille
1129 1745 1222 1814 qui
1254 1744 1511 1814 evigilat,
1543 1755 1596 1799 et
1629 1745 1755 1798 facit

188 1844 444 1903 pracepta
486 1831 695 1887 Domini
739 1836 908 1888 nostri
954 1833 1083 1889 Jesu
1129 1835 1371 1900 Christi,
1404 1838 1574 1890 donec
1606 1852 1752 1891 asse-

189 1934 377 1994 qttatur
410 1940 595 1979 veram
622 1925 738 1992 ejus
767 1927 1072 1991 scientiam,
1101 1936 1157 1979 ut
1187 1927 1368 1979 dicere
1396 1928 1564 1994 possit
1596 1945 1607 1979 :
1643 1927 1754 1978 Atl-

191 2017 439 2070 tnirabilis
486 2026 559 2070 est
604 2017 822 2071 scientia
864 2025 954 2069 tua
986 2017 1051 2068 ".
1099 2014 1331 2069 Inﬁtlelis
1387 2031 1519 2070 cave
1553 2018 1655 2079 sis.
1692 2033 1756 2070 ne

190 2106 448 2160 irascatur
477 2108 567 2175 qui
610 2120 706 2160 nos
732 2107 957 2159 creavit.
993 2104 1313 2173 Quicunque
1334 2106 1477 2159 enim
1513 2121 1618 2159 non
1642 2122 1757 2158 atu-

190 2196 328 2250 bulat
386 2199 685 2251 secundum
743 2207 944 2249 rectam
1008 2196 1203 2261 ﬁdem,
1262 2210 1443 2250 escam
1484 2197 1758 2250 vermibus

188 2290 383 2356 praebet
429 2290 516 2355 qui
553 2303 654 2340 non
696 2289 993 2351 dormiunt,
1045 2295 1097 2340 et
1135 2287 1366 2355 principi
1410 2289 1754 2341 tenebrarum

191 2387 379 2433 mactat
403 2380 687 2443 victimas;
727 2378 951 2448 ejusque
989 2379 1211 2447 spiritus
1251 2377 1459 2432 alienus
1493 2379 1551 2431 lit
1589 2394 1616 2430 a
1649 2380 1755 2431 vita

187 2481 402 2533 aeterna,
433 2479 486 2523 et
517 2469 804 2524 manifeste
843 2471 1041 2524 recedit
1075 2484 1101 2522 a
1142 2469 1266 2524 Deo.
1307 2469 1506 2524 Eorum
1537 2471 1755 2540 quidem

189 2560 419 2631 plerique
457 2563 546 2632 qui
605 2563 656 2615 in
695 2561 882 2616 inferis
926 2570 1088 2628 sunt,
1136 2576 1200 2616 eo
1229 2561 1566 2617 inﬁdelitatis
1591 2579 1755 2616 causa

191 2666 442 2725 aguntur.
495 2654 723 2724 Propter
783 2655 1155 2708 inﬁdelitatem
1219 2654 1760 2723 incredulitatemque

187 2747 449 2801 duxerunt
472 2747 736 2817 originem
762 2747 948 2801 omnia
981 2761 1043 2801 ea
1065 2747 1225 2810 mala,
1250 2761 1368 2815 quae
1392 2745 1445 2800 in
1474 2747 1756 2800 Dominum

186 2849 420 2894 nostrum
448 2838 630 2893 Jrsum
677 2839 948 2893 Christum
981 2849 1286 2908 perpetrata
1333 2848 1474 2892 sunt.
1520 2837 1625 2892 Sed
1664 2853 1758 2890 nc-

185 2946 283 3000 que
335 2932 388 2985 in
443 2931 590 2985 illum
629 2945 658 2984 a
707 2932 936 2985 mortuis
993 2942 1360 2998 resurgentem
1407 2928 1757 2984 crediderunt

186 3022 365 3095 perﬁdi
397 3022 494 3087 illi,
530 3035 588 3076 ut
623 3024 754 3076 salvi
795 3025 1003 3078 tierent.
1040 3020 1132 3075 Va:
1177 3023 1249 3076 illi
1282 3021 1646 3092 generationil
1680 3038 1757 3075 va:

187 3114 394 3168 tuiseris
437 3131 625 3169 eorum
655 3115 969 3169 animabus!
1002 3112 1101 3180 Qui
1137 3113 1414 3167 incredulo
1445 3115 1752 3179 annuntiat,
1786 3135 1826 3191 ε

186 3215 269 3259 sut
302 3207 536 3274 corripit
566 3205 648 3260 vel
677 3206 833 3260 docet
870 3205 1018 3259 illum
1040 3245 1055 3270 ,
1105 3205 1299 3260 similis
1333 3214 1416 3260 est
1444 3205 1646 3261 homini
1683 3207 1755 3259 illi

185 3297 268 3367 qui
312 3297 740 3367 pretiosissimas
781 3312 1024 3366 gemmas
1083 3297 1136 3349 in
1197 3295 1523 3364 profundum
1576 3295 1759 3364 dejicit

185 3389 360 3442 maris.
425 3387 889 3454 Quemadmodqu
943 3401 1081 3456 aqua
1142 3387 1193 3439 in
1247 3386 1509 3440 declivem
1553 3396 1756 3440 terram

182 3478 439 3544 decurrit,
472 3488 522 3532 et
551 3494 616 3533 eo
644 3495 766 3533 cum
807 3478 1008 3547 impetu
1049 3477 1250 3545 fertur;
1293 3480 1365 3533 ita
1394 3480 1616 3534 verbum
1653 3480 1759 3533 Do-

183 3575 305 3628 mini
347 3572 528 3627 inﬁuit
573 3574 624 3626 in
664 3572 898 3626 animam
932 3572 1124 3626 ﬁdelis.
1159 3571 1253 3626 Eia
1299 3571 1480 3639 igitur,
1524 3571 1620 3624 ﬁlii
1654 3575 1757 3626 mei

181 3660 543 3726 dilectissimi,
583 3662 747 3729 fugite
783 3661 1155 3716 inﬁdelitatem
1198 3671 1454 3730 tanquam
1493 3662 1757 3716 malorum

179 3749 418 3804 omnium
478 3751 785 3819 originem,
842 3763 900 3805 ut
951 3753 1122 3823 magis
1175 3756 1452 3822 magisque
1502 3754 1760 3810 Dominus

181 3842 532 3913 gloriﬁcetur,
582 3843 806 3912 ejusque
850 3854 1038 3898 sancta
1082 3848 1428 3900 resurrectio.
1459 3846 1759 3902 Credamus

179 3933 339 4003 igitur
362 3933 416 3986 in
445 3950 639 3988 nomen
669 3934 875 3989 Domini
914 3935 1005 3989 Dei
1040 3935 1217 3988 Patris
1239 3977 1252 4000 ,
1279 3950 1333 3990 et
1359 3937 1502 4002 Filii,
1543 3948 1598 3994 et
1634 3938 1756 4009 Spi-

180 4024 310 4080 ritus
342 4027 552 4090 sancti,
602 4038 660 4080 ut
707 4042 802 4080 nos
840 4027 970 4080 illud
1021 4028 1279 4095 scriptmn
1332 4031 1759 4099 eumpreliendat

177 4119 396 4170 verbum
432 4137 444 4170 :
480 4116 819 4181 Quicredunt
843 4119 894 4172 in
924 4118 1224 4182 Dominum,
1259 4130 1413 4174 erunt
1439 4122 1576 4174 sicut
1607 4139 1755 4176 mons

176 4204 298 4261 Sion
325 4224 342 4259 :
372 4211 501 4278 quia
551 4225 651 4260 non
694 4209 1098 4263 commovebitur
1138 4211 1193 4263 in
1233 4222 1518 4276 wternum,
1559 4213 1648 4279 qui
1681 4222 1757 4266 est

176 4299 226 4350 in
270 4299 569 4352 Jerusalem
610 4299 653 4330 ⁸⁸
700 4319 711 4352 :
766 4299 978 4352 firmum
1036 4303 1232 4372 quippe
1278 4315 1588 4358 sanctorum
1639 4319 1759 4357 om-

175 4388 316 4444 nium
349 4389 763 4444 fundententutn
811 4391 943 4445 ﬁdes
970 4401 1053 4446 est
1075 4435 1089 4457 ,
1145 4408 1248 4462 qua
1282 4410 1375 4446 ora
1409 4395 1755 4449 occluserunt

1861 571 2073 627 quoque
2097 567 2180 612 est
2208 575 2220 611 :
2256 556 2310 611 Si
2341 556 2650 627 possederis
2671 555 3005 628 diligentiam
3035 555 3253 625 bonam,
3283 557 3433 613 bona!

1865 648 2058 700 mentis
2086 649 2360 717 particeps
2399 647 2530 702 eris.
2569 644 2669 712 Qui
2702 647 2839 700 bona
2880 647 3156 718 diligentia
3182 657 3264 704 est
3295 664 3433 718 prae-

1862 738 2028 801 ditus,
2063 739 2315 808 templum
2340 739 2449 808 jam
2476 737 2651 792 factus
2675 747 2757 793 est
2786 739 2901 807 Dei,
2929 748 3234 810 nomenque
3265 742 3440 797 honoi

1867 827 2323 884 riﬁcentissimum
2359 829 2461 884 sibi
2493 829 3345 899 comparavit,'nimis.ditabitnr,
3373 850 3435 888 ac

1865 920 2148 974 thesauros
2173 921 2327 975 bonis
2350 921 2806 978 cutnulatissimos
2846 925 3209 979 nanciscetur.
3241 924 3438 980 Beatus

1860 1011 1950 1077 qui
1987 1010 2233 1080 invigilat
2263 1012 2326 1064 ad
2379 1020 2588 1081 portam
2633 1013 2930 1081 sapientiae.
2977 1015 3177 1070 Contra
3209 1017 3434 1086 diligen-

1863 1110 1967 1154 tem
1995 1100 2472 1170 invigilantemque
2497 1103 2775 1170 passiones
2809 1119 3145 1175 nequaquam
3175 1106 3437 1175 przevale-

1862 1191 2013 1245 bunt.
2043 1191 2098 1246 Si
2129 1203 2305 1248 autem
2339 1195 2593 1249 ceciderit
2621 1206 2843 1265 propter
2870 1197 3089 1252 fraudes
3123 1201 3434 1266 tentatoris,

1863 1284 2043 1337 Statim
2073 1285 2231 1354 erigit
2263 1285 2410 1339 illum
2443 1287 2720 1355 diligentia
2754 1298 2916 1358 atque
2948 1289 3245 1357 vigilantia.
3281 1292 3437 1345 Incu-

1864 1376 1974 1441 rius
2029 1385 2206 1429 autem
2251 1392 2314 1430 ae
2355 1378 2505 1445 piger
2550 1379 2878 1449 minimeque
2921 1380 3103 1436 divino
3151 1382 3438 1450 invigilans

1861 1465 2051 1527 cultui.
2087 1467 2130 1520 si
2167 1467 2428 1521 ceciderit
2461 1481 2680 1537 propter
2708 1469 2906 1525 diaboli
2946 1472 3294 1537 tentationes,
3329 1488 3437 1528 non

1862 1556 2091 1609 advertit
2145 1567 2422 1625 peccatum
2477 1561 2616 1627 quod
2671 1571 2964 1630 perpetrat,
3027 1565 3152 1632 quia
3196 1579 3290 1617 cor
3316 1564 3435 1633 ejus

1863 1647 2035 1701 instar
2061 1648 2256 1718 lapidis
2280 1660 2362 1704 est
2390 1651 2603 1712 durum.
2633 1660 2687 1704 et
2710 1652 2884 1706 simile
2906 1653 3113 1708 domito
3143 1655 3435 1723 vinctoque

1863 1737 2029 1803 mulo,
2082 1754 2240 1807 quem
2285 1741 2543 1793 continuo
2596 1742 2966 1795 conscendunt
3020 1743 3242 1799 minime
3298 1745 3440 1800 relu-

1861 1837 2118 1895 ctantem,
2142 1831 2592 1898 quemadmodum
2633 1831 2898 1902 scriptum
2925 1842 3010 1888 est
3045 1852 3057 1887 :
3104 1836 3440 1890 Assimilatus

1859 1932 1929 1973 est
1949 1921 2204 1988 jumentis
2231 1962 2244 1983 ,
2275 1923 2462 1988 quibus
2512 1940 2613 1977 non
2642 1933 2718 1978 est
2749 1925 3048 1979 intellectus
3075 1928 3141 1982 ".
3175 1927 3269 1983 llis
3298 1929 3439 1982 Indi—

1862 2011 2031 2080 ligens
2057 2022 2402 2075 comparatur
2424 2014 2605 2077 homo,
2635 2015 2892 2083 quoniam
2933 2017 2984 2068 in
3031 2016 3299 2083 ejusmodi
3343 2020 3442 2073 ho-

1863 2102 2067 2155 minum
2112 2116 2312 2172 genere
2365 2119 2493 2158 suas
2551 2102 2862 2159 manifestat
2896 2105 3142 2161 diabolus
3187 2111 3439 2180 concupi-

1861 2191 2098 2246 scentias
2123 2199 2176 2245 et
2208 2192 2501 2260 desideria,
2527 2209 2792 2263 suamque
2817 2194 3189 2252 confusionem
3224 2201 3441 2254 univer-

1860 2294 2009 2345 sam;
2035 2289 2088 2333 et
2123 2280 2269 2333 illum
2301 2296 2624 2350 quocunque
2659 2283 2802 2337 lubet
2825 2327 2840 2348 ,
2870 2288 3054 2350 trahit,
3092 2289 3262 2343 donec
3289 2304 3441 2342 com-

1862 2371 2110 2438 pleantur
2136 2373 2450 2441 iniquitates
2493 2375 2627 2442 ejus,
2667 2387 2868 2431 etcum
2903 2378 3194 2447 gemitibus
3219 2395 3283 2435 ac
3306 2380 3438 2436 ﬂetu

1865 2461 2151 2516 moriatur.
2209 2463 2301 2516 Eia
2353 2481 2495 2518 nunc
2541 2467 2724 2533 igitur,
2764 2467 2856 2521 ﬁlii
2911 2468 3011 2522 mei
3064 2470 3440 2538 dilectissimi,

1862 2567 2177 2622 comparate
2210 2557 2363 2609 vobis
2397 2558 2785 2623 perfectionem
2818 2569 2874 2613 et
2903 2560 3258 2630 diligentiam,
3293 2579 3362 2617 ne
3387 2563 3440 2616 in

1861 2645 2041 2697 omnia
2087 2647 2255 2700 hostis
2284 2650 2584 2703 certamina
2630 2650 2900 2704 incidatis.
2931 2651 3220 2722 Negiigeus
3269 2655 3442 2713 instar

1861 2744 1946 2788 est
1975 2736 2164 2803 douuts
2187 2751 2395 2791 eversae
2421 2747 2475 2791 et
2503 2740 2775 2793 destituta:
2801 2741 3012 2805 incolis,
3039 2758 3158 2810 qua:
3187 2743 3334 2799 nullo
3360 2755 3441 2799 est

1864 2826 1913 2878 in
1936 2827 2109 2896 pretio
2134 2829 2273 2896 apud
2301 2829 2632 2898 quempiam,
2657 2832 2750 2884 sed
2775 2833 3131 2888 exsecrabilis
3166 2835 3442 2898 omnibus,

1864 2915 2276 2983 utviperarnm,
2316 2919 2660 2984 scorpionum
2693 2928 2746 2970 et
2772 2920 3162 2974 diaboliearum
3208 2921 3442 2974 ferarum

1863 3007 2231 3074 domicilium;
2277 3023 2542 3077 nemoque
2573 3011 2636 3062 de
2666 3009 2753 3062 illa
2786 3021 2974 3077 curat,
3010 3023 3065 3065 ut
3103 3028 3225 3081 quae
3251 3026 3442 3066 everss

1862 3097 1929 3152 sit
1957 3108 2013 3151 et
2043 3099 2308 3153 desolata.
2340 3098 2464 3153 [hee
2488 3110 2571 3154 est
2620 3101 2757 3156 ratio
2789 3102 3138 3172 negligentis;
3170 3119 3293 3156 nam
3323 3106 3435 3159 nul.

1864 3191 1966 3243 lam
2005 3192 2311 3259 comperies
2370 3192 2606 3246 divinam
2648 3208 2804 3260 opem
2844 3194 2992 3252 illiilli
3045 3196 3442 3251 cuStodientem

1861 3297 1953 3342 aut
1981 3289 2369 3344 inhabitantem
2402 3290 2452 3343 in
2485 3306 2570 3355 co,
2608 3305 2728 3360 quae
2757 3292 2871 3347 hzec
2897 3295 3077 3346 omnia
3109 3297 3177 3349 ab
3215 3295 3313 3348 illo
3352 3313 3444 3348 ar-

1860 3389 2024 3449 ceat,
2061 3381 2192 3450 quin
2236 3383 2287 3434 iu
2336 3397 2403 3436 eo
2445 3382 2710 3436 habitent.
2751 3381 2872 3437 Filii
2905 3385 3006 3437 mei
3058 3385 3396 3440 dilectissimi
3426 3428 3439 3448 .

1863 3474 2002 3526 hanc
2032 3473 2363 3542 diligentiam
2414 3487 2636 3527 servare
2691 3467 2919 3544 satagite
2947 3515 2961 3539 ,
2997 3491 3093 3530 nec
3122 3492 3240 3532 eam
3279 3480 3442 3546 depo-

1862 3567 2002 3617 natis
2031 3580 2059 3617 a
2094 3564 2281 3628 vobis,
2313 3579 2379 3618 ne
2415 3564 2640 3633 imperio
2679 3566 2849 3620 hostis
2876 3567 3266 3635 subjiciamini.
3289 3570 3441 3623 ‘Dum

1860 3666 2034 3711 exstat
2060 3656 2109 3710 in
2147 3659 2363 3710 homine
2385 3662 2587 3726 optima
2627 3659 2900 3728 diligentia
2934 3670 2984 3714 et
3019 3678 3145 3715 cura
3174 3702 3186 3725 ,
3225 3664 3291 3716 ab
3329 3680 3395 3716 οιι
3419 3693 3443 3704 -

1862 3747 2018 3800 nibus
2066 3747 2282 3801 casibus
2323 3757 2378 3801 et
2439 3748 2608 3801 ruinis
2651 3748 2810 3818 erigit
2840 3749 2988 3803 illum
3021 3761 3074 3804 et
3113 3764 3440 3819 praesrrvat.

1860 3837 1933 3891 ita
1965 3846 2022 3890 ut
2071 3837 2164 3890 ﬁat
2192 3837 2354 3890 homo
2382 3836 2468 3891 ille
2511 3837 2736 3904 Spiritui
2770 3845 2961 3892 saneto
3004 3843 3206 3910 requiei
3249 3841 3398 3897 locus
3423 3884 3443 3906 ,

1860 3936 1915 3983 et
1946 3943 2100 3982 suum
2133 3928 2235 3982 iter
2280 3928 2526 3982 absolvat
2558 3928 2814 3992 feliciter.
2863 3940 3026 3999 atque
3061 3945 3333 3987 mereatur
3365 3938 3440 3989 lo-

1860 4034 1982 4074 cum
2008 4019 2212 4090 requiei
2244 4031 2557 4074 sanctorum
2603 4020 2655 4074 in
2685 4034 2818 4089 pace
2854 4023 3032 4088 adire,
3066 4036 3118 4078 et
3161 4027 3438 4094 pulchram

1860 4129 2190 4182 suavemque
2225 4115 2372 4169 illam
2418 4117 2606 4171 audire
2649 4131 2840 4180 vocem
2876 4136 2889 4171 :
2923 4117 3026 4172 Cor
3075 4122 3353 4181 coturnum
3393 4133 3439 4172 et

1859 4205 2192 4260 humiliatum
2224 4204 2365 4260 Deus
2390 4223 2493 4260 non
2517 4207 2760 4276 despiciet
2786 4208 2852 4260 '“.

2301 4313 2490 4354 εεετιο
2529 4313 2722 4353 ῺΕΟΙΙΔ
2760 4311 3010 4355 δεικτιω.

2218 4389 2292 4443 De
2325 4390 2658 4460 religiositate
2693 4401 2737 4444 et
2763 4392 3082 4460 virginitate.

174 4480 387 4534 leonum
421 4493 481 4536 et
517 4479 792 4534 ﬂammam
845 4482 1227 4538 exstinxerunt
1281 4485 1452 4554 ignis,
1490 4488 1558 4540 ob
1599 4502 1751 4539 suam
1790 4475 1831 4527 D
1933 4481 2248 4536 Audivimus
2295 4481 2512 4534 beatum
2555 4480 2777 4534 Paulum
2827 4484 3150 4551 apostolum,
3205 4500 3322 4538 cum
3370 4488 3435 4541 ad

175 4585 458 4624 act-cusam
487 4584 700 4639 semper
729 4572 778 4624 iu
814 4574 973 4626 Deum
1009 4574 1188 4628 ﬁdem.

644 4679 832 4720 SECTIO
871 4682 1062 4720 DECIMA
1106 4685 1294 4722 SEXTA.

681 4755 752 4808 De
783 4758 915 4810 bona
956 4760 1250 4828 diligentia.

240 4849 457 4901 Asserit
510 4848 697 4902 beatus
747 4850 1021 4917 aposmlus
1071 4850 1310 4903 Paulus:
1350 4850 1510 4903 [laud
1536 4868 1754 4908 consen-

172 4945 382 4989 taneum
412 4947 492 4989 est
530 4939 707 5000 nobis,
755 4939 940 5006 fratres
960 4979 974 5001 ,
1010 4943 1172 4994 vivere
1205 4945 1491 4996 secundum
1515 4961 1754 5011 carnem,

169 5028 290 5093 quia
329 5029 622 5078 secundum
651 5044 858 5081 carnem
901 5029 1120 5082 viventes
1160 5033 1445 5084 morientur
1472 5032 1560 5086 ⁸³⁸.
1608 5031 1751 5087 Dixit

170 5119 328 5170 etiam
389 5119 588 5171 beatus
636 5117 872 5173 Joannes
923 5138 936 5173 :
988 5119 1167 5174 Nolite
1208 5122 1424 5191 diligere
1469 5127 1744 5187 mundum,

174 5212 290 5274 quia
321 5211 556 5262 mundus
596 5211 782 5262 lrmtait
811 5251 823 5270 .
860 5222 908 5264 et
939 5228 1114 5267 omnes
1147 5216 1583 5282 concupiscentia
1613 5219 1747 5283 ejus.

176 5300 271 5365 Qui
296 5312 478 5353 utilem
505 5299 633 5366 facit
664 5300 977 5354 voluntatem
1001 5302 1119 5366 Dei,
1140 5315 1312 5358 manet
1335 5306 1387 5358 in
1412 5317 1660 5359 retentum
1681 5308 1746 5358 “.

174 5388 502 5458 Bvigilemus
531 5404 681 5457 ergo,
701 5388 791 5442 lilii
817 5389 920 5442 mei
953 5391 1310 5454 dilectissimi,
1331 5396 1752 5448 constituamus-

171 5495 270 5549 que
310 5483 471 5536 nobis
513 5483 706 5535 bonam
748 5481 1082 5550 diligentiam
1137 5484 1188 5535 in
1219 5484 1373 5537 domo
1414 5487 1610 5542 mentis
1653 5502 1724 5542 no

234 5686 274 5715 ⁵³
308 5685 504 5738 Matth.
544 5699 636 5742 xx.
669 5683 752 5754 l2.
837 5685 889 5754 7“
933 5683 1070 5738 l’sal.
1108 5702 1251 5754 ουν,
1298 5688 1368 5748 6.
1407 5691 1456 5743 7.

179 5754 230 5784 ³·
275 5757 411 5810 Rom
498 5768 614 5823 vm,
646 5753 728 5820 I'Z,
787 5753 870 5807 l5.
946 5755 1031 5808 "l
1070 5753 1321 5825 Joanyti,
1366 5760 1450 5825 i5,
1491 5763 1573 5816 Π.

1537 5693 1580 5722 ⁸⁸
1612 5695 1914 5764 Psal.xvut,
1950 5698 2034 5751 ll.

1647 5766 1691 5796 ⁷ο
1729 5767 1865 5823 i‘sal.
1909 5784 2092 5836 XLVIII,
2130 5768 2217 5834 l5,
2251 5768 2340 5822 ‘21.

1863 4573 2184 4644 virginitatis
2205 4574 2542 4642 pervenisset
2568 4574 2822 4636 honores,
2857 4574 2927 4626 ita
2957 4576 3021 4628 de
3043 4591 3104 4627 ca
3128 4576 3392 4631 dicentem
3421 4597 3433 4629 :

1866 4665 2187 4732 Prwceptum
2214 4665 2308 4720 Dei
2334 4683 2435 4720 non
2457 4666 2619 4720 habeo
2642 4666 2709 4718 "'.
2740 4664 2851 4718 Non
2880 4667 3064 4718 habuit
3086 4679 3433 4734 praeceptum,

1860 4757 1984 4825 quia
2019 4771 2123 4810 non
2159 4771 2349 4811 omnes
2398 4773 2563 4826 grave
2612 4758 2712 4811 hoc
2751 4757 2943 4826 jugqu
2989 4757 3128 4812 ferre
3177 4774 3434 4828 possunt:

1861 4849 1979 4903 ideo
2041 4848 2288 4904 electioni
2339 4852 2580 4904 relictum
2624 4861 2705 4905 est
2756 4865 2942 4905 eorum
2992 4854 3083 4922 qui
3133 4854 3256 4907 illud
3295 4855 3436 4914 ferre

1859 4941 2059 4995 valent.
2098 4939 2394 5012 Virginitas
2442 4953 2526 4997 est
2551 4944 2887 5012 signaculum
2913 4985 2926 5006 .
2961 4947 3101 5014 quod
3152 4962 3257 5001 non
3314 4965 3435 5002 cur.

1860 5031 2164 5098 rumpitur;
2199 5032 2433 5100 perfecta
2465 5035 2799 5102 similitudo,
2841 5051 2960 5105 quae
2997 5052 3102 5093 non
3140 5051 3434 5093 commuta-

1861 5131 1982 5187 tur;
2020 5123 2302 5191 spirituale
2325 5135 2684 5195 sanctumque
2713 5128 3040 5183 sacriﬁcium
3060 5172 3075 5195 ,
3102 5133 3317 5199 specula
3336 5172 3350 5196 ,
3380 5146 3435 5187 et

1856 5216 2004 5270 visus
2048 5227 2153 5285 quo
2191 5217 2514 5272 observatur
2550 5219 2652 5273 iter
2694 5222 2759 5272 ad
2804 5221 3157 5288 perfectionis
3226 5223 3432 5279 ducem

1859 5319 2097 5371 metam;
2151 5308 2395 5363 diadema
2430 5311 2571 5366 veris
2616 5312 3038 5380 perfectionibus
3082 5325 3432 5380 contextum;

1860 5400 2041 5453 suavis
2099 5399 2186 5454 ille
2235 5415 2366 5466 ros,
2419 5403 2507 5470 qui
2563 5417 2754 5460 omnes
2801 5405 3083 5472 refrigerat
3125 5418 3425 5461 creaturas.

1860 5489 1975 5560 ipsa
2013 5491 2348 5558 evangelium
2396 5493 2515 5549 vitae
2554 5495 2697 5565 quod
2737 5496 3053 5554 abscondita
3089 5500 3155 5552 ab
3183 5505 3423 5558 omnibus

2123 5699 2165 5769 '7
2201 5697 2338 5769 Psal.
2371 5714 2637 5769 canym,
2678 5701 2734 5753 6.
2809 5702 2858 5734 "
2893 5703 3031 5758 Psal.
3064 5720 3250 5769 cnnv,
3294 5711 3340 5767 l.
3379 5715 3432 5767 2.

2418 5769 2458 5799 ⁷¹
2498 5767 2639 5824 Psal.
2671 5786 2722 5835 1.,
2769 5771 2852 5824 l9.
2933 5774 2979 5807 ⁷⁸
3021 5776 3165 5829 lCor
3208 5767 3299 5836 tu.
3345 5783 3430 5836 25.

3499 5669 3510 5698 Ι
