4220 6316
689 377 795 432 975

1792 368 2065 427 PATRES
2105 350 2417 425 IEGYPTll
2452 366 2727 426 suum
2771 366 2859 426 tv.

3872 362 3985 421 978

690 491 908 548 saeculis
954 500 1010 548 et
1052 490 1492 561 generationibus
1530 497 1743 547 reserat
1777 505 2000 545 arcana.
2040 488 2275 543 Maxima
2308 496 2349 550 Α
2382 487 2629 551 domum,
2677 504 2777 542 ucc
2824 485 3043 541 habebit
3090 483 3461 540 ba-reditatcm
3522 484 3574 537 in
3618 494 3757 539 terra
3790 486 3986 539 vivenv

691 600 825 651 sane
856 585 1148 640 hereditas
1177 595 1261 639 est
1293 594 1349 639 et
1380 586 1679 656 possessio,
1714 584 2016 655 virginitas.
2043 583 2145 649 Qui
2170 583 2281 635 vir-

691 678 972 749 ginitatem
1037 686 1387 744 aspernatur,
1446 678 1611 732 Deum
1650 678 1738 731 ille
1782 687 1836 731 et
1871 676 2090 746 angelus
2120 673 2285 729 afﬁt-it

693 770 912 841 injuria.
952 767 1119 824 Nemo
1148 769 1393 840 profecto
1422 786 1487 825 ex
1520 770 1816 825 adversarii
1856 770 2099 825 exercitu
2134 785 2290 823 aerea

694 865 823 916 dere
856 864 1040 929 audet,
1076 872 1166 917 aut
1204 862 1346 917 valet
1381 864 1433 917 iu
1461 878 1604 918 eam.
1633 863 1885 917 Attamen
1922 848 2083 916 nemo
2117 860 2283 915 virui-

696 971 823 1009 uum
858 956 1125 1026 glorietur
1164 956 1229 1011 de
1264 956 1575 1027 virginitate
1606 975 1621 1011 :
1652 956 1825 1027 gratia
1873 957 2072 1024 quippe
2118 954 2286 1023 ipsius

698 1049 789 1104 Dei
816 1059 920 1105 est.
948 1050 1111 1119 Virgo
1140 1048 1436 1105 muliebres
1460 1066 1673 1113 sensus,
1706 1049 2061 1118 cogitationes
2083 1048 2285 1113 carnis,

694 1143 873 1195 contis
915 1142 1225 1210 superbiam
1269 1152 1323 1195 et
1375 1156 1614 1195 amorem
1669 1156 1857 1196 eorum
1900 1140 2141 1194 omnium
2169 1155 2289 1209 quae

695 1232 897 1287 diaboli
934 1241 1059 1285 sunt
1086 1271 1099 1293 ,
1134 1247 1162 1284 a
1205 1246 1264 1286 se
1296 1230 1609 1284 amoliatur.
1655 1228 2140 1283 Mnrmuratiouem
2173 1241 2292 1295 pro-

695 1324 780 1377 rul
821 1333 1075 1377 amoveat
1102 1338 1354 1392 quoque;
1392 1322 1517 1374 item
1547 1336 1677 1390 erga
1726 1322 1973 1375 homines
2003 1320 2208 1382 odium,
2238 1327 2293 1373 et

695 1415 923 1485 gloriam
960 1417 1165 1469 mundi.
1205 1414 1470 1483 Religioni
1521 1410 1840 1477 incumbat,
1874 1414 2150 1468 contineat
2190 1411 2292 1465 liii-

697 1522 883 1577 guam,
920 1516 1271 1575 ventremque
1296 1506 1528 1575 castiget
1553 1505 1798 1576 jejuniis.
1825 1504 1960 1559 Nam
1993 1506 2037 1560 si
2065 1506 2148 1560 his
2171 1520 2291 1558 om-

701 1599 861 1654 nibus
888 1609 1151 1653 exornata
1190 1598 1374 1660 fuerit.
1413 1598 1515 1653 erit
1556 1598 1890 1653 sacrilicium
1934 1598 2052 1651 sine
2083 1597 2291 1652 macula

700 1699 791 1743 aut
824 1689 1140 1758 pollutione.
1186 1687 1486 1758 Virginitas
1518 1704 1668 1743 urna:
1702 1705 1834 1743 auro
1876 1690 2047 1757 plena:
2074 1704 2296 1757 compa-

699 1790 878 1847 ratur,
904 1795 1068 1850 quam
1106 1781 1195 1834 diu
1229 1791 1499 1849 noctuque
1536 1780 1848 1835 custodiunt
1872 1780 2135 1837 excubiae.
2177 1779 2297 1835 Vir—-

702 1874 905 1942 ginitas
952 1874 1085 1927 odor
1142 1884 1227 1928 cst
1270 1873 1628 1929 suavissimus
1670 1874 1891 1929 Christo
1943 1876 2203 1940 Domino,
2246 1886 2299 1930 et

702 1967 1011 2020 diademata
1041 1969 1162 2020 vita:
1199 1968 1493 2022 connectit.
1531 1966 1610 2032 Si,
1654 1969 1834 2037 virgo,
1861 1967 2092 2023 sollicita
2134 1968 2299 2022 fueris

702 2059 770 2113 de
804 2059 990 2113 multis
1046 2060 1209 2123 cibis,
1248 2070 1300 2113 et
1355 2074 1477 2114 cum
1532 2062 1605 2114 tui
1645 2060 2010 2116 ambulaveris
2062 2062 2301 2115 admira-

706 2151 873 2215 tione,
903 2151 955 2204 iu
981 2151 1235 2204 omnibus
1262 2152 1517 2220 operibus
1546 2153 1653 2207 tuis
1673 2151 2048 2207 confusionem
2075 2152 2298 2206 referes.

706 2244 762 2296 Si
810 2243 1046 2314 linguam
1098 2255 1241 2295 tuam
1288 2258 1391 2298 non
1444 2245 1799 2301 custodieris.
1834 2260 2001 2299 vacua
2043 2246 2150 2299 eris
2190 2253 2303 2299 ιοιο

710 2339 832 2392 \iia‘
868 2348 971 2391 tua:
1019 2353 1215 2401 cursu,
1251 2348 1302 2391 et
1337 2338 1723 2407 adimplebitur
1750 2341 1815 2394 de
1858 2348 1909 2393 te
1939 2340 2177 2408 scriptus
2216 2338 2303 2393 ille

708 2444 891 2485 sermo
926 2448 938 2480 :
992 2427 1293 2499 Suscepisti
1341 2444 1565 2500 magnos
1602 2431 1815 2485 labores
1856 2430 2079 2486 frustra.
2126 2429 2303 2485 Nolite

709 2534 861 2589 ergo,
894 2521 1117 2585 fratres,
1149 2524 1315 2576 nolite
1340 2524 1677 2589 permittere,
1710 2530 1767 2575 ut
1802 2521 1853 2576 id
1881 2522 2034 2577 vobis
2059 2522 2299 2587 accidat;

710 2614 804 2667 sed
843 2614 1064 2684 optimae
1102 2630 1165 2669 ac
1198 2615 1613 2684 perfectissima:
1650 2615 1923 2684 patientite
1952 2630 2169 2683 operam
2209 2616 2303 2669 de-

714 2720 836 2761 mus
859 2746 874 2772 ,
908 2718 965 2761 ut
1006 2722 1104 2762 nos
1135 2721 1354 2778 quoque
1390 2708 1575 2761 dicere
1612 2707 1884 2761 valeamus
1914 2724 1928 2763 :
1964 2706 2078 2761 Non
2112 2708 2303 2769 timeo,

713 2802 839 2873 quia
874 2802 1139 2857 Dominus
1186 2800 1401 2869 adjutor
1451 2814 1602 2854 meus
1646 2810 1749 2855 est.
1791 2799 1853 2853 Et
1907 2799 2065 2853 sieuti
2102 2800 2303 2853 dictum

713 2905 794 2949 est
825 2913 839 2949 :
872 2894 1149 2947 Timentes
1179 2907 1239 2947 se
1283 2891 1545 2947 Dominus
1576 2890 1749 2959 diligit
1776 2892 1826 2943 iu
1856 2892 2067 2945 cunctis
2093 2890 2267 2945 bouis.

1173 2999 1364 3040 SECTIO
1405 2998 1599 3039 οεειιιιι
1642 2998 1869 3038 OCTAVA.

719 3074 781 3129 In
811 3092 913 3146 qua
945 3076 1203 3145 prwcipit,
1234 3084 1290 3129 ut
1323 3076 1627 3146 recedamus
1660 3090 1690 3127 α
1727 3075 1887 3140 malo,
1921 3087 1969 3127 el
1998 3077 2308 3131 accedamus

1059 3150 1126 3199 ad
1152 3146 1342 3199 bonum
1366 3186 1379 3207 ,
1422 3145 1786 3214 [ariamusque
1811 3147 1963 3199 illud.

790 3238 975 3292 Sacrae
1005 3246 1260 3293 asserunt
1286 3237 1583 3306 Scriptum
1611 3255 1624 3291 :
1657 3236 1794 3292 Ecce
1841 3238 2094 3308 praposui
2129 3256 2303 3293 coram

717 3342 767 3386 te
796 3332 929 3385 duas
962 3331 1093 3396 vias,
1129 3331 1326 3384 scilicet
1361 3330 1551 3384 bonum
1592 3341 1639 3384 et
1675 3332 1873 3384 malum
1912 3332 1981 3385 ".
2028 3330 2178 3386 Viam
2213 3350 2310 3387 au-

720 3432 828 3483 tem
892 3424 1017 3477 ntali
1080 3422 1433 3477 novissimum
1493 3423 1557 3475 ad
1626 3421 1953 3491 profumlum
2011 3424 2310 3479 inferorum

718 3517 1048 3580 c0uducere,
1080 3514 1281 3569 etedem
1332 3530 1430 3569 uos
1459 3515 1725 3569 certiores
1766 3518 2032 3572 fecerunt.
2066 3516 2312 3574 lleccda-

720 3622 843 3663 mus
871 3621 999 3679 ergo
1027 3608 1093 3661 ab
1118 3622 1204 3674 ea,
1239 3621 1290 3663 et
1325 3608 1668 3664 ambulemus
1702 3625 1824 3664 cum
1860 3609 2187 3665 rectitudine
2215 3627 2313 3680 per

720 3717 843 3757 eam
896 3716 1056 3770 quam
1118 3702 1534 3755 ambulaverunt
1590 3704 1802 3766 sancti,
1857 3702 2310 3772 quemadmodum

724 3797 928 3851 dictum
958 3804 1041 3849 est
1076 3812 1089 3848 :
1123 3792 1273 3847 Beati
1315 3794 1645 3849 immaculati
1676 3796 1731 3849 in
1764 3798 1867 3861 ria,
1907 3798 1998 3867 qui
2042 3798 2317 3851 ambulant

726 3890 777 3939 in
811 3887 920 3957 lege
956 3885 1168 3940 Domini
1198 3886 1278 3940 τδρ
1310 3886 1406 3940 V'ia
1438 3895 1755 3941 sanctorum
1787 3904 1917 3944 vero
1956 3900 2038 3943 est
2064 3929 2076 3951 ,
2114 3899 2170 3943 ut
2196 3905 2315 3943 am-

728 3978 978 4032 bulemus
1010 3978 1061 4031 in
1096 3976 1213 4047 lege
1246 3976 1483 4045 Domini,
1523 3977 1731 4033 scilicet
1765 3980 1814 4031 iu
1860 3979 2096 4049 puritate
2124 3995 2318 4050 corpo-

730 4075 827 4137 ris,
892 4073 1126 4143 puritate
1170 4071 1389 4143 lingua‘,
1422 4073 1660 4141 puritate
1713 4070 2015 4135 oculorum,
2079 4070 2317 4138 puritate

730 4179 1011 4230 manuum,
1040 4163 1275 4232 puritate
1304 4163 1539 4226 aurium,
1578 4164 1810 4233 puritate
1840 4164 2059 4232 pedum,
2090 4173 2139 4217 et
2169 4173 2312 4217 reeta

728 4258 794 4309 ad
828 4255 1000 4308 Dcutn
1027 4255 1353 4326 cogitatione
1380 4256 1688 4323 mundoque
1714 4256 1874 4309 corde
1900 4269 2026 4324 erga
2060 4255 2313 4318 invicem,

730 4359 787 4401 ut
819 4349 1003 4401 dicere
1032 4347 1307 4401 valeamus
1338 4369 1348 4401 :
1383 4345 1490 4399 Cor
1516 4347 1769 4399 mundum
1792 4362 1910 4399 creo
1934 4347 1985 4399 in
2021 4362 2121 4408 me,
2154 4346 2313 4414 Deus,

727 4454 773 4496 et
816 4441 1057 4506 spiritum
1092 4452 1287 4491 rectum
1320 4438 1508 4491 innova
1542 4438 1595 4490 in
1630 4438 1909 4491 visceribus
1936 4442 2064 4492 meis
2094 4439 2160 4492 ⁷⁸.

1218 4546 1406 4586 δεοτιο
1446 4545 1642 4585 DECHIA
1681 4547 1839 4586 NONA.

968 4624 1035 4679 In
1075 4640 1180 4693 qua
1214 4625 1390 4693 agitur
1419 4624 1482 4676 de
1522 4624 1837 4676 continentia
1872 4624 2087 4693 linguw.

804 4715 1128 4773 Cbarissimi
1191 4714 1429 4777 fratres,
1512 4725 1742 4765 vestram
1803 4727 1933 4782 rogo
1993 4713 2314 4767 cbarita'tem

735 4825 862 4880 erga
897 4806 1175 4862 Christum
1212 4802 1417 4869 Deum,
1454 4814 1511 4859 ιιι
1554 4803 1777 4874 fugiatis
1802 4815 1852 4858 et
1884 4805 2100 4861 evitetis
2131 4821 2316 4861 semen

738 4916 1003 4971 nequam,
1030 4898 1246 4968 plenum
1290 4896 1535 4951 fraudum
1579 4906 1631 4949 ct
1673 4897 1912 4950 omnium
1958 4900 2317 4966 pessimorum

740 4993 1013 5047 dolorum.
1066 4989 1237 5043 Sacra
1279 4986 1542 5040 sionidcm
1586 4986 1774 5041 asserit
1816 4984 2096 5054 Scriptura
2134 5007 2147 5041 :
2195 4987 2324 5041 Lin-

738 5100 840 5151 gua
864 5082 1073 5152 quidem
1099 5080 1358 5132 modicum
1398 5076 1682 5130 membrum
1700 5088 1798 5140 est,
1830 5081 1919 5131 sed
1946 5078 2178 5132 maculat
2206 5095 2324 5134 cor-

738 5194 834 5247 pus
861 5184 1024 5227 totum
1054 5172 1122 5225 ".
1153 5170 1288 5226 Dicit
1323 5172 1488 5223 item:
1519 5166 1585 5221 In
1610 5168 1721 5234 ipsa
1747 5166 2099 5223 benedicimus
2126 5170 2323 5235 Deum;

738 5267 870 5321 etin
906 5266 1015 5333 ipsa
1066 5262 1430 5315 maledicimus
1473 5260 1735 5324 homines,
1778 5276 1906 5327 quos
1948 5265 2137 5316 creavit
2184 5262 2323 5317 Deus

742 5359 810 5410 ad
844 5371 995 5409 mam
1042 5354 1439 5407 similitudinem
1474 5351 1543 5405 ".
1584 5348 1729 5405 Mors
1764 5365 1894 5421 ergo
1935 5354 2135 5407 residet
2170 5355 2222 5407 in
2262 5370 2328 5409 eo

743 5450 835 5519 qui
866 5448 1103 5515 hicipitis
1129 5455 1211 5499 est
1240 5447 1452 5513 lingu-.13,
1489 5447 1611 5511 quia
1640 5460 1763 5497 cum
1799 5456 1970 5499 morte
2004 5445 2179 5499 foedus
2203 5462 2327 5515 per-

746 5538 947 5603 cussit,
1004 5538 1215 5604 sibique
1260 5535 1580 5605 perditionis
1632 5536 1683 5587 in
1740 5535 1952 5589 inferno
2006 5542 2326 5606 pra‘paravit

840 5671 888 5702 τ³
926 5671 1076 5726 Dout.
1123 5688 1224 5725 xxx
1250 5714 1263 5735 ,
1299 5670 1381 5724 15.

757 5744 797 5773 "
835 5741 1021 5796 Matth.
1062 5759 1188 5803 xxv.
1237 5744 1337 5807 2i,
1376 5743 1464 5796 '23.

749 5830 819 5880 κ,
858 5813 939 5867 l9.

1474 5669 1521 5701 7‘
1558 5668 1697 5725 Psal.
1726 5684 1912 5733 cxvm,
1943 5670 1989 5721 l.

1545 5742 1589 5773 ⁸ο
1636 5739 1773 5794 Psal.
1822 5755 1951 5804 λιιι,
2013 5742 2053 5793 l.

2334 3192 2377 3247 ο
2414 3173 2572 3225 veniet
2618 3185 2779 3238 usque
2829 3168 2883 3220 in
2939 3169 3171 3221 medium
3220 3169 3409 3224 donius
3461 3172 3579 3237 ejus
3628 3168 3697 3225 ⁸³.

2063 5672 2107 5703 τε
2135 5674 2271 5727 Psal.
2307 5692 2354 5741 L,
2404 5676 2479 5729 is.

2134 5744 2175 5775 ⁸¹
2203 5738 2351 5798 l‘sal.
2381 5762 2476 5806 vn,
2514 5738 2593 5793 Π.

2389 582 2546 644 tium,
2600 581 2691 650 qui
2732 579 2939 633 faciunt
2993 578 3083 633 Dei
3115 579 3468 633 voluntatem.
3500 575 3659 632 Ct'rtc
3700 578 3985 632 hominem

2388 671 2678 741 lviiinguem
2715 674 2926 726 animas
2956 671 3254 741 deperdere
3301 673 3625 741 comperics,
3676 672 3988 730 familiare!

2386 772 2438 816 et
2472 765 2675 819 amicos
2707 766 3047 831 perturbare,
3081 766 3350 835 dissipare
3388 777 3560 819 cmtus
3592 777 3640 819 ei
3670 780 3979 837 congrega—

2393 854 2586 918 tiones,
2623 857 2878 910 omnibus
2930 857 3084 910 malis
3137 859 3417 925 patrandis
3459 858 3589 912 dare
3622 872 3843 925 operam
3871 898 3888 925 ,
3923 872 3990 912 ac

2390 961 2514 1001 sese
2567 949 2917 1013 immiscere,
2964 964 3289 1019 semperque
3332 950 3383 1001 in
3436 952 3737 1017 proximum
3778 950 3991 1005 inachi-

2394 1042 2513 1093 nari
2548 1040 2751 1094 dolum.
2801 1041 3119 1104 Orationes,
3156 1041 3532 1110 cleetnosynas
3562 1050 3617 1095 et
3657 1041 3861 1111 jt'jllllia
3901 1042 3988 1094 bi-

2394 1127 2594 1197 linguis
2654 1130 2898 1183 tenebris
2952 1130 3205 1183 obvoluta
3254 1133 3559 1196 compertus
3618 1147 3798 1183 coram
3854 1130 3989 1185 Deo.

2400 1217 2771 1283 Quamobrem
2805 1220 3066 1286 scriptum
3104 1230 3184 1271 est
3208 1260 3224 1277 .
3249 1222 3389 1286 quod
3418 1220 3594 1273 oratio
3623 1221 3857 1275 hominis
3890 1222 3994 1274 litt-

2388 1309 2623 1378 jusmodi
2656 1309 2749 1363 ﬁat
2782 1310 2833 1364 in
2860 1317 3135 1378 peceatum
3155 1310 3221 1366 ’⁸.
3256 1311 3346 1364 I‘iia
3380 1326 3524 1364 nunc
3557 1311 3747 1380 igitur,
3786 1312 3995 1367 fratres

2396 1405 2781 1465 ιΙὶΙρειὶεείιιιί,
2822 1406 2975 1473 longe
3035 1404 3204 1474 fugite
3264 1420 3291 1456 a
3358 1404 3617 1473 bilingui,
3687 1406 3989 1459 amicitiam

2397 1513 2519 1550 cum
2548 1511 2613 1551 eo
2647 1512 2987 1565 nequaquam
3022 1496 3235 1559 iueatis,
3262 1497 3383 1560 quia
3412 1497 3502 1563 qui
3532 1497 3830 1551 amicitiam
3859 1513 3987 1550 cum

2398 1587 2490 1641 illo
2524 1588 2766 1650 iniverit,
2808 1602 2929 1641 eam
2976 1601 3093 1641 eum
3149 1597 3321 1639 morte
3362 1586 3539 1641 inivit.
3591 1586 3703 1639 lino
3745 1588 3997 1641 aiiililel't'.

2402 1681 2529 1734 totis
2563 1680 2795 1743 viribus,
2836 1696 2903 1733 nc
2938 1694 3059 1733 cum
3094 1678 3186 1731 illo
3221 1678 3481 1745 loquaris,
3517 1692 3582 1730 ne
3613 1679 3733 1749 ejus
3758 1680 3993 1746 pessima

2399 1771 2614 1825 ediscas
2644 1786 2808 1839 opera
2830 1812 2844 1837 ,
2878 1780 3041 1837 teque
3068 1768 3291 1823 inliciat.
3327 1768 3525 1823 Beatus
3562 1779 3643 1824 est
3673 1770 3840 1823 homo
3870 1770 3961 1824 ille
3983 1811 3998 1831 .

2330 1838 2371 1892 Β
2403 1863 2497 1932 qui
2530 1863 2634 1916 sibi
2666 1838 2955 1932 diligenter
2989 1870 3166 1926 cavet,
3205 1870 3255 1915 cl
3291 1861 3670 1927 experimento
3713 1861 3907 1915 ediscit
3941 1863 4003 1913 li-

2404 1953 2577 2009 delem
2606 1954 2658 2007 in
2688 1954 2942 2007 omnibus
2974 1968 3129 2019 esse;
3176 1953 3300 2021 quia
3333 1952 3379 2005 is
3408 1966 3595 2006 vocem
3626 1953 3773 2005 illam
3820 1954 3999 2005 betam

2403 2046 2587 2100 audiet
2623 2064 2637 2100 :
2673 2043 2817 2111 Quia
2850 2061 3004 2109 super
3037 2060 3205 2106 pauca
3236 2043 3389 2109 fuisti
3413 2043 3609 2109 fidelis,
3649 2062 3811 2112 supra
3836 2043 4007 2098 multa

2403 2147 2453 2193 te
2482 2138 2797 2191 constituam
2853 2138 2992 2189 intra
3022 2135 3077 2188 in
3115 2136 3367 2206 gaudium
3402 2132 3615 2188 Domini
3653 2137 3729 2187 tui
3760 2137 3826 2189 ”.

2956 2263 3149 2305 l-ECTIO
3190 2263 3438 2303 VICESDM
3454 2286 3469 2303 δ

3077 2341 3152 2396 De
3188 2342 3332 2394 dolo.

2480 2435 2814 2490 Extoilamus
2844 2449 3039 2487 manus
3068 2444 3273 2488 nostra:
3308 2444 3363 2487 et
3396 2439 3560 2487 cmda
3596 2446 3781 2488 nostra
3813 2439 3879 2487 ad
3908 2433 4010 2490 Al-

2412 2528 2685 2581 tissimuin
2719 2526 2808 2595 qui
2835 2527 2895 2577 ‘in
2927 2526 3080 2579 cwlis
3122 2535 3226 2589 est,
3257 2534 3312 2579 et
3337 2524 3525 2593 fugere
3556 2526 3873 2579 adnitamur
3896 2527 4013 2595 pri-

2409 2636 2555 2673 mum
2609 2617 2738 2672 illud
2793 2626 3118 2687 peccatum,
3170 2629 3367 2686 nempe
3415 2615 3598 2669 dolum
3650 2618 3896 2685 quierat
3955 2620 4008 2671 iu

2409 2711 2542 2765 Cain
2565 2752 2578 2773 ,
2615 2710 2915 2765 secundum
2943 2710 3163 2763 verbum
3216 2708 3344 2761 illud
3380 2708 3679 2776 scriptum:
3718 2710 3853 2762 Deus
3878 2750 3895 2773 ,
3938 2710 4009 2763 Ii-

2412 2808 2533 2854 bera
2566 2817 2647 2853 me
2701 2799 2763 2853 ab
2801 2800 3009 2852 homine
3062 2800 3242 2869 iniquo
3291 2814 3341 2851 et
3384 2798 3565 2853 doloso
3598 2799 3666 2852 '°.
3706 2800 3881 2854 llmno
3914 2803 4012 2853 do-

2412 2896 2556 2947 losus
2580 2893 2815 2949 animam
2844 2908 2996 2947 suam
3040 2893 3237 2961 decipit
3262 2900 3472 2945 tantum
3500 2933 3514 2957 ,
3541 2894 3665 2960 quia
3705 2894 3858 2947 dolus
3889 2894 4014 2963 ejus

2414 2986 2703 3039 revertitur
2726 2987 2777 3037 in
2800 2993 2958 3054 caput
2988 2984 3176 3051 ipsius,
3202 2995 3257 3036 ut
3278 2985 3540 3053 scriptum
3565 2996 3641 3039 est
3671 2988 3723 3038 in
3751 2985 4013 3041 Psalmo:

2416 3076 2590 3131 Labor
2639 3078 2755 3148 ejus
2801 3087 3129 3130 convertetur
3168 3076 3224 3128 in
3259 3085 3415 3145 caput
3459 3076 3573 3145 ejus
3598 3116 3611 3141 ,
3671 3086 3719 3129 et
3755 3077 4015 3144 iniquitas

3763 3168 4019 3225 “culinis

2416 3262 2540 3315 mali
2569 3275 2634 3315 ne
2660 3259 3036 3313 familiaritate
3073 3259 3276 3323 utaris,
3318 3276 3419 3315 nec
3470 3261 3715 3329 iniquum
3759 3261 4019 3329 sequaris

2416 3353 2716 3414 hominem,
2762 3366 2863 3406 nec
2901 3351 3115 3419 penitus
3155 3361 3345 3419 tangas
3384 3352 3568 3420 illum;
3597 3353 3690 3405 sed
3721 3366 4023 3409 exsecrere

2416 3454 2469 3496 ut
2528 3444 2810 3497 slndoneut
2867 3451 3206 3495 mortuorum
3256 3441 3525 3497 fetoribus
3586 3444 4017 3513 coinquinatam.

2416 3534 2623 3603 Lingua
2656 3534 2861 3601 quippe
2900 3532 3137 3587 hominis
3180 3531 3353 3586 dolosi
3380 3534 3584 3586 excitat
3635 3536 4024 3591 contentiones

2418 3627 2560 3679 inter
2591 3626 2810 3687 turbas,
2847 3621 3281 3693 elfusionemque
3336 3626 3637 3693 sanguinis.
3677 3624 3775 3691 Qui
3810 3626 4025 3681 amici-

2420 3718 2546 3770 tiam
2580 3715 2856 3771 comrabit
2885 3729 3008 3769 cum
3048 3715 3231 3769 dolosa
3258 3752 3276 3780 ,
3323 3718 3569 3771 eamdem
3616 3732 3735 3771 cum
3769 3719 4025 3786 pessimo

2417 3806 2633 3863 diabolo
2666 3806 2964 3861 contrahit.
2996 3804 3096 3871 Qui
3145 3807 3463 3860 societatem
3496 3807 3595 3860 init
3632 3823 3748 3861 cum
3779 3808 3981 3864 doloso

2418 3912 2541 3952 eam
2592 3898 2692 3951 init
2753 3912 2878 3952 cum
2935 3894 3262 3952 cﬂusoribtis
3316 3897 3619 3967 sanguinis,
3674 3908 3727 3951 et
3776 3900 4027 3967 propria

2418 3988 2609 4043 mortis
2656 3988 2716 4041 lit
2746 3988 2861 4056 ipse
2894 4002 3038 4042 reus.
3074 3986 3243 4043 Multo
3276 3990 3659 4057 expedientius
3721 4000 3800 4043 est
3849 3990 4026 4046 habi-

2422 4088 2537 4134 tare
2576 4080 2628 4133 in
2670 4078 2964 4133 solitudine
2993 4118 3007 4144 ,
3053 4093 3213 4148 quam
3240 4095 3362 4133 cum
3392 4079 3610 4133 homine
3636 4080 3835 4135 doloso.
3868 4082 4026 4138 Cum

2420 4169 2606 4227 doioso
2644 4170 2941 4224 amicitiam
2987 4185 3055 4226 ne
3125 4174 3457 4227 contrahas:
3498 4171 3550 4224 iu
3586 4172 3800 4225 donnuu
3846 4172 4025 4228 ullam

2420 4278 2543 4319 cum
2596 4278 2661 4317 eo
2710 4276 2780 4316 ne
2820 4262 3179 4332 ingrediaris,
3233 4262 3359 4329 quia
3416 4261 3459 4315 si
3491 4260 3661 4316 fueris
3702 4264 4026 4333 ingressus,

2421 4353 2701 4424 pertrabet
2733 4362 2783 4404 te
2818 4351 2883 4403 ad
2931 4364 3089 4403 suum
3120 4348 3368 4403 fetorem.
3412 4348 3597 4403 Satius
3644 4349 3733 4404 tibi
3776 4361 3855 4404 εει
3881 4363 4029 4406 esse

2422 4459 2546 4498 cum
2601 4442 2756 4505 feris,
2789 4456 2950 4510 quant
3009 4456 3129 4494 cum
3192 4440 3414 4495 homine
3460 4441 3649 4495 doloso
3686 4460 3698 4494 :
3744 4440 4025 4510 siquidem

2348 4550 2397 4607 ο
2426 4536 2668 4591 suaviter
2703 4536 2769 4590 ad
2801 4544 2852 4588 te
2897 4534 3107 4588 accedit
3138 4535 3238 4589 iste
3267 4574 3281 4597 ,
3315 4544 3369 4588 et
3402 4534 3629 4603 pat-ifice
3657 4532 3891 4602 loquitur
3943 4548 4028 4589 te.

2425 4644 2545 4681 cum
2577 4644 2590 4691 ;
2628 4637 2685 4680 at
2720 4627 2765 4680 si
2799 4641 2893 4679 cor
2946 4625 3090 4679 illius
3133 4625 3304 4680 semel
3356 4624 3783 4685 coutristaveris,
3828 4626 4026 4679 statim

2425 4717 2809 4773 absconditum
2853 4727 3065 4772 eructat
3098 4715 3280 4771 dolum
3306 4756 3320 4778 ,
3361 4726 3518 4785 teque
3561 4717 3883 4784 imparatum
3926 4715 4028 4781 ju-

2426 4812 2591 4880 gulat.
2614 4810 2979 4877 Quamobrem
3016 4808 3155 4863 Deus
3185 4809 3274 4876 qui
3314 4817 3581 4861 eratcum
3634 4807 3879 4875 patrihus
3920 4822 4029 4862 sio-

2427 4901 2555 4955 stris
2586 4900 2883 4963 Abraham,
2923 4898 3075 4952 Isaac
3102 4906 3155 4951 et
3182 4894 3372 4960 Jacob,
3399 4899 3468 4951 sit
3501 4897 3802 4963 vobiscum,
3834 4907 3888 4950 ut
3918 4912 4028 4954 vos

2427 5000 2582 5044 eruat
2604 4995 2669 5043 ab
2694 4988 2782 5043 illo
2814 4989 2968 5059 cujus
2993 4986 3250 5041 fortitudo
3276 4998 3359 5043 est
3393 4988 3445 5040 in
3488 4986 3689 5042 lumbis
3717 4986 3785 5051 ",
3823 5003 4028 5058 nempe

2430 5078 2676 5145 diabolo;
2704 5081 2795 5149 qui
2832 5080 2978 5133 omni
3036 5091 3281 5150 tempore
3318 5078 3585 5147 religiosis
3615 5079 3820 5133 invidet
3851 5080 4024 5147 viris,

2429 5181 2480 5225 et
2514 5185 2613 5224 suo
2645 5171 2805 5229 bamo
2842 5184 2937 5224 eos
2974 5185 3192 5239 capere,
3239 5179 3294 5223 ut
3324 5168 3605 5240 deglutiat,
3646 5170 3877 5224 nititur:
3928 5186 4030 5227 ve-

2434 5276 2576 5323 rum,
2611 5260 2701 5327 qui
2732 5270 2857 5315 orat
2884 5276 2980 5330 pro
3010 5262 3167 5317 nobis
3193 5262 3265 5325 ⁸³,
3307 5261 3570 5315 habemus
3604 5261 3886 5315 Dominum
3920 5278 4028 5321 no-

2427 5362 2598 5405 strum
2626 5350 2810 5407 Iesum
2842 5350 3119 5405 Christum
3147 5392 3161 5418 ,
3192 5353 3282 5422 qui
3316 5353 3472 5411 nobis
3500 5352 3648 5407 dedit
3691 5364 4025 5421 potestatem

2426 5442 2665 5495 calcandi
2729 5443 2985 5496 virtutem
3048 5443 3165 5511 ejus
3209 5442 3276 5495 ⁸⁸.
3326 5441 3526 5498 Oculus
3569 5445 3657 5511 qui
3707 5459 3738 5496 a
3792 5445 4028 5501 videndo

2429 5549 2530 5585 non
2560 5532 2912 5601 defatigatur,
2943 5543 2995 5586 et
3018 5533 3165 5585 auris
3198 5549 3315 5602 qtue
3355 5534 3421 5587 ab
3462 5534 3647 5589 auditu
3675 5547 3781 5585 non
3816 5532 4041 5617 deficit"

2575 5669 2617 5698 ⁷⁸
2650 5667 2763 5721 Jac.
2794 5683 2872 5732 ιιι,
2917 5668 2981 5731 5,
3015 5668 3065 5721 6.
3148 5668 3189 5698 ⁷⁷
3223 5668 3351 5720 ibid.
3386 5668 3436 5721 9.
3517 5670 3562 5698 ⁷⁸
3609 5676 3749 5722 l'sal.
3790 5684 4024 5736 t2\'lll,l.

2707 5738 2750 5769 ⁸⁸
2786 5738 2887 5792 Job
2924 5754 3019 5802 λι,
3058 5738 3138 5792 ll.
3244 5739 3287 5770 ⁸³
3320 5740 3477 5792 llei-r.
3508 5756 3611 5802 vti,
3645 5740 3733 5791 23'.
3815 5739 3861 5770 ’⁸⁵
3887 5739 4021 5796 Luc.
