4220 6316
240 372 328 428 977
1262 359 1316 410 s.
1359 357 1638 413 amo-nn
1681 358 1749 412 Μ.
1795 356 1829 410 Α

1933 352 2085 407 ᾹῚῚὸ
2127 346 2500 405 ΕΡΙόἸὈΙιΑἶ.

3390 337 3496 394 978

235 477 335 547 ipsa
369 486 669 541 asseverat,
697 474 835 545 quod
869 477 1321 548 complementum
1363 481 1496 550 legis
1524 482 1599 540 sit
1628 479 1810 534 chari-
1842 485 1886 539 Α
1917 485 2058 530 stum
2108 477 2376 530 in'omues
2424 459 2797 542 generationes
2822 466 2938 521 sine
2971 461 3348 532 corruptione,
3380 458 3496 525 fra-

237 580 308 622 tas
327 568 396 622 ⁸⁸.
433 568 570 622 Dicit
616 571 778 622 etiam
814 589 826 624 :
872 569 1072 624 llorum
1116 572 1571 640 complementum
1605 584 1717 638 est,
1751 581 1809 625 ut

237 661 339 717 sitis
361 677 550 714 omnes
581 677 677 715 cor
702 679 862 714 unnm
918 664 969 715 in
997 662 1124 717 Jesu
1171 664 1385 718 Christo
1416 683 1429 718 :
1468 680 1622 735 opem
1664 666 1809 718 invi-

236 767 338 806 rem
373 751 611 806 ferentes
635 793 648 816 ,
682 763 736 807 et
766 752 1060 807 fraternam
1088 755 1407 810 exhibentes
1442 756 1762 809 charitatem
1792 793 1807 818 ,

236 843 608 898 misericordes
634 846 987 910 exsistentes,
1037 857 1093 900 ut
1128 846 1386 900 Dominus
1426 848 1588 900 etiam
1626 857 1810 902 nostra

234 943 493 1003 praeparet
520 937 682 988 corda
716 938 782 991 ad
814 953 911 991 sua
960 941 1209 992 mandata
1245 939 1490 994 facienda
1539 955 1714 1010 usque
1745 940 1811 996 ad

235 1025 366 1082 diem
390 1028 848 1085 manil‘estationis
884 1029 1052 1101 pit-nm
1083 1031 1265 1102 gloria:
1301 1017 1395 1102 per
1424 1030 1607 1087 Jesum
1655 1030 1814 1088 Chri-

294 1152 339 1185 ⁸³
369 1152 528 1210 Rom.
556 1171 679 1217 xm.
711 1158 795 1212 10.

1919 579 2033 623 trcs
2062 584 2198 638 quos
2236 566 2423 636 diligo,
2474 578 2570 633 per
2603 559 2788 616 Jesnm
2833 558 3106 614 Christum
3136 575 3148 610 :
3182 554 3266 610 cui
3289 552 3457 624 gloria
3479 594 3495 620 ,

1919 667 1974 712 et
2015 660 2185 712 honor
2228 673 2291 712 cx
2346 671 2509 721 nunc,
2544 663 2597 707 et
2629 653 2773 707 omni
2819 663 3081 720 tempore,
3123 658 3177 702 et
3210 648 3262 701 in
3303 644 3500 709 secula

1917 753 2258 808 saeculorum.
2293 751 2484 804 Amen.

1913 841 2168 907 Camp/eti
2212 851 2331 895 sunt
2370 840 2551 909 viginti
2582 836 2860 892 Sermones
2896 833 3271 909 sapientissimi
3317 830 3504 909 Patris.

1987 903 2151 966 nostri
2203 911 2260 965 S.
2304 903 2519 964 Antonii
2567 909 2795 973 abbatis,
2841 905 3212 961 monachorum
3265 903 3500 973 omnium

1984 985 2241 1046 parentis.
2280 982 2535 1034 Dominus
2567 978 2736 1032 nostri
2781 993 2871 1044 per
2899 975 3011 1044 ejus
3046 976 3307 1028 orationes
3337 972 3500 1027 mise-

1993 1065 2192 1107 reatur.
2223 1051 2408 1104 Amen.

1401 1284 3465 1314 ww

1127 1470 1252 1577 Β.
1345 1464 1864 1578 PATRIS
1954 1463 2612 1608 AN'l‘ONlI,

911 1684 1258 1741 ΜΕΒΙΤΟ
1313 1684 1639 1751 MAGNI,
1701 1682 2108 1739 ABBATIS
2168 1681 2812 1751 SANCTISSIMI,

1477 1857 2007 1935 EPISTOLXE
2083 1857 2266 1946 νη,

842 2040 928 2098 Ex
967 2038 1182 2100 Graeco
1216 2037 1440 2100 Latine
1492 2037 1775 2110 rcd'litm,
1821 2037 2168 2116 interprete
2221 2037 2475 2098 Valerio
2524 2037 2601 2098 de
2634 2036 2908 2097 Sarasio.

817 2332 1153 2386 EPISTULA
1193 2335 1233 2386 1.

761 2438 826 2475 ΑΒ
867 2439 1108 2479 Πιλτηεε
1150 2439 1298 2481 SUOS.

311 2530 348 2567 I.
393 2515 634 2568 Priuumt
685 2515 862 2570 saluto
907 2532 1000 2571 vos
1049 2518 1100 2570 in
1136 2517 1379 2570 Domino.
1432 2517 1700 2571 Existimo
1735 2533 1814 2568 au-

239 2621 346 2664 tetu
393 2610 607 2666 animas
653 2626 1008 2682 quascunque
1061 2615 1475 2694 appreliendcrit
1527 2617 1698 2684 gratia
1735 2616 1825 2668 ltci

237 2704 484 2756 vocantis
521 2704 586 2755 ad
636 2704 1073 2771 prmdicatioucm
1127 2721 1279 2757 suam
1313 2721 1410 2774 per
1449 2708 1669 2768 vet-hum
1707 2722 1828 2776 pto-

235 2795 437 2862 prium,
476 2795 676 2848 habere
706 2805 814 2849 tres
858 2797 1065 2860 modos,
1106 2811 1197 2849 seu
1234 2797 1502 2850 masculos
1531 2805 1624 2852 seu
1657 2798 1811 2852 Γυηιίσ

233 2900 355 2940 nas.
403 2885 628 2951 Quidam
695 2887 836 2939 enim
879 2899 974 2954 per
1035 2888 1499 2939 testamentariatn
1554 2886 1721 2954 legem
1778 2895 1832 2942 et

236 2978 468 3030 inditum
509 2979 561 3030 in
594 2977 672 3032 eis
707 2977 873 3032 semel
908 2981 1132 3041 bonum,
1167 2995 1193 3031 a
1237 2979 1408 3048 prima
1441 2981 1522 3033 sui
1560 2979 1829 3033 conditio-

237 3086 304 3121 nc
353 3069 664 3138 pertingere
712 3071 876 3122 verbo
926 3070 1019 3122 Dei
1058 3071 1121 3121 ad
1155 3084 1248 3123 eos
1298 3071 1490 3122 morati
1539 3085 1644 3122 nou
1679 3077 1827 3132 sunt,

238 3163 336 3214 sed
398 3170 759 3227 perrexerunt
806 3159 978 3228 parati
1030 3174 1150 3213 cum
1189 3175 1275 3222 eo,
1329 3160 1486 3214 sicuti
1541 3171 1596 3214 et
1650 3169 1835 3215 noster

235 3257 562 3322 progenitor
593 3255 896 3322 Abraham;
927 3255 1011 3308 cui
1058 3257 1252 3322 primo,
1291 3255 1413 3322 quia
1456 3256 1698 3323 porrexit
1747 3255 1834 3306 in-

235 3345 494 3415 daginem
533 3343 672 3398 Deus
722 3361 818 3411 per
862 3346 1326 3398 testamentarium
1369 3346 1560 3414 legem,
1589 3345 1836 3414 apparuit

237 3437 433 3490 dicens
460 3454 472 3490 ε
500 3436 598 3489 (Exi
629 3438 692 3489 de
714 3446 856 3488 terra
903 3449 994 3489 tua
1025 3447 1070 3490 et
1100 3438 1163 3489 de
1191 3440 1503 3506 cognatione
1535 3449 1646 3499 tua,
1689 3446 1737 3488 et
1773 3438 1836 3487 de

235 3527 402 3580 domo
445 3527 608 3594 patris
647 3527 744 3593 tui,
781 3537 829 3580 et
879 3529 992 3581 veni
1028 3529 1096 3580 ad
1134 3537 1328 3580 terram
1371 3545 1528 3598 quam
1563 3528 1835 3580 ostendero

237 3616 422 3668 tibi".
468 3622 539 3670 At.
573 3617 658 3669 ille
693 3619 745 3669 in
779 3618 925 3670 nullo
971 3620 1248 3683 haesitans,
1283 3631 1499 3687 paratus
1532 3617 1627 3671 fuit
1660 3622 1708 3670 in
1740 3633 1836 3670 vo-

1866 2339 1906 2396 n
1941 2335 2229 2390 admodum
2266 2345 2316 2389 et
2351 2335 2425 2389 illi
2454 2336 2517 2389 de
2561 2334 2756 2402 quibus
2792 2333 3036 2403 prtedixi.
3085 2331 3173 2387 llic
3201 2332 3360 2404 igitur
3387 2343 3515 2387 sunt

1934 2428 2365 2484 introductiones
2410 2437 2520 2482 tres
2563 2428 2614 2480 in
2661 2427 2944 2481 animabus
2977 2441 3094 2495 qua:
3126 2426 3191 2478 ad
3223 2423 3516 2494 paenitudi-

1933 2535 2052 2572 nem
2097 2521 2342 2584 veniunt,
2379 2521 2551 2575 donec
2588 2520 2961 2589 adipiscantur
2990 2517 3221 2589 gratiam
3253 2526 3308 2571 et
3354 2531 3515 2571 voca-

1934 2611 2132 2665 tionem
2169 2610 2287 2666 Filii
2327 2613 2445 2666 Dei.

2002 2704 2064 2758 ll.
2109 2706 2214 2759 Sed
2258 2715 2383 2773 puto
2425 2706 2576 2773 quod,
2604 2718 2697 2757 cos
2745 2703 2890 2770 prius
2943 2711 3094 2756 vocet
3139 2701 3394 2770 Spiritus,
3424 2700 3516 2768 qui

1935 2795 2316 2865 ingrediuntur
2367 2810 2433 2848 cx
2483 2805 2592 2847 toto
2654 2797 2818 2849 corde
2851 2804 3150 2856 certamen,
3183 2791 3519 2845 ctordinaut

1934 2886 2257 2954 semetipsos
2305 2885 2372 2938 ad
2407 2884 2790 2938 sustinendum
2833 2884 2886 2938 in
2924 2883 3070 2936 omni
3103 2882 3400 2936 luetatione
3423 2880 3517 2935 ad-

1935 2977 2184 3041 versarii,
2216 2977 2386 3031 donec
2420 2975 2715 3031 dcvincant
2758 2990 2907 3029 eum.
2938 2973 3166 3028 Prmsmt
3201 2987 3328 3027 vero
3356 2971 3435 3026 eis
3463 2979 3520 3027 et

1934 3068 2159 3122 lenitate
2205 3068 2256 3120 in
2308 3067 2560 3122 omnibus
2593 3066 2789 3134 juvans
2817 3079 2910 3119 eos
2957 3064 3221 3132 Spiritus,
3255 3073 3312 3116 ut
3344 3061 3519 3117 incul-

1935 3175 2128 3220 centur
2193 3165 2244 3218 in
2297 3163 2402 3218 illis
2450 3177 2614 3233 opera
2669 3161 3038 3232 paenitentiae;
3078 3159 3228 3229 ponit
3272 3158 3350 3213 eis
3405 3165 3518 3212 ler-

1939 3260 2112 3312 tniuos
2150 3272 2246 3328 per
2294 3257 2513 3316 modum
2553 3256 2841 3325 quemdam
2888 3252 3242 3324 paenitudinis
3296 3253 3348 3306 in
3398 3265 3521 3306 cor-

1938 3365 2068 3418 pore
2095 3359 2148 3405 ct
2175 3351 2355 3403 anima
2396 3364 2605 3414 eerum,
2639 3360 2922 3417 usquequo
2977 3347 3172 3400 doceat
3206 3359 3301 3398 eos
3357 3343 3520 3398 etiam

1937 3444 2309 3499 conversionis
2368 3445 2583 3498 modum
2657 3443 2722 3496 ad
2775 3440 3132 3495 conditorem
3203 3439 3522 3510 proprium.

1942 3536 2147 3590 Deum:
2177 3550 2387 3590 necnon
2433 3544 2489 3588 et
2541 3535 2744 3601 prabet
2779 3534 2859 3587 eis
2885 3533 3151 3586 violentia:
3198 3529 3524 3599 compulsioo

1943 3640 2062 3680 nem
2099 3628 2150 3680 in
2191 3627 2372 3680 anima
2409 3628 2803 3680 discurrentem
2843 3633 2896 3678 et
2923 3637 3170 3690 corpore,
3203 3629 3260 3674 ut
3295 3632 3525 3688 utraque

235 3704 478 3757 czttiouc.
520 3704 617 3759 llic
652 3719 828 3760 autem
884 3708 1052 3778 ﬁgura
1101 3719 1220 3763 erat
1268 3712 1458 3778 prima:
1501 3711 1625 3762 vitae
1676 3708 1836 3775 hujus
1864 3686 1911 3749 Ο
1941 3719 2271 3774 sanctiﬁcari
2314 3730 2536 3788 queant,
2591 3729 2651 3773 ut
2697 3719 2888 3771 eodem
2943 3715 3103 3768 modo
3155 3713 3522 3767 litereditatem

239 3795 630 3863 institutionis,
684 3815 804 3867 qua:
857 3816 1000 3854 nunc
1053 3817 1222 3870 usque
1265 3803 1503 3870 persistit
1542 3802 1591 3854 in
1638 3804 1716 3856 eis
1745 3803 1834 3868 qui

238 3885 366 3954 ejus
401 3900 702 3957 sequuntur
727 3891 969 3959 vestigia.
1008 3892 1159 3946 Unde
1178 3903 1231 3945 et
1256 3893 1449 3947 itcrtnn
1473 3894 1516 3946 si
1543 3893 1736 3946 animae
1760 3896 1839 3947 sic

237 3979 558 4031 sustineant
593 3990 646 4033 et
677 3980 749 4033 ita
791 3982 1020 4050 egerint,
1053 3982 1209 4036 facile
1230 3984 1453 4037 easdem
1491 3985 1717 4038 virtutes
1748 4000 1837 4038 as-

238 4080 486 4131 sutnent.
530 4087 594 4124 eo
628 4072 767 4140 quod
807 4084 990 4138 parata
1046 4074 1153 4128 sint
1190 4076 1350 4128 corda
1401 4091 1589 4127 earum
1642 4075 1838 4143 repleri

239 4160 455 4233 Spiritu
496 4162 608 4215 Dei.
655 4162 714 4216 Et
763 4165 876 4219 hanc
929 4167 1198 4220 institutio
1263 4168 1455 4234 prima.
1517 4166 1652 4221 Iluic
1707 4183 1837 4223 vero

237 4253 488 4306 secunda
525 4254 740 4307 exsistit
766 4255 830 4309 de
874 4258 939 4310 iis
972 4257 1064 4325 qui
1097 4258 1323 4310 audiunt
1356 4257 1614 4326 scriptam
1666 4257 1836 4326 legem

240 4345 634 4400 testificantem
665 4349 743 4401 eis
788 4348 1040 4402 universa
1091 4350 1350 4416 supplicia
1385 4365 1503 4417 quae
1540 4351 1841 4417 peccatori-

237 4435 350 4491 bus
384 4449 779 4504 prmparantur,
809 4448 863 4494 et
912 4441 1319 4494 ammntiautcm
1364 4443 1427 4495 de
1471 4443 1673 4496 sanctis
1717 4457 1841 4511 pro-

241 4529 607 4583 missionihus
645 4530 709 4583 ad
748 4544 839 4584 eos
889 4531 977 4599 qui
1038 4532 1346 4600 proﬁciunt,
1398 4534 1594 4602 quibus
1642 4544 1696 4587 et
1744 4549 1842 4602 per

239 4621 563 4674 testimonia
602 4621 874 4690 inscripta;
927 4623 1060 4691 legis
1101 4625 1282 4677 sohria
1317 4624 1567 4679 voluntas
1600 4626 1836 4690 exsistit,

235 4724 294 4767 et
334 4730 436 4782 per
473 4714 610 4766 hanc
636 4717 966 4782 qna-sierunt
1005 4717 1208 4770 intrare
1237 4717 1288 4770 in
1325 4718 1607 4772 vocatione
1643 4733 1842 4771 vocan-

237 4807 339 4858 tis.
391 4807 482 4858 Sic
527 4818 576 4859 et
625 4809 790 4860 David
839 4807 1162 4862 testiﬁcatur
1208 4809 1433 4863 dicens:
1468 4808 1574 4863 Lex
1628 4809 1842 4863 Domini

236 4898 621 4963 immaculata,
666 4912 967 4953 convertens
999 4902 1204 4954 animos
1233 4903 1295 4953 ⁸⁷.
1332 4903 1395 4955 lit
1427 4903 1477 4955 iu
1516 4904 1615 4956 hoc
1651 4903 1839 4957 eodem

1944 3823 2170 3881 utraque
2199 3820 2416 3865 sumant
2445 3826 2457 3861 :
2492 3824 2688 3879 corpus
2720 3806 2935 3877 quidem
2976 3806 3026 3859 in
3065 3803 3285 3872 jejuniis
3316 3802 3524 3855 crebris

1941 3915 1997 3958 et
2030 3903 2263 3970 vigiliis;
2325 3903 2503 3957 anima
2545 3916 2671 3956 vero
2721 3901 2772 3953 in
2820 3899 3012 3968 spiritu
3068 3906 3231 3965 atque
3278 3893 3524 3959 solertia,

1945 3995 2265 4049 ministeriis
2305 4008 2523 4063 quoque
2572 4007 2690 4061 quae
2745 3989 2873 4044 facit
2916 3991 2968 4042 in
3013 4002 3264 4056 corpore.
3307 3987 3525 4042 (innan-

1943 4089 2067 4141 dum
2105 4088 2204 4141 hoc
2236 4090 2288 4142 iu
2312 4086 2460 4141 omni
2488 4083 2908 4138 fructiﬁcatione
2941 4079 3169 4133 carnali.

2015 4180 2106 4234 Ill.
2150 4178 2385 4250 Spiritus
2408 4193 2624 4248 quoque
2655 4174 2986 4245 paenitentia?
3019 4173 3279 4226 deductor
3300 4167 3526 4224 ellicitur

1947 4274 1996 4324 iu
2037 4272 2174 4336 istis,
2216 4280 2270 4325 et
2315 4277 2481 4325 teutat
2526 4284 2648 4323 eum
2692 4268 2746 4320 in
2778 4267 2884 4330 his,
2912 4279 2977 4318 ne
3015 4278 3119 4331 qua
3145 4262 3213 4315 sit
3245 4258 3524 4314 inimicitia

1945 4365 2011 4416 ad
2062 4366 2482 4418 convcrtendum
2520 4359 2657 4414 forte
2710 4368 3027 4412 retrorsum.
3072 4355 3210 4408 Tum
3246 4367 3378 4406 vero
3435 4351 3524 4405 ille

1945 4455 2207 4509 deductor
2240 4453 2473 4522 Spiritus
2507 4451 2697 4521 incipit
2727 4449 3008 4520 adapcrire
3037 4449 3230 4501 animae
3252 4445 3439 4500 oculos
3462 4445 3528 4498 ad

1945 4547 2322 4616 pmnitentiam
2357 4544 2743 4608 exhibendam,
2776 4551 2829 4595 et
2865 4553 2921 4594 ut
2954 4541 3333 4594 sanctilicetur
3360 4542 3526 4593 etiam

1944 4647 2155 4696 sensus,
2208 4632 2602 4687 districtionem
2657 4630 3041 4684 intermediam
3108 4630 3333 4697 praebet,
3391 4629 3528 4682 inci-

1943 4727 2098 4794 piens
2130 4726 2307 4780 doceri
2337 4739 2366 4778 a
2396 4724 2604 4795 Spiritu
2658 4721 3006 4777 sanctiﬁcare
3044 4721 3291 4791 corporis
3321 4731 3374 4775 et
3411 4721 3528 4773 ani-

1948 4829 2047 4869 ma:
2080 4815 2453 4884 pt’eniteutiam
2502 4827 2664 4868 sensu
2707 4811 2903 4865 edocto
2938 4825 3035 4879 per
3070 4807 3329 4878 Spiritum
3363 4809 3528 4861 dedu-

1946 4914 2153 4959 centem
2180 4919 2275 4957 nos
2296 4904 2361 4958 ad
2383 4904 2509 4957 illud
2532 4903 2725 4956 animae
2749 4903 3099 4971 corporisque
3123 4899 3412 4969 agendum,
3437 4899 3528 4966 qui

237 4989 372 5043 loco
403 5006 416 5040 :
452 4991 775 5054 Declaratio,
811 4992 1003 5060 inquit,
1045 5009 1339 5045 sermonum
1388 5004 1594 5047 tuorum
1639 4993 1840 5046 illumi-
1874 5021 1917 5075 Ι)
1948 4991 2301 5046 sanctiﬁcans
2334 4993 2512 5045 omnia
2573 5006 2637 5044 ac
2667 4991 3068 5045 districtionem
3112 4989 3442 5055 praehensut
3477 4997 3529 5042 et

239 5092 369 5144 nat,
405 5092 452 5134 et
485 5081 805 5135 intellectum
833 5085 921 5136 dat
951 5084 1183 5152 parvulis
1209 5084 1272 5138 ⁸⁸.
1309 5083 1413 5138 Sed
1443 5095 1495 5139 et
1538 5085 1640 5138 alia
1679 5101 1840 5153 quam

239 5174 517 5246 plurima,
551 5176 616 5228 de
660 5178 856 5244 quibus
912 5179 1069 5232 modo
1105 5193 1208 5232 non
1242 5194 1529 5248 possumus
1562 5193 1839 5238 enarrare.

238 5267 429 5322 Porro
470 5269 626 5322 tertia
678 5269 944 5322 institutio
992 5279 1093 5334 est,
1131 5270 1182 5323 in
1225 5285 1331 5339 qua
1388 5269 1537 5323 duris
1589 5269 1843 5323 cordibus

237 5375 400 5429 saepe
440 5359 580 5412 inter
607 5362 733 5412 vitia
766 5371 820 5414 et
860 5362 913 5413 in
946 5361 1155 5428 peccati
1191 5361 1444 5431 oper-ibus
1476 5363 1844 5428 permanenti-

239 5453 381 5515 bus,
415 5453 705 5520 aliquoties
741 5453 1004 5523 benignus
1042 5453 1185 5508 Deus
1231 5454 1395 5507 infert
1426 5454 1636 5508 labores
1666 5456 1731 5505 ad
1759 5454 1843 5506 in-

238 5548 610 5612 crepaudum,
654 5546 824 5598 donec.
875 5545 1114 5599 sentiant
1158 5559 1251 5615 per
1282 5559 1601 5608 mrumnam,
1640 5550 1691 5598 et
1725 5558 1847 5613 pa:-

240 5633 498 5689 nitentcs
528 5650 594 5688 ex
625 5643 758 5699 toto,
794 5635 1124 5693 accipientes
1155 5643 1209 5687 et
1237 5633 1336 5704 ipsi
1370 5633 1618 5697 virtutes,
1652 5647 1845 5701 quem-

319 5772 380 5799 “
402 5772 536 5826 Cen.
573 5786 672 5836 xtl.
708 5773 753 5826 ι.
833 5778 872 5806 ⁸⁷
903 5773 1045 5830 Psal.
1093 5788 1246 5838 wn,
1278 5773 1309 5828 8

1952 5082 2133 5137 carnis
2171 5085 2461 5138 misceatur
2514 5083 2722 5137 fruetus
2755 5085 2821 5136 ad
2856 5081 3107 5135 universa
3152 5081 3397 5148 corporis
3437 5095 3528 5134 na-

1953 5175 2165 5236 turalia.
2227 5192 2292 5231 ex
2351 5176 2548 5245 quibus
2603 5175 2960 5245 transgressio
3019 5173 3151 5240 fuit;
3206 5183 3260 5227 et
3315 5174 3530 5227 adducit

1953 5268 2367 5336 unumquodque
2412 5281 2698 5335 corporum
2782 5266 3106 5319 naturalium
3165 5265 3229 5317 ad
3291 5265 3529 5334 priorem

1953 5358 2338 5414 conditionem.
2385 5373 2490 5410 non
2543 5357 2747 5412 habens
2804 5356 3007 5425 aliquid
3039 5355 3272 5409 alienum
3315 5365 3407 5408 attt
3437 5355 3523 5409 ho-

1953 5450 2076 5504 stile
2110 5448 2353 5518 Spiritus.
2405 5447 2614 5515 Corpus
2644 5447 2909 5517 siquidem
2957 5447 3217 5515 redigitur
3245 5444 3346 5499 sub
3376 5456 3532 5513 pote—

1953 5549 2146 5594 statem
2171 5555 2364 5595 sensus
2395 5541 2609 5594 doctum
2647 5554 2672 5591 a
2702 5539 2896 5606 spiritu
2930 5538 3226 5594 secundum
3253 5537 3529 5607 eloquium

1955 5630 2100 5684 Pauli
2132 5650 2144 5684 :
2178 5629 2406 5684 Obculco
2458 5644 2642 5698 corpus
2687 5643 2878 5692 meum,
2915 5639 2960 5681 et
3009 5627 3063 5681 in
3116 5629 3415 5682 seruitutem
3451 5641 3532 5680 re-

1407 5771 1450 5804 ”
1492 5769 1630 5832 Psal.
1662 5785 1847 5840 αλκ-ιιι,
1881 5772 1991 5826 150.
