  <div class='ocr_page' id='page_1' title='image "/cluster/home/n/w/nwhite01/storage/ocr_20150623/40/pst.000005712373/505.png"; bbox 0 0 4220 6316; ppageno 0'>
   <div class='ocr_carea' id='block_1_1' title="bbox 745 424 848 479">
    <p class='ocr_par' dir='ltr' id='par_1_1' title="bbox 745 424 848 479">
     <span class='ocr_line' id='line_1_1' title="bbox 745 424 848 479; baseline 0.019 -3"><span class='ocrx_word' id='word_1_1' title='bbox 745 424 848 479; x_wconf 68' lang='grc'><strong>979</strong></span> 
     </span>
    </p>
   </div>
   <div class='ocr_carea' id='block_1_2' title="bbox 1865 411 2909 476">
    <p class='ocr_par' dir='ltr' id='par_1_2' title="bbox 1865 411 2909 476">
     <span class='ocr_line' id='line_1_2' title="bbox 1865 411 2909 476; baseline -0.01 0"><span class='ocrx_word' id='word_1_2' title='bbox 1865 420 2136 476; x_wconf 72' lang='lat' dir='ltr'><strong>PATRES</strong></span> <span class='ocrx_word' id='word_1_3' title='bbox 2174 413 2470 473; x_wconf 74' lang='lat' dir='ltr'><strong>.-£GYI’TII</strong></span> <span class='ocrx_word' id='word_1_4' title='bbox 2515 412 2780 469; x_wconf 58' lang='lat' dir='ltr'><strong>SECULI</strong></span> <span class='ocrx_word' id='word_1_5' title='bbox 2822 411 2909 467; x_wconf 83' lang='lat' dir='ltr'><strong>IV.</strong></span> 
     </span>
    </p>
   </div>
   <div class='ocr_carea' id='block_1_3' title="bbox 3919 388 4024 446">
    <p class='ocr_par' dir='ltr' id='par_1_3' title="bbox 3919 388 4024 446">
     <span class='ocr_line' id='line_1_3' title="bbox 3919 388 4024 446; baseline 0 0"><span class='ocrx_word' id='word_1_6' title='bbox 3919 388 4024 446; x_wconf 77' lang='lat'><strong>980</strong></span> 
     </span>
    </p>
   </div>
   <div class='ocr_carea' id='block_1_4' title="bbox 746 505 4026 614">
    <p class='ocr_par' dir='ltr' id='par_1_4' title="bbox 746 505 4026 614">
     <span class='ocr_line' id='line_1_4' title="bbox 746 505 4026 614; baseline -0.011 -20"><span class='ocrx_word' id='word_1_7' title='bbox 746 537 950 608; x_wconf 79' lang='lat' dir='ltr'><strong>digo”.</strong></span> <span class='ocrx_word' id='word_1_8' title='bbox 1010 536 1272 602; x_wconf 77' lang='lat' dir='ltr'><strong>Quoniam</strong></span> <span class='ocrx_word' id='word_1_9' title='bbox 1340 551 1467 589; x_wconf 82' lang='lat' dir='ltr'><strong>vero</strong></span> <span class='ocrx_word' id='word_1_10' title='bbox 1515 551 1704 591; x_wconf 82' lang='lat' dir='ltr'><strong>sensus</strong></span> <span class='ocrx_word' id='word_1_11' title='bbox 1757 549 1917 592; x_wconf 90' lang='lat' dir='ltr'><strong>antea</strong></span> <span class='ocrx_word' id='word_1_12' title='bbox 1976 538 2323 603; x_wconf 75' lang='lat' dir='ltr'><strong>semetipsum</strong></span> <span class='ocrx_word' id='word_1_13' title='bbox 2359 542 2414 614; x_wconf 41' lang='grc' dir='ltr'>Α,</span> <span class='ocrx_word' id='word_1_14' title='bbox 2434 541 2620 594; x_wconf 87' lang='lat' dir='ltr'><strong>tatem,</strong></span> <span class='ocrx_word' id='word_1_15' title='bbox 2648 529 2902 598; x_wconf 82' lang='lat' dir='ltr'><strong>qu0uiatn</strong></span> <span class='ocrx_word' id='word_1_16' title='bbox 2934 523 3242 596; x_wconf 85' lang='lat' dir='ltr'><strong>hujusmodi</strong></span> <span class='ocrx_word' id='word_1_17' title='bbox 3285 521 3508 588; x_wconf 77' lang='lat' dir='ltr'><strong>languor</strong></span> <span class='ocrx_word' id='word_1_18' title='bbox 3552 507 3823 566; x_wconf 71' lang='lat' dir='ltr'><strong>insederat</strong></span> <span class='ocrx_word' id='word_1_19' title='bbox 3846 505 3896 561; x_wconf 88' lang='lat' dir='ltr'><strong>ei</strong></span> <span class='ocrx_word' id='word_1_20' title='bbox 3932 505 4026 558; x_wconf 85' lang='lat' dir='ltr'><strong>du-</strong></span> 
     </span>
    </p>
   </div>
   <div class='ocr_carea' id='block_1_5' title="bbox 749 622 2330 694">
    <p class='ocr_par' dir='ltr' id='par_1_5' title="bbox 749 622 2330 694">
     <span class='ocr_line' id='line_1_5' title="bbox 749 622 2330 694; baseline -0.001 -17"><span class='ocrx_word' id='word_1_21' title='bbox 749 622 1056 678; x_wconf 81' lang='lat' dir='ltr'><strong>sauctillcat</strong></span> <span class='ocrx_word' id='word_1_22' title='bbox 1105 623 1156 675; x_wconf 92' lang='lat' dir='ltr'><strong>in</strong></span> <span class='ocrx_word' id='word_1_23' title='bbox 1212 623 1354 675; x_wconf 79' lang='lat' dir='ltr'><strong>cacis</strong></span> <span class='ocrx_word' id='word_1_24' title='bbox 1382 632 1434 676; x_wconf 89' lang='lat' dir='ltr'><strong>et</strong></span> <span class='ocrx_word' id='word_1_25' title='bbox 1461 625 1826 690; x_wconf 88' lang='lat' dir='ltr'><strong>potationibus</strong></span> <span class='ocrx_word' id='word_1_26' title='bbox 1855 641 1882 679; x_wconf 89' lang='lat' dir='ltr'><strong>a</strong></span> <span class='ocrx_word' id='word_1_27' title='bbox 1920 640 2133 694; x_wconf 90' lang='lat' dir='ltr'><strong>sopore,</strong></span> <span class='ocrx_word' id='word_1_28' title='bbox 2162 623 2330 678; x_wconf 78' lang='lat' dir='ltr'><strong>semel</strong></span> 
     </span>
    </p>
   </div>
   <div class='ocr_carea' id='block_1_6' title="bbox 751 710 2332 784">
    <p class='ocr_par' dir='ltr' id='par_1_6' title="bbox 751 710 2332 784">
     <span class='ocr_line' id='line_1_6' title="bbox 751 710 2332 784; baseline 0.002 -19"><span class='ocrx_word' id='word_1_29' title='bbox 751 730 815 766; x_wconf 84' lang='lat' dir='ltr'><strong>ac</strong></span> <span class='ocrx_word' id='word_1_30' title='bbox 860 710 1180 779; x_wconf 79' lang='lat' dir='ltr'><strong>simpliciter</strong></span> <span class='ocrx_word' id='word_1_31' title='bbox 1239 711 1290 764; x_wconf 92' lang='lat' dir='ltr'><strong>iu</strong></span> <span class='ocrx_word' id='word_1_32' title='bbox 1343 713 1550 766; x_wconf 88' lang='lat' dir='ltr'><strong>cunctis</strong></span> <span class='ocrx_word' id='word_1_33' title='bbox 1605 715 1835 770; x_wconf 78' lang='lat' dir='ltr'><strong>motibus</strong></span> <span class='ocrx_word' id='word_1_34' title='bbox 1871 717 2007 782; x_wconf 62' lang='lat' dir='ltr'><strong>suis,</strong></span> <span class='ocrx_word' id='word_1_35' title='bbox 2045 718 2246 784; x_wconf 81' lang='lat' dir='ltr'><strong>quique</strong></span> <span class='ocrx_word' id='word_1_36' title='bbox 2278 725 2332 768; x_wconf 90' lang='lat' dir='ltr'><strong>et</strong></span> 
     </span>
    </p>
   </div>
   <div class='ocr_carea' id='block_1_7' title="bbox 753 803 2332 876">
    <p class='ocr_par' dir='ltr' id='par_1_7' title="bbox 753 803 2332 876">
     <span class='ocr_line' id='line_1_7' title="bbox 753 803 2332 876; baseline 0.003 -20"><span class='ocrx_word' id='word_1_37' title='bbox 753 803 1056 856; x_wconf 88' lang='lat' dir='ltr'><strong>naturalem</strong></span> <span class='ocrx_word' id='word_1_38' title='bbox 1089 804 1330 872; x_wconf 79' lang='lat' dir='ltr'><strong>rOpulam</strong></span> <span class='ocrx_word' id='word_1_39' title='bbox 1359 818 1738 876; x_wconf 82' lang='lat' dir='ltr'><strong>segregaverat</strong></span> <span class='ocrx_word' id='word_1_40' title='bbox 1768 808 2185 863; x_wconf 86' lang='lat' dir='ltr'><strong>sanctillcationi</strong></span> <span class='ocrx_word' id='word_1_41' title='bbox 2211 822 2332 868; x_wconf 50' lang='lat' dir='ltr'><strong>pro.</strong></span> 
     </span>
    </p>
   </div>
   <div class='ocr_carea' id='block_1_8' title="bbox 751 896 903 964">
    <p class='ocr_par' dir='ltr' id='par_1_8' title="bbox 751 896 903 964">
     <span class='ocr_line' id='line_1_8' title="bbox 751 896 903 964; baseline 0.013 -18"><span class='ocrx_word' id='word_1_42' title='bbox 751 896 903 964; x_wconf 71' lang='lat' dir='ltr'><strong>priae.</strong></span> 
     </span>
    </p>
   </div>
   <div class='ocr_carea' id='block_1_9' title="bbox 827 983 2333 1061">
    <p class='ocr_par' dir='ltr' id='par_1_9' title="bbox 827 983 2333 1061">
     <span class='ocr_line' id='line_1_9' title="bbox 827 983 2333 1061; baseline 0.003 -23"><span class='ocrx_word' id='word_1_43' title='bbox 827 983 917 1039; x_wconf 84' lang='lat' dir='ltr'><strong>IV.</strong></span> <span class='ocrx_word' id='word_1_44' title='bbox 972 987 1111 1042; x_wconf 78' lang='lat' dir='ltr'><strong>Reor</strong></span> <span class='ocrx_word' id='word_1_45' title='bbox 1137 1000 1314 1044; x_wconf 86' lang='lat' dir='ltr'><strong>autem</strong></span> <span class='ocrx_word' id='word_1_46' title='bbox 1362 988 1474 1060; x_wconf 70' lang='lat' dir='ltr'><strong>(l4)</strong></span> <span class='ocrx_word' id='word_1_47' title='bbox 1527 1000 1636 1045; x_wconf 88' lang='lat' dir='ltr'><strong>tres</strong></span> <span class='ocrx_word' id='word_1_48' title='bbox 1676 1006 1921 1061; x_wconf 62' lang='lat' dir='ltr'><strong>corporis</strong></span> <span class='ocrx_word' id='word_1_49' title='bbox 1971 1002 2147 1046; x_wconf 91' lang='lat' dir='ltr'><strong>utotus</strong></span> <span class='ocrx_word' id='word_1_50' title='bbox 2189 992 2333 1044; x_wconf 70' lang='grc' dir='ltr'><strong>ειιεί-</strong></span> 
     </span>
    </p>
   </div>
   <div class='ocr_carea' id='block_1_10' title="bbox 757 1077 2336 1152">
    <p class='ocr_par' dir='ltr' id='par_1_10' title="bbox 757 1077 2336 1152">
     <span class='ocr_line' id='line_1_10' title="bbox 757 1077 2336 1152; baseline 0.004 -23"><span class='ocrx_word' id='word_1_51' title='bbox 757 1086 926 1132; x_wconf 87' lang='lat' dir='ltr'><strong>stcre.</strong></span> <span class='ocrx_word' id='word_1_52' title='bbox 964 1077 1018 1131; x_wconf 89' lang='lat' dir='ltr'><strong>lu</strong></span> <span class='ocrx_word' id='word_1_53' title='bbox 1059 1082 1173 1148; x_wconf 89' lang='lat' dir='ltr'><strong>ipso</strong></span> <span class='ocrx_word' id='word_1_54' title='bbox 1213 1082 1356 1134; x_wconf 88' lang='lat' dir='ltr'><strong>enim</strong></span> <span class='ocrx_word' id='word_1_55' title='bbox 1403 1094 1483 1136; x_wconf 89' lang='lat' dir='ltr'><strong>est</strong></span> <span class='ocrx_word' id='word_1_56' title='bbox 1529 1082 1776 1137; x_wconf 75' lang='lat' dir='ltr'><strong>naturale</strong></span> <span class='ocrx_word' id='word_1_57' title='bbox 1825 1087 2071 1152; x_wconf 91' lang='lat' dir='ltr'><strong>corporis</strong></span> <span class='ocrx_word' id='word_1_58' title='bbox 2118 1098 2336 1136; x_wconf 82' lang='lat' dir='ltr'><strong>concre-</strong></span> 
     </span>
    </p>
   </div>
   <div class='ocr_carea' id='block_1_11' title="bbox 756 1167 2336 1241">
    <p class='ocr_par' dir='ltr' id='par_1_11' title="bbox 756 1167 2336 1241">
     <span class='ocr_line' id='line_1_11' title="bbox 756 1167 2336 1241; baseline 0.006 -25"><span class='ocrx_word' id='word_1_59' title='bbox 756 1178 870 1220; x_wconf 88' lang='lat' dir='ltr'><strong>tum</strong></span> <span class='ocrx_word' id='word_1_60' title='bbox 909 1167 1018 1233; x_wconf 88' lang='lat' dir='ltr'><strong>illi;</strong></span> <span class='ocrx_word' id='word_1_61' title='bbox 1061 1173 1202 1237; x_wconf 93' lang='lat' dir='ltr'><strong>quod</strong></span> <span class='ocrx_word' id='word_1_62' title='bbox 1239 1183 1413 1224; x_wconf 81' lang='lat' dir='ltr'><strong>tamen</strong></span> <span class='ocrx_word' id='word_1_63' title='bbox 1451 1187 1553 1225; x_wconf 92' lang='lat' dir='ltr'><strong>non</strong></span> <span class='ocrx_word' id='word_1_64' title='bbox 1590 1184 1850 1241; x_wconf 88' lang='lat' dir='ltr'><strong>operatur</strong></span> <span class='ocrx_word' id='word_1_65' title='bbox 1896 1181 1988 1227; x_wconf 88' lang='lat' dir='ltr'><strong>aut</strong></span> <span class='ocrx_word' id='word_1_66' title='bbox 2026 1173 2189 1227; x_wconf 88' lang='lat' dir='ltr'><strong>ellicit</strong></span> <span class='ocrx_word' id='word_1_67' title='bbox 2239 1175 2336 1226; x_wconf 88' lang='lat' dir='ltr'><strong>ali-</strong></span> 
     </span>
    </p>
   </div>
   <div class='ocr_carea' id='block_1_12' title="bbox 755 1255 2334 1332">
    <p class='ocr_par' dir='ltr' id='par_1_12' title="bbox 755 1255 2334 1332">
     <span class='ocr_line' id='line_1_12' title="bbox 755 1255 2334 1332; baseline 0.009 -29"><span class='ocrx_word' id='word_1_68' title='bbox 755 1255 883 1320; x_wconf 84' lang='lat' dir='ltr'><strong>quid</strong></span> <span class='ocrx_word' id='word_1_69' title='bbox 938 1257 1055 1310; x_wconf 90' lang='lat' dir='ltr'><strong>sine</strong></span> <span class='ocrx_word' id='word_1_70' title='bbox 1102 1261 1295 1312; x_wconf 78' lang='lat' dir='ltr'><strong>animae</strong></span> <span class='ocrx_word' id='word_1_71' title='bbox 1351 1260 1648 1325; x_wconf 72' lang='lat' dir='ltr'><strong>voluntate,</strong></span> <span class='ocrx_word' id='word_1_72' title='bbox 1687 1263 1788 1315; x_wconf 92' lang='lat' dir='ltr'><strong>nisi</strong></span> <span class='ocrx_word' id='word_1_73' title='bbox 1852 1259 1993 1331; x_wconf 89' lang='lat' dir='ltr'><strong>quod</strong></span> <span class='ocrx_word' id='word_1_74' title='bbox 2034 1263 2239 1332; x_wconf 71' lang='lat' dir='ltr'><strong>judit-at</strong></span> <span class='ocrx_word' id='word_1_75' title='bbox 2283 1265 2334 1318; x_wconf 88' lang='lat' dir='ltr'><strong>in</strong></span> 
     </span>
    </p>
   </div>
   <div class='ocr_carea' id='block_1_13' title="bbox 756 1347 2336 1422">
    <p class='ocr_par' dir='ltr' id='par_1_13' title="bbox 756 1347 2336 1422">
     <span class='ocr_line' id='line_1_13' title="bbox 756 1347 2336 1422; baseline 0.006 -25"><span class='ocrx_word' id='word_1_76' title='bbox 756 1359 986 1415; x_wconf 62' lang='lat' dir='ltr'><strong>corpore</strong></span> <span class='ocrx_word' id='word_1_77' title='bbox 1017 1347 1210 1402; x_wconf 89' lang='lat' dir='ltr'><strong>solum.</strong></span> <span class='ocrx_word' id='word_1_78' title='bbox 1253 1348 1384 1403; x_wconf 87' lang='lat' dir='ltr'><strong>Nam</strong></span> <span class='ocrx_word' id='word_1_79' title='bbox 1419 1361 1472 1405; x_wconf 89' lang='lat' dir='ltr'><strong>et</strong></span> <span class='ocrx_word' id='word_1_80' title='bbox 1514 1351 1650 1406; x_wconf 88' lang='lat' dir='ltr'><strong>alius</strong></span> <span class='ocrx_word' id='word_1_81' title='bbox 1679 1363 1862 1407; x_wconf 89' lang='lat' dir='ltr'><strong>motus</strong></span> <span class='ocrx_word' id='word_1_82' title='bbox 1907 1353 2118 1407; x_wconf 79' lang='lat' dir='ltr'><strong>exsistit</strong></span> <span class='ocrx_word' id='word_1_83' title='bbox 2149 1369 2212 1406; x_wconf 80' lang='lat' dir='ltr'><strong>ex</strong></span> <span class='ocrx_word' id='word_1_84' title='bbox 2247 1371 2336 1422; x_wconf 84' lang='lat' dir='ltr'><strong>pa-</strong></span> 
     </span>
    </p>
   </div>
   <div class='ocr_carea' id='block_1_14' title="bbox 756 1439 2333 1513">
    <p class='ocr_par' dir='ltr' id='par_1_14' title="bbox 756 1439 2333 1513">
     <span class='ocr_line' id='line_1_14' title="bbox 756 1439 2333 1513; baseline 0.006 -25"><span class='ocrx_word' id='word_1_85' title='bbox 756 1447 842 1490; x_wconf 85' lang='lat' dir='ltr'><strong>stu</strong></span> <span class='ocrx_word' id='word_1_86' title='bbox 872 1439 1115 1508; x_wconf 87' lang='lat' dir='ltr'><strong>corporis</strong></span> <span class='ocrx_word' id='word_1_87' title='bbox 1147 1441 1711 1498; x_wconf 78' lang='lat' dir='ltr'><strong>tnultorum&#39;cibomm</strong></span> <span class='ocrx_word' id='word_1_88' title='bbox 1740 1460 1802 1499; x_wconf 90' lang='lat' dir='ltr'><strong>ac</strong></span> <span class='ocrx_word' id='word_1_89' title='bbox 1833 1455 2077 1513; x_wconf 91' lang='lat' dir='ltr'><strong>potuum,</strong></span> <span class='ocrx_word' id='word_1_90' title='bbox 2117 1461 2181 1500; x_wconf 82' lang='lat' dir='ltr'><strong>ex</strong></span> <span class='ocrx_word' id='word_1_91' title='bbox 2215 1447 2333 1513; x_wconf 88' lang='lat' dir='ltr'><strong>qui-</strong></span> 
     </span>
    </p>
   </div>
   <div class='ocr_carea' id='block_1_15' title="bbox 759 1528 2339 1604">
    <p class='ocr_par' dir='ltr' id='par_1_15' title="bbox 759 1528 2339 1604">
     <span class='ocr_line' id='line_1_15' title="bbox 759 1528 2339 1604; baseline 0.007 -28"><span class='ocrx_word' id='word_1_92' title='bbox 759 1528 860 1580; x_wconf 89' lang='lat' dir='ltr'><strong>ius</strong></span> <span class='ocrx_word' id='word_1_93' title='bbox 905 1528 1184 1583; x_wconf 90' lang='lat' dir='ltr'><strong>adinllatio</strong></span> <span class='ocrx_word' id='word_1_94' title='bbox 1219 1533 1495 1600; x_wconf 82' lang='lat' dir='ltr'><strong>sanguinis</strong></span> <span class='ocrx_word' id='word_1_95' title='bbox 1541 1546 1680 1598; x_wconf 88' lang='lat' dir='ltr'><strong>orta,</strong></span> <span class='ocrx_word' id='word_1_96' title='bbox 1715 1550 1812 1603; x_wconf 88' lang='lat' dir='ltr'><strong>per</strong></span> <span class='ocrx_word' id='word_1_97' title='bbox 1862 1550 2016 1589; x_wconf 87' lang='lat' dir='ltr'><strong>escas</strong></span> <span class='ocrx_word' id='word_1_98' title='bbox 2065 1544 2339 1604; x_wconf 84' lang='lat' dir='ltr'><strong>appuguat</strong></span> 
     </span>
    </p>
   </div>
   <div class='ocr_carea' id='block_1_16' title="bbox 760 1619 2339 1695">
    <p class='ocr_par' dir='ltr' id='par_1_16' title="bbox 760 1619 2339 1695">
     <span class='ocr_line' id='line_1_16' title="bbox 760 1619 2339 1695; baseline 0.01 -31"><span class='ocrx_word' id='word_1_99' title='bbox 760 1619 922 1671; x_wconf 81' lang='lat' dir='ltr'><strong>tutius</strong></span> <span class='ocrx_word' id='word_1_100' title='bbox 969 1621 1160 1675; x_wconf 78' lang='lat' dir='ltr'><strong>anima:</strong></span> <span class='ocrx_word' id='word_1_101' title='bbox 1198 1637 1396 1692; x_wconf 89' lang='lat' dir='ltr'><strong>corpus</strong></span> <span class='ocrx_word' id='word_1_102' title='bbox 1432 1625 1712 1694; x_wconf 87' lang='lat' dir='ltr'><strong>epularum</strong></span> <span class='ocrx_word' id='word_1_103' title='bbox 1774 1626 2078 1691; x_wconf 83' lang='lat' dir='ltr'><strong>sumptione</strong></span> <span class='ocrx_word' id='word_1_104' title='bbox 2128 1642 2339 1695; x_wconf 87' lang='lat' dir='ltr'><strong>permo-</strong></span> 
     </span>
    </p>
   </div>
   <div class='ocr_carea' id='block_1_17' title="bbox 761 1710 2337 1785">
    <p class='ocr_par' dir='ltr' id='par_1_17' title="bbox 761 1710 2337 1785">
     <span class='ocr_line' id='line_1_17' title="bbox 761 1710 2337 1785; baseline 0.006 -25"><span class='ocrx_word' id='word_1_105' title='bbox 761 1718 894 1762; x_wconf 91' lang='lat' dir='ltr'><strong>tum.</strong></span> <span class='ocrx_word' id='word_1_106' title='bbox 928 1710 1007 1765; x_wconf 86' lang='lat' dir='ltr'><strong>Ob</strong></span> <span class='ocrx_word' id='word_1_107' title='bbox 1035 1712 1135 1767; x_wconf 85' lang='lat' dir='ltr'><strong>hoc</strong></span> <span class='ocrx_word' id='word_1_108' title='bbox 1170 1725 1222 1768; x_wconf 89' lang='lat' dir='ltr'><strong>et</strong></span> <span class='ocrx_word' id='word_1_109' title='bbox 1252 1716 1540 1785; x_wconf 78' lang='lat' dir='ltr'><strong>Apostolus</strong></span> <span class='ocrx_word' id='word_1_110' title='bbox 1572 1718 1646 1771; x_wconf 93' lang='lat' dir='ltr'><strong>ait</strong></span> <span class='ocrx_word' id='word_1_111' title='bbox 1675 1733 1689 1769; x_wconf 90' lang='lat'><strong>:</strong></span> <span class='ocrx_word' id='word_1_112' title='bbox 1718 1716 1898 1771; x_wconf 82' lang='lat' dir='ltr'><strong>Nolite</strong></span> <span class='ocrx_word' id='word_1_113' title='bbox 1921 1717 2172 1771; x_wconf 76' lang='lat' dir='ltr'><strong>inebriari</strong></span> <span class='ocrx_word' id='word_1_114' title='bbox 2195 1718 2337 1782; x_wconf 83' lang='lat' dir='ltr'><strong>uino,</strong></span> 
     </span>
    </p>
   </div>
   <div class='ocr_carea' id='block_1_18' title="bbox 759 1801 2340 1870">
    <p class='ocr_par' dir='ltr' id='par_1_18' title="bbox 759 1801 2340 1870">
     <span class='ocr_line' id='line_1_18' title="bbox 759 1801 2340 1870; baseline 0.007 -17"><span class='ocrx_word' id='word_1_115' title='bbox 759 1801 812 1853; x_wconf 86' lang='lat' dir='ltr'><strong>in</strong></span> <span class='ocrx_word' id='word_1_116' title='bbox 840 1817 940 1870; x_wconf 83' lang='lat' dir='ltr'><strong>quo</strong></span> <span class='ocrx_word' id='word_1_117' title='bbox 977 1812 1051 1856; x_wconf 84' lang='lat' dir='ltr'><strong>est</strong></span> <span class='ocrx_word' id='word_1_118' title='bbox 1084 1804 1295 1858; x_wconf 66' lang='lat' dir='ltr'><strong>luxuria</strong></span> <span class='ocrx_word' id='word_1_119' title='bbox 1314 1807 1380 1859; x_wconf 77' lang='lat'><strong>°°.</strong></span> <span class='ocrx_word' id='word_1_120' title='bbox 1415 1806 1616 1863; x_wconf 87' lang='lat' dir='ltr'><strong>Deinde</strong></span> <span class='ocrx_word' id='word_1_121' title='bbox 1655 1806 1885 1862; x_wconf 89' lang='lat' dir='ltr'><strong>Domino</strong></span> <span class='ocrx_word' id='word_1_122' title='bbox 1935 1809 2218 1864; x_wconf 83' lang='lat' dir='ltr'><strong>nuntiante</strong></span> <span class='ocrx_word' id='word_1_123' title='bbox 2259 1810 2340 1864; x_wconf 92' lang='lat' dir='ltr'><strong>di-</strong></span> 
     </span>
    </p>
   </div>
   <div class='ocr_carea' id='block_1_19' title="bbox 2441 597 4021 691">
    <p class='ocr_par' dir='ltr' id='par_1_19' title="bbox 2441 597 4021 691">
     <span class='ocr_line' id='line_1_19' title="bbox 2441 597 4021 691; baseline -0.017 -14"><span class='ocrx_word' id='word_1_124' title='bbox 2441 625 2590 689; x_wconf 89' lang='lat' dir='ltr'><strong>dum,</strong></span> <span class='ocrx_word' id='word_1_125' title='bbox 2621 597 2677 675; x_wconf 78' lang='lat' dir='ltr'><strong>ut</strong></span> <span class='ocrx_word' id='word_1_126' title='bbox 2709 621 2910 691; x_wconf 86' lang='lat' dir='ltr'><strong>quibus</strong></span> <span class='ocrx_word' id='word_1_127' title='bbox 2940 615 3260 690; x_wconf 71' lang='lat' dir='ltr'><strong>aegrotabat,</strong></span> <span class='ocrx_word' id='word_1_128' title='bbox 3292 627 3357 665; x_wconf 68' lang='lat' dir='ltr'><strong>ex</strong></span> <span class='ocrx_word' id='word_1_129' title='bbox 3407 607 3536 677; x_wconf 88' lang='lat' dir='ltr'><strong>ipsis</strong></span> <span class='ocrx_word' id='word_1_130' title='bbox 3566 616 3776 672; x_wconf 83' lang='lat' dir='ltr'><strong>semper</strong></span> <span class='ocrx_word' id='word_1_131' title='bbox 3815 597 4021 666; x_wconf 85' lang='lat' dir='ltr'><strong>aliquid</strong></span> 
     </span>
    </p>
   </div>
   <div class='ocr_carea' id='block_1_20' title="bbox 2441 697 4024 784">
    <p class='ocr_par' dir='ltr' id='par_1_20' title="bbox 2441 697 4024 784">
     <span class='ocr_line' id='line_1_20' title="bbox 2441 697 4024 784; baseline -0.016 -15"><span class='ocrx_word' id='word_1_132' title='bbox 2441 716 2776 784; x_wconf 83' lang='lat' dir='ltr'><strong>loqueretur,</strong></span> <span class='ocrx_word' id='word_1_133' title='bbox 2819 710 3044 765; x_wconf 87' lang='lat' dir='ltr'><strong>tradens</strong></span> <span class='ocrx_word' id='word_1_134' title='bbox 3099 707 3297 769; x_wconf 73' lang='lat' dir='ltr'><strong>lingua:</strong></span> <span class='ocrx_word' id='word_1_135' title='bbox 3338 697 3630 768; x_wconf 86' lang='lat' dir='ltr'><strong>promenda</strong></span> <span class='ocrx_word' id='word_1_136' title='bbox 3676 705 3897 763; x_wconf 81' lang='lat' dir='ltr'><strong>organo,</strong></span> <span class='ocrx_word' id='word_1_137' title='bbox 3939 698 4024 744; x_wconf 87' lang='lat' dir='ltr'><strong>ut-</strong></span> 
     </span>
    </p>
   </div>
   <div class='ocr_carea' id='block_1_21' title="bbox 2443 783 4022 875">
    <p class='ocr_par' dir='ltr' id='par_1_21' title="bbox 2443 783 4022 875">
     <span class='ocr_line' id='line_1_21' title="bbox 2443 783 4022 875; baseline -0.017 -14"><span class='ocrx_word' id='word_1_138' title='bbox 2443 783 2565 875; x_wconf 85' lang='lat' dir='ltr'><strong>po-te</strong></span> <span class='ocrx_word' id='word_1_139' title='bbox 2614 802 2849 859; x_wconf 80' lang='lat' dir='ltr'><strong>exstanti</strong></span> <span class='ocrx_word' id='word_1_140' title='bbox 2899 801 3023 857; x_wconf 86' lang='lat' dir='ltr'><strong>sibi.</strong></span> <span class='ocrx_word' id='word_1_141' title='bbox 3067 800 3167 853; x_wconf 83' lang='lat' dir='ltr'><strong>Hic</strong></span> <span class='ocrx_word' id='word_1_142' title='bbox 3207 809 3336 865; x_wconf 82' lang='lat' dir='ltr'><strong>ergo</strong></span> <span class='ocrx_word' id='word_1_143' title='bbox 3374 792 3604 860; x_wconf 84' lang='lat' dir='ltr'><strong>languor</strong></span> <span class='ocrx_word' id='word_1_144' title='bbox 3653 783 4022 875; x_wconf 68' lang='lat' dir='ltr'><strong>abundantius</strong></span> 
     </span>
    </p>
   </div>
   <div class='ocr_carea' id='block_1_22' title="bbox 2443 871 4017 963">
    <p class='ocr_par' dir='ltr' id='par_1_22' title="bbox 2443 871 4017 963">
     <span class='ocr_line' id='line_1_22' title="bbox 2443 871 4017 963; baseline -0.018 -15"><span class='ocrx_word' id='word_1_145' title='bbox 2443 871 2816 963; x_wconf 78' lang='lat' dir='ltr'><strong>magniﬁcatus</strong></span> <span class='ocrx_word' id='word_1_146' title='bbox 2867 901 2952 946; x_wconf 90' lang='lat' dir='ltr'><strong>est</strong></span> <span class='ocrx_word' id='word_1_147' title='bbox 2995 890 3070 944; x_wconf 91' lang='lat' dir='ltr'><strong>illi</strong></span> <span class='ocrx_word' id='word_1_148' title='bbox 3107 888 3159 942; x_wconf 89' lang='lat' dir='ltr'><strong>in</strong></span> <span class='ocrx_word' id='word_1_149' title='bbox 3199 886 3300 939; x_wconf 89' lang='lat' dir='ltr'><strong>hoc</strong></span> <span class='ocrx_word' id='word_1_150' title='bbox 3334 881 3578 935; x_wconf 87' lang='lat' dir='ltr'><strong>membro</strong></span> <span class='ocrx_word' id='word_1_151' title='bbox 3607 873 3748 946; x_wconf 88' lang='lat' dir='ltr'><strong>quod</strong></span> <span class='ocrx_word' id='word_1_152' title='bbox 3787 883 3870 926; x_wconf 90' lang='lat' dir='ltr'><strong>est</strong></span> <span class='ocrx_word' id='word_1_153' title='bbox 3919 871 4017 924; x_wconf 88' lang='lat' dir='ltr'><strong>liu-</strong></span> 
     </span>
    </p>
   </div>
   <div class='ocr_carea' id='block_1_23' title="bbox 2444 963 4020 1058">
    <p class='ocr_par' dir='ltr' id='par_1_23' title="bbox 2444 963 4020 1058">
     <span class='ocr_line' id='line_1_23' title="bbox 2444 963 4020 1058; baseline -0.016 -19"><span class='ocrx_word' id='word_1_154' title='bbox 2444 1003 2564 1058; x_wconf 86' lang='lat' dir='ltr'><strong>gua.</strong></span> <span class='ocrx_word' id='word_1_155' title='bbox 2594 986 2747 1041; x_wconf 87' lang='lat' dir='ltr'><strong>Unde</strong></span> <span class='ocrx_word' id='word_1_156' title='bbox 2774 995 2826 1037; x_wconf 90' lang='lat' dir='ltr'><strong>et</strong></span> <span class='ocrx_word' id='word_1_157' title='bbox 2853 982 3087 1038; x_wconf 80' lang='lat' dir='ltr'><strong>Jacobus</strong></span> <span class='ocrx_word' id='word_1_158' title='bbox 3112 975 3388 1049; x_wconf 83' lang='lat' dir='ltr'><strong>apostolus</strong></span> <span class='ocrx_word' id='word_1_159' title='bbox 3414 971 3735 1026; x_wconf 87' lang='lat' dir='ltr'><strong>lestilicatur</strong></span> <span class='ocrx_word' id='word_1_160' title='bbox 3766 985 3780 1021; x_wconf 91' lang='lat'><strong>:</strong></span> <span class='ocrx_word' id='word_1_161' title='bbox 3813 964 3871 1019; x_wconf 88' lang='lat' dir='ltr'><strong>Si</strong></span> <span class='ocrx_word' id='word_1_162' title='bbox 3904 963 4020 1033; x_wconf 76' lang='lat' dir='ltr'><strong>quis</strong></span> 
     </span>
    </p>
   </div>
   <div class='ocr_carea' id='block_1_24' title="bbox 2444 1055 4022 1145">
    <p class='ocr_par' dir='ltr' id='par_1_24' title="bbox 2444 1055 4022 1145">
     <span class='ocr_line' id='line_1_24' title="bbox 2444 1055 4022 1145; baseline -0.018 -11"><span class='ocrx_word' id='word_1_163' title='bbox 2444 1081 2683 1134; x_wconf 80' lang='lat' dir='ltr'><strong>videatur</strong></span> <span class='ocrx_word' id='word_1_164' title='bbox 2736 1076 3012 1145; x_wconf 80' lang='lat' dir='ltr'><strong>religiosus</strong></span> <span class='ocrx_word' id='word_1_165' title='bbox 3069 1086 3198 1133; x_wconf 83' lang='lat' dir='ltr'><strong>esse,</strong></span> <span class='ocrx_word' id='word_1_166' title='bbox 3259 1084 3360 1120; x_wconf 87' lang='lat' dir='ltr'><strong>non</strong></span> <span class='ocrx_word' id='word_1_167' title='bbox 3411 1062 3683 1130; x_wconf 76' lang='lat' dir='ltr'><strong>refrenatts</strong></span> <span class='ocrx_word' id='word_1_168' title='bbox 3751 1055 4022 1127; x_wconf 78' lang='lat' dir='ltr'><strong>propriam</strong></span> 
     </span>
    </p>
   </div>
   <div class='ocr_carea' id='block_1_25' title="bbox 2445 1151 4025 1240">
    <p class='ocr_par' dir='ltr' id='par_1_25' title="bbox 2445 1151 4025 1240">
     <span class='ocr_line' id='line_1_25' title="bbox 2445 1151 4025 1240; baseline -0.015 -18"><span class='ocrx_word' id='word_1_169' title='bbox 2445 1172 2703 1240; x_wconf 81' lang='lat' dir='ltr'><strong>tinguant,</strong></span> <span class='ocrx_word' id='word_1_170' title='bbox 2757 1167 3090 1234; x_wconf 76' lang='lat' dir='ltr'><strong>semetipsum</strong></span> <span class='ocrx_word' id='word_1_171' title='bbox 3149 1163 3309 1232; x_wconf 79' lang='lat' dir='ltr'><strong>fallit,</strong></span> <span class='ocrx_word' id='word_1_172' title='bbox 3355 1171 3401 1213; x_wconf 82' lang='lat' dir='ltr'><strong>et</strong></span> <span class='ocrx_word' id='word_1_173' title='bbox 3458 1158 3616 1224; x_wconf 83' lang='lat' dir='ltr'><strong>hujus</strong></span> <span class='ocrx_word' id='word_1_174' title='bbox 3664 1151 3844 1220; x_wconf 75' lang='lat' dir='ltr'><strong>religio</strong></span> <span class='ocrx_word' id='word_1_175' title='bbox 3887 1162 4025 1202; x_wconf 81' lang='lat' dir='ltr'><strong>uana</strong></span> 
     </span>
    </p>
   </div>
   <div class='ocr_carea' id='block_1_26' title="bbox 2443 1252 4023 1328">
    <p class='ocr_par' dir='ltr' id='par_1_26' title="bbox 2443 1252 4023 1328">
     <span class='ocr_line' id='line_1_26' title="bbox 2443 1252 4023 1328; baseline -0.018 -11"><span class='ocrx_word' id='word_1_176' title='bbox 2443 1275 2516 1317; x_wconf 81' lang='lat' dir='ltr'><strong>est</strong></span> <span class='ocrx_word' id='word_1_177' title='bbox 2549 1262 2614 1314; x_wconf 78' lang='grc'><strong>⁵³.</strong></span> <span class='ocrx_word' id='word_1_178' title='bbox 2650 1262 2903 1328; x_wconf 88' lang='lat' dir='ltr'><strong>Idemque</strong></span> <span class='ocrx_word' id='word_1_179' title='bbox 2934 1258 3004 1312; x_wconf 87' lang='lat' dir='ltr'><strong>ibi</strong></span> <span class='ocrx_word' id='word_1_180' title='bbox 3033 1256 3145 1309; x_wconf 86' lang='lat' dir='ltr'><strong>ait:</strong></span> <span class='ocrx_word' id='word_1_181' title='bbox 3187 1253 3252 1306; x_wconf 86' lang='lat' dir='ltr'><strong>Et</strong></span> <span class='ocrx_word' id='word_1_182' title='bbox 3288 1253 3466 1320; x_wconf 76' lang='lat' dir='ltr'><strong>lingua</strong></span> <span class='ocrx_word' id='word_1_183' title='bbox 3506 1262 3666 1315; x_wconf 82' lang='lat' dir='ltr'><strong>parva</strong></span> <span class='ocrx_word' id='word_1_184' title='bbox 3707 1252 3803 1304; x_wconf 83' lang='lat' dir='ltr'><strong>est,</strong></span> <span class='ocrx_word' id='word_1_185' title='bbox 3842 1254 4023 1291; x_wconf 78' lang='lat' dir='ltr'><strong>oracu-</strong></span> 
     </span>
    </p>
   </div>
   <div class='ocr_carea' id='block_1_27' title="bbox 2445 1340 4022 1415">
    <p class='ocr_par' dir='ltr' id='par_1_27' title="bbox 2445 1340 4022 1415">
     <span class='ocr_line' id='line_1_27' title="bbox 2445 1340 4022 1415; baseline -0.015 -9"><span class='ocrx_word' id='word_1_186' title='bbox 2445 1355 2560 1406; x_wconf 87' lang='lat' dir='ltr'><strong>lans</strong></span> <span class='ocrx_word' id='word_1_187' title='bbox 2594 1360 2756 1406; x_wconf 79' lang='lat' dir='ltr'><strong>totum</strong></span> <span class='ocrx_word' id='word_1_188' title='bbox 2810 1348 3090 1415; x_wconf 75' lang='lat' dir='ltr'><strong>corpus&quot;;</strong></span> <span class='ocrx_word' id='word_1_189' title='bbox 3137 1355 3192 1400; x_wconf 89' lang='lat' dir='ltr'><strong>et</strong></span> <span class='ocrx_word' id='word_1_190' title='bbox 3238 1344 3342 1397; x_wconf 88' lang='lat' dir='ltr'><strong>alia</strong></span> <span class='ocrx_word' id='word_1_191' title='bbox 3391 1340 3556 1395; x_wconf 88' lang='lat' dir='ltr'><strong>tnulta</strong></span> <span class='ocrx_word' id='word_1_192' title='bbox 3592 1350 3710 1405; x_wconf 66' lang='lat' dir='ltr'><strong>quas</strong></span> <span class='ocrx_word' id='word_1_193' title='bbox 3752 1347 3860 1386; x_wconf 89' lang='lat' dir='ltr'><strong>non</strong></span> <span class='ocrx_word' id='word_1_194' title='bbox 3909 1345 4022 1399; x_wconf 82' lang='lat' dir='ltr'><strong>pos-</strong></span> 
     </span>
    </p>
   </div>
   <div class='ocr_carea' id='block_1_28' title="bbox 2446 1425 4026 1511">
    <p class='ocr_par' dir='ltr' id='par_1_28' title="bbox 2446 1425 4026 1511">
     <span class='ocr_line' id='line_1_28' title="bbox 2446 1425 4026 1511; baseline -0.018 -15"><span class='ocrx_word' id='word_1_195' title='bbox 2446 1460 2564 1496; x_wconf 83' lang='lat' dir='ltr'><strong>sum</strong></span> <span class='ocrx_word' id='word_1_196' title='bbox 2615 1441 2853 1511; x_wconf 85' lang='lat' dir='ltr'><strong>adjicere</strong></span> <span class='ocrx_word' id='word_1_197' title='bbox 2896 1448 3114 1494; x_wconf 81' lang='lat' dir='ltr'><strong>coorta.</strong></span> <span class='ocrx_word' id='word_1_198' title='bbox 3147 1433 3298 1501; x_wconf 84' lang='lat' dir='ltr'><strong>Quod</strong></span> <span class='ocrx_word' id='word_1_199' title='bbox 3327 1432 3371 1485; x_wconf 87' lang='lat' dir='ltr'><strong>si</strong></span> <span class='ocrx_word' id='word_1_200' title='bbox 3403 1425 3788 1498; x_wconf 71' lang='lat' dir='ltr'><strong>prtevaluerint</strong></span> <span class='ocrx_word' id='word_1_201' title='bbox 3835 1432 4026 1472; x_wconf 77' lang='lat' dir='ltr'><strong>sensus</strong></span> 
     </span>
    </p>
   </div>
   <div class='ocr_carea' id='block_1_29' title="bbox 2446 1514 4026 1602">
    <p class='ocr_par' dir='ltr' id='par_1_29' title="bbox 2446 1514 4026 1602">
     <span class='ocr_line' id='line_1_29' title="bbox 2446 1514 4026 1602; baseline -0.018 -13"><span class='ocrx_word' id='word_1_202' title='bbox 2446 1550 2665 1589; x_wconf 84' lang='lat' dir='ltr'><strong>sumere</strong></span> <span class='ocrx_word' id='word_1_203' title='bbox 2715 1533 2784 1586; x_wconf 86' lang='lat' dir='ltr'><strong>ab</strong></span> <span class='ocrx_word' id='word_1_204' title='bbox 2824 1530 3041 1602; x_wconf 86' lang='lat' dir='ltr'><strong>spiritu,</strong></span> <span class='ocrx_word' id='word_1_205' title='bbox 3107 1528 3220 1596; x_wconf 89' lang='lat' dir='ltr'><strong>ipse</strong></span> <span class='ocrx_word' id='word_1_206' title='bbox 3273 1523 3421 1594; x_wconf 88' lang='lat' dir='ltr'><strong>prius</strong></span> <span class='ocrx_word' id='word_1_207' title='bbox 3472 1514 4026 1574; x_wconf 81' lang='lat' dir='ltr'><strong>sanctilicabiturzct</strong></span> 
     </span>
    </p>
   </div>
   <div class='ocr_carea' id='block_1_30' title="bbox 2451 1608 4027 1696">
    <p class='ocr_par' dir='ltr' id='par_1_30' title="bbox 2451 1608 4027 1696">
     <span class='ocr_line' id='line_1_30' title="bbox 2451 1608 4027 1696; baseline -0.019 -15"><span class='ocrx_word' id='word_1_208' title='bbox 2451 1628 2662 1682; x_wconf 80' lang='lat' dir='ltr'><strong>tandem</strong></span> <span class='ocrx_word' id='word_1_209' title='bbox 2703 1633 3052 1696; x_wconf 85' lang='lat' dir='ltr'><strong>perscrutans</strong></span> <span class='ocrx_word' id='word_1_210' title='bbox 3095 1631 3396 1679; x_wconf 82' lang='lat' dir='ltr'><strong>sermones,</strong></span> <span class='ocrx_word' id='word_1_211' title='bbox 3438 1612 3615 1666; x_wconf 78' lang='lat' dir='ltr'><strong>tradet</strong></span> <span class='ocrx_word' id='word_1_212' title='bbox 3655 1608 3874 1677; x_wconf 80' lang='lat' dir='ltr'><strong>quidem</strong></span> <span class='ocrx_word' id='word_1_213' title='bbox 3910 1615 4027 1669; x_wconf 83' lang='lat' dir='ltr'><strong>pro-</strong></span> 
     </span>
    </p>
   </div>
   <div class='ocr_carea' id='block_1_31' title="bbox 2450 1695 4031 1793">
    <p class='ocr_par' dir='ltr' id='par_1_31' title="bbox 2450 1695 4031 1793">
     <span class='ocr_line' id='line_1_31' title="bbox 2450 1695 4031 1793; baseline -0.022 -17"><span class='ocrx_word' id='word_1_214' title='bbox 2450 1723 2579 1793; x_wconf 62' lang='lat' dir='ltr'><strong>price</strong></span> <span class='ocrx_word' id='word_1_215' title='bbox 2609 1695 2822 1790; x_wconf 68' lang='lat' dir='ltr'><strong>linguae,</strong></span> <span class='ocrx_word' id='word_1_216' title='bbox 2847 1718 2938 1771; x_wconf 90' lang='lat' dir='ltr'><strong>sed</strong></span> <span class='ocrx_word' id='word_1_217' title='bbox 2972 1715 3107 1769; x_wconf 87' lang='lat' dir='ltr'><strong>nihil</strong></span> <span class='ocrx_word' id='word_1_218' title='bbox 3137 1713 3396 1766; x_wconf 67' lang='lat' dir='ltr'><strong>habentes</strong></span> <span class='ocrx_word' id='word_1_219' title='bbox 3426 1718 3672 1775; x_wconf 88' lang='lat' dir='ltr'><strong>pravum.</strong></span> <span class='ocrx_word' id='word_1_220' title='bbox 3697 1708 3807 1793; x_wconf 8' lang='lat' dir='ltr'><strong>qaut</strong></span> <span class='ocrx_word' id='word_1_221' title='bbox 3839 1695 4031 1793; x_wconf 47' lang='lat' dir='ltr'><strong>anim-at</strong></span> 
     </span>
    </p>
   </div>
   <div class='ocr_carea' id='block_1_32' title="bbox 2452 1783 4032 1880">
    <p class='ocr_par' dir='ltr' id='par_1_32' title="bbox 2452 1783 4032 1880">
     <span class='ocr_line' id='line_1_32' title="bbox 2452 1783 4032 1880; baseline -0.023 -11"><span class='ocrx_word' id='word_1_222' title='bbox 2452 1783 2837 1875; x_wconf 37' lang='lat' dir='ltr'><strong>i&#39;oluntatiinm,</strong></span> <span class='ocrx_word' id='word_1_223' title='bbox 2871 1823 2967 1880; x_wconf 88' lang='lat' dir='ltr'><strong>per</strong></span> <span class='ocrx_word' id='word_1_224' title='bbox 2997 1821 3116 1876; x_wconf 66' lang='lat' dir='ltr'><strong>qua</strong></span> <span class='ocrx_word' id='word_1_225' title='bbox 3168 1803 3390 1857; x_wconf 81' lang='lat' dir='ltr'><strong>verbum</strong></span> <span class='ocrx_word' id='word_1_226' title='bbox 3432 1791 3740 1850; x_wconf 89' lang='lat' dir='ltr'><strong>Salomonis</strong></span> <span class='ocrx_word' id='word_1_227' title='bbox 3789 1783 4032 1855; x_wconf 87' lang='lat' dir='ltr'><strong>implebi-</strong></span> 
     </span>
    </p>
   </div>
   <div class='ocr_carea' id='block_1_33' title="bbox 759 1881 4033 1970">
    <p class='ocr_par' dir='ltr' id='par_1_33' title="bbox 759 1881 4033 1970">
     <span class='ocr_line' id='line_1_33' title="bbox 759 1881 4033 1970; baseline -0.01 -10"><span class='ocrx_word' id='word_1_228' title='bbox 759 1891 984 1960; x_wconf 61' lang='lat' dir='ltr'><strong>“Ciplllis</strong></span> <span class='ocrx_word' id='word_1_229' title='bbox 1006 1895 1118 1949; x_wconf 69' lang='grc' dir='ltr'><strong>θυῖε</strong></span> <span class='ocrx_word' id='word_1_230' title='bbox 1152 1896 1203 1950; x_wconf 75' lang='lat' dir='ltr'><strong>in</strong></span> <span class='ocrx_word' id='word_1_231' title='bbox 1235 1896 1555 1968; x_wconf 63' lang='lat' dir='ltr'><strong>Evangelia.</strong></span> <span class='ocrx_word' id='word_1_232' title='bbox 1582 1899 1782 1954; x_wconf 73' lang='grc' dir='ltr'><strong>ἀῖοῖῑυτ</strong></span> <span class='ocrx_word' id='word_1_233' title='bbox 1817 1917 1830 1953; x_wconf 73' lang='grc' dir='ltr'>ε</span> <span class='ocrx_word' id='word_1_234' title='bbox 1875 1899 2057 1954; x_wconf 65' lang='lat' dir='ltr'><strong>Vide“?</strong></span> <span class='ocrx_word' id='word_1_235' title='bbox 2082 1916 2142 1954; x_wconf 80' lang='grc' dir='ltr'><strong>ηε</strong></span> <span class='ocrx_word' id='word_1_236' title='bbox 2177 1917 2347 1970; x_wconf 50' lang='lat' dir='ltr'><strong>quan.</strong></span> <span class='ocrx_word' id='word_1_237' title='bbox 2379 1895 2421 1950; x_wconf 79' lang='grc' dir='ltr'><strong>Β</strong></span> <span class='ocrx_word' id='word_1_238' title='bbox 2456 1916 2542 1962; x_wconf 90' lang='lat' dir='ltr'><strong>tur</strong></span> <span class='ocrx_word' id='word_1_239' title='bbox 2586 1905 2817 1960; x_wconf 84' lang='lat' dir='ltr'><strong>dicentis</strong></span> <span class='ocrx_word' id='word_1_240' title='bbox 2849 1921 2861 1956; x_wconf 75' lang='grc' dir='ltr'>ε</span> <span class='ocrx_word' id='word_1_241' title='bbox 2895 1900 3003 1955; x_wconf 77' lang='lat' dir='ltr'><strong>Mei</strong></span> <span class='ocrx_word' id='word_1_242' title='bbox 3054 1909 3317 1951; x_wconf 79' lang='lat' dir='ltr'><strong>sermones</strong></span> <span class='ocrx_word' id='word_1_243' title='bbox 3369 1891 3495 1944; x_wconf 85' lang='lat' dir='ltr'><strong>dicti</strong></span> <span class='ocrx_word' id='word_1_244' title='bbox 3539 1899 3658 1940; x_wconf 82' lang='lat' dir='ltr'><strong>sunt</strong></span> <span class='ocrx_word' id='word_1_245' title='bbox 3697 1902 3728 1936; x_wconf 93' lang='lat' dir='ltr'><strong>a</strong></span> <span class='ocrx_word' id='word_1_246' title='bbox 3763 1881 3892 1943; x_wconf 83' lang='lat' dir='ltr'><strong>Deo,</strong></span> <span class='ocrx_word' id='word_1_247' title='bbox 3945 1891 4033 1929; x_wconf 83' lang='lat' dir='ltr'><strong>nec</strong></span> 
     </span>
    </p>
   </div>
   <div class='ocr_carea' id='block_1_34' title="bbox 761 1984 2346 2061">
    <p class='ocr_par' dir='ltr' id='par_1_34' title="bbox 761 1984 2346 2061">
     <span class='ocr_line' id='line_1_34' title="bbox 761 1984 2346 2061; baseline 0.008 -27"><span class='ocrx_word' id='word_1_248' title='bbox 761 1984 829 2035; x_wconf 91' lang='lat' dir='ltr'><strong>do</strong></span> <span class='ocrx_word' id='word_1_249' title='bbox 879 1996 1163 2052; x_wconf 83' lang='lat' dir='ltr'><strong>graventur</strong></span> <span class='ocrx_word' id='word_1_250' title='bbox 1209 1989 1369 2042; x_wconf 79' lang='lat' dir='ltr'><strong>corda</strong></span> <span class='ocrx_word' id='word_1_251' title='bbox 1417 2000 1586 2044; x_wconf 85' lang='lat' dir='ltr'><strong>vestra</strong></span> <span class='ocrx_word' id='word_1_252' title='bbox 1637 1992 1692 2045; x_wconf 90' lang='lat' dir='ltr'><strong>in</strong></span> <span class='ocrx_word' id='word_1_253' title='bbox 1727 2008 1845 2046; x_wconf 85' lang='lat' dir='ltr'><strong>esca</strong></span> <span class='ocrx_word' id='word_1_254' title='bbox 1888 2003 1933 2045; x_wconf 89' lang='lat' dir='ltr'><strong>et</strong></span> <span class='ocrx_word' id='word_1_255' title='bbox 1976 2002 2104 2061; x_wconf 85' lang='lat' dir='ltr'><strong>potu</strong></span> <span class='ocrx_word' id='word_1_256' title='bbox 2129 1993 2200 2058; x_wconf 69' lang='grc' dir='ltr'><strong>θ’,</strong></span> <span class='ocrx_word' id='word_1_257' title='bbox 2231 1993 2346 2046; x_wconf 88' lang='lat' dir='ltr'><strong>sive</strong></span> 
     </span>
    </p>
   </div>
   <div class='ocr_carea' id='block_1_35' title="bbox 764 2073 2347 2152">
    <p class='ocr_par' dir='ltr' id='par_1_35' title="bbox 764 2073 2347 2152">
     <span class='ocr_line' id='line_1_35' title="bbox 764 2073 2347 2152; baseline 0.006 -26"><span class='ocrx_word' id='word_1_258' title='bbox 764 2073 992 2130; x_wconf 88' lang='lat' dir='ltr'><strong>deliclis.</strong></span> <span class='ocrx_word' id='word_1_259' title='bbox 1021 2077 1425 2147; x_wconf 82' lang='lat' dir='ltr'><strong>inquirentibus</strong></span> <span class='ocrx_word' id='word_1_260' title='bbox 1469 2083 1770 2152; x_wconf 67' lang='lat' dir='ltr'><strong>praesertim</strong></span> <span class='ocrx_word' id='word_1_261' title='bbox 1802 2099 2108 2137; x_wconf 87' lang='lat' dir='ltr'><strong>mensuram</strong></span> <span class='ocrx_word' id='word_1_262' title='bbox 2146 2085 2347 2138; x_wconf 87' lang='lat' dir='ltr'><strong>sam-ti-</strong></span> 
     </span>
    </p>
   </div>
   <div class='ocr_carea' id='block_1_36' title="bbox 765 2157 2346 2244">
    <p class='ocr_par' dir='ltr' id='par_1_36' title="bbox 765 2157 2346 2244">
     <span class='ocr_line' id='line_1_36' title="bbox 765 2157 2346 2244; baseline 0.006 -28"><span class='ocrx_word' id='word_1_263' title='bbox 765 2165 1058 2230; x_wconf 83' lang='lat' dir='ltr'><strong>licationis,</strong></span> <span class='ocrx_word' id='word_1_264' title='bbox 1098 2157 1335 2223; x_wconf 87' lang='lat' dir='ltr'><strong>debitum</strong></span> <span class='ocrx_word' id='word_1_265' title='bbox 1394 2181 1475 2226; x_wconf 74' lang='lat' dir='ltr'><strong>est</strong></span> <span class='ocrx_word' id='word_1_266' title='bbox 1531 2173 1671 2225; x_wconf 89' lang='lat' dir='ltr'><strong>istud</strong></span> <span class='ocrx_word' id='word_1_267' title='bbox 1705 2171 1898 2228; x_wconf 69' lang='lat' dir='ltr'><strong>efferre</strong></span> <span class='ocrx_word' id='word_1_268' title='bbox 1932 2192 1944 2225; x_wconf 88' lang='lat'><strong>:</strong></span> <span class='ocrx_word' id='word_1_269' title='bbox 1976 2172 2189 2244; x_wconf 85' lang='lat' dir='ltr'><strong>Castigo</strong></span> <span class='ocrx_word' id='word_1_270' title='bbox 2229 2189 2346 2226; x_wconf 87' lang='lat' dir='ltr'><strong>cor-</strong></span> 
     </span>
    </p>
   </div>
   <div class='ocr_carea' id='block_1_37' title="bbox 764 2262 2350 2334">
    <p class='ocr_par' dir='ltr' id='par_1_37' title="bbox 764 2262 2350 2334">
     <span class='ocr_line' id='line_1_37' title="bbox 764 2262 2350 2334; baseline 0.006 -25"><span class='ocrx_word' id='word_1_271' title='bbox 764 2274 860 2311; x_wconf 83' lang='lat' dir='ltr'><strong>uus</strong></span> <span class='ocrx_word' id='word_1_272' title='bbox 912 2275 1105 2323; x_wconf 84' lang='lat' dir='ltr'><strong>meum,</strong></span> <span class='ocrx_word' id='word_1_273' title='bbox 1137 2272 1184 2314; x_wconf 87' lang='lat' dir='ltr'><strong>et</strong></span> <span class='ocrx_word' id='word_1_274' title='bbox 1227 2262 1282 2314; x_wconf 89' lang='lat' dir='ltr'><strong>in</strong></span> <span class='ocrx_word' id='word_1_275' title='bbox 1331 2265 1631 2318; x_wconf 78' lang='lat' dir='ltr'><strong>servitutem</strong></span> <span class='ocrx_word' id='word_1_276' title='bbox 1677 2263 1853 2334; x_wconf 85' lang='lat' dir='ltr'><strong>redigo</strong></span> <span class='ocrx_word' id='word_1_277' title='bbox 1871 2266 1938 2316; x_wconf 78' lang='lat'><strong>&quot;.</strong></span> <span class='ocrx_word' id='word_1_278' title='bbox 1963 2266 2179 2320; x_wconf 83' lang='lat' dir='ltr'><strong>Tertius</strong></span> <span class='ocrx_word' id='word_1_279' title='bbox 2221 2280 2350 2319; x_wconf 89' lang='lat' dir='ltr'><strong>vero</strong></span> 
     </span>
    </p>
   </div>
   <div class='ocr_carea' id='block_1_38' title="bbox 767 2353 2351 2426">
    <p class='ocr_par' dir='ltr' id='par_1_38' title="bbox 767 2353 2351 2426">
     <span class='ocr_line' id='line_1_38' title="bbox 767 2353 2351 2426; baseline 0.005 -24"><span class='ocrx_word' id='word_1_280' title='bbox 767 2359 946 2404; x_wconf 84' lang='lat' dir='ltr'><strong>motus</strong></span> <span class='ocrx_word' id='word_1_281' title='bbox 997 2361 1080 2405; x_wconf 91' lang='lat' dir='ltr'><strong>est</strong></span> <span class='ocrx_word' id='word_1_282' title='bbox 1121 2353 1408 2421; x_wconf 89' lang='lat' dir='ltr'><strong>spirituum</strong></span> <span class='ocrx_word' id='word_1_283' title='bbox 1459 2357 1821 2426; x_wconf 78' lang='lat' dir='ltr'><strong>malignorum</strong></span> <span class='ocrx_word' id='word_1_284' title='bbox 1881 2359 2201 2411; x_wconf 90' lang='lat' dir='ltr'><strong>lentantium</strong></span> <span class='ocrx_word' id='word_1_285' title='bbox 2257 2373 2351 2426; x_wconf 87' lang='lat' dir='ltr'><strong>per</strong></span> 
     </span>
    </p>
   </div>
   <div class='ocr_carea' id='block_1_39' title="bbox 767 2442 2346 2516">
    <p class='ocr_par' dir='ltr' id='par_1_39' title="bbox 767 2442 2346 2516">
     <span class='ocr_line' id='line_1_39' title="bbox 767 2442 2346 2516; baseline 0.003 -23"><span class='ocrx_word' id='word_1_286' title='bbox 767 2442 1018 2508; x_wconf 86' lang='lat' dir='ltr'><strong>livorem,</strong></span> <span class='ocrx_word' id='word_1_287' title='bbox 1063 2459 1125 2498; x_wconf 89' lang='lat' dir='ltr'><strong>ac</strong></span> <span class='ocrx_word' id='word_1_288' title='bbox 1172 2444 1464 2500; x_wconf 85' lang='lat' dir='ltr'><strong>volentium</strong></span> <span class='ocrx_word' id='word_1_289' title='bbox 1511 2447 1845 2504; x_wconf 79' lang='lat' dir='ltr'><strong>ﬂaccidiores</strong></span> <span class='ocrx_word' id='word_1_290' title='bbox 1877 2448 2087 2503; x_wconf 75' lang='lat' dir='ltr'><strong>allicere</strong></span> <span class='ocrx_word' id='word_1_291' title='bbox 2128 2463 2220 2502; x_wconf 89' lang='lat' dir='ltr'><strong>eos</strong></span> <span class='ocrx_word' id='word_1_292' title='bbox 2260 2448 2346 2516; x_wconf 89' lang='lat' dir='ltr'><strong>qui</strong></span> 
     </span>
    </p>
   </div>
   <div class='ocr_carea' id='block_1_40' title="bbox 769 2539 2348 2611">
    <p class='ocr_par' dir='ltr' id='par_1_40' title="bbox 769 2539 2348 2611">
     <span class='ocr_line' id='line_1_40' title="bbox 769 2539 2348 2611; baseline 0.004 -26"><span class='ocrx_word' id='word_1_293' title='bbox 769 2545 1036 2588; x_wconf 76' lang='lat' dir='ltr'><strong>conantur</strong></span> <span class='ocrx_word' id='word_1_294' title='bbox 1100 2539 1442 2595; x_wconf 88' lang='lat' dir='ltr'><strong>sanctilicare</strong></span> <span class='ocrx_word' id='word_1_295' title='bbox 1486 2542 1835 2611; x_wconf 88' lang='lat' dir='ltr'><strong>semetipsos.</strong></span> <span class='ocrx_word' id='word_1_296' title='bbox 1883 2540 2265 2598; x_wconf 80' lang='lat' dir='ltr'><strong>Verumtamen</strong></span> <span class='ocrx_word' id='word_1_297' title='bbox 2306 2541 2348 2592; x_wconf 88' lang='lat' dir='ltr'><strong>si</strong></span> 
     </span>
    </p>
   </div>
   <div class='ocr_carea' id='block_1_41' title="bbox 772 2626 2350 2700">
    <p class='ocr_par' dir='ltr' id='par_1_41' title="bbox 772 2626 2350 2700">
     <span class='ocr_line' id='line_1_41' title="bbox 772 2626 2350 2700; baseline 0.004 -24"><span class='ocrx_word' id='word_1_298' title='bbox 772 2628 823 2680; x_wconf 92' lang='lat' dir='ltr'><strong>in</strong></span> <span class='ocrx_word' id='word_1_299' title='bbox 857 2626 1047 2682; x_wconf 86' lang='lat' dir='ltr'><strong>iisdem</strong></span> <span class='ocrx_word' id='word_1_300' title='bbox 1079 2630 1252 2684; x_wconf 84' lang='lat' dir='ltr'><strong>tribus</strong></span> <span class='ocrx_word' id='word_1_301' title='bbox 1280 2633 1452 2685; x_wconf 90' lang='lat' dir='ltr'><strong>modis</strong></span> <span class='ocrx_word' id='word_1_302' title='bbox 1476 2634 1744 2686; x_wconf 80' lang='lat' dir='ltr'><strong>sustineat</strong></span> <span class='ocrx_word' id='word_1_303' title='bbox 1791 2634 1969 2686; x_wconf 89' lang='lat' dir='ltr'><strong>anima</strong></span> <span class='ocrx_word' id='word_1_304' title='bbox 2006 2634 2350 2700; x_wconf 84' lang='lat' dir='ltr'><strong>semetipsam</strong></span> 
     </span>
    </p>
   </div>
   <div class='ocr_carea' id='block_1_42' title="bbox 773 2717 2353 2792">
    <p class='ocr_par' dir='ltr' id='par_1_42' title="bbox 773 2717 2353 2792">
     <span class='ocr_line' id='line_1_42' title="bbox 773 2717 2353 2792; baseline 0.002 -22"><span class='ocrx_word' id='word_1_305' title='bbox 773 2717 1098 2775; x_wconf 84' lang='lat' dir='ltr'><strong>testimoniis</strong></span> <span class='ocrx_word' id='word_1_306' title='bbox 1142 2722 1340 2789; x_wconf 84' lang='lat' dir='ltr'><strong>quibus</strong></span> <span class='ocrx_word' id='word_1_307' title='bbox 1388 2723 1616 2792; x_wconf 86' lang='lat' dir='ltr'><strong>spiritus</strong></span> <span class='ocrx_word' id='word_1_308' title='bbox 1664 2725 1909 2778; x_wconf 88' lang='lat' dir='ltr'><strong>docuerit</strong></span> <span class='ocrx_word' id='word_1_309' title='bbox 1949 2737 2194 2785; x_wconf 87' lang='lat' dir='ltr'><strong>sensum,</strong></span> <span class='ocrx_word' id='word_1_310' title='bbox 2227 2735 2353 2774; x_wconf 88' lang='lat' dir='ltr'><strong>sau-</strong></span> 
     </span>
    </p>
   </div>
   <div class='ocr_carea' id='block_1_43' title="bbox 771 2809 2351 2884">
    <p class='ocr_par' dir='ltr' id='par_1_43' title="bbox 771 2809 2351 2884">
     <span class='ocr_line' id='line_1_43' title="bbox 771 2809 2351 2884; baseline 0 -21"><span class='ocrx_word' id='word_1_311' title='bbox 771 2809 1107 2867; x_wconf 69' lang='lat' dir='ltr'><strong>vtil‘tcabitur</strong></span> <span class='ocrx_word' id='word_1_312' title='bbox 1131 2815 1181 2866; x_wconf 93' lang='lat' dir='ltr'><strong>in</strong></span> <span class='ocrx_word' id='word_1_313' title='bbox 1219 2826 1448 2884; x_wconf 83' lang='lat' dir='ltr'><strong>utroque</strong></span> <span class='ocrx_word' id='word_1_314' title='bbox 1476 2815 1542 2870; x_wconf 84' lang='lat' dir='ltr'><strong>ab</strong></span> <span class='ocrx_word' id='word_1_315' title='bbox 1573 2815 1661 2869; x_wconf 93' lang='lat' dir='ltr'><strong>illo</strong></span> <span class='ocrx_word' id='word_1_316' title='bbox 1693 2815 1948 2884; x_wconf 83' lang='lat' dir='ltr'><strong>languore</strong></span> <span class='ocrx_word' id='word_1_317' title='bbox 1981 2814 2233 2868; x_wconf 80' lang='lat' dir='ltr'><strong>triformi.</strong></span> <span class='ocrx_word' id='word_1_318' title='bbox 2259 2812 2351 2866; x_wconf 92' lang='lat' dir='ltr'><strong>Sin</strong></span> 
     </span>
    </p>
   </div>
   <div class='ocr_carea' id='block_1_44' title="bbox 777 2903 2356 2974">
    <p class='ocr_par' dir='ltr' id='par_1_44' title="bbox 777 2903 2356 2974">
     <span class='ocr_line' id='line_1_44' title="bbox 777 2903 2356 2974; baseline 0.004 -24"><span class='ocrx_word' id='word_1_319' title='bbox 777 2918 907 2956; x_wconf 70' lang='lat' dir='ltr'><strong>vero</strong></span> <span class='ocrx_word' id='word_1_320' title='bbox 954 2903 1224 2959; x_wconf 86' lang='lat' dir='ltr'><strong>dimiserit</strong></span> <span class='ocrx_word' id='word_1_321' title='bbox 1277 2908 1627 2974; x_wconf 89' lang='lat' dir='ltr'><strong>semetipsum</strong></span> <span class='ocrx_word' id='word_1_322' title='bbox 1702 2921 1894 2959; x_wconf 82' lang='lat' dir='ltr'><strong>sensus</strong></span> <span class='ocrx_word' id='word_1_323' title='bbox 1964 2923 1991 2959; x_wconf 91' lang='lat' dir='ltr'><strong>a</strong></span> <span class='ocrx_word' id='word_1_324' title='bbox 2037 2904 2356 2958; x_wconf 88' lang='lat' dir='ltr'><strong>testimoniis</strong></span> 
     </span>
    </p>
   </div>
   <div class='ocr_carea' id='block_1_45' title="bbox 775 2995 2356 3065">
    <p class='ocr_par' dir='ltr' id='par_1_45' title="bbox 775 2995 2356 3065">
     <span class='ocr_line' id='line_1_45' title="bbox 775 2995 2356 3065; baseline 0.001 -21"><span class='ocrx_word' id='word_1_325' title='bbox 775 2996 973 3061; x_wconf 86' lang='lat' dir='ltr'><strong>quibus</strong></span> <span class='ocrx_word' id='word_1_326' title='bbox 1004 2996 1229 3065; x_wconf 91' lang='lat' dir='ltr'><strong>spiritus</strong></span> <span class='ocrx_word' id='word_1_327' title='bbox 1260 2998 1582 3052; x_wconf 80' lang='lat' dir='ltr'><strong>testilicatur</strong></span> <span class='ocrx_word' id='word_1_328' title='bbox 1609 2999 1690 3059; x_wconf 90' lang='lat' dir='ltr'><strong>ei;</strong></span> <span class='ocrx_word' id='word_1_329' title='bbox 1731 3006 1855 3051; x_wconf 87' lang='lat' dir='ltr'><strong>tunc</strong></span> <span class='ocrx_word' id='word_1_330' title='bbox 1884 2995 2096 3064; x_wconf 78' lang='lat' dir='ltr'><strong>maligni</strong></span> <span class='ocrx_word' id='word_1_331' title='bbox 2133 2995 2356 3062; x_wconf 87' lang='lat' dir='ltr'><strong>spiritus</strong></span> 
     </span>
    </p>
   </div>
   <div class='ocr_carea' id='block_1_46' title="bbox 776 3090 2358 3161">
    <p class='ocr_par' dir='ltr' id='par_1_46' title="bbox 776 3090 2358 3161">
     <span class='ocr_line' id='line_1_46' title="bbox 776 3090 2358 3161; baseline -0.001 -21"><span class='ocrx_word' id='word_1_332' title='bbox 776 3090 1203 3158; x_wconf 80' lang='lat' dir='ltr'><strong>supersederunt</strong></span> <span class='ocrx_word' id='word_1_333' title='bbox 1237 3091 1648 3161; x_wconf 81' lang='lat' dir='ltr'><strong>congregationi</strong></span> <span class='ocrx_word' id='word_1_334' title='bbox 1673 3090 1936 3157; x_wconf 88' lang='lat' dir='ltr'><strong>corporis,</strong></span> <span class='ocrx_word' id='word_1_335' title='bbox 1965 3099 2020 3143; x_wconf 90' lang='lat' dir='ltr'><strong>et</strong></span> <span class='ocrx_word' id='word_1_336' title='bbox 2045 3096 2358 3157; x_wconf 81' lang='lat' dir='ltr'><strong>apptignaut</strong></span> 
     </span>
    </p>
   </div>
   <div class='ocr_carea' id='block_1_47' title="bbox 779 3174 2358 3246">
    <p class='ocr_par' dir='ltr' id='par_1_47' title="bbox 779 3174 2358 3246">
     <span class='ocr_line' id='line_1_47' title="bbox 779 3174 2358 3246; baseline -0.004 -17"><span class='ocrx_word' id='word_1_337' title='bbox 779 3179 871 3230; x_wconf 90' lang='lat' dir='ltr'><strong>illo</strong></span> <span class='ocrx_word' id='word_1_338' title='bbox 910 3189 1058 3231; x_wconf 90' lang='lat' dir='ltr'><strong>motu</strong></span> <span class='ocrx_word' id='word_1_339' title='bbox 1103 3193 1272 3246; x_wconf 87' lang='lat' dir='ltr'><strong>usque</strong></span> <span class='ocrx_word' id='word_1_340' title='bbox 1320 3180 1442 3231; x_wconf 92' lang='lat' dir='ltr'><strong>dum</strong></span> <span class='ocrx_word' id='word_1_341' title='bbox 1491 3179 1670 3230; x_wconf 87' lang='lat' dir='ltr'><strong>anima</strong></span> <span class='ocrx_word' id='word_1_342' title='bbox 1717 3175 1990 3245; x_wconf 78' lang='lat' dir='ltr'><strong>fatigetur,</strong></span> <span class='ocrx_word' id='word_1_343' title='bbox 2034 3184 2087 3225; x_wconf 86' lang='lat' dir='ltr'><strong>ct</strong></span> <span class='ocrx_word' id='word_1_344' title='bbox 2137 3174 2358 3241; x_wconf 77' lang='lat' dir='ltr'><strong>incipiat</strong></span> 
     </span>
    </p>
   </div>
   <div class='ocr_carea' id='block_1_48' title="bbox 2455 1969 4031 2063">
    <p class='ocr_par' dir='ltr' id='par_1_48' title="bbox 2455 1969 4031 2063">
     <span class='ocr_line' id='line_1_48' title="bbox 2455 1969 4031 2063; baseline -0.023 -9"><span class='ocrx_word' id='word_1_345' title='bbox 2455 2007 2529 2054; x_wconf 85' lang='lat' dir='ltr'><strong>est</strong></span> <span class='ocrx_word' id='word_1_346' title='bbox 2564 1999 2616 2050; x_wconf 86' lang='lat' dir='ltr'><strong>in</strong></span> <span class='ocrx_word' id='word_1_347' title='bbox 2643 1997 2750 2049; x_wconf 87' lang='lat' dir='ltr'><strong>illis</strong></span> <span class='ocrx_word' id='word_1_348' title='bbox 2777 1992 2980 2063; x_wconf 87' lang='lat' dir='ltr'><strong>aliquid</strong></span> <span class='ocrx_word' id='word_1_349' title='bbox 3027 2003 3246 2059; x_wconf 81' lang='lat' dir='ltr'><strong>pravum</strong></span> <span class='ocrx_word' id='word_1_350' title='bbox 3283 1995 3436 2052; x_wconf 80' lang='lat' dir='ltr'><strong>atque</strong></span> <span class='ocrx_word' id='word_1_351' title='bbox 3471 1974 3863 2049; x_wconf 70' lang='lat' dir='ltr'><strong>perplexum&quot;.</strong></span> <span class='ocrx_word' id='word_1_352' title='bbox 3893 1969 4031 2063; x_wconf 68' lang='lat' dir='ltr'><strong>Idem</strong></span> 
     </span>
    </p>
   </div>
   <div class='ocr_carea' id='block_1_49' title="bbox 2459 2057 4034 2142">
    <p class='ocr_par' dir='ltr' id='par_1_49' title="bbox 2459 2057 4034 2142">
     <span class='ocr_line' id='line_1_49' title="bbox 2459 2057 4034 2142; baseline -0.022 1"><span class='ocrx_word' id='word_1_353' title='bbox 2459 2101 2645 2142; x_wconf 90' lang='lat' dir='ltr'><strong>rursus</strong></span> <span class='ocrx_word' id='word_1_354' title='bbox 2685 2087 2737 2140; x_wconf 91' lang='lat' dir='ltr'><strong>in</strong></span> <span class='ocrx_word' id='word_1_355' title='bbox 2771 2083 2878 2136; x_wconf 89' lang='lat' dir='ltr'><strong>alio</strong></span> <span class='ocrx_word' id='word_1_356' title='bbox 2912 2057 3035 2134; x_wconf 88' lang='lat' dir='ltr'><strong>loco</strong></span> <span class='ocrx_word' id='word_1_357' title='bbox 3061 2078 3134 2130; x_wconf 91' lang='lat' dir='ltr'><strong>ait</strong></span> <span class='ocrx_word' id='word_1_358' title='bbox 3162 2094 3175 2129; x_wconf 88' lang='lat'>:</span> <span class='ocrx_word' id='word_1_359' title='bbox 3202 2074 3409 2142; x_wconf 84' lang='lat' dir='ltr'><strong>Lingua</strong></span> <span class='ocrx_word' id='word_1_360' title='bbox 3436 2069 3754 2139; x_wconf 84' lang='lat' dir='ltr'><strong>sapientium</strong></span> <span class='ocrx_word' id='word_1_361' title='bbox 3783 2057 4034 2122; x_wconf 78' lang='lat' dir='ltr'><strong>sanat&quot;;</strong></span> 
     </span>
    </p>
   </div>
   <div class='ocr_carea' id='block_1_50' title="bbox 2456 2172 3131 2246">
    <p class='ocr_par' dir='ltr' id='par_1_50' title="bbox 2456 2172 3131 2246">
     <span class='ocr_line' id='line_1_50' title="bbox 2456 2172 3131 2246; baseline -0.016 -12"><span class='ocrx_word' id='word_1_362' title='bbox 2456 2190 2511 2235; x_wconf 93' lang='lat' dir='ltr'><strong>et</strong></span> <span class='ocrx_word' id='word_1_363' title='bbox 2541 2178 2643 2232; x_wconf 87' lang='lat' dir='ltr'><strong>alia</strong></span> <span class='ocrx_word' id='word_1_364' title='bbox 2671 2190 2836 2246; x_wconf 90' lang='lat' dir='ltr'><strong>quatn</strong></span> <span class='ocrx_word' id='word_1_365' title='bbox 2870 2172 3131 2243; x_wconf 86' lang='lat' dir='ltr'><strong>plurima.</strong></span> 
     </span>
    </p>
   </div>
   <div class='ocr_carea' id='block_1_51' title="bbox 2531 2237 4034 2322">
    <p class='ocr_par' dir='ltr' id='par_1_51' title="bbox 2531 2237 4034 2322">
     <span class='ocr_line' id='line_1_51' title="bbox 2531 2237 4034 2322; baseline -0.02 -1"><span class='ocrx_word' id='word_1_366' title='bbox 2531 2267 2617 2322; x_wconf 82' lang='lat' dir='ltr'><strong>Vl.</strong></span> <span class='ocrx_word' id='word_1_367' title='bbox 2663 2237 3100 2319; x_wconf 41' lang='lat' dir='ltr'><strong>D-einde&#39;iterum</strong></span> <span class='ocrx_word' id='word_1_368' title='bbox 3145 2269 3403 2312; x_wconf 89' lang='lat' dir='ltr'><strong>manuum</strong></span> <span class='ocrx_word' id='word_1_369' title='bbox 3444 2262 3618 2306; x_wconf 88' lang='lat' dir='ltr'><strong>motus</strong></span> <span class='ocrx_word' id='word_1_370' title='bbox 3674 2248 3817 2301; x_wconf 87' lang='lat' dir='ltr'><strong>intra</strong></span> <span class='ocrx_word' id='word_1_371' title='bbox 3863 2256 3947 2295; x_wconf 85' lang='lat' dir='ltr'><strong>me</strong></span> <span class='ocrx_word' id='word_1_372' title='bbox 3992 2237 4034 2292; x_wconf 89' lang='lat' dir='ltr'><strong>si</strong></span> 
     </span>
    </p>
   </div>
   <div class='ocr_carea' id='block_1_52' title="bbox 2459 2334 4039 2423">
    <p class='ocr_par' dir='ltr' id='par_1_52' title="bbox 2459 2334 4039 2423">
     <span class='ocr_line' id='line_1_52' title="bbox 2459 2334 4039 2423; baseline -0.021 -8"><span class='ocrx_word' id='word_1_373' title='bbox 2459 2369 2617 2416; x_wconf 86' lang='lat' dir='ltr'><strong>erant</strong></span> <span class='ocrx_word' id='word_1_374' title='bbox 2664 2355 2954 2423; x_wconf 89' lang='lat' dir='ltr'><strong>aliquando</strong></span> <span class='ocrx_word' id='word_1_375' title='bbox 3007 2361 3190 2414; x_wconf 76' lang='lat' dir='ltr'><strong>motae,</strong></span> <span class='ocrx_word' id='word_1_376' title='bbox 3253 2349 3305 2401; x_wconf 91' lang='lat' dir='ltr'><strong>in</strong></span> <span class='ocrx_word' id='word_1_377' title='bbox 3352 2347 3548 2416; x_wconf 91' lang='lat' dir='ltr'><strong>quibus</strong></span> <span class='ocrx_word' id='word_1_378' title='bbox 3601 2356 3706 2394; x_wconf 86' lang='lat' dir='ltr'><strong>non</strong></span> <span class='ocrx_word' id='word_1_379' title='bbox 3757 2334 4039 2404; x_wconf 81' lang='lat' dir='ltr'><strong>oportebat</strong></span> 
     </span>
    </p>
   </div>
   <div class='ocr_carea' id='block_1_53' title="bbox 2461 2433 4038 2514">
    <p class='ocr_par' dir='ltr' id='par_1_53' title="bbox 2461 2433 4038 2514">
     <span class='ocr_line' id='line_1_53' title="bbox 2461 2433 4038 2514; baseline -0.019 -11"><span class='ocrx_word' id='word_1_380' title='bbox 2461 2451 2654 2503; x_wconf 64' lang='lat' dir='ltr'><strong>animm</strong></span> <span class='ocrx_word' id='word_1_381' title='bbox 2685 2444 3085 2514; x_wconf 86' lang='lat' dir='ltr'><strong>voluptatibus;</strong></span> <span class='ocrx_word' id='word_1_382' title='bbox 3120 2441 3214 2495; x_wconf 88' lang='lat' dir='ltr'><strong>sed</strong></span> <span class='ocrx_word' id='word_1_383' title='bbox 3247 2451 3391 2492; x_wconf 90' lang='lat' dir='ltr'><strong>nunc</strong></span> <span class='ocrx_word' id='word_1_384' title='bbox 3423 2435 3471 2488; x_wconf 89' lang='lat' dir='ltr'><strong>ei</strong></span> <span class='ocrx_word' id='word_1_385' title='bbox 3508 2433 3733 2500; x_wconf 83' lang='lat' dir='ltr'><strong>spiritus</strong></span> <span class='ocrx_word' id='word_1_386' title='bbox 3773 2440 3906 2480; x_wconf 89' lang='lat' dir='ltr'><strong>unus</strong></span> <span class='ocrx_word' id='word_1_387' title='bbox 3932 2434 4038 2475; x_wconf 87' lang='lat' dir='ltr'><strong>ter-</strong></span> 
     </span>
    </p>
   </div>
   <div class='ocr_carea' id='block_1_54' title="bbox 2461 2518 4043 2597">
    <p class='ocr_par' dir='ltr' id='par_1_54' title="bbox 2461 2518 4043 2597">
     <span class='ocr_line' id='line_1_54' title="bbox 2461 2518 4043 2597; baseline -0.018 -4"><span class='ocrx_word' id='word_1_388' title='bbox 2461 2540 2631 2595; x_wconf 84' lang='lat' dir='ltr'><strong>minat</strong></span> <span class='ocrx_word' id='word_1_389' title='bbox 2679 2550 2921 2597; x_wconf 91' lang='lat' dir='ltr'><strong>sensum,</strong></span> <span class='ocrx_word' id='word_1_390' title='bbox 2965 2540 3026 2586; x_wconf 77' lang='lat' dir='ltr'><strong>ut”</strong></span> <span class='ocrx_word' id='word_1_391' title='bbox 3061 2531 3112 2586; x_wconf 93' lang='lat' dir='ltr'><strong>in</strong></span> <span class='ocrx_word' id='word_1_392' title='bbox 3155 2528 3469 2591; x_wconf 85' lang='lat' dir='ltr'><strong>sanctitate,</strong></span> <span class='ocrx_word' id='word_1_393' title='bbox 3518 2524 3571 2576; x_wconf 90' lang='lat' dir='ltr'><strong>iu</strong></span> <span class='ocrx_word' id='word_1_394' title='bbox 3622 2518 3964 2574; x_wconf 86' lang='lat' dir='ltr'><strong>orationibus</strong></span> <span class='ocrx_word' id='word_1_395' title='bbox 3990 2519 4043 2566; x_wconf 83' lang='lat' dir='ltr'><strong>et</strong></span> 
     </span>
    </p>
   </div>
   <div class='ocr_carea' id='block_1_55' title="bbox 2465 2615 4044 2687">
    <p class='ocr_par' dir='ltr' id='par_1_55' title="bbox 2465 2615 4044 2687">
     <span class='ocr_line' id='line_1_55' title="bbox 2465 2615 4044 2687; baseline -0.017 -2"><span class='ocrx_word' id='word_1_396' title='bbox 2465 2628 2856 2685; x_wconf 89' lang='lat' dir='ltr'><strong>misericordiis</strong></span> <span class='ocrx_word' id='word_1_397' title='bbox 2890 2634 3228 2685; x_wconf 82' lang='lat' dir='ltr'><strong>moveantur,</strong></span> <span class='ocrx_word' id='word_1_398' title='bbox 3267 2615 3687 2687; x_wconf 83' lang='lat' dir='ltr'><strong>hujusmodique</strong></span> <span class='ocrx_word' id='word_1_399' title='bbox 3729 2622 3896 2679; x_wconf 85' lang='lat' dir='ltr'><strong>opera</strong></span> <span class='ocrx_word' id='word_1_400' title='bbox 3924 2620 4044 2676; x_wconf 82' lang='lat' dir='ltr'><strong>per-</strong></span> 
     </span>
    </p>
   </div>
   <div class='ocr_carea' id='block_1_56' title="bbox 2465 2697 4043 2786">
    <p class='ocr_par' dir='ltr' id='par_1_56' title="bbox 2465 2697 4043 2786">
     <span class='ocr_line' id='line_1_56' title="bbox 2465 2697 4043 2786; baseline -0.017 -10"><span class='ocrx_word' id='word_1_401' title='bbox 2465 2725 2666 2778; x_wconf 86' lang='lat' dir='ltr'><strong>liciant.</strong></span> <span class='ocrx_word' id='word_1_402' title='bbox 2705 2719 2843 2786; x_wconf 87' lang='lat' dir='ltr'><strong>Quin</strong></span> <span class='ocrx_word' id='word_1_403' title='bbox 2876 2719 3036 2771; x_wconf 87' lang='lat' dir='ltr'><strong>etiam</strong></span> <span class='ocrx_word' id='word_1_404' title='bbox 3081 2716 3132 2768; x_wconf 90' lang='lat' dir='ltr'><strong>in</strong></span> <span class='ocrx_word' id='word_1_405' title='bbox 3166 2713 3250 2766; x_wconf 87' lang='lat' dir='ltr'><strong>his</strong></span> <span class='ocrx_word' id='word_1_406' title='bbox 3298 2710 3425 2764; x_wconf 91' lang='lat' dir='ltr'><strong>illud</strong></span> <span class='ocrx_word' id='word_1_407' title='bbox 3463 2706 3738 2774; x_wconf 89' lang='lat' dir='ltr'><strong>eloquium</strong></span> <span class='ocrx_word' id='word_1_408' title='bbox 3776 2697 4043 2767; x_wconf 84' lang='lat' dir='ltr'><strong>complea-</strong></span> 
     </span>
    </p>
   </div>
   <div class='ocr_carea' id='block_1_57' title="bbox 2463 2797 4043 2872">
    <p class='ocr_par' dir='ltr' id='par_1_57' title="bbox 2463 2797 4043 2872">
     <span class='ocr_line' id='line_1_57' title="bbox 2463 2797 4043 2872; baseline -0.019 -4"><span class='ocrx_word' id='word_1_409' title='bbox 2463 2824 2550 2869; x_wconf 86' lang='lat' dir='ltr'><strong>tur</strong></span> <span class='ocrx_word' id='word_1_410' title='bbox 2592 2813 2899 2867; x_wconf 89' lang='lat' dir='ltr'><strong>oralionum</strong></span> <span class='ocrx_word' id='word_1_411' title='bbox 2963 2822 3123 2861; x_wconf 86' lang='lat' dir='ltr'><strong>causa</strong></span> <span class='ocrx_word' id='word_1_412' title='bbox 3159 2803 3429 2872; x_wconf 89' lang='lat' dir='ltr'><strong>prolatum</strong></span> <span class='ocrx_word' id='word_1_413' title='bbox 3466 2797 3748 2852; x_wconf 82' lang='lat' dir='ltr'><strong>:Eleratio</strong></span> <span class='ocrx_word' id='word_1_414' title='bbox 3793 2803 4043 2844; x_wconf 74' lang='lat' dir='ltr'><strong>manuum</strong></span> 
     </span>
    </p>
   </div>
   <div class='ocr_carea' id='block_1_58' title="bbox 2463 2879 4041 2969">
    <p class='ocr_par' dir='ltr' id='par_1_58' title="bbox 2463 2879 4041 2969">
     <span class='ocr_line' id='line_1_58' title="bbox 2463 2879 4041 2969; baseline -0.016 -10"><span class='ocrx_word' id='word_1_415' title='bbox 2463 2918 2720 2964; x_wconf 84' lang='lat' dir='ltr'><strong>mearum,</strong></span> <span class='ocrx_word' id='word_1_416' title='bbox 2752 2899 3074 2969; x_wconf 79' lang='lat' dir='ltr'><strong>sacriﬁcium</strong></span> <span class='ocrx_word' id='word_1_417' title='bbox 3123 2894 3469 2962; x_wconf 82' lang='lat' dir='ltr'><strong>vespertinum</strong></span> <span class='ocrx_word' id='word_1_418' title='bbox 3490 2891 3559 2942; x_wconf 85' lang='lat'><strong>&quot;.</strong></span> <span class='ocrx_word' id='word_1_419' title='bbox 3594 2890 3739 2942; x_wconf 67' lang='lat' dir='ltr'><strong>ldum</strong></span> <span class='ocrx_word' id='word_1_420' title='bbox 3780 2883 3906 2936; x_wconf 87' lang='lat' dir='ltr'><strong>alibi</strong></span> <span class='ocrx_word' id='word_1_421' title='bbox 3943 2879 4041 2934; x_wconf 75' lang='lat' dir='ltr'><strong>Sa-</strong></span> 
     </span>
    </p>
   </div>
   <div class='ocr_carea' id='block_1_59' title="bbox 2467 2975 4046 3061">
    <p class='ocr_par' dir='ltr' id='par_1_59' title="bbox 2467 2975 4046 3061">
     <span class='ocr_line' id='line_1_59' title="bbox 2467 2975 4046 3061; baseline -0.017 -11"><span class='ocrx_word' id='word_1_422' title='bbox 2467 2997 2644 3050; x_wconf 85' lang='lat' dir='ltr'><strong>lomon</strong></span> <span class='ocrx_word' id='word_1_423' title='bbox 2676 3012 2688 3048; x_wconf 93' lang='lat'><strong>:</strong></span> <span class='ocrx_word' id='word_1_424' title='bbox 2719 2993 2781 3046; x_wconf 83' lang='lat' dir='ltr'><strong>Et</strong></span> <span class='ocrx_word' id='word_1_425' title='bbox 2824 2992 2948 3061; x_wconf 83' lang='lat' dir='ltr'><strong>quia</strong></span> <span class='ocrx_word' id='word_1_426' title='bbox 2984 3004 3170 3043; x_wconf 84' lang='lat' dir='ltr'><strong>manus</strong></span> <span class='ocrx_word' id='word_1_427' title='bbox 3227 2988 3444 3056; x_wconf 78' lang='lat' dir='ltr'><strong>[artium</strong></span> <span class='ocrx_word' id='word_1_428' title='bbox 3479 2977 3810 3035; x_wconf 80' lang='lat' dir='ltr'><strong>ditantur&quot;.</strong></span> <span class='ocrx_word' id='word_1_429' title='bbox 3849 2975 4046 3040; x_wconf 85' lang='lat' dir='ltr'><strong>Sicque</strong></span> 
     </span>
    </p>
   </div>
   <div class='ocr_carea' id='block_1_60' title="bbox 2467 3073 4042 3156">
    <p class='ocr_par' dir='ltr' id='par_1_60' title="bbox 2467 3073 4042 3156">
     <span class='ocr_line' id='line_1_60' title="bbox 2467 3073 4042 3156; baseline -0.016 -15"><span class='ocrx_word' id='word_1_430' title='bbox 2467 3089 2806 3156; x_wconf 89' lang='lat' dir='ltr'><strong>postmodum</strong></span> <span class='ocrx_word' id='word_1_431' title='bbox 2839 3093 2896 3135; x_wconf 92' lang='lat' dir='ltr'><strong>ut</strong></span> <span class='ocrx_word' id='word_1_432' title='bbox 2926 3082 3097 3150; x_wconf 88' lang='lat' dir='ltr'><strong>ipsam</strong></span> <span class='ocrx_word' id='word_1_433' title='bbox 3130 3093 3308 3133; x_wconf 81' lang='lat' dir='ltr'><strong>escam</strong></span> <span class='ocrx_word' id='word_1_434' title='bbox 3334 3073 3539 3129; x_wconf 87' lang='lat' dir='ltr'><strong>ventris</strong></span> <span class='ocrx_word' id='word_1_435' title='bbox 3559 3081 3610 3125; x_wconf 85' lang='lat' dir='ltr'><strong>et</strong></span> <span class='ocrx_word' id='word_1_436' title='bbox 3639 3079 3822 3140; x_wconf 89' lang='lat' dir='ltr'><strong>potum</strong></span> <span class='ocrx_word' id='word_1_437' title='bbox 3853 3079 4042 3120; x_wconf 84' lang='lat' dir='ltr'><strong>emun-</strong></span> 
     </span>
    </p>
   </div>
   <div class='ocr_carea' id='block_1_61' title="bbox 2467 3153 4048 3242">
    <p class='ocr_par' dir='ltr' id='par_1_61' title="bbox 2467 3153 4048 3242">
     <span class='ocr_line' id='line_1_61' title="bbox 2467 3153 4048 3242; baseline -0.018 -11"><span class='ocrx_word' id='word_1_438' title='bbox 2467 3153 2576 3242; x_wconf 83' lang='lat' dir='ltr'><strong>det,</strong></span> <span class='ocrx_word' id='word_1_439' title='bbox 2627 3176 2841 3230; x_wconf 87' lang='lat' dir='ltr'><strong>etiamsi</strong></span> <span class='ocrx_word' id='word_1_440' title='bbox 2888 3175 2953 3227; x_wconf 88' lang='lat' dir='ltr'><strong>ad</strong></span> <span class='ocrx_word' id='word_1_441' title='bbox 2995 3171 3305 3226; x_wconf 88' lang='lat' dir='ltr'><strong>satietatem</strong></span> <span class='ocrx_word' id='word_1_442' title='bbox 3344 3167 3422 3220; x_wconf 90' lang='lat' dir='ltr'><strong>eis</strong></span> <span class='ocrx_word' id='word_1_443' title='bbox 3459 3172 3674 3227; x_wconf 87' lang='lat' dir='ltr'><strong>utatur;</strong></span> <span class='ocrx_word' id='word_1_444' title='bbox 3710 3169 3804 3213; x_wconf 89' lang='lat' dir='ltr'><strong>aut</strong></span> <span class='ocrx_word' id='word_1_445' title='bbox 3852 3157 3897 3210; x_wconf 91' lang='lat' dir='ltr'><strong>si</strong></span> <span class='ocrx_word' id='word_1_446' title='bbox 3953 3153 4048 3206; x_wconf 63' lang='lat' dir='ltr'><strong>alio</strong></span> 
     </span>
    </p>
   </div>
   <div class='ocr_carea' id='block_1_62' title="bbox 782 3244 4047 3341">
    <p class='ocr_par' dir='ltr' id='par_1_62' title="bbox 782 3244 4047 3341">
     <span class='ocr_line' id='line_1_62' title="bbox 782 3244 4047 3341; baseline -0.008 -19"><span class='ocrx_word' id='word_1_447' title='bbox 782 3271 1062 3340; x_wconf 88' lang='lat' dir='ltr'><strong>requirere</strong></span> <span class='ocrx_word' id='word_1_448' title='bbox 1115 3273 1257 3324; x_wconf 88' lang='lat' dir='ltr'><strong>umle</strong></span> <span class='ocrx_word' id='word_1_449' title='bbox 1311 3271 1569 3324; x_wconf 79' lang='lat' dir='ltr'><strong>auxilium</strong></span> <span class='ocrx_word' id='word_1_450' title='bbox 1611 3273 1824 3335; x_wconf 83' lang='lat' dir='ltr'><strong>veniat;</strong></span> <span class='ocrx_word' id='word_1_451' title='bbox 1875 3280 2242 3332; x_wconf 84' lang='lat' dir='ltr'><strong>conversaque</strong></span> <span class='ocrx_word' id='word_1_452' title='bbox 2279 3279 2363 3317; x_wconf 86' lang='lat' dir='ltr'><strong>rc-</strong></span> <span class='ocrx_word' id='word_1_453' title='bbox 2391 3244 2434 3302; x_wconf 58' lang='grc' dir='ltr'><strong>(ἶ</strong></span> <span class='ocrx_word' id='word_1_454' title='bbox 2466 3270 2681 3341; x_wconf 81' lang='lat' dir='ltr'><strong>quando</strong></span> <span class='ocrx_word' id='word_1_455' title='bbox 2727 3267 2833 3320; x_wconf 90' lang='lat' dir='ltr'><strong>illis</strong></span> <span class='ocrx_word' id='word_1_456' title='bbox 2888 3266 3082 3318; x_wconf 72' lang='lat' dir='ltr'><strong>anima:</strong></span> <span class='ocrx_word' id='word_1_457' title='bbox 3116 3261 3366 3328; x_wconf 86' lang='lat' dir='ltr'><strong>voluptas</strong></span> <span class='ocrx_word' id='word_1_458' title='bbox 3403 3256 3679 3326; x_wconf 87' lang='lat' dir='ltr'><strong>paululum</strong></span> <span class='ocrx_word' id='word_1_459' title='bbox 3742 3253 3796 3304; x_wconf 91' lang='lat' dir='ltr'><strong>in</strong></span> <span class='ocrx_word' id='word_1_460' title='bbox 3847 3245 4047 3300; x_wconf 60' lang='lat' dir='ltr'><strong>deside</strong></span> 
     </span>
    </p>
   </div>
   <div class='ocr_carea' id='block_1_63' title="bbox 786 3357 2364 3430">
    <p class='ocr_par' dir='ltr' id='par_1_63' title="bbox 786 3357 2364 3430">
     <span class='ocr_line' id='line_1_63' title="bbox 786 3357 2364 3430; baseline -0.004 -12"><span class='ocrx_word' id='word_1_461' title='bbox 786 3362 1090 3430; x_wconf 86' lang='lat' dir='ltr'><strong>prehendat</strong></span> <span class='ocrx_word' id='word_1_462' title='bbox 1150 3363 1372 3429; x_wconf 88' lang='lat' dir='ltr'><strong>spiritus</strong></span> <span class='ocrx_word' id='word_1_463' title='bbox 1433 3361 1762 3427; x_wconf 76' lang='lat' dir='ltr'><strong>tesrimonia,</strong></span> <span class='ocrx_word' id='word_1_464' title='bbox 1803 3377 1864 3413; x_wconf 88' lang='lat' dir='ltr'><strong>ac</strong></span> <span class='ocrx_word' id='word_1_465' title='bbox 1922 3370 2165 3413; x_wconf 88' lang='lat' dir='ltr'><strong>sanetur.</strong></span> <span class='ocrx_word' id='word_1_466' title='bbox 2215 3357 2364 3412; x_wconf 89' lang='lat' dir='ltr'><strong>Tunc</strong></span> 
     </span>
    </p>
   </div>
   <div class='ocr_carea' id='block_1_64' title="bbox 785 3450 2363 3522">
    <p class='ocr_par' dir='ltr' id='par_1_64' title="bbox 785 3450 2363 3522">
     <span class='ocr_line' id='line_1_64' title="bbox 785 3450 2363 3522; baseline -0.003 -18"><span class='ocrx_word' id='word_1_467' title='bbox 785 3454 954 3507; x_wconf 59' lang='lat' dir='ltr'><strong>«etiam</strong></span> <span class='ocrx_word' id='word_1_468' title='bbox 1004 3453 1053 3507; x_wconf 88' lang='lat' dir='ltr'><strong>ei</strong></span> <span class='ocrx_word' id='word_1_469' title='bbox 1093 3453 1184 3506; x_wconf 87' lang='lat' dir='ltr'><strong>dat</strong></span> <span class='ocrx_word' id='word_1_470' title='bbox 1217 3453 1361 3522; x_wconf 90' lang='lat' dir='ltr'><strong>quod</strong></span> <span class='ocrx_word' id='word_1_471' title='bbox 1409 3453 1566 3507; x_wconf 86' lang='lat' dir='ltr'><strong>unica</strong></span> <span class='ocrx_word' id='word_1_472' title='bbox 1605 3454 1676 3507; x_wconf 88' lang='lat' dir='ltr'><strong>sit</strong></span> <span class='ocrx_word' id='word_1_473' title='bbox 1720 3453 1933 3512; x_wconf 81' lang='lat' dir='ltr'><strong>requies</strong></span> <span class='ocrx_word' id='word_1_474' title='bbox 1980 3450 2298 3522; x_wconf 88' lang='lat' dir='ltr'><strong>postulanda</strong></span> <span class='ocrx_word' id='word_1_475' title='bbox 2336 3465 2363 3499; x_wconf 89' lang='lat' dir='ltr'><strong>a</strong></span> 
     </span>
    </p>
   </div>
   <div class='ocr_carea' id='block_1_65' title="bbox 785 3539 1654 3610">
    <p class='ocr_par' dir='ltr' id='par_1_65' title="bbox 785 3539 1654 3610">
     <span class='ocr_line' id='line_1_65' title="bbox 785 3539 1654 3610; baseline -0.003 -14"><span class='ocrx_word' id='word_1_476' title='bbox 785 3545 916 3605; x_wconf 87' lang='lat' dir='ltr'><strong>Deo,</strong></span> <span class='ocrx_word' id='word_1_477' title='bbox 948 3549 1004 3595; x_wconf 89' lang='lat' dir='ltr'><strong>et</strong></span> <span class='ocrx_word' id='word_1_478' title='bbox 1035 3540 1158 3608; x_wconf 91' lang='lat' dir='ltr'><strong>quia</strong></span> <span class='ocrx_word' id='word_1_479' title='bbox 1193 3540 1272 3595; x_wconf 89' lang='lat' dir='ltr'><strong>sic</strong></span> <span class='ocrx_word' id='word_1_480' title='bbox 1301 3539 1353 3594; x_wconf 86' lang='lat' dir='ltr'><strong>lit</strong></span> <span class='ocrx_word' id='word_1_481' title='bbox 1385 3557 1486 3610; x_wconf 81' lang='lat' dir='ltr'><strong>pax</strong></span> <span class='ocrx_word' id='word_1_482' title='bbox 1519 3541 1654 3607; x_wconf 80' lang='lat' dir='ltr'><strong>ejus.</strong></span> 
     </span>
    </p>
   </div>
   <div class='ocr_carea' id='block_1_66' title="bbox 865 3631 2368 3702">
    <p class='ocr_par' dir='ltr' id='par_1_66' title="bbox 865 3631 2368 3702">
     <span class='ocr_line' id='line_1_66' title="bbox 865 3631 2368 3702; baseline -0.001 -16"><span class='ocrx_word' id='word_1_483' title='bbox 865 3631 924 3686; x_wconf 74' lang='grc' dir='ltr'><strong>ν.</strong></span> <span class='ocrx_word' id='word_1_484' title='bbox 958 3631 1083 3688; x_wconf 70' lang='lat' dir='ltr'><strong>Haec</strong></span> <span class='ocrx_word' id='word_1_485' title='bbox 1122 3642 1302 3687; x_wconf 87' lang='lat' dir='ltr'><strong>autem</strong></span> <span class='ocrx_word' id='word_1_486' title='bbox 1335 3634 1543 3688; x_wconf 87' lang='lat' dir='ltr'><strong>asserui</strong></span> <span class='ocrx_word' id='word_1_487' title='bbox 1577 3634 1641 3686; x_wconf 91' lang='lat' dir='ltr'><strong>ad</strong></span> <span class='ocrx_word' id='word_1_488' title='bbox 1679 3632 2053 3702; x_wconf 72' lang='lat' dir='ltr'><strong>pmnitendum</strong></span> <span class='ocrx_word' id='word_1_489' title='bbox 2096 3633 2145 3685; x_wconf 92' lang='lat' dir='ltr'><strong>in</strong></span> <span class='ocrx_word' id='word_1_490' title='bbox 2181 3646 2368 3701; x_wconf 91' lang='lat' dir='ltr'><strong>corpo-</strong></span> 
     </span>
    </p>
   </div>
   <div class='ocr_carea' id='block_1_67' title="bbox 791 3719 2369 3795">
    <p class='ocr_par' dir='ltr' id='par_1_67' title="bbox 791 3719 2369 3795">
     <span class='ocr_line' id='line_1_67' title="bbox 791 3719 2369 3795; baseline -0.002 -18"><span class='ocrx_word' id='word_1_491' title='bbox 791 3739 850 3778; x_wconf 90' lang='lat' dir='ltr'><strong>re</strong></span> <span class='ocrx_word' id='word_1_492' title='bbox 875 3733 932 3778; x_wconf 91' lang='lat' dir='ltr'><strong>et</strong></span> <span class='ocrx_word' id='word_1_493' title='bbox 960 3725 1161 3787; x_wconf 87' lang='lat' dir='ltr'><strong>anima,</strong></span> <span class='ocrx_word' id='word_1_494' title='bbox 1185 3733 1238 3781; x_wconf 85' lang='lat' dir='ltr'><strong>et</strong></span> <span class='ocrx_word' id='word_1_495' title='bbox 1262 3719 1494 3794; x_wconf 81' lang='lat' dir='ltr'><strong>qualiter</strong></span> <span class='ocrx_word' id='word_1_496' title='bbox 1524 3734 1735 3795; x_wconf 90' lang='lat' dir='ltr'><strong>oportet</strong></span> <span class='ocrx_word' id='word_1_497' title='bbox 1765 3724 2010 3778; x_wconf 90' lang='lat' dir='ltr'><strong>mundari</strong></span> <span class='ocrx_word' id='word_1_498' title='bbox 2038 3738 2154 3777; x_wconf 90' lang='lat' dir='ltr'><strong>eam</strong></span> <span class='ocrx_word' id='word_1_499' title='bbox 2180 3739 2195 3788; x_wconf 89' lang='lat'><strong>;</strong></span> <span class='ocrx_word' id='word_1_500' title='bbox 2223 3738 2369 3776; x_wconf 90' lang='lat' dir='ltr'><strong>cum-</strong></span> 
     </span>
    </p>
   </div>
   <div class='ocr_carea' id='block_1_68' title="bbox 792 3813 2373 3885">
    <p class='ocr_par' dir='ltr' id='par_1_68' title="bbox 792 3813 2373 3885">
     <span class='ocr_line' id='line_1_68' title="bbox 792 3813 2373 3885; baseline -0.003 -17"><span class='ocrx_word' id='word_1_501' title='bbox 792 3831 896 3884; x_wconf 90' lang='lat' dir='ltr'><strong>que</strong></span> <span class='ocrx_word' id='word_1_502' title='bbox 931 3816 1221 3885; x_wconf 86' lang='lat' dir='ltr'><strong>sumpserit</strong></span> <span class='ocrx_word' id='word_1_503' title='bbox 1267 3817 1370 3871; x_wconf 89' lang='lat' dir='ltr'><strong>tale</strong></span> <span class='ocrx_word' id='word_1_504' title='bbox 1405 3818 1704 3880; x_wconf 89' lang='lat' dir='ltr'><strong>c&#39;ertameu,</strong></span> <span class='ocrx_word' id='word_1_505' title='bbox 1743 3827 1872 3869; x_wconf 86' lang='lat' dir='ltr'><strong>tunc</strong></span> <span class='ocrx_word' id='word_1_506' title='bbox 1930 3816 2115 3869; x_wconf 88' lang='lat' dir='ltr'><strong>nuntia</strong></span> <span class='ocrx_word' id='word_1_507' title='bbox 2153 3813 2373 3881; x_wconf 90' lang='lat' dir='ltr'><strong>spiritus</strong></span> 
     </span>
    </p>
   </div>
   <div class='ocr_carea' id='block_1_69' title="bbox 793 3902 2371 3976">
    <p class='ocr_par' dir='ltr' id='par_1_69' title="bbox 793 3902 2371 3976">
     <span class='ocr_line' id='line_1_69' title="bbox 793 3902 2371 3976; baseline -0.003 -17"><span class='ocrx_word' id='word_1_508' title='bbox 793 3907 1011 3966; x_wconf 87' lang='lat' dir='ltr'><strong>adsunt,</strong></span> <span class='ocrx_word' id='word_1_509' title='bbox 1048 3918 1102 3961; x_wconf 90' lang='lat' dir='ltr'><strong>et</strong></span> <span class='ocrx_word' id='word_1_510' title='bbox 1134 3907 1323 3976; x_wconf 88' lang='lat' dir='ltr'><strong>incipit</strong></span> <span class='ocrx_word' id='word_1_511' title='bbox 1355 3907 1664 3962; x_wconf 89' lang='lat' dir='ltr'><strong>discernere</strong></span> <span class='ocrx_word' id='word_1_512' title='bbox 1691 3907 1852 3960; x_wconf 90' lang='lat' dir='ltr'><strong>etiam</strong></span> <span class='ocrx_word' id='word_1_513' title='bbox 1882 3905 2226 3974; x_wconf 68' lang='lat' dir='ltr'><strong>aegritudines</strong></span> <span class='ocrx_word' id='word_1_514' title='bbox 2254 3902 2371 3955; x_wconf 87' lang='lat' dir='ltr'><strong>ani-</strong></span> 
     </span>
    </p>
   </div>
   <div class='ocr_carea' id='block_1_70' title="bbox 797 3996 2371 4068">
    <p class='ocr_par' dir='ltr' id='par_1_70' title="bbox 797 3996 2371 4068">
     <span class='ocr_line' id='line_1_70' title="bbox 797 3996 2371 4068; baseline -0.003 -17"><span class='ocrx_word' id='word_1_515' title='bbox 797 3999 965 4053; x_wconf 90' lang='lat' dir='ltr'><strong>males</strong></span> <span class='ocrx_word' id='word_1_516' title='bbox 1028 4015 1144 4067; x_wconf 68' lang='lat' dir='ltr'><strong>qum</strong></span> <span class='ocrx_word' id='word_1_517' title='bbox 1207 3999 1470 4054; x_wconf 88' lang='lat' dir='ltr'><strong>accedunt</strong></span> <span class='ocrx_word' id='word_1_518' title='bbox 1528 4009 1582 4052; x_wconf 90' lang='lat' dir='ltr'><strong>ct</strong></span> <span class='ocrx_word' id='word_1_519' title='bbox 1629 4014 1724 4068; x_wconf 91' lang='lat' dir='ltr'><strong>per</strong></span> <span class='ocrx_word' id='word_1_520' title='bbox 1780 3999 2023 4067; x_wconf 89' lang='lat' dir='ltr'><strong>proprias</strong></span> <span class='ocrx_word' id='word_1_521' title='bbox 2053 3996 2371 4065; x_wconf 85' lang='lat' dir='ltr'><strong>voluptates.</strong></span> 
     </span>
    </p>
   </div>
   <div class='ocr_carea' id='block_1_71' title="bbox 799 4091 2373 4163">
    <p class='ocr_par' dir='ltr' id='par_1_71' title="bbox 799 4091 2373 4163">
     <span class='ocr_line' id='line_1_71' title="bbox 799 4091 2373 4163; baseline -0.007 -15"><span class='ocrx_word' id='word_1_522' title='bbox 799 4091 952 4148; x_wconf 82' lang='lat' dir='ltr'><strong>Tum:</strong></span> <span class='ocrx_word' id='word_1_523' title='bbox 988 4093 1252 4160; x_wconf 88' lang='lat' dir='ltr'><strong>siquidem</strong></span> <span class='ocrx_word' id='word_1_524' title='bbox 1282 4094 1386 4148; x_wconf 88' lang='lat' dir='ltr'><strong>erit</strong></span> <span class='ocrx_word' id='word_1_525' title='bbox 1409 4093 1755 4163; x_wconf 88' lang='lat' dir='ltr'><strong>participatio</strong></span> <span class='ocrx_word' id='word_1_526' title='bbox 1787 4091 2010 4160; x_wconf 89' lang='lat' dir='ltr'><strong>spiritus</strong></span> <span class='ocrx_word' id='word_1_527' title='bbox 2043 4105 2163 4143; x_wconf 92' lang='lat' dir='ltr'><strong>cum</strong></span> <span class='ocrx_word' id='word_1_528' title='bbox 2188 4102 2373 4148; x_wconf 87' lang='lat' dir='ltr'><strong>sensu,</strong></span> 
     </span>
    </p>
   </div>
   <div class='ocr_carea' id='block_1_72' title="bbox 799 4178 2376 4251">
    <p class='ocr_par' dir='ltr' id='par_1_72' title="bbox 799 4178 2376 4251">
     <span class='ocr_line' id='line_1_72' title="bbox 799 4178 2376 4251; baseline -0.006 -13"><span class='ocrx_word' id='word_1_529' title='bbox 799 4198 896 4251; x_wconf 86' lang='lat' dir='ltr'><strong>per</strong></span> <span class='ocrx_word' id='word_1_530' title='bbox 923 4185 1226 4240; x_wconf 89' lang='lat' dir='ltr'><strong>custodiam</strong></span> <span class='ocrx_word' id='word_1_531' title='bbox 1259 4183 1634 4237; x_wconf 87' lang='lat' dir='ltr'><strong>mandatorum</strong></span> <span class='ocrx_word' id='word_1_532' title='bbox 1662 4197 1781 4248; x_wconf 69' lang='lat' dir='ltr'><strong>quae</strong></span> <span class='ocrx_word' id='word_1_533' title='bbox 1813 4182 1860 4235; x_wconf 92' lang='lat' dir='ltr'><strong>ei</strong></span> <span class='ocrx_word' id='word_1_534' title='bbox 1901 4179 2154 4242; x_wconf 88' lang='lat' dir='ltr'><strong>tradidit;</strong></span> <span class='ocrx_word' id='word_1_535' title='bbox 2197 4188 2248 4230; x_wconf 85' lang='lat' dir='ltr'><strong>et</strong></span> <span class='ocrx_word' id='word_1_536' title='bbox 2278 4178 2376 4231; x_wconf 92' lang='lat' dir='ltr'><strong>do-</strong></span> 
     </span>
    </p>
   </div>
   <div class='ocr_carea' id='block_1_73' title="bbox 800 4269 2374 4343">
    <p class='ocr_par' dir='ltr' id='par_1_73' title="bbox 800 4269 2374 4343">
     <span class='ocr_line' id='line_1_73' title="bbox 800 4269 2374 4343; baseline -0.007 -13"><span class='ocrx_word' id='word_1_537' title='bbox 800 4288 885 4330; x_wconf 89' lang='lat' dir='ltr'><strong>cct</strong></span> <span class='ocrx_word' id='word_1_538' title='bbox 920 4291 1043 4332; x_wconf 91' lang='lat' dir='ltr'><strong>cum</strong></span> <span class='ocrx_word' id='word_1_539' title='bbox 1077 4291 1270 4330; x_wconf 89' lang='lat' dir='ltr'><strong>curare</strong></span> <span class='ocrx_word' id='word_1_540' title='bbox 1300 4289 1516 4329; x_wconf 86' lang='lat' dir='ltr'><strong>omnem</strong></span> <span class='ocrx_word' id='word_1_541' title='bbox 1557 4272 1868 4343; x_wconf 87' lang='lat' dir='ltr'><strong>languorem</strong></span> <span class='ocrx_word' id='word_1_542' title='bbox 1906 4269 2134 4339; x_wconf 72' lang='lat' dir='ltr'><strong>propriae</strong></span> <span class='ocrx_word' id='word_1_543' title='bbox 2162 4269 2374 4330; x_wconf 71' lang='lat' dir='ltr'><strong>animm,</strong></span> 
     </span>
    </p>
   </div>
   <div class='ocr_carea' id='block_1_74' title="bbox 802 4359 2379 4438">
    <p class='ocr_par' dir='ltr' id='par_1_74' title="bbox 802 4359 2379 4438">
     <span class='ocr_line' id='line_1_74' title="bbox 802 4359 2379 4438; baseline -0.003 -21"><span class='ocrx_word' id='word_1_544' title='bbox 802 4368 1225 4438; x_wconf 89' lang='lat' dir='ltr'><strong>unumquodque</strong></span> <span class='ocrx_word' id='word_1_545' title='bbox 1279 4381 1466 4419; x_wconf 91' lang='lat' dir='ltr'><strong>eorum</strong></span> <span class='ocrx_word' id='word_1_546' title='bbox 1525 4366 1862 4427; x_wconf 87' lang='lat' dir='ltr'><strong>discernens,</strong></span> <span class='ocrx_word' id='word_1_547' title='bbox 1917 4371 1971 4415; x_wconf 86' lang='lat' dir='ltr'><strong>et</strong></span> <span class='ocrx_word' id='word_1_548' title='bbox 2028 4359 2379 4429; x_wconf 90' lang='lat' dir='ltr'><strong>permistione</strong></span> 
     </span>
    </p>
   </div>
   <div class='ocr_carea' id='block_1_75' title="bbox 802 4451 2380 4524">
    <p class='ocr_par' dir='ltr' id='par_1_75' title="bbox 802 4451 2380 4524">
     <span class='ocr_line' id='line_1_75' title="bbox 802 4451 2380 4524; baseline -0.006 -16"><span class='ocrx_word' id='word_1_549' title='bbox 802 4465 1024 4524; x_wconf 80' lang='lat' dir='ltr'><strong>accepta</strong></span> <span class='ocrx_word' id='word_1_550' title='bbox 1057 4455 1108 4507; x_wconf 87' lang='lat' dir='ltr'><strong>in</strong></span> <span class='ocrx_word' id='word_1_551' title='bbox 1152 4467 1401 4521; x_wconf 80' lang='lat' dir='ltr'><strong>corpore,</strong></span> <span class='ocrx_word' id='word_1_552' title='bbox 1439 4452 1771 4507; x_wconf 83' lang='lat' dir='ltr'><strong>naturalium</strong></span> <span class='ocrx_word' id='word_1_553' title='bbox 1798 4467 1861 4506; x_wconf 87' lang='lat' dir='ltr'><strong>ac</strong></span> <span class='ocrx_word' id='word_1_554' title='bbox 1897 4451 2229 4519; x_wconf 88' lang='lat' dir='ltr'><strong>reliquorum</strong></span> <span class='ocrx_word' id='word_1_555' title='bbox 2261 4462 2380 4515; x_wconf 71' lang='lat' dir='ltr'><strong>qua:</strong></span> 
     </span>
    </p>
   </div>
   <div class='ocr_carea' id='block_1_76' title="bbox 803 4541 2379 4616">
    <p class='ocr_par' dir='ltr' id='par_1_76' title="bbox 803 4541 2379 4616">
     <span class='ocr_line' id='line_1_76' title="bbox 803 4541 2379 4616; baseline -0.004 -16"><span class='ocrx_word' id='word_1_556' title='bbox 803 4556 928 4600; x_wconf 84' lang='lat' dir='ltr'><strong>sunt</strong></span> <span class='ocrx_word' id='word_1_557' title='bbox 961 4545 1311 4616; x_wconf 88' lang='lat' dir='ltr'><strong>peculiariter</strong></span> <span class='ocrx_word' id='word_1_558' title='bbox 1340 4548 1386 4600; x_wconf 91' lang='lat' dir='ltr'><strong>ei</strong></span> <span class='ocrx_word' id='word_1_559' title='bbox 1418 4554 1568 4599; x_wconf 79' lang='lat' dir='ltr'><strong>extra</strong></span> <span class='ocrx_word' id='word_1_560' title='bbox 1601 4560 1796 4612; x_wconf 88' lang='lat' dir='ltr'><strong>corpus</strong></span> <span class='ocrx_word' id='word_1_561' title='bbox 1826 4559 1852 4598; x_wconf 92' lang='lat' dir='ltr'><strong>a</strong></span> <span class='ocrx_word' id='word_1_562' title='bbox 1902 4545 2076 4611; x_wconf 87' lang='lat' dir='ltr'><strong>capite</strong></span> <span class='ocrx_word' id='word_1_563' title='bbox 2114 4555 2282 4609; x_wconf 84' lang='lat' dir='ltr'><strong>usque</strong></span> <span class='ocrx_word' id='word_1_564' title='bbox 2313 4541 2379 4594; x_wconf 89' lang='lat' dir='ltr'><strong>ad</strong></span> 
     </span>
    </p>
   </div>
   <div class='ocr_carea' id='block_1_77' title="bbox 807 4633 2376 4707">
    <p class='ocr_par' dir='ltr' id='par_1_77' title="bbox 807 4633 2376 4707">
     <span class='ocr_line' id='line_1_77' title="bbox 807 4633 2376 4707; baseline -0.005 -15"><span class='ocrx_word' id='word_1_565' title='bbox 807 4640 992 4705; x_wconf 84' lang='lat' dir='ltr'><strong>pedes,</strong></span> <span class='ocrx_word' id='word_1_566' title='bbox 1039 4637 1314 4707; x_wconf 89' lang='lat' dir='ltr'><strong>propriam</strong></span> <span class='ocrx_word' id='word_1_567' title='bbox 1364 4638 1694 4692; x_wconf 88' lang='lat' dir='ltr'><strong>voluntatem</strong></span> <span class='ocrx_word' id='word_1_568' title='bbox 1749 4637 2062 4706; x_wconf 87' lang='lat' dir='ltr'><strong>permistam</strong></span> <span class='ocrx_word' id='word_1_569' title='bbox 2093 4634 2296 4688; x_wconf 88' lang='lat' dir='ltr'><strong>habens</strong></span> <span class='ocrx_word' id='word_1_570' title='bbox 2327 4633 2376 4685; x_wconf 91' lang='lat' dir='ltr'><strong>in</strong></span> 
     </span>
    </p>
   </div>
   <div class='ocr_carea' id='block_1_78' title="bbox 808 4724 2381 4799">
    <p class='ocr_par' dir='ltr' id='par_1_78' title="bbox 808 4724 2381 4799">
     <span class='ocr_line' id='line_1_78' title="bbox 808 4724 2381 4799; baseline -0.004 -16"><span class='ocrx_word' id='word_1_571' title='bbox 808 4730 936 4797; x_wconf 91' lang='lat' dir='ltr'><strong>illis,</strong></span> <span class='ocrx_word' id='word_1_572' title='bbox 972 4739 1027 4784; x_wconf 90' lang='lat' dir='ltr'><strong>et</strong></span> <span class='ocrx_word' id='word_1_573' title='bbox 1057 4729 1232 4784; x_wconf 83' lang='lat' dir='ltr'><strong>oculis</strong></span> <span class='ocrx_word' id='word_1_574' title='bbox 1264 4729 1482 4799; x_wconf 79' lang='lat' dir='ltr'><strong>quidem</strong></span> <span class='ocrx_word' id='word_1_575' title='bbox 1518 4729 1808 4785; x_wconf 88' lang='lat' dir='ltr'><strong>terminqu</strong></span> <span class='ocrx_word' id='word_1_576' title='bbox 1846 4738 1904 4781; x_wconf 91' lang='grc' dir='ltr'><strong>ιιι</strong></span> <span class='ocrx_word' id='word_1_577' title='bbox 1950 4736 2095 4780; x_wconf 89' lang='lat' dir='ltr'><strong>recte</strong></span> <span class='ocrx_word' id='word_1_578' title='bbox 2136 4735 2188 4777; x_wconf 92' lang='lat' dir='ltr'><strong>et</strong></span> <span class='ocrx_word' id='word_1_579' title='bbox 2216 4724 2381 4778; x_wconf 72' lang='lat' dir='ltr'><strong>conll~</strong></span> 
     </span>
    </p>
   </div>
   <div class='ocr_carea' id='block_1_79' title="bbox 808 4818 2383 4890">
    <p class='ocr_par' dir='ltr' id='par_1_79' title="bbox 808 4818 2383 4890">
     <span class='ocr_line' id='line_1_79' title="bbox 808 4818 2383 4890; baseline -0.003 -19"><span class='ocrx_word' id='word_1_580' title='bbox 808 4822 1004 4874; x_wconf 89' lang='lat' dir='ltr'><strong>denter</strong></span> <span class='ocrx_word' id='word_1_581' title='bbox 1035 4819 1423 4890; x_wconf 89' lang='lat' dir='ltr'><strong>conspiciatur,</strong></span> <span class='ocrx_word' id='word_1_582' title='bbox 1473 4818 1606 4873; x_wconf 86' lang='lat' dir='ltr'><strong>nihil</strong></span> <span class='ocrx_word' id='word_1_583' title='bbox 1648 4818 1783 4871; x_wconf 88' lang='lat' dir='ltr'><strong>ultra</strong></span> <span class='ocrx_word' id='word_1_584' title='bbox 1821 4818 2158 4887; x_wconf 80' lang='lat' dir='ltr'><strong>peregrinum</strong></span> <span class='ocrx_word' id='word_1_585' title='bbox 2193 4829 2383 4884; x_wconf 87' lang='lat' dir='ltr'><strong>geren-</strong></span> 
     </span>
    </p>
   </div>
   <div class='ocr_carea' id='block_1_80' title="bbox 810 4906 2381 4976">
    <p class='ocr_par' dir='ltr' id='par_1_80' title="bbox 810 4906 2381 4976">
     <span class='ocr_line' id='line_1_80' title="bbox 810 4906 2381 4976; baseline -0.006 -10"><span class='ocrx_word' id='word_1_586' title='bbox 810 4924 912 4966; x_wconf 83' lang='lat' dir='ltr'><strong>tes.</strong></span> <span class='ocrx_word' id='word_1_587' title='bbox 943 4911 1144 4966; x_wconf 85' lang='lat' dir='ltr'><strong>Deinde</strong></span> <span class='ocrx_word' id='word_1_588' title='bbox 1187 4921 1243 4964; x_wconf 93' lang='lat' dir='ltr'><strong>ut</strong></span> <span class='ocrx_word' id='word_1_589' title='bbox 1280 4924 1438 4964; x_wconf 88' lang='lat' dir='ltr'><strong>aures</strong></span> <span class='ocrx_word' id='word_1_590' title='bbox 1460 4911 1680 4963; x_wconf 87' lang='lat' dir='ltr'><strong>audiant</strong></span> <span class='ocrx_word' id='word_1_591' title='bbox 1710 4910 1762 4962; x_wconf 89' lang='lat' dir='ltr'><strong>io</strong></span> <span class='ocrx_word' id='word_1_592' title='bbox 1790 4922 1941 4976; x_wconf 85' lang='lat' dir='ltr'><strong>pace,</strong></span> <span class='ocrx_word' id='word_1_593' title='bbox 1979 4922 2077 4961; x_wconf 88' lang='lat' dir='ltr'><strong>nec</strong></span> <span class='ocrx_word' id='word_1_594' title='bbox 2103 4906 2381 4960; x_wconf 82' lang='lat' dir='ltr'><strong>oblecten-</strong></span> 
     </span>
    </p>
   </div>
   <div class='ocr_carea' id='block_1_81' title="bbox 812 4995 2385 5069">
    <p class='ocr_par' dir='ltr' id='par_1_81' title="bbox 812 4995 2385 5069">
     <span class='ocr_line' id='line_1_81' title="bbox 812 4995 2385 5069; baseline -0.006 -15"><span class='ocrx_word' id='word_1_595' title='bbox 812 5015 901 5055; x_wconf 91' lang='lat' dir='ltr'><strong>tur</strong></span> <span class='ocrx_word' id='word_1_596' title='bbox 932 5002 1166 5069; x_wconf 87' lang='lat' dir='ltr'><strong>amplius</strong></span> <span class='ocrx_word' id='word_1_597' title='bbox 1221 5001 1672 5056; x_wconf 80' lang='lat' dir='ltr'><strong>obtrccmtionem</strong></span> <span class='ocrx_word' id='word_1_598' title='bbox 1716 5014 1779 5052; x_wconf 91' lang='lat' dir='ltr'><strong>ac</strong></span> <span class='ocrx_word' id='word_1_599' title='bbox 1818 4997 2178 5052; x_wconf 83' lang='lat' dir='ltr'><strong>contumelias</strong></span> <span class='ocrx_word' id='word_1_600' title='bbox 2226 4995 2385 5064; x_wconf 88' lang='lat' dir='ltr'><strong>spiri-</strong></span> 
     </span>
    </p>
   </div>
   <div class='ocr_carea' id='block_1_82' title="bbox 814 5087 2380 5159">
    <p class='ocr_par' dir='ltr' id='par_1_82' title="bbox 814 5087 2380 5159">
     <span class='ocr_line' id='line_1_82' title="bbox 814 5087 2380 5159; baseline -0.005 -14"><span class='ocrx_word' id='word_1_601' title='bbox 814 5091 989 5146; x_wconf 65' lang='lat' dir='ltr'><strong>tualés</strong></span> <span class='ocrx_word' id='word_1_602' title='bbox 1008 5093 1225 5158; x_wconf 87' lang='lat' dir='ltr'><strong>audire;</strong></span> <span class='ocrx_word' id='word_1_603' title='bbox 1254 5095 1348 5147; x_wconf 87' lang='lat' dir='ltr'><strong>sed</strong></span> <span class='ocrx_word' id='word_1_604' title='bbox 1382 5091 1582 5159; x_wconf 87' lang='lat' dir='ltr'><strong>potius,</strong></span> <span class='ocrx_word' id='word_1_605' title='bbox 1615 5100 1672 5143; x_wconf 91' lang='lat' dir='ltr'><strong>ut</strong></span> <span class='ocrx_word' id='word_1_606' title='bbox 1715 5091 1951 5142; x_wconf 90' lang='lat' dir='ltr'><strong>omnium</strong></span> <span class='ocrx_word' id='word_1_607' title='bbox 1991 5087 2380 5141; x_wconf 88' lang='lat' dir='ltr'><strong>correctionem</strong></span> 
     </span>
    </p>
   </div>
   <div class='ocr_carea' id='block_1_83' title="bbox 812 5177 2386 5251">
    <p class='ocr_par' dir='ltr' id='par_1_83' title="bbox 812 5177 2386 5251">
     <span class='ocr_line' id='line_1_83' title="bbox 812 5177 2386 5251; baseline -0.006 -12"><span class='ocrx_word' id='word_1_608' title='bbox 812 5196 866 5239; x_wconf 89' lang='lat' dir='ltr'><strong>ct</strong></span> <span class='ocrx_word' id='word_1_609' title='bbox 900 5185 1302 5239; x_wconf 87' lang='lat' dir='ltr'><strong>miserationem</strong></span> <span class='ocrx_word' id='word_1_610' title='bbox 1353 5186 1684 5239; x_wconf 88' lang='lat' dir='ltr'><strong>incessuram</strong></span> <span class='ocrx_word' id='word_1_611' title='bbox 1736 5198 1844 5251; x_wconf 70' lang='lat' dir='ltr'><strong>pro:</strong></span> <span class='ocrx_word' id='word_1_612' title='bbox 1887 5182 2030 5234; x_wconf 90' lang='lat' dir='ltr'><strong>omni</strong></span> <span class='ocrx_word' id='word_1_613' title='bbox 2078 5177 2386 5233; x_wconf 89' lang='lat' dir='ltr'><strong>desiderent</strong></span> 
     </span>
    </p>
   </div>
   <div class='ocr_carea' id='block_1_84' title="bbox 814 5271 2379 5345">
    <p class='ocr_par' dir='ltr' id='par_1_84' title="bbox 814 5271 2379 5345">
     <span class='ocr_line' id='line_1_84' title="bbox 814 5271 2379 5345; baseline -0.004 -16"><span class='ocrx_word' id='word_1_614' title='bbox 814 5276 1196 5345; x_wconf 83' lang='lat' dir='ltr'><strong>possessione,</strong></span> <span class='ocrx_word' id='word_1_615' title='bbox 1241 5278 1496 5344; x_wconf 82' lang='lat' dir='ltr'><strong>quoniam</strong></span> <span class='ocrx_word' id='word_1_616' title='bbox 1564 5277 1616 5328; x_wconf 91' lang='lat' dir='ltr'><strong>in</strong></span> <span class='ocrx_word' id='word_1_617' title='bbox 1683 5273 1788 5327; x_wconf 93' lang='lat' dir='ltr'><strong>illis</strong></span> <span class='ocrx_word' id='word_1_618' title='bbox 1846 5274 2143 5343; x_wconf 63' lang='lat' dir='ltr'><strong>mgrotabat</strong></span> <span class='ocrx_word' id='word_1_619' title='bbox 2212 5271 2379 5340; x_wconf 87' lang='lat' dir='ltr'><strong>prius.</strong></span> 
     </span>
    </p>
   </div>
   <div class='ocr_carea' id='block_1_85' title="bbox 815 5361 2384 5438">
    <p class='ocr_par' dir='ltr' id='par_1_85' title="bbox 815 5361 2384 5438">
     <span class='ocr_line' id='line_1_85' title="bbox 815 5361 2384 5438; baseline -0.007 -18"><span class='ocrx_word' id='word_1_620' title='bbox 815 5366 1020 5422; x_wconf 85' lang='lat' dir='ltr'><strong>Deinde</strong></span> <span class='ocrx_word' id='word_1_621' title='bbox 1069 5383 1254 5422; x_wconf 82' lang='lat' dir='ltr'><strong>rursus</strong></span> <span class='ocrx_word' id='word_1_622' title='bbox 1284 5378 1338 5422; x_wconf 92' lang='lat' dir='ltr'><strong>ut</strong></span> <span class='ocrx_word' id='word_1_623' title='bbox 1375 5368 1610 5438; x_wconf 85' lang='lat' dir='ltr'><strong>linguam</strong></span> <span class='ocrx_word' id='word_1_624' title='bbox 1645 5365 1917 5435; x_wconf 85' lang='lat' dir='ltr'><strong>propriam</strong></span> <span class='ocrx_word' id='word_1_625' title='bbox 1961 5365 2152 5420; x_wconf 84' lang='lat' dir='ltr'><strong>doceat</strong></span> <span class='ocrx_word' id='word_1_626' title='bbox 2186 5361 2384 5414; x_wconf 86' lang='lat' dir='ltr'><strong>sancti-</strong></span> 
     </span>
    </p>
   </div>
   <div class='ocr_carea' id='block_1_86' title="bbox 902 5505 1928 5575">
    <p class='ocr_par' dir='ltr' id='par_1_86' title="bbox 902 5505 1928 5575">
     <span class='ocr_line' id='line_1_86' title="bbox 902 5505 1928 5575; baseline -0.005 -15"><span class='ocrx_word' id='word_1_627' title='bbox 902 5508 946 5544; x_wconf 78' lang='grc'><strong>⁸⁸</strong></span> <span class='ocrx_word' id='word_1_628' title='bbox 971 5509 987 5560; x_wconf 94' lang='grc'><strong>1</strong></span> <span class='ocrx_word' id='word_1_629' title='bbox 1016 5509 1141 5564; x_wconf 88' lang='lat' dir='ltr'><strong>Cor.</strong></span> <span class='ocrx_word' id='word_1_630' title='bbox 1180 5523 1251 5569; x_wconf 83' lang='lat' dir='ltr'><strong>ut,</strong></span> <span class='ocrx_word' id='word_1_631' title='bbox 1284 5506 1372 5558; x_wconf 70' lang='lat'><strong>27.</strong></span> <span class='ocrx_word' id='word_1_632' title='bbox 1466 5510 1510 5539; x_wconf 66' lang='grc' dir='ltr'><strong>θη</strong></span> <span class='ocrx_word' id='word_1_633' title='bbox 1537 5507 1730 5575; x_wconf 73' lang='lat' dir='ltr'><strong>hpltes.</strong></span> <span class='ocrx_word' id='word_1_634' title='bbox 1768 5522 1820 5568; x_wconf 84' lang='lat' dir='ltr'><strong>v,</strong></span> <span class='ocrx_word' id='word_1_635' title='bbox 1844 5505 1928 5557; x_wconf 84' lang='lat' dir='ltr'><strong>l8.</strong></span> 
     </span>
    </p>
   </div>
   <div class='ocr_carea' id='block_1_87' title="bbox 821 5577 1811 5662">
    <p class='ocr_par' dir='ltr' id='par_1_87' title="bbox 821 5577 1811 5662">
     <span class='ocr_line' id='line_1_87' title="bbox 821 5577 1811 5662; baseline -0.002 -32"><span class='ocrx_word' id='word_1_636' title='bbox 821 5581 861 5608; x_wconf 85' lang='lat'>&quot;</span> <span class='ocrx_word' id='word_1_637' title='bbox 892 5579 1046 5662; x_wconf 68' lang='lat' dir='ltr'><strong>Prov.</strong></span> <span class='ocrx_word' id='word_1_638' title='bbox 1079 5594 1192 5641; x_wconf 80' lang='lat' dir='ltr'><strong>\‘ill,</strong></span> <span class='ocrx_word' id='word_1_639' title='bbox 1223 5579 1274 5631; x_wconf 90' lang='lat'><strong>8.</strong></span> <span class='ocrx_word' id='word_1_640' title='bbox 1342 5579 1386 5608; x_wconf 70' lang='grc'><strong>³⁸</strong></span> <span class='ocrx_word' id='word_1_641' title='bbox 1413 5577 1568 5630; x_wconf 83' lang='lat' dir='ltr'><strong>Prov.</strong></span> <span class='ocrx_word' id='word_1_642' title='bbox 1598 5592 1692 5637; x_wconf 75' lang='lat' dir='ltr'><strong>XII,</strong></span> <span class='ocrx_word' id='word_1_643' title='bbox 1727 5577 1811 5629; x_wconf 75' lang='lat' dir='ltr'><strong>l8.</strong></span> 
     </span>
    </p>
   </div>
   <div class='ocr_carea' id='block_1_88' title="bbox 819 5665 983 5710">
    <p class='ocr_par' dir='ltr' id='par_1_88' title="bbox 819 5665 983 5710">
     <span class='ocr_line' id='line_1_88' title="bbox 819 5665 983 5710; baseline -0.006 -9"><span class='ocrx_word' id='word_1_644' title='bbox 819 5665 899 5710; x_wconf 85' lang='grc' dir='ltr'>ιιι,</span> <span class='ocrx_word' id='word_1_645' title='bbox 931 5667 983 5700; x_wconf 80' lang='grc' dir='ltr'><strong>ο.</strong></span> 
     </span>
    </p>
   </div>
   <div class='ocr_carea' id='block_1_89' title="bbox 2032 5503 2503 5562">
    <p class='ocr_par' dir='ltr' id='par_1_89' title="bbox 2032 5503 2503 5562">
     <span class='ocr_line' id='line_1_89' title="bbox 2032 5503 2503 5562; baseline -0.019 -6"><span class='ocrx_word' id='word_1_646' title='bbox 2032 5506 2074 5536; x_wconf 75' lang='grc'><strong>⁸⁸</strong></span> <span class='ocrx_word' id='word_1_647' title='bbox 2113 5503 2241 5555; x_wconf 70' lang='lat' dir='ltr'><strong>an.</strong></span> <span class='ocrx_word' id='word_1_648' title='bbox 2278 5518 2386 5562; x_wconf 69' lang='grc' dir='ltr'>Χιιι,</span> <span class='ocrx_word' id='word_1_649' title='bbox 2416 5503 2503 5552; x_wconf 61' lang='lat' dir='ltr'><strong>Si.</strong></span> 
     </span>
    </p>
   </div>
   <div class='ocr_carea' id='block_1_90' title="bbox 1904 5569 2799 5627">
    <p class='ocr_par' dir='ltr' id='par_1_90' title="bbox 1904 5569 2799 5627">
     <span class='ocr_line' id='line_1_90' title="bbox 1904 5569 2799 5627; baseline -0.012 0"><span class='ocrx_word' id='word_1_650' title='bbox 1904 5577 1946 5606; x_wconf 81' lang='grc'><strong>⁹⁷</strong></span> <span class='ocrx_word' id='word_1_651' title='bbox 1977 5573 2114 5627; x_wconf 89' lang='lat' dir='ltr'><strong>Psal.</strong></span> <span class='ocrx_word' id='word_1_652' title='bbox 2157 5588 2271 5626; x_wconf 67' lang='grc' dir='ltr'><strong>οκι..</strong></span> <span class='ocrx_word' id='word_1_653' title='bbox 2303 5572 2353 5624; x_wconf 69' lang='grc'><strong>2.</strong></span> <span class='ocrx_word' id='word_1_654' title='bbox 2418 5571 2636 5621; x_wconf 75' lang='lat' dir='ltr'><strong>&quot;l‘rov.</strong></span> <span class='ocrx_word' id='word_1_655' title='bbox 2669 5584 2714 5624; x_wconf 83' lang='lat' dir='ltr'><strong>tt,</strong></span> <span class='ocrx_word' id='word_1_656' title='bbox 2749 5569 2799 5622; x_wconf 68' lang='lat'><strong>4.</strong></span> 
     </span>
    </p>
   </div>
   <div class='ocr_carea' id='block_1_91' title="bbox 2471 3339 4048 3424">
    <p class='ocr_par' dir='ltr' id='par_1_91' title="bbox 2471 3339 4048 3424">
     <span class='ocr_line' id='line_1_91' title="bbox 2471 3339 4048 3424; baseline -0.019 -7"><span class='ocrx_word' id='word_1_657' title='bbox 2471 3339 2565 3417; x_wconf 73' lang='lat' dir='ltr'><strong>riis</strong></span> <span class='ocrx_word' id='word_1_658' title='bbox 2611 3361 2795 3424; x_wconf 79' lang='lat' dir='ltr'><strong>fuerit,</strong></span> <span class='ocrx_word' id='word_1_659' title='bbox 2830 3359 3185 3412; x_wconf 88' lang='lat' dir='ltr'><strong>considerans</strong></span> <span class='ocrx_word' id='word_1_660' title='bbox 3217 3352 3357 3421; x_wconf 93' lang='lat' dir='ltr'><strong>quod</strong></span> <span class='ocrx_word' id='word_1_661' title='bbox 3399 3346 3641 3402; x_wconf 92' lang='lat' dir='ltr'><strong>nonnulli</strong></span> <span class='ocrx_word' id='word_1_662' title='bbox 3689 3347 3743 3396; x_wconf 93' lang='lat' dir='ltr'><strong>in</strong></span> <span class='ocrx_word' id='word_1_663' title='bbox 3797 3339 4048 3394; x_wconf 84' lang='lat' dir='ltr'><strong>satietate</strong></span> 
     </span>
    </p>
   </div>
   <div class='ocr_carea' id='block_1_92' title="bbox 2470 3428 4048 3521">
    <p class='ocr_par' dir='ltr' id='par_1_92' title="bbox 2470 3428 4048 3521">
     <span class='ocr_line' id='line_1_92' title="bbox 2470 3428 4048 3521; baseline -0.018 -13"><span class='ocrx_word' id='word_1_664' title='bbox 2470 3470 2606 3508; x_wconf 73' lang='lat' dir='ltr'><strong>esca:</strong></span> <span class='ocrx_word' id='word_1_665' title='bbox 2649 3451 2732 3507; x_wconf 87' lang='lat' dir='ltr'><strong>vel</strong></span> <span class='ocrx_word' id='word_1_666' title='bbox 2767 3461 2926 3521; x_wconf 90' lang='lat' dir='ltr'><strong>potus</strong></span> <span class='ocrx_word' id='word_1_667' title='bbox 2965 3447 3296 3502; x_wconf 80' lang='lat' dir='ltr'><strong>daemonibus</strong></span> <span class='ocrx_word' id='word_1_668' title='bbox 3338 3437 3791 3508; x_wconf 89' lang='lat' dir='ltr'><strong>obtemperarint,</strong></span> <span class='ocrx_word' id='word_1_669' title='bbox 3831 3433 3897 3485; x_wconf 92' lang='lat' dir='ltr'><strong>dc</strong></span> <span class='ocrx_word' id='word_1_670' title='bbox 3932 3428 4048 3497; x_wconf 84' lang='lat' dir='ltr'><strong>qui-</strong></span> 
     </span>
    </p>
   </div>
   <div class='ocr_carea' id='block_1_93' title="bbox 2472 3523 4050 3616">
    <p class='ocr_par' dir='ltr' id='par_1_93' title="bbox 2472 3523 4050 3616">
     <span class='ocr_line' id='line_1_93' title="bbox 2472 3523 4050 3616; baseline -0.02 -14"><span class='ocrx_word' id='word_1_671' title='bbox 2472 3548 2570 3601; x_wconf 89' lang='lat' dir='ltr'><strong>bus</strong></span> <span class='ocrx_word' id='word_1_672' title='bbox 2607 3546 2841 3616; x_wconf 91' lang='lat' dir='ltr'><strong>Spiritus</strong></span> <span class='ocrx_word' id='word_1_673' title='bbox 2878 3559 2973 3611; x_wconf 89' lang='lat' dir='ltr'><strong>per</strong></span> <span class='ocrx_word' id='word_1_674' title='bbox 3016 3540 3182 3594; x_wconf 88' lang='lat' dir='ltr'><strong>David</strong></span> <span class='ocrx_word' id='word_1_675' title='bbox 3225 3540 3337 3590; x_wconf 86' lang='lat' dir='ltr'><strong>ait:</strong></span> <span class='ocrx_word' id='word_1_676' title='bbox 3374 3532 3611 3600; x_wconf 86' lang='lat' dir='ltr'><strong>Superbo</strong></span> <span class='ocrx_word' id='word_1_677' title='bbox 3647 3526 3800 3616; x_wconf 78' lang='lat' dir='ltr'><strong>oculo</strong></span> <span class='ocrx_word' id='word_1_678' title='bbox 3833 3534 3878 3576; x_wconf 84' lang='lat' dir='ltr'><strong>et</strong></span> <span class='ocrx_word' id='word_1_679' title='bbox 3907 3523 4050 3616; x_wconf 39' lang='lat' dir='ltr'><strong>inca-</strong></span> 
     </span>
    </p>
   </div>
   <div class='ocr_carea' id='block_1_94' title="bbox 2474 3610 4050 3693">
    <p class='ocr_par' dir='ltr' id='par_1_94' title="bbox 2474 3610 4050 3693">
     <span class='ocr_line' id='line_1_94' title="bbox 2474 3610 4050 3693; baseline -0.018 -5"><span class='ocrx_word' id='word_1_680' title='bbox 2474 3610 2663 3688; x_wconf 43' lang='lat' dir='ltr'><strong>tiabili-</strong></span> <span class='ocrx_word' id='word_1_681' title='bbox 2690 3610 3019 3693; x_wconf 15' lang='lat' dir='ltr'><strong>corde,rcum</strong></span> <span class='ocrx_word' id='word_1_682' title='bbox 3065 3630 3162 3682; x_wconf 87' lang='lat' dir='ltr'><strong>hoc</strong></span> <span class='ocrx_word' id='word_1_683' title='bbox 3215 3642 3316 3679; x_wconf 90' lang='lat' dir='ltr'><strong>non</strong></span> <span class='ocrx_word' id='word_1_684' title='bbox 3374 3621 3592 3677; x_wconf 83' lang='lat' dir='ltr'><strong>edebam</strong></span> <span class='ocrx_word' id='word_1_685' title='bbox 3612 3618 3679 3669; x_wconf 66' lang='grc' dir='ltr'><strong>θ’.</strong></span> <span class='ocrx_word' id='word_1_686' title='bbox 3712 3615 3845 3669; x_wconf 80' lang='lat' dir='ltr'><strong>Nam</strong></span> <span class='ocrx_word' id='word_1_687' title='bbox 3882 3623 3936 3664; x_wconf 87' lang='lat' dir='ltr'><strong>et</strong></span> <span class='ocrx_word' id='word_1_688' title='bbox 3971 3610 4050 3662; x_wconf 74' lang='lat' dir='ltr'><strong>isti</strong></span> 
     </span>
    </p>
   </div>
   <div class='ocr_carea' id='block_1_95' title="bbox 2475 3705 4052 3788">
    <p class='ocr_par' dir='ltr' id='par_1_95' title="bbox 2475 3705 4052 3788">
     <span class='ocr_line' id='line_1_95' title="bbox 2475 3705 4052 3788; baseline -0.018 -8"><span class='ocrx_word' id='word_1_689' title='bbox 2475 3728 2518 3781; x_wconf 89' lang='lat' dir='ltr'><strong>si</strong></span> <span class='ocrx_word' id='word_1_690' title='bbox 2576 3727 2770 3779; x_wconf 89' lang='lat' dir='ltr'><strong>iterum</strong></span> <span class='ocrx_word' id='word_1_691' title='bbox 2829 3722 3041 3776; x_wconf 90' lang='lat' dir='ltr'><strong>Domini</strong></span> <span class='ocrx_word' id='word_1_692' title='bbox 3083 3718 3432 3788; x_wconf 89' lang='lat' dir='ltr'><strong>inquisierint</strong></span> <span class='ocrx_word' id='word_1_693' title='bbox 3484 3711 3859 3769; x_wconf 86' lang='lat' dir='ltr'><strong>sanctitatem,</strong></span> <span class='ocrx_word' id='word_1_694' title='bbox 3891 3705 4052 3757; x_wconf 88' lang='lat' dir='ltr'><strong>etiam</strong></span> 
     </span>
    </p>
   </div>
   <div class='ocr_carea' id='block_1_96' title="bbox 2476 3793 4052 3888">
    <p class='ocr_par' dir='ltr' id='par_1_96' title="bbox 2476 3793 4052 3888">
     <span class='ocr_line' id='line_1_96' title="bbox 2476 3793 4052 3888; baseline -0.02 -15"><span class='ocrx_word' id='word_1_695' title='bbox 2476 3817 2700 3888; x_wconf 86' lang='lat' dir='ltr'><strong>spiritus</strong></span> <span class='ocrx_word' id='word_1_696' title='bbox 2747 3830 2958 3869; x_wconf 90' lang='lat' dir='ltr'><strong>rursum</strong></span> <span class='ocrx_word' id='word_1_697' title='bbox 3011 3811 3266 3866; x_wconf 88' lang='lat' dir='ltr'><strong>terminat</strong></span> <span class='ocrx_word' id='word_1_698' title='bbox 3297 3809 3375 3864; x_wconf 90' lang='lat' dir='ltr'><strong>eis</strong></span> <span class='ocrx_word' id='word_1_699' title='bbox 3426 3804 3614 3860; x_wconf 89' lang='lat' dir='ltr'><strong>eadem</strong></span> <span class='ocrx_word' id='word_1_700' title='bbox 3666 3793 4052 3853; x_wconf 83' lang='lat' dir='ltr'><strong>sanctimonia,</strong></span> 
     </span>
    </p>
   </div>
   <div class='ocr_carea' id='block_1_97' title="bbox 2476 3893 4053 3964">
    <p class='ocr_par' dir='ltr' id='par_1_97' title="bbox 2476 3893 4053 3964">
     <span class='ocr_line' id='line_1_97' title="bbox 2476 3893 4053 3964; baseline -0.015 0"><span class='ocrx_word' id='word_1_701' title='bbox 2476 3919 2535 3964; x_wconf 91' lang='lat' dir='ltr'><strong>ut</strong></span> <span class='ocrx_word' id='word_1_702' title='bbox 2574 3908 2852 3962; x_wconf 89' lang='lat' dir='ltr'><strong>moderate</strong></span> <span class='ocrx_word' id='word_1_703' title='bbox 2883 3915 2937 3958; x_wconf 91' lang='lat' dir='ltr'><strong>et</strong></span> <span class='ocrx_word' id='word_1_704' title='bbox 2973 3901 3300 3958; x_wconf 75' lang='lat' dir='ltr'><strong>suliicienter</strong></span> <span class='ocrx_word' id='word_1_705' title='bbox 3341 3899 3404 3953; x_wconf 87' lang='lat' dir='ltr'><strong>ad</strong></span> <span class='ocrx_word' id='word_1_706' title='bbox 3455 3893 3829 3950; x_wconf 88' lang='lat' dir='ltr'><strong>sustinendum</strong></span> <span class='ocrx_word' id='word_1_707' title='bbox 3862 3898 4053 3953; x_wconf 75' lang='lat' dir='ltr'><strong>corpu!</strong></span> 
     </span>
    </p>
   </div>
   <div class='ocr_carea' id='block_1_98' title="bbox 2478 3978 4058 4064">
    <p class='ocr_par' dir='ltr' id='par_1_98' title="bbox 2478 3978 4058 4064">
     <span class='ocr_line' id='line_1_98' title="bbox 2478 3978 4058 4064; baseline -0.019 -9"><span class='ocrx_word' id='word_1_708' title='bbox 2478 4010 2725 4064; x_wconf 89' lang='lat' dir='ltr'><strong>utantur,</strong></span> <span class='ocrx_word' id='word_1_709' title='bbox 2771 4007 2821 4051; x_wconf 88' lang='lat' dir='ltr'><strong>ct</strong></span> <span class='ocrx_word' id='word_1_710' title='bbox 2863 3997 3002 4050; x_wconf 88' lang='lat' dir='ltr'><strong>ultra</strong></span> <span class='ocrx_word' id='word_1_711' title='bbox 3046 4009 3148 4049; x_wconf 85' lang='lat' dir='ltr'><strong>noo</strong></span> <span class='ocrx_word' id='word_1_712' title='bbox 3197 3993 3433 4046; x_wconf 86' lang='lat' dir='ltr'><strong>habeant</strong></span> <span class='ocrx_word' id='word_1_713' title='bbox 3470 3989 3524 4041; x_wconf 91' lang='lat' dir='ltr'><strong>in</strong></span> <span class='ocrx_word' id='word_1_714' title='bbox 3561 4001 3625 4040; x_wconf 91' lang='lat' dir='ltr'><strong>eo</strong></span> <span class='ocrx_word' id='word_1_715' title='bbox 3673 3978 4058 4046; x_wconf 78' lang='lat' dir='ltr'><strong>concupiscen-</strong></span> 
     </span>
    </p>
   </div>
   <div class='ocr_carea' id='block_1_99' title="bbox 2481 4072 4053 4158">
    <p class='ocr_par' dir='ltr' id='par_1_99' title="bbox 2481 4072 4053 4158">
     <span class='ocr_line' id='line_1_99' title="bbox 2481 4072 4053 4158; baseline -0.017 -12"><span class='ocrx_word' id='word_1_716' title='bbox 2481 4093 2608 4146; x_wconf 89' lang='lat' dir='ltr'><strong>tiam</strong></span> <span class='ocrx_word' id='word_1_717' title='bbox 2647 4102 2739 4145; x_wconf 87' lang='lat' dir='ltr'><strong>aut</strong></span> <span class='ocrx_word' id='word_1_718' title='bbox 2779 4090 3128 4158; x_wconf 83' lang='lat' dir='ltr'><strong>voluptatem.</strong></span> <span class='ocrx_word' id='word_1_719' title='bbox 3170 4084 3369 4152; x_wconf 85' lang='lat' dir='ltr'><strong>Sicque</strong></span> <span class='ocrx_word' id='word_1_720' title='bbox 3409 4078 3683 4148; x_wconf 89' lang='lat' dir='ltr'><strong>eloquium</strong></span> <span class='ocrx_word' id='word_1_721' title='bbox 3719 4072 3882 4126; x_wconf 82' lang='lat' dir='ltr'><strong>Pauli</strong></span> <span class='ocrx_word' id='word_1_722' title='bbox 3908 4083 4053 4158; x_wconf 85' lang='lat' dir='ltr'><strong>com-</strong></span> 
     </span>
    </p>
   </div>
   <div class='ocr_carea' id='block_1_100' title="bbox 2479 4157 4058 4248">
    <p class='ocr_par' dir='ltr' id='par_1_100' title="bbox 2479 4157 4058 4248">
     <span class='ocr_line' id='line_1_100' title="bbox 2479 4157 4058 4248; baseline -0.016 -15"><span class='ocrx_word' id='word_1_723' title='bbox 2479 4179 2709 4248; x_wconf 75' lang='lat' dir='ltr'><strong>plebitur</strong></span> <span class='ocrx_word' id='word_1_724' title='bbox 2744 4157 3011 4230; x_wconf 84' lang='lat' dir='ltr'><strong>dicentis:</strong></span> <span class='ocrx_word' id='word_1_725' title='bbox 3041 4175 3160 4229; x_wconf 78' lang='lat' dir='ltr'><strong>Sive</strong></span> <span class='ocrx_word' id='word_1_726' title='bbox 3202 4170 3503 4228; x_wconf 87' lang='lat' dir='ltr'><strong>comeditis,</strong></span> <span class='ocrx_word' id='word_1_727' title='bbox 3563 4167 3667 4219; x_wconf 82' lang='lat' dir='ltr'><strong>sive</strong></span> <span class='ocrx_word' id='word_1_728' title='bbox 3721 4161 3918 4224; x_wconf 83' lang='lat' dir='ltr'><strong>bibitis,</strong></span> <span class='ocrx_word' id='word_1_729' title='bbox 3960 4157 4058 4209; x_wconf 78' lang='lat' dir='ltr'><strong>sire</strong></span> 
     </span>
    </p>
   </div>
   <div class='ocr_carea' id='block_1_101' title="bbox 2478 4249 4052 4340">
    <p class='ocr_par' dir='ltr' id='par_1_101' title="bbox 2478 4249 4052 4340">
     <span class='ocr_line' id='line_1_101' title="bbox 2478 4249 4052 4340; baseline -0.015 -18"><span class='ocrx_word' id='word_1_730' title='bbox 2478 4271 2604 4340; x_wconf 84' lang='lat' dir='ltr'><strong>quid</strong></span> <span class='ocrx_word' id='word_1_731' title='bbox 2654 4268 2801 4321; x_wconf 85' lang='lat' dir='ltr'><strong>aliud</strong></span> <span class='ocrx_word' id='word_1_732' title='bbox 2849 4267 3043 4336; x_wconf 76' lang='lat' dir='ltr'><strong>facilis,</strong></span> <span class='ocrx_word' id='word_1_733' title='bbox 3106 4266 3282 4318; x_wconf 83' lang='lat' dir='ltr'><strong>omnia</strong></span> <span class='ocrx_word' id='word_1_734' title='bbox 3345 4263 3396 4314; x_wconf 88' lang='lat' dir='ltr'><strong>in</strong></span> <span class='ocrx_word' id='word_1_735' title='bbox 3448 4259 3671 4329; x_wconf 84' lang='lat' dir='ltr'><strong>gloriam</strong></span> <span class='ocrx_word' id='word_1_736' title='bbox 3705 4254 3798 4308; x_wconf 87' lang='lat' dir='ltr'><strong>Dei</strong></span> <span class='ocrx_word' id='word_1_737' title='bbox 3834 4249 4052 4320; x_wconf 72' lang='lat' dir='ltr'><strong>facite‘.</strong></span> 
     </span>
    </p>
   </div>
   <div class='ocr_carea' id='block_1_102' title="bbox 2483 4338 4056 4424">
    <p class='ocr_par' dir='ltr' id='par_1_102' title="bbox 2483 4338 4056 4424">
     <span class='ocr_line' id='line_1_102' title="bbox 2483 4338 4056 4424; baseline -0.017 -10"><span class='ocrx_word' id='word_1_738' title='bbox 2483 4338 2684 4414; x_wconf 84' lang='lat' dir='ltr'><strong>Deinde</strong></span> <span class='ocrx_word' id='word_1_739' title='bbox 2713 4370 2766 4413; x_wconf 89' lang='lat' dir='ltr'><strong>et</strong></span> <span class='ocrx_word' id='word_1_740' title='bbox 2804 4360 2885 4411; x_wconf 86' lang='lat' dir='ltr'><strong>his</strong></span> <span class='ocrx_word' id='word_1_741' title='bbox 2925 4373 3042 4423; x_wconf 65' lang='lat' dir='ltr'><strong>qum</strong></span> <span class='ocrx_word' id='word_1_742' title='bbox 3077 4370 3173 4424; x_wconf 90' lang='lat' dir='ltr'><strong>per</strong></span> <span class='ocrx_word' id='word_1_743' title='bbox 3203 4351 3586 4423; x_wconf 87' lang='lat' dir='ltr'><strong>cogitationem</strong></span> <span class='ocrx_word' id='word_1_744' title='bbox 3620 4345 3789 4400; x_wconf 89' lang='lat' dir='ltr'><strong>coitus</strong></span> <span class='ocrx_word' id='word_1_745' title='bbox 3817 4343 3920 4396; x_wconf 87' lang='lat' dir='ltr'><strong>sub</strong></span> <span class='ocrx_word' id='word_1_746' title='bbox 3944 4338 4056 4390; x_wconf 78' lang='lat' dir='ltr'><strong>alvo</strong></span> 
     </span>
    </p>
   </div>
   <div class='ocr_carea' id='block_1_103' title="bbox 2488 4431 4054 4517">
    <p class='ocr_par' dir='ltr' id='par_1_103' title="bbox 2488 4431 4054 4517">
     <span class='ocr_line' id='line_1_103' title="bbox 2488 4431 4054 4517; baseline -0.017 -10"><span class='ocrx_word' id='word_1_747' title='bbox 2488 4453 2734 4517; x_wconf 86' lang='lat' dir='ltr'><strong>metitur,</strong></span> <span class='ocrx_word' id='word_1_748' title='bbox 2773 4465 2956 4504; x_wconf 89' lang='lat' dir='ltr'><strong>rursus</strong></span> <span class='ocrx_word' id='word_1_749' title='bbox 2989 4461 3184 4503; x_wconf 87' lang='lat' dir='ltr'><strong>sensus</strong></span> <span class='ocrx_word' id='word_1_750' title='bbox 3218 4446 3282 4499; x_wconf 88' lang='lat' dir='ltr'><strong>ab</strong></span> <span class='ocrx_word' id='word_1_751' title='bbox 3317 4444 3507 4514; x_wconf 90' lang='lat' dir='ltr'><strong>spiritu</strong></span> <span class='ocrx_word' id='word_1_752' title='bbox 3541 4441 3752 4502; x_wconf 87' lang='lat' dir='ltr'><strong>doctus,</strong></span> <span class='ocrx_word' id='word_1_753' title='bbox 3786 4431 4054 4487; x_wconf 84' lang='lat' dir='ltr'><strong>discretio-</strong></span> 
     </span>
    </p>
   </div>
   <div class='ocr_carea' id='block_1_104' title="bbox 2486 4522 4056 4598">
    <p class='ocr_par' dir='ltr' id='par_1_104' title="bbox 2486 4522 4056 4598">
     <span class='ocr_line' id='line_1_104' title="bbox 2486 4522 4056 4598; baseline -0.016 0"><span class='ocrx_word' id='word_1_754' title='bbox 2486 4559 2608 4598; x_wconf 86' lang='lat' dir='ltr'><strong>nem</strong></span> <span class='ocrx_word' id='word_1_755' title='bbox 2663 4543 2852 4596; x_wconf 89' lang='lat' dir='ltr'><strong>tribuit</strong></span> <span class='ocrx_word' id='word_1_756' title='bbox 2901 4539 3134 4594; x_wconf 90' lang='lat' dir='ltr'><strong>motibus</strong></span> <span class='ocrx_word' id='word_1_757' title='bbox 3181 4551 3366 4592; x_wconf 89' lang='lat' dir='ltr'><strong>eorum</strong></span> <span class='ocrx_word' id='word_1_758' title='bbox 3418 4536 3470 4589; x_wconf 92' lang='lat' dir='ltr'><strong>in</strong></span> <span class='ocrx_word' id='word_1_759' title='bbox 3523 4528 3849 4598; x_wconf 84' lang='lat' dir='ltr'><strong>supradictis</strong></span> <span class='ocrx_word' id='word_1_760' title='bbox 3892 4522 4056 4575; x_wconf 87' lang='lat' dir='ltr'><strong>tribus</strong></span> 
     </span>
    </p>
   </div>
   <div class='ocr_carea' id='block_1_105' title="bbox 2488 4615 4055 4700">
    <p class='ocr_par' dir='ltr' id='par_1_105' title="bbox 2488 4615 4055 4700">
     <span class='ocr_line' id='line_1_105' title="bbox 2488 4615 4055 4700; baseline -0.017 -10"><span class='ocrx_word' id='word_1_761' title='bbox 2488 4637 2679 4700; x_wconf 90' lang='lat' dir='ltr'><strong>modis,</strong></span> <span class='ocrx_word' id='word_1_762' title='bbox 2709 4647 2763 4690; x_wconf 91' lang='lat' dir='ltr'><strong>et</strong></span> <span class='ocrx_word' id='word_1_763' title='bbox 2804 4633 3052 4688; x_wconf 91' lang='lat' dir='ltr'><strong>innititur</strong></span> <span class='ocrx_word' id='word_1_764' title='bbox 3099 4631 3164 4684; x_wconf 91' lang='lat' dir='ltr'><strong>ad</strong></span> <span class='ocrx_word' id='word_1_765' title='bbox 3217 4624 3729 4683; x_wconf 76' lang='lat' dir='ltr'><strong>sanctiﬁcationcm,</strong></span> <span class='ocrx_word' id='word_1_766' title='bbox 3777 4615 4055 4670; x_wconf 74' lang='lat' dir='ltr'><strong>auxiliato-</strong></span> 
     </span>
    </p>
   </div>
   <div class='ocr_carea' id='block_1_106' title="bbox 2486 4711 4058 4796">
    <p class='ocr_par' dir='ltr' id='par_1_106' title="bbox 2486 4711 4058 4796">
     <span class='ocr_line' id='line_1_106' title="bbox 2486 4711 4058 4796; baseline -0.017 -15"><span class='ocrx_word' id='word_1_767' title='bbox 2486 4743 2597 4782; x_wconf 87' lang='lat' dir='ltr'><strong>rem</strong></span> <span class='ocrx_word' id='word_1_768' title='bbox 2653 4727 2900 4796; x_wconf 91' lang='lat' dir='ltr'><strong>spiritum</strong></span> <span class='ocrx_word' id='word_1_769' title='bbox 2953 4723 3180 4778; x_wconf 87' lang='lat' dir='ltr'><strong>habens.</strong></span> <span class='ocrx_word' id='word_1_770' title='bbox 3233 4718 3610 4787; x_wconf 80' lang='lat' dir='ltr'><strong>Exstinguilut‘</strong></span> <span class='ocrx_word' id='word_1_771' title='bbox 3664 4711 3827 4766; x_wconf 87' lang='lat' dir='ltr'><strong>etiam</strong></span> <span class='ocrx_word' id='word_1_772' title='bbox 3888 4715 4058 4759; x_wconf 81' lang='lat' dir='ltr'><strong>motus</strong></span> 
     </span>
    </p>
   </div>
   <div class='ocr_carea' id='block_1_107' title="bbox 2487 4805 4057 4889">
    <p class='ocr_par' dir='ltr' id='par_1_107' title="bbox 2487 4805 4057 4889">
     <span class='ocr_line' id='line_1_107' title="bbox 2487 4805 4057 4889; baseline -0.017 -15"><span class='ocrx_word' id='word_1_773' title='bbox 2487 4820 2577 4874; x_wconf 89' lang='lat' dir='ltr'><strong>ille</strong></span> <span class='ocrx_word' id='word_1_774' title='bbox 2616 4835 2711 4889; x_wconf 88' lang='lat' dir='ltr'><strong>per</strong></span> <span class='ocrx_word' id='word_1_775' title='bbox 2758 4818 3011 4872; x_wconf 84' lang='lat' dir='ltr'><strong>virtutem</strong></span> <span class='ocrx_word' id='word_1_776' title='bbox 3065 4815 3289 4882; x_wconf 84' lang='lat' dir='ltr'><strong>spiritus</strong></span> <span class='ocrx_word' id='word_1_777' title='bbox 3341 4805 3679 4880; x_wconf 80' lang='lat' dir='ltr'><strong>paciﬁcantis</strong></span> <span class='ocrx_word' id='word_1_778' title='bbox 3730 4813 3902 4854; x_wconf 89' lang='lat' dir='ltr'><strong>totum</strong></span> <span class='ocrx_word' id='word_1_779' title='bbox 3955 4811 4057 4851; x_wconf 84' lang='lat' dir='ltr'><strong>cor-</strong></span> 
     </span>
    </p>
   </div>
   <div class='ocr_carea' id='block_1_108' title="bbox 2487 4891 4058 4980">
    <p class='ocr_par' dir='ltr' id='par_1_108' title="bbox 2487 4891 4058 4980">
     <span class='ocr_line' id='line_1_108' title="bbox 2487 4891 4058 4980; baseline -0.013 -18"><span class='ocrx_word' id='word_1_780' title='bbox 2487 4924 2608 4980; x_wconf 85' lang='lat' dir='ltr'><strong>pus,</strong></span> <span class='ocrx_word' id='word_1_781' title='bbox 2640 4918 2693 4964; x_wconf 89' lang='lat' dir='ltr'><strong>et</strong></span> <span class='ocrx_word' id='word_1_782' title='bbox 2718 4905 3032 4977; x_wconf 87' lang='lat' dir='ltr'><strong>perimentis</strong></span> <span class='ocrx_word' id='word_1_783' title='bbox 3069 4911 3236 4956; x_wconf 90' lang='lat' dir='ltr'><strong>totum</strong></span> <span class='ocrx_word' id='word_1_784' title='bbox 3275 4901 3419 4954; x_wconf 89' lang='lat' dir='ltr'><strong>illum</strong></span> <span class='ocrx_word' id='word_1_785' title='bbox 3451 4907 3676 4952; x_wconf 90' lang='lat' dir='ltr'><strong>motum.</strong></span> <span class='ocrx_word' id='word_1_786' title='bbox 3721 4891 3832 4946; x_wconf 84' lang='lat' dir='ltr'><strong>Hoc</strong></span> <span class='ocrx_word' id='word_1_787' title='bbox 3864 4901 3946 4943; x_wconf 89' lang='lat' dir='ltr'><strong>est</strong></span> <span class='ocrx_word' id='word_1_788' title='bbox 3977 4902 4058 4941; x_wconf 86' lang='lat' dir='ltr'><strong>ve-</strong></span> 
     </span>
    </p>
   </div>
   <div class='ocr_carea' id='block_1_109' title="bbox 2488 4981 4058 5068">
    <p class='ocr_par' dir='ltr' id='par_1_109' title="bbox 2488 4981 4058 5068">
     <span class='ocr_line' id='line_1_109' title="bbox 2488 4981 4058 5068; baseline -0.013 -15"><span class='ocrx_word' id='word_1_789' title='bbox 2488 5018 2603 5055; x_wconf 88' lang='lat' dir='ltr'><strong>rum</strong></span> <span class='ocrx_word' id='word_1_790' title='bbox 2655 5000 2925 5068; x_wconf 87' lang='lat' dir='ltr'><strong>eloquium</strong></span> <span class='ocrx_word' id='word_1_791' title='bbox 2968 4996 3110 5064; x_wconf 92' lang='lat' dir='ltr'><strong>quod</strong></span> <span class='ocrx_word' id='word_1_792' title='bbox 3140 5009 3168 5047; x_wconf 91' lang='lat' dir='ltr'><strong>a</strong></span> <span class='ocrx_word' id='word_1_793' title='bbox 3220 4991 3384 5044; x_wconf 89' lang='lat' dir='ltr'><strong>Paulo</strong></span> <span class='ocrx_word' id='word_1_794' title='bbox 3421 4989 3737 5058; x_wconf 69' lang='lat' dir='ltr'><strong>praedictum</strong></span> <span class='ocrx_word' id='word_1_795' title='bbox 3770 4994 3888 5038; x_wconf 89' lang='lat' dir='ltr'><strong>est:</strong></span> <span class='ocrx_word' id='word_1_796' title='bbox 3923 4981 4058 5036; x_wconf 74' lang='lat' dir='ltr'><strong>Mor-</strong></span> 
     </span>
    </p>
   </div>
   <div class='ocr_carea' id='block_1_110' title="bbox 2492 5086 4057 5162">
    <p class='ocr_par' dir='ltr' id='par_1_110' title="bbox 2492 5086 4057 5162">
     <span class='ocr_line' id='line_1_110' title="bbox 2492 5086 4057 5162; baseline -0.015 -17"><span class='ocrx_word' id='word_1_797' title='bbox 2492 5094 2745 5162; x_wconf 78' lang='lat' dir='ltr'><strong>tiﬁcantes</strong></span> <span class='ocrx_word' id='word_1_798' title='bbox 2798 5089 3028 5143; x_wconf 88' lang='lat' dir='ltr'><strong>membra</strong></span> <span class='ocrx_word' id='word_1_799' title='bbox 3082 5095 3251 5138; x_wconf 86' lang='lat' dir='ltr'><strong>vestra</strong></span> <span class='ocrx_word' id='word_1_800' title='bbox 3296 5099 3411 5153; x_wconf 70' lang='lat' dir='ltr'><strong>quia</strong></span> <span class='ocrx_word' id='word_1_801' title='bbox 3471 5091 3590 5134; x_wconf 85' lang='lat' dir='ltr'><strong>sunt</strong></span> <span class='ocrx_word' id='word_1_802' title='bbox 3649 5093 3802 5145; x_wconf 79' lang='lat' dir='ltr'><strong>super</strong></span> <span class='ocrx_word' id='word_1_803' title='bbox 3836 5086 4057 5128; x_wconf 73' lang='lat' dir='ltr'><strong>terram;</strong></span> 
     </span>
    </p>
   </div>
   <div class='ocr_carea' id='block_1_111' title="bbox 2494 5166 4057 5250">
    <p class='ocr_par' dir='ltr' id='par_1_111' title="bbox 2494 5166 4057 5250">
     <span class='ocr_line' id='line_1_111' title="bbox 2494 5166 4057 5250; baseline -0.013 -17"><span class='ocrx_word' id='word_1_804' title='bbox 2494 5181 2916 5250; x_wconf 73' lang='lat' dir='ltr'><strong>fornicationem,</strong></span> <span class='ocrx_word' id='word_1_805' title='bbox 2970 5172 3378 5235; x_wconf 85' lang='lat' dir='ltr'><strong>immunditiam,</strong></span> <span class='ocrx_word' id='word_1_806' title='bbox 3441 5166 3916 5234; x_wconf 83' lang='lat' dir='ltr'><strong>concupiscentiam</strong></span> <span class='ocrx_word' id='word_1_807' title='bbox 3959 5175 4057 5213; x_wconf 77' lang='lat' dir='ltr'><strong>ma-</strong></span> 
     </span>
    </p>
   </div>
   <div class='ocr_carea' id='block_1_112' title="bbox 2494 5253 4057 5336">
    <p class='ocr_par' dir='ltr' id='par_1_112' title="bbox 2494 5253 4057 5336">
     <span class='ocr_line' id='line_1_112' title="bbox 2494 5253 4057 5336; baseline -0.014 -13"><span class='ocrx_word' id='word_1_808' title='bbox 2494 5273 2667 5331; x_wconf 76' lang='lat' dir='ltr'><strong>laut&#39;;</strong></span> <span class='ocrx_word' id='word_1_809' title='bbox 2716 5277 2767 5321; x_wconf 83' lang='lat' dir='ltr'><strong>et</strong></span> <span class='ocrx_word' id='word_1_810' title='bbox 2805 5284 2922 5336; x_wconf 67' lang='lat' dir='ltr'><strong>qua:</strong></span> <span class='ocrx_word' id='word_1_811' title='bbox 2963 5267 3234 5333; x_wconf 68' lang='lat' dir='ltr'><strong>deinceps.</strong></span> <span class='ocrx_word' id='word_1_812' title='bbox 3283 5261 3372 5318; x_wconf 90' lang='lat' dir='ltr'><strong>Sic</strong></span> <span class='ocrx_word' id='word_1_813' title='bbox 3408 5261 3581 5314; x_wconf 83' lang='lat' dir='ltr'><strong>denuo</strong></span> <span class='ocrx_word' id='word_1_814' title='bbox 3610 5259 3793 5328; x_wconf 82' lang='lat' dir='ltr'><strong>pedes,</strong></span> <span class='ocrx_word' id='word_1_815' title='bbox 3823 5254 3916 5321; x_wconf 88' lang='lat' dir='ltr'><strong>qtti</strong></span> <span class='ocrx_word' id='word_1_816' title='bbox 3949 5253 4057 5304; x_wconf 87' lang='lat' dir='ltr'><strong>licet</strong></span> 
     </span>
    </p>
   </div>
   <div class='ocr_carea' id='block_1_113' title="bbox 2497 5347 4056 5426">
    <p class='ocr_par' dir='ltr' id='par_1_113' title="bbox 2497 5347 4056 5426">
     <span class='ocr_line' id='line_1_113' title="bbox 2497 5347 4056 5426; baseline -0.013 -16"><span class='ocrx_word' id='word_1_817' title='bbox 2497 5359 2785 5426; x_wconf 86' lang='lat' dir='ltr'><strong>aliquando</strong></span> <span class='ocrx_word' id='word_1_818' title='bbox 2816 5373 2920 5408; x_wconf 91' lang='lat' dir='ltr'><strong>non</strong></span> <span class='ocrx_word' id='word_1_819' title='bbox 2963 5364 3117 5407; x_wconf 87' lang='lat' dir='ltr'><strong>crant</strong></span> <span class='ocrx_word' id='word_1_820' title='bbox 3148 5352 3410 5406; x_wconf 81' lang='lat' dir='ltr'><strong>habentes</strong></span> <span class='ocrx_word' id='word_1_821' title='bbox 3439 5347 3760 5402; x_wconf 83' lang='lat' dir='ltr'><strong>incolumem</strong></span> <span class='ocrx_word' id='word_1_822' title='bbox 3795 5356 4056 5412; x_wconf 85' lang='lat' dir='ltr'><strong>gressum,</strong></span> 
     </span>
    </p>
   </div>
   <div class='ocr_carea' id='block_1_114' title="bbox 3141 5483 4054 5548">
    <p class='ocr_par' dir='ltr' id='par_1_114' title="bbox 3141 5483 4054 5548">
     <span class='ocr_line' id='line_1_114' title="bbox 3141 5483 4054 5548; baseline -0.021 0"><span class='ocrx_word' id='word_1_823' title='bbox 3141 5494 3186 5524; x_wconf 82' lang='grc'><strong>¹¹³</strong></span> <span class='ocrx_word' id='word_1_824' title='bbox 3204 5492 3314 5546; x_wconf 71' lang='lat' dir='ltr'><strong>Jac.</strong></span> <span class='ocrx_word' id='word_1_825' title='bbox 3345 5507 3382 5548; x_wconf 90' lang='grc' dir='ltr'>ι.</span> <span class='ocrx_word' id='word_1_826' title='bbox 3409 5487 3497 5542; x_wconf 74' lang='grc'><strong>9-6.</strong></span> <span class='ocrx_word' id='word_1_827' title='bbox 3593 5486 3639 5517; x_wconf 64' lang='grc'><strong>³⁵</strong></span> <span class='ocrx_word' id='word_1_828' title='bbox 3663 5484 3773 5537; x_wconf 59' lang='lat' dir='ltr'><strong>Jun.</strong></span> <span class='ocrx_word' id='word_1_829' title='bbox 3807 5497 3888 5540; x_wconf 87' lang='lat' dir='ltr'><strong>ltl.</strong></span> <span class='ocrx_word' id='word_1_830' title='bbox 3931 5487 3981 5539; x_wconf 71' lang='grc' dir='ltr'><strong>ἔ),</strong></span> <span class='ocrx_word' id='word_1_831' title='bbox 4010 5483 4054 5529; x_wconf 78' lang='lat'><strong>6.</strong></span> 
     </span>
    </p>
   </div>
   <div class='ocr_carea' id='block_1_115' title="bbox 2612 5495 4055 5620">
    <p class='ocr_par' dir='ltr' id='par_1_115' title="bbox 2612 5495 4055 5620">
     <span class='ocr_line' id='line_1_115' title="bbox 2612 5495 4054 5557; baseline -0.015 -7"><span class='ocrx_word' id='word_1_832' title='bbox 2612 5499 2838 5551; x_wconf 81' lang='lat' dir='ltr'><strong>&quot;l(‘.or.</strong></span> <span class='ocrx_word' id='word_1_833' title='bbox 2877 5511 2950 5557; x_wconf 75' lang='grc' dir='ltr'><strong>ιχ,</strong></span> <span class='ocrx_word' id='word_1_834' title='bbox 2974 5495 3065 5548; x_wconf 73' lang='grc'><strong>27.</strong></span> <span class='ocrx_word' id='word_1_835' title='bbox 3141 5495 3186 5524; x_wconf 85' lang='grc'><strong>¹¹³</strong></span> <span class='ocrx_word' id='word_1_836' title='bbox 3204 5495 3314 5546; x_wconf 83' lang='lat' dir='ltr'><strong>Jac.</strong></span> <span class='ocrx_word' id='word_1_837' title='bbox 3345 5507 3382 5548; x_wconf 91' lang='grc' dir='ltr'>ι.</span> <span class='ocrx_word' id='word_1_838' title='bbox 3409 5495 3497 5542; x_wconf 75' lang='lat'><strong>‘26.</strong></span> <span class='ocrx_word' id='word_1_839' title='bbox 3593 5495 3639 5517; x_wconf 85' lang='lat'><strong>&quot;</strong></span> <span class='ocrx_word' id='word_1_840' title='bbox 3663 5495 3773 5537; x_wconf 65' lang='lat' dir='ltr'><strong>tua.</strong></span> <span class='ocrx_word' id='word_1_841' title='bbox 3807 5497 3888 5540; x_wconf 87' lang='grc' dir='ltr'>ιιι.</span> <span class='ocrx_word' id='word_1_842' title='bbox 3931 5497 3981 5539; x_wconf 75' lang='grc' dir='ltr'>υ,</span> <span class='ocrx_word' id='word_1_843' title='bbox 4010 5495 4054 5529; x_wconf 85' lang='grc' dir='ltr'><strong>υ.</strong></span> 
     </span>
     <span class='ocr_line' id='line_1_116' title="bbox 2612 5548 4055 5620; baseline -0.012 -2"><span class='ocrx_word' id='word_1_844' title='bbox 2612 5586 2636 5618; x_wconf 64' lang='grc' dir='ltr'><strong>ν.</strong></span> <span class='ocrx_word' id='word_1_845' title='bbox 2669 5584 2714 5620; x_wconf 79' lang='lat' dir='ltr'><strong>tt.</strong></span> <span class='ocrx_word' id='word_1_846' title='bbox 2749 5569 2799 5620; x_wconf 69' lang='grc'><strong>4.</strong></span> <span class='ocrx_word' id='word_1_847' title='bbox 2888 5567 2931 5596; x_wconf 75' lang='grc'><strong>⁹⁹</strong></span> <span class='ocrx_word' id='word_1_848' title='bbox 2958 5565 3097 5617; x_wconf 74' lang='lat' dir='ltr'><strong>Psal.</strong></span> <span class='ocrx_word' id='word_1_849' title='bbox 3124 5579 3173 5620; x_wconf 90' lang='lat' dir='ltr'><strong>c.</strong></span> <span class='ocrx_word' id='word_1_850' title='bbox 3205 5562 3257 5614; x_wconf 82' lang='grc'><strong>5.</strong></span> <span class='ocrx_word' id='word_1_851' title='bbox 3327 5559 3385 5612; x_wconf 88' lang='grc' dir='ltr'><strong>¹Ι</strong></span> <span class='ocrx_word' id='word_1_852' title='bbox 3415 5559 3538 5614; x_wconf 78' lang='lat' dir='ltr'><strong>Cor.</strong></span> <span class='ocrx_word' id='word_1_853' title='bbox 3568 5556 3717 5620; x_wconf 78' lang='lat' dir='ltr'><strong>s,l3.</strong></span> <span class='ocrx_word' id='word_1_854' title='bbox 3807 5554 3825 5581; x_wconf 76' lang='lat'><strong>&#39;</strong></span> <span class='ocrx_word' id='word_1_855' title='bbox 3857 5548 4055 5603; x_wconf 79' lang='lat' dir='ltr'><strong>Coloss.</strong></span> 
     </span>
    </p>
   </div>
   <div class='ocr_carea' id='block_1_116' title="bbox 2888 5562 3257 5624">
    <p class='ocr_par' dir='ltr' id='par_1_116' title="bbox 2888 5562 3257 5624">
     <span class='ocr_line' id='line_1_117' title="bbox 2888 5562 3257 5624; baseline -0.014 -6"><span class='ocrx_word' id='word_1_856' title='bbox 2888 5567 2931 5596; x_wconf 71' lang='lat'><strong>9°</strong></span> <span class='ocrx_word' id='word_1_857' title='bbox 2958 5565 3097 5617; x_wconf 73' lang='lat' dir='ltr'><strong>Psal.</strong></span> <span class='ocrx_word' id='word_1_858' title='bbox 3124 5579 3173 5624; x_wconf 89' lang='lat' dir='ltr'><strong>C,</strong></span> <span class='ocrx_word' id='word_1_859' title='bbox 3205 5562 3257 5614; x_wconf 82' lang='grc'><strong>5.</strong></span> 
     </span>
    </p>
   </div>
   <div class='ocr_carea' id='block_1_117' title="bbox 893 5730 4058 5833">
    <p class='ocr_par' dir='ltr' id='par_1_117' title="bbox 893 5730 4058 5833">
     <span class='ocr_line' id='line_1_118' title="bbox 893 5730 4058 5833; baseline -0.009 -17"><span class='ocrx_word' id='word_1_860' title='bbox 893 5765 1001 5833; x_wconf 76' lang='grc' dir='ltr'><strong>(Η)</strong></span> <span class='ocrx_word' id='word_1_861' title='bbox 1024 5763 1175 5833; x_wconf 62' lang='lat' dir='ltr'><strong>licet&quot;</strong></span> <span class='ocrx_word' id='word_1_862' title='bbox 1209 5773 1404 5824; x_wconf 80' lang='lat' dir='ltr'><strong>autem,</strong></span> <span class='ocrx_word' id='word_1_863' title='bbox 1432 5773 1533 5833; x_wconf 85' lang='lat' dir='ltr'><strong>etc.</strong></span> <span class='ocrx_word' id='word_1_864' title='bbox 1567 5759 2152 5833; x_wconf 26' lang='lat' dir='ltr'><strong>Ci_t‘atur_lticlocusali</strong></span> <span class='ocrx_word' id='word_1_865' title='bbox 2178 5766 2394 5806; x_wconf 72' lang='lat' dir='ltr'><strong>auclore</strong></span> <span class='ocrx_word' id='word_1_866' title='bbox 2426 5753 2854 5833; x_wconf 47' lang='lat' dir='ltr'><strong>_l}_-:t-t&#39;tinitit-cr‘ttt</strong></span> <span class='ocrx_word' id='word_1_867' title='bbox 2903 5750 2973 5833; x_wconf 56' lang='lat' dir='ltr'><strong>De</strong></span> <span class='ocrx_word' id='word_1_868' title='bbox 3038 5749 3199 5800; x_wconf 78' lang='lat' dir='ltr'><strong>rerbis</strong></span> <span class='ocrx_word' id='word_1_869' title='bbox 3233 5746 3514 5833; x_wconf 50' lang='lat' dir='ltr'><strong>senio‘t‘rgt,</strong></span> <span class='ocrx_word' id='word_1_870' title='bbox 3561 5741 3721 5795; x_wconf 85' lang='lat' dir='ltr'><strong>libell.</strong></span> <span class='ocrx_word' id='word_1_871' title='bbox 3747 5753 3795 5801; x_wconf 72' lang='grc' dir='ltr'><strong>ν,</strong></span> <span class='ocrx_word' id='word_1_872' title='bbox 3837 5735 3866 5796; x_wconf 77' lang='lat'><strong>§</strong></span> <span class='ocrx_word' id='word_1_873' title='bbox 3908 5733 3959 5798; x_wconf 69' lang='grc'><strong>1.</strong></span> <span class='ocrx_word' id='word_1_874' title='bbox 3987 5730 4058 5785; x_wconf 74' lang='grc' dir='ltr'><strong>ἱει-</strong></span> 
     </span>
    </p>
   </div>
   <div class='ocr_carea' id='block_1_118' title="bbox 824 5831 1684 5905">
    <p class='ocr_par' dir='ltr' id='par_1_118' title="bbox 824 5831 1684 5905">
     <span class='ocr_line' id='line_1_119' title="bbox 824 5831 1684 5905; baseline -0.007 -13"><span class='ocrx_word' id='word_1_875' title='bbox 824 5831 1057 5905; x_wconf 60' lang='grc' dir='ltr'><strong>ιοτβτειυ</strong></span> <span class='ocrx_word' id='word_1_876' title='bbox 1112 5831 1326 5903; x_wconf 78' lang='lat' dir='ltr'><strong>Pelagio</strong></span> <span class='ocrx_word' id='word_1_877' title='bbox 1396 5833 1453 5887; x_wconf 86' lang='lat' dir='ltr'><strong>S.</strong></span> <span class='ocrx_word' id='word_1_878' title='bbox 1508 5832 1569 5888; x_wconf 78' lang='lat' dir='ltr'><strong>lt.</strong></span> <span class='ocrx_word' id='word_1_879' title='bbox 1626 5831 1684 5886; x_wconf 81' lang='grc' dir='ltr'><strong>Ε.</strong></span> 
     </span>
    </p>
   </div>
   <div class='ocr_carea' id='block_1_119' title="bbox 1749 5811 3484 5886">
    <p class='ocr_par' dir='ltr' id='par_1_119' title="bbox 1749 5811 3484 5886">
     <span class='ocr_line' id='line_1_120' title="bbox 1749 5811 3484 5886; baseline -0.01 -4"><span class='ocrx_word' id='word_1_880' title='bbox 1749 5830 1994 5884; x_wconf 85' lang='lat' dir='ltr'><strong>diacono.</strong></span> <span class='ocrx_word' id='word_1_881' title='bbox 2037 5828 2221 5884; x_wconf 72' lang='lat' dir='ltr'><strong>Exstat</strong></span> <span class='ocrx_word' id='word_1_882' title='bbox 2261 5841 2382 5878; x_wconf 78' lang='lat' dir='ltr'><strong>tcto</strong></span> <span class='ocrx_word' id='word_1_883' title='bbox 2426 5825 2514 5881; x_wconf 78' lang='grc' dir='ltr'>ιιι›,</span> <span class='ocrx_word' id='word_1_884' title='bbox 2551 5840 2574 5872; x_wconf 90' lang='lat' dir='ltr'><strong>v</strong></span> <span class='ocrx_word' id='word_1_885' title='bbox 2604 5821 2677 5877; x_wconf 88' lang='lat' dir='ltr'><strong>De</strong></span> <span class='ocrx_word' id='word_1_886' title='bbox 2732 5821 2858 5872; x_wconf 69' lang='lat' dir='ltr'><strong>Vitis</strong></span> <span class='ocrx_word' id='word_1_887' title='bbox 2896 5819 3136 5880; x_wconf 80' lang='lat' dir='ltr'><strong>Patrum,</strong></span> <span class='ocrx_word' id='word_1_888' title='bbox 3166 5834 3215 5886; x_wconf 86' lang='lat' dir='ltr'><strong>p.</strong></span> <span class='ocrx_word' id='word_1_889' title='bbox 3254 5832 3324 5868; x_wconf 86' lang='lat' dir='ltr'><strong>tn.</strong></span> <span class='ocrx_word' id='word_1_890' title='bbox 3362 5811 3484 5868; x_wconf 76' lang='grc'><strong>456.</strong></span> 
     </span>
    </p>
   </div>
  </div>
