4220 6316
203 428 296 482 98f

1230 445 1287 502 S.
1331 447 1616 505 ANTONil
1659 451 1727 505 Μ.
1772 450 2061 512 ABBATIS
2099 457 2482 521 EPISTOLJE.

3345 467 3448 525 983

204 556 305 596 nec
337 549 844 650 secundum-Deum
870 558 1214 615 ambulabant
1244 578 1255 610 :
1295 564 1394 619 hos
1426 568 1618 621 iterum
1658 581 1784 622 sen-
1814 571 1855 627 A
1884 575 2124 628 eamdem
2157 575 2366 646 plagam
2403 580 2668 649 aspiciens
2697 582 3142 638 irremediabilem
3176 582 3442 650 electam,

202 645 292 726 suis
329 637 418 703 qui
445 639 546 692 sub
571 643 795 710 spiritus
821 645 984 702 fuerit
1012 653 1310 718 voluntate,
1345 655 1408 708 ad
1446 656 1774 726 pergendum

200 725 515 784 ministrare
559 736 814 801 operibus
859 742 1077 810 optimis
1122 747 1299 815 cegit,
1332 756 1388 800 ut
1433 725 1771 805 immutatum

198 827 396 911 corpus
427 818 521 911 ﬁat
543 824 644 878 sub
669 827 890 893 spiritus
913 842 1201 900 potestate.
1233 835 1337 892 Sed
1382 841 1592 896 aestimo
1631 844 1772 911 quod

198 905 323 961 talis
362 908 624 969 habitatio
658 915 771 985 jam
816 926 1085 994 acceperit
1129 929 1293 982 etiam
1343 931 1396 984 iu
1435 932 1534 987 hoc
1565 905 1770 1001 partem

195 1003 488 1066 quamdam
525 1008 824 1081 spirituaiis
855 1020 1119 1085 corporis,
1150 1034 1310 1090 quam
1345 1035 1628 1086 acceptura
1656 1037 1773 1080 erat

194 1089 245 1142 in
283 1099 688 1153 resurrectione
710 1102 1001 1168 iustorum.

269 1180 377 1237 VII.
417 1184 543 1241 llaec
594 1205 720 1247 vero
766 1196 874 1248 dixi
914 1210 1135 1267 propter
1176 1203 1370 1258 animas
1425 1207 1771 1271 egritudines

189 1287 311 1368 qua:
355 1291 619 1348 usurpant
653 1287 1060 1353 permistionem
1092 1293 1232 1348 inter
1278 1297 1547 1351 naturalia
1579 1313 1770 1368 corpo-

191 1357 288 1424 ris,
315 1375 436 1415 eum
457 1365 578 1422 inde
609 1371 791 1427 anima
831 1386 1075 1434 movetur
1103 1381 1155 1435 in
1186 1382 1312 1451 illis,
1346 1387 1602 1441 sectatrix
1636 1386 1763 1444 clie-

187 1460 273 1504 cta
322 1454 680 1525 malignorum
724 1465 1035 1537 spirituum,
1071 1482 1128 1526 ut
1174 1485 1469 1544 operentur
1499 1477 1553 1531 in
1599 1494 1768 1533 inem-

188 1544 323 1638 bris.
355 1548 461 1602 Sed
493 1553 653 1606 etiam
690 1559 934 1626 prmdixi,
965 1565 1108 1633 quod
1135 1564 1331 1621 habeat
1361 1570 1576 1638 proprie
1601 1572 1763 1627 etiam

187 1636 300 1704 ipsa
332 1640 732 1734 discretionem
784 1650 1000 1708 horum.
1042 1654 1177 1710 Nam
1233 1636 1507 1728 superbia,
1541 1662 1766 1734 languor

183 1737 264 1783 est
294 1729 539 1800 ejusdem
569 1739 817 1807 corporis
850 1759 864 1794 :
888 1741 1152 1810 jactantia
1201 1762 1350 1814 vero,
1388 1729 1657 1820 agritudo
1677 1763 1762 1810 est

181 1820 227 1873 ei
267 1831 428 1877 extra
478 1840 671 1895 corpus
702 1844 715 1880 :
745 1829 871 1886 item
925 1833 1148 1900 inﬂatio,
1179 1837 1384 1903 odium,
1427 1840 1648 1908 invidia,
1681 1843 1757 1898 ira

182 1917 347 1979 atque
382 1915 822 1987 pusillanimitas,
875 1922 1208 1994 impatientia
1258 1945 1473 2000 quoque
1523 1946 1587 1988 ac
1634 1933 1760 1988 reli-

180 2021 297 2074 quae
327 2011 574 2067 minutiae
605 2014 817 2071 horum.
844 2018 996 2086 Quod
1018 2022 1067 2077 si
1093 2039 1220 2079 vero
1243 2027 1535 2082 crediderit
1565 2042 1624 2083 se
1653 2028 1759 2084 Deo

178 2111 239 2152 ex
279 2108 392 2156 tcto
423 2105 613 2172 corde;
648 2115 777 2165 tunc
811 2111 1073 2182 benignus
1118 2115 1256 2170 Deus
1312 2118 1499 2172 tribuit
1523 2119 1572 2172 ei
1601 2120 1759 2189 spiri-

179 2199 287 2242 tum
320 2193 675 2262 pcenitentim,
703 2209 757 2254 et
793 2202 1112 2258 testiﬁcatur
1138 2205 1211 2259 illi
1245 2215 1301 2259 ut
1338 2207 1406 2262 de
1435 2223 1756 2278 unoquoque

177 2278 439 2350 languore
483 2287 771 2353 paruiteat.
808 2288 1036 2360 Pr0ptei-
1074 2310 1194 2364 quae
1242 2299 1538 2355 adversarii
1571 2302 1756 2370 prohi-

176 2373 326 2437 bent,
370 2390 492 2430 eam
528 2387 800 2437 tentantes
843 2399 1105 2455 usurpare
1138 2390 1259 2453 sibi,
1300 2407 1397 2446 uec
1421 2392 1606 2446 sinunt
1637 2409 1752 2463 pa:-

177 2465 371 2522 nitere.
428 2469 528 2536 Qui
575 2479 620 2527 si
651 2475 1001 2544 sustinuerit,
1035 2481 1318 2549 obediens,
1351 2484 1657 2540 hortantem
1693 2504 1753 2544 se

176 2556 427 2623 spiritum
480 2560 555 2615 ad‘
606 2566 1010 2635 paenitendum;
1054 2569 1281 2627 Creator
1332 2590 1545 2645 quoque
1591 2579 1751 2646 illius,

177 2649 551 2708 miserationis
601 2656 899 2711 visceribus
943 2671 1124 2716 motus
1180 2679 1340 2734 supra
1396 2667 1608 2723 labores
1637 2670 1760 2740 ejus

175 2742 372 2808 quibus
431 2744 485 2798 in
561 2751 894 2818 egestatibus
937 2755 1243 2822 corporeis,
1295 2757 1348 2810 id
1403 2767 1489 2812 est
1531 2758 1752 2829 jejuniis

170 2830 442 2900 plurimis,
493 2836 546 2889 in
601 2839 819 2909 vigiliis,
876 2843 928 2896 in
989 2846 1428 2902 meditationibus
1460 2851 1668 2914 multis,
1698 2852 1748 2905 in

170 2924 336 2980 verbo
366 2925 484 2990 Dei,
514 2943 578 2984 ac
614 2931 867 2998 precibus
900 2933 1088 3005 largis,
1117 2937 1201 2992 vel
1234 2938 1288 2992 in
1316 2938 1752 2997 abdicationibus

170 3016 484 3082 mundanis,
517 3019 569 3072 in
601 3019 936 3089 humilitate,
974 3025 1025 3078 in
1061 3037 1376 3096 paupertate
1410 3030 1660 3100 spiritds;
1695 3034 1747 3088 in

173 3106 374 3173 quibus
429 3113 642 3166 ctmctis
695 3116 1051 3170 sustinentem
1106 3118 1246 3174 Deus
1291 3121 1556 3190 benignus
1607 3127 1750 3193 aspi-

1881 674 1933 717 et
1963 667 2082 733 quia
2122 671 2460 738 magniﬁcata
2490 685 2634 728 esset
2660 677 3022 740 vehementer,
3058 691 3154 744 per
3185 691 3333 731 suam
3361 675 3442 730 ln-

1880 755 2225 823 duigentiam,
2286 762 2644 818 visitationem
2703 781 2887 822 eorum
2950 768 3154 824 faciens
3220 776 3444 837 propter

1876 849 2144 916 propriam
2189 853 2502 918 bonitatem,
2557 866 2675 924 post
2705 857 3036 927 aliquantum
3080 860 3336 929 temporis
3364 857 3442 914 leo

1874 954 1993 1008 gem
2035 942 2214 1010 posuit
2255 945 2356 1008 eis,
2413 948 2555 1001 unde
2593 958 2647 1002 et
2685 959 2935 1016 operatus
2976 961 3056 1006 est
3105 967 3200 1021 per
3236 950 3437 1006 Mosem

1873 1033 2158 1100 praebendo
2212 1037 2402 1107 legem.
2463 1040 2524 1093 Et
2571 1039 2746 1101 Moses
2792 1043 3006 1111 quidem
3054 1042 3302 1098 fundavit
3357 1042 3438 1095 eis

1875 1125 2118 1182 veritatis
2155 1129 2393 1196 domum,
2450 1148 2641 1187 curare
2674 1135 2859 1189 volens
2911 1135 3154 1190 eamdem
3201 1134 3433 1190 validam

1872 1217 2110 1288 plagam;
2156 1222 2248 1276 sed
2298 1224 2554 1293 perﬁcere
2611 1227 2851 1297 nequivit
2884 1226 3168 1281 aediﬁcium
3222 1228 3432 1281 domus.

1872 1308 2098 1379 insuper
2121 1323 2297 1368 autem
2329 1325 2380 1369 et
2409 1319 2584 1372 omnis
2611 1328 2923 1374 sanctorum
2957 1320 3154 1374 chorus
3178 1317 3434 1372 collectus

1872 1400 1923 1454 in
1955 1417 2140 1468 unum,
2185 1408 2337 1473 petiit
2385 1407 2562 1464 Patris
2617 1410 2910 1466 bonitatem
2947 1411 3012 1466 de
3065 1410 3288 1465 salutari
3322 1409 3432 1478 (i5)

1870 1502 2074 1560 nostro,
2111 1505 2167 1548 ut
2205 1496 2434 1552 calcaret
2467 1499 2521 1553 in
2555 1502 2712 1556 terris
2755 1489 2852 1569 pro
2882 1514 3061 1558 neSIra
3113 1511 3431 1556 cunctorum

1866 1584 2059 1649 salute,
2112 1588 2229 1656 ipso
2267 1598 2452 1660 utpote
2495 1601 2741 1646 exstante
2775 1602 2957 1647 nostro
2991 1609 3185 1662 magno
3206 1603 3261 1646 et
3291 1588 3432 1644 ﬁdeli

1867 1674 2118 1741 pontifice
2153 1691 2217 1731 ac
2263 1680 2467 1734 medico
2520 1695 2668 1742 vero,
2704 1683 2792 1751 qui
2839 1683 2983 1736 solus
3022 1697 3217 1736 sanare
3251 1689 3430 1749 posset

1865 1764 2004 1820 hanc
2038 1783 2312 1824 enormem
2361 1772 2590 1842 plagam.
2644 1774 2793 1830 [inde
2837 1787 2890 1831 et
2941 1775 3219 1829 voluntate
3257 1771 3431 1825 Patris

1868 1859 2153 1912 exinanivit
2210 1863 2542 1929 semeﬁpsum
2597 1867 2810 1934 propria
2852 1866 3041 1936 gloria,
3071 1867 3315 1933 Deusque
3335 1879 3429 1918 ex-

1863 1950 2079 2016 sistens,
2117 1951 2338 2020 formam
2370 1956 2503 2009 servi
2544 1959 3096 2024 assumpsit',tradens
3125 1973 3183 2013 se
3214 1965 3428 2027 propter

1867 2050 2053 2096 nostra
2082 2055 2320 2111 peccata.
2347 2046 2411 2100 Et
2437 2047 2627 2101 delicta
2651 2050 2864 2118 quidem
2897 2059 3081 2103 nostra
3115 2049 3426 2103 humiliave-

1862 2141 1989 2186 runt
2014 2148 2159 2200 eum,
2191 2136 2284 2190 sed
2318 2138 2480 2192 livore
2511 2139 2623 2207 ejus
2657 2156 2751 2193 nos
2783 2157 2955 2193 omnes
2984 2143 3156 2193 sanati
3187 2139 3424 2192 sumus‘.

1938 2220 2020 2278 Ill.
2056 2224 2439 2293 Quamobrem,
2492 2229 2823 2284 dilectissimi
2877 2230 3022 2285 ﬁlioli
3075 2232 3127 2283 in
3180 2229 3423 2288 Domino.

1859 2315 1998 2369 scire
2027 2331 2123 2370 vos
2147 2318 2266 2370 volo
2290 2321 2430 2386 quod
2457 2337 2552 2389 pro
2579 2331 2758 2381 nostra
2783 2324 3006 2377 stultitia
3034 2322 3192 2392 elegit
3215 2321 3424 2383 stulta',

1859 2416 1910 2461 et
1935 2423 2030 2476 pro
2054 2418 2233 2463 nostra
2263 2412 2578 2467 inﬁrmitate
2602 2414 2827 2468 formam
2857 2414 3183 2468 inﬁrmitatis
3211 2429 3424 2467 assum-

1859 2501 2074 2568 psit:ob
2108 2515 2266 2569 quam
2303 2514 2540 2558 nostram
2582 2506 2887 2573 pauperiem
2921 2505 3144 2559 effectus
3174 2514 3258 2559 est
3285 2519 3421 2573 pau-

1858 2605 1975 2659 per,
2008 2601 2062 2646 et
2096 2594 2163 2646 ob
2198 2605 2436 2649 nostram
2471 2607 2698 2650 mortem
2743 2595 2966 2666 ﬁguram
3011 2597 3181 2650 induit
3211 2595 3421 2650 mortis.

1858 2681 1998 2748 Ergo
2025 2684 2147 2749 quia
2177 2684 2227 2736 in
2256 2685 2339 2740 his
2360 2687 2609 2741 omnibus
2634 2687 2887 2741 sustinuit
2914 2697 3128 2755 propter
3151 2701 3270 2748 nos,
3299 2700 3424 2740 vere

1859 2773 2000 2835 dico,
2027 2772 2358 2829 dilectissimi
2384 2775 2435 2829 iu
2462 2776 2706 2842 Domino,
2733 2778 2857 2847 quia
2881 2793 2983 2832 non
3015 2777 3270 2832 debemus
3294 2777 3422 2830 dare

1855 2878 2102 2917 somnum
2152 2867 2322 2921 oculis
2385 2869 2604 2931 nostris,
2666 2884 2839 2940 neque
2899 2869 3167 2939 palpebris
3221 2868 3423 2923 nostris

1853 2955 2293 3012 dermitatiouem
2326 2959 2367 3022 ⁸,
2430 2958 2764 3027 postulantes
2815 2976 2877 3013 ac
2921 2968 3274 3029 perurgentes
3326 2958 3421 3014 Del

1854 3044 2032 3099 Patris
2085 3049 2514 3102 inaestimabilem
2567 3049 2884 3114 bonitatem,
2942 3065 3218 3120 usquequo
3263 3065 3422 3120 egre-

1850 3133 2028 3187 diatur
2053 3137 2352 3201 nobiscum,
2382 3148 2437 3193 et
2480 3141 2530 3193 in
2569 3139 2670 3195 hoc
2725 3141 2960 3208 requiem
3004 3142 3295 3196 habeamus
3316 3141 3418 3207 3d-

169 3199 320 3300 e'icns
371 3210 424 3254 et
469 3203 844 3269 considerans,
874 3215 927 3260 et
976 3205 1296 3277 patientiam
1329 3211 1456 3281 ejus
1487 3214 1538 3268 in
1573 3224 1744 3270 teuta-
1773 3236 1816 3293 ς
1856 3236 2040 3281 ventus
2070 3225 2196 3282 Jesu
2246 3199 2405 3298 atque
2438 3231 2674 3295 virtutis,
2726 3199 3189 3300 ut'obsequamur
3217 3233 3416 3287 sanctis

169 3288 408 3344 tionibus
434 3293 814 3360 perdurantem
853 3297 1136 3363 miserans,
1174 3301 1448 3371 adjuvabit
1475 3319 1617 3358 eum.

732 3386 1062 3443 EPISTOLA
1104 3389 1164 3445 ii.

731 3496 798 3535 AD
837 3499 1169 3540 ARSINOITAS.

236 3569 273 3622 i.
317 3570 585 3625 Antoninus
629 3575 877 3628 omnibus
931 3577 1299 3634 dilectissimls
1357 3584 1448 3652 qui
1497 3594 1629 3638 sunt
1691 3587 1742 3639 in

165 3661 442 3718 Arsiuoite
489 3674 544 3718 et
583 3666 636 3718 in
672 3666 929 3734 parochia
960 3672 1098 3737 ejus,
1126 3672 1207 3726 vel
1259 3674 1348 3742 qui
1377 3688 1498 3728 cum
1531 3675 1656 3742 illis,
1682 3677 1742 3736 in

163 3753 393 3807 Domino
432 3755 693 3815 salutem..

241 3843 540 3901 Universos
578 3862 672 3902 vos
706 3861 925 3918 paratos
959 3854 1108 3910 abire
1150 3859 1214 3908 ad
1251 3860 1436 3923 Deum,
1485 3862 1658 3916 saluto
1689 3863 1741 3918 in

166 3934 414 4004 Domino,
445 3939 774 4006 charissimi,
809 3958 837 3997 a
879 3944 1089 4002 minore
1124 3963 1293 4018 usque
1321 3951 1388 4004 ad
1423 3953 1739 4018 maximum,

163 4037 214 4083 et
248 4045 277 4082 a
324 4032 581 4087 masculis
625 4049 794 4103 usque
838 4039 904 4092 ad
952 4039 1209 4100 feminas.
1238 4041 1285 4097 0
1313 4041 1407 4100 ﬁlii
1452 4044 1736 4112 iSraelitae,

162 4125 458 4176 secundum
525 4127 831 4181 sensualem
902 4139 1142 4186 vestram
1205 4135 1556 4189 exstantiam.
1600 4134 1741 4191 Vere

160 4214 390 4277 ctenim,
429 4213 600 4281 ﬁlioli,
634 4220 855 4285 grandis
905 4221 1057 4276 vobis
1090 4222 1143 4275 in
1177 4228 1526 4292 generatione
1560 4237 1737 4282 vestra

160 4306 473 4373 promissio.
531 4309 764 4365 Decebat
819 4312 1018 4381 quippe
1074 4328 1170 4368 vos
1219 4326 1439 4384 propter
1481 4333 1603 4372 eum
1646 4319 1735 4386 qui

158 4396 524 4452 visitationem
558 4399 724 4453 vestri
771 4399 922 4466 fecit,
973 4417 1314 4472 nequaquam
1370 4404 1583 4475 fatigari
1629 4422 1739 4461 cer-

161 4499 354 4554 tantes,
435 4491 610 4544 douec
685 4493 1044 4561 vosmetipsos
1094 4493 1359 4550 oﬁerretis
1410 4498 1733 4552 sacriﬁcium

161 4577 268 4632 Deo
311 4581 362 4631 in
412 4581 558 4634 omni
609 4582 998 4646 sanctimonia,
1036 4582 1158 4636 sine
1199 4598 1305 4651 qua
1340 4599 1500 4637 nemo
1538 4587 1734 4652 poterit
1765 4569 1810 4625 Ῑ)

160 4670 483 4724 haereditare
529 4671 715 4727 Deum‘.
758 4671 890 4726 Nam
929 4689 1026 4741 pro
1055 4684 1225 4737 certo,
1261 4675 1589 4739 charissimi,
1628 4691 1734 4730 ma-

157 4778 317 4830 gnum
351 4770 435 4816 est
469 4763 619 4817 vobis
673 4764 834 4830 ismd,
884 4773 940 4816 nt
991 4766 1381 4834 percontemini
1434 4765 1499 4820 de
1543 4768 1723 4837 cogni-

159 4854 302 4907 tione
337 4854 604 4907 sensualis
649 4857 950 4918 exstantiae,
985 4856 1036 4909 in
1069 4870 1172 4926 qua
1208 4873 1312 4910 non
1347 4868 1427 4912 est
1461 4859 1731 4914 masculus

156 4957 328 5015 neque
379 4944 600 5004 femina,
641 4948 734 4999 sed
788 4947 1093 5000 substantia
1152 4957 1362 5003 tantum
1404 4951 1730 5004 immortalis

154 5037 386 5098 exsistit,
449 5036 656 5091 habens
714 5039 929 5107 quidem
983 5037 1328 5108 principium,
1387 5039 1730 5095 ﬁnem'vero

154 5141 496 5197 nequaquam
532 5129 919 5198 :debitumque
951 5129 1108 5183 vobis
1136 5140 1256 5184 erat
1300 5145 1628 5200 cognoscere
1660 5131 1727 5186 de

154 5235 238 5283 eo,
267 5223 539 5288 quotnodo
587 5223 807 5275 omnino
857 5222 1119 5275 deciderit
1165 5222 1216 5276 in
1272 5224 1730 5277 tantam-.hmnili-

157 5324 319 5366 tatem
367 5324 420 5368 et
477 5313 848 5367 confusionem
899 5316 1179 5379 eximiam,
1212 5333 1333 5386 qum
1363 5319 1726 5383 pertransiens

153 5405 202 5450 in
234 5405 487 5457 omnibus
525 5405 677 5459 vobis
712 5406 948 5459 advenit.

225 5496 285 5551 il.
323 5497 488 5564 Igitur
525 5496 738 5565 quando
786 5497 1090 5551 substantia
1135 5499 1457 5553 immortalis
1510 5501 1728 5554 exsistit

159 5598 260 5637 non
289 5583 649 5638 consolvenda
691 5587 1029 5655 corporibus,
1068 5585 1209 5640 hanc
1238 5590 1307 5641 ob
1339 5601 1556 5642 causam
1589 5590 1728 5643 Deus

225 5700 243 5732 ⁸
272 5698 500 5770 Philipp.
542 5718 600 5762 ιι,
643 5702 698 5768 6,
729 5703 784 5756 7.
863 5704 884 5736 ⁵
909 5703 1009 5758 isa.
1044 5721 1159 5768 Lm,
1192 5706 1246 5759 5.
1326 5702 1388 5757 Ἰ
1420 5705 1544 5760 Cor.
1583 5705 1738 5772 1,27.

1852 3319 1940 3384 qui
1986 3333 2081 3372 nos
2126 3320 2374 3374 excolere
2431 3322 2726 3385 festinant,
2791 3333 3032 3394 tempore
3080 3325 3418 3395 negligentia

1853 3413 2047 3460 nostra:
2078 3406 2414 3463 alacritatem
2459 3411 2761 3464 animorum
2803 3412 2992 3467 dantes
3025 3417 3096 3474 ei,
3125 3415 3190 3468 ad
3222 3413 3416 3483 juvan-

1849 3499 1970 3550 dum
1999 3513 2098 3553 nos
2123 3500 2172 3553 in
2205 3510 2446 3569 tempore
2469 3502 2828 3559 tribulationis
2854 3513 3051 3558 nostrze
3075 3521 3088 3559 :
3116 3514 3242 3559 tunc
3271 3506 3414 3560 enim

1847 3588 2117 3642 seminans
2146 3591 2348 3658 pariter
2377 3607 2499 3655 cum
2532 3601 2764 3647 metente
2792 3593 3062 3665 gaudebit.

1918 3677 2004 3732 iii.
2040 3678 2207 3736 Nosse
2232 3683 2393 3735 etiam
2425 3698 2519 3738 vos
2543 3685 2718 3752 cupio,
2746 3683 2911 3748 ﬁlioli,
2938 3700 3100 3754 quam
3127 3690 3416 3754 plurimum

1847 3768 2085 3823 dolorem
2139 3787 2316 3826 meum
2360 3760 2518 3842 quem
2576 3774 2746 3829 habeo
2795 3790 2893 3844 pro
2933 3776 3106 3840 vobis,
3145 3777 3415 3843 aspiciens

1845 3862 2100 3928 grandem
2154 3863 2710 3919 illam-confusionem
2755 3881 2871 3936 qua:
2925 3879 3088 3936 super
3135 3868 3417 3923 universos.

1844 3952 2082 4020 advenit,
2113 3965 2165 4009 et
2195 3958 2544 4011 considerans
2571 3957 2796 4011 multum
2835 3958 2983 4011 illum
3018 3959 3254 4012 laborem
3285 3975 3414 4012 san-

1843 4057 2051 4103 ctorum
2080 4048 2330 4102 omnium
2363 4057 2526 4116 atque
2555 4051 2812 4117 gemitum
2845 4064 3005 4117 quem
3038 4050 3291 4103 emittunt
3318 4066 3413 4119 pro

1842 4138 1994 4192 vobis
2025 4153 2236 4206 semper
2280 4139 2346 4198 ad
2401 4137 2592 4203 Deum,
2627 4147 2908 4193 cernentes
2938 4137 3176 4193 laborem
3211 4139 3410 4208 proprii

1841 4227 2171 4290 Conditoris,
2200 4240 2494 4296 omnesque
2535 4226 2767 4282 malitias
2807 4228 3280 4297 parvipendeutes,
3315 4243 3412 4284 nec

1841 4333 1947 4371 non
1980 4328 2032 4369 et
2061 4316 2334 4387 decipulas
2362 4317 2557 4372 diaboli
2585 4327 2639 4372 et
2661 4318 2970 4388 angelorum
3003 4318 3120 4388 ejus
3148 4319 3407 4373 insidian-

1843 4408 1996 4467 tium.
2022 4406 2180 4476 juges
2235 4407 2300 4460 ad
2352 4409 2719 4477 perditionem
2743 4393 2999 4464 nostram.
3031 4406 3295 4475 Quoniam
3327 4421 3411 4462 et-

1840 4499 1982 4552 enim
2019 4497 2191 4564 portio
2219 4511 2407 4552 eorum
2441 4500 2494 4553 in
2526 4487 2788 4553 infernum
2823 4500 2984 4554 habet
3005 4502 3107 4564 ire,
3131 4500 3333 4554 idcirco
3360 4510 3413 4554 et

1840 4588 1912 4643 illi
1946 4588 2410 4642 volunt-nostrum
2446 4595 2662 4657 quoilue
2707 4589 2942 4643 studium
2981 4606 3084 4644 una
3117 4605 3299 4644 aecum
3327 4602 3411 4645 at-

1841 4679 2077 4732 trahere.
2121 4678 2258 4732 Vere
2308 4677 2499 4748 igitur,
2527 4680 2835 4735 charissimi
2885 4681 2937 4733 in
2978 4680 3220 4744 Domino,
3269 4683 3411 4737 sicut

1839 4767 2194 4838 prudentibus
2225 4767 2471 4836 loquor’,
2497 4777 2553 4821 ut
2580 4770 2920 4838 cognoscatis
2953 4779 3178 4825 cunctas
3192 4770 3410 4839 Opiﬁcis

1841 4861 2006 4913 nostri
2053 4859 2480 4926 dispensationes
2513 4875 2608 4928 pro
2643 4860 2795 4915 nobis
2825 4860 3016 4926 factas,
3053 4877 3172 4932 quae
3195 4874 3248 4917 et
3282 4863 3409 4918 visio

1838 4953 2090 5006 tationem
2149 4948 2319 5004 nostri
2368 4951 2572 5004 faciunt
2624 4966 2717 5020 per
2769 4953 3054 5007 manifesta
3094 4965 3147 5009 et
3197 4955 3407 5012 occulta

1838 5043 2126 5113 praeconia.
2159 5041 2266 5097 Nos
2312 5057 2497 5095 sumus
2549 5043 2902 5099 rationabiles
2951 5048 3272 5114 nuncupati;
3310 5048 3407 5102 sed

1837 5136 2071 5204 gerimus
2135 5133 2552 5188 irrationabilem
2608 5150 2865 5204 sensum,
2919 5135 3044 5191 dmn
3094 5139 3405 5206 ignoramus

1836 5226 2075 5280 occultas
2126 5226 2449 5280 calliditates
2495 5235 2549 5278 et
2585 5235 2732 5280 artes
2773 5223 2970 5280 diaboli
3021 5225 3402 5296 multiformes,

1835 5333 1952 5386 qure
1982 5319 2108 5382 sint,
2145 5317 2782 5386 qualesquevnoscantur.
2821 5317 3049 5386 Quando
3082 5322 3224 5376 enim
3252 5337 3402 5377 com-

1835 5411 2074 5478 pererint
2103 5409 2288 5463 conari
2302 5425 2409 5464 nos
2433 5409 2803 5465 confusionem
2835 5423 3076 5468 nostram
3106 5428 3400 5484 cognosce-

1835 5518 1917 5567 re,
1973 5512 2026 5556 et
2074 5501 2214 5570 quod
2249 5516 2554 5570 quaeramus
2590 5503 2807 5558 modum
2861 5504 3115 5561 efficacia:
3164 5506 3399 5574 illorum,

1834 5601 2122 5659 operantes
2176 5594 2227 5646 in
2269 5593 2453 5654 nobis;
2499 5602 2553 5648 et
2580 5609 2686 5649 non
2717 5604 2922 5650 tantum
2952 5607 3007 5652 ut
3039 5613 3144 5652 non
3179 5596 3396 5652 obedia-

1819 5712 1838 5741 ⁸
1870 5710 2012 5762 Psal.
2040 5723 2222 5772 cum,
2258 5710 2310 5762 4.
2395 5709 2416 5740 ⁷
2446 5709 2463 5762 l
2492 5707 2617 5765 Cor.
2666 5728 2720 5776 κ,
2751 5713 2836 5767 15.

222 5813 333 5894 (Ιξ)
379 5813 452 5894 De
480 5815 843 5894 salutari._Cl.
874 5817 1139 5894 Toutteus
1171 5821 1383 5894 dissert.
1417 5820 1503 5894 _ill
1534 5821 1720 5894 Cyrili.
1768 5840 1912 5879 num.
1947 5825 2036 5891 25,
2073 5839 2189 5894 pag.
2238 5839 2377 5891 cur,
2410 5824 2690 5894 legendum
2731 5834 2912 5881 monet
2944 5827 3008 5880 de
3039 5822 3331 5882 Saluatore.

156 5883 304 5949 QuOd
332 5885 582 5954 equidem
619 5886 836 5943 minime
870 5891 1239 5945 necessarium
1271 5883 1649 5947 existimarint.
