4220 6316
765 303 873 360 983

1908 305 2182 362 PATRES
2221 302 2518 360 .EliYPTil
2564 304 2836 365 SzECU'Ll
2883 310 2970 364 iV.

3939 301 4037 356 ςιει

767 440 890 480 Inus
921 423 1146 479 ntalitiis
1177 440 1362 478 eorum
1416 436 1507 480 ant
1558 429 1918 482 hortamentis
1947 443 2065 497 quae
2105 427 2351 482 dissetni-
2383 426 2430 484 Δ
2460 441 2675 485 crantes
2710 430 3098 498 benignitatem
3138 427 3334 491 Patris,
3367 434 3424 479 ιιι
3449 437 3663 490 semper
3695 421 3918 492 possitis
3952 419 4034 472 ha-

766 527 899 571 nant
944 515 997 587 in
1045 517 1297 570 cordibus
1347 519 1567 582 nostris,
1600 519 1692 574 sed
1730 528 1784 574 et
1823 535 1889 574 ne
1933 534 2096 589 quam
2129 517 2342 588 plurimi

765 619 1078 662 nostrorum
1115 609 1474 678 profiteantur
1506 612 1682 666 studia
1732 627 1919 666 eorum
1958 628 1970 664 :
2007 611 2103 679 ipsi
2136 623 2352 679 quoque

766 710 1158 768 cognoscentes
1201 699 1585 770 indulgentiam
1635 701 1966 767 Conditoris,
2013 703 2158 772 quod
2203 716 2352 753 mors

768 791 850 843 his
889 789 979 842 fiat
1011 791 1062 844 iu
1095 793 1274 858 terris,
1308 793 1411 848 illis
1447 810 1574 848 vero
1619 796 1688 849 sit
1719 803 2079 863 prmparatum
2123 793 2352 847 haeredi-

769 889 883 932 tare
913 882 1211 950 gehennam
1247 893 1469 952 propter
1501 885 1878 955 negligentiam
1916 900 2068 937 suam
2103 924 2116 939 .

841 969 904 1024 ν.
937 971 1092 1026 Scire
1135 983 1314 1026 autent
1353 990 1445 1028 vos
1479 975 1620 1040 volo,
1653 974 1822 1038 filioli,
1855 976 1997 1044 quod
2032 989 2135 1028 non
2170 974 2357 1027 desino

767 1063 1062 1118 obsecrans
1113 1081 1211 1134 pro
1258 1066 1409 1120 vobis
1462 1068 1626 1121 Deum
1673 1074 1830 1120 nocte
1883 1081 1946 1120 ac
1997 1065 2104 1130 die,
2147 1074 2206 1119 ut
2246 1066 2360 1132 ipse

769 1154 977 1221 aperiat
1023 1153 1208 1210 oculos
1248 1157 1431 1212 cordis
1477 1156 1640 1209 vestri
1698 1157 1760 1207 ad
1805 1155 2196 1224 providendum
2236 1169 2359 1208 ere-

771 1239 918 1294 brius
941 1243 1206 1296 occultam
1240 1242 1626 1311 malignitatem
1657 1241 1891 1305 illorum,
1920 1258 2080 1313 quam
2121 1259 2214 1313 per
2241 1243 2355 1298 sin-

769 1331 890 1400 gula
946 1347 1106 1402 super
1165 1349 1263 1387 nos
1317 1332 1600 1388 effundunt
1649 1335 1701 1388 itt
1752 1335 1854 1390 isto
1901 1349 2041 1389 nunc
2096 1346 2355 1403 tempore.

769 1423 964 1489 Quaeso
1009 1425 1169 1478 etiam
1223 1435 1282 1478 ut
1338 1430 1601 1480 concedat
1648 1429 1805 1482 vobis
1856 1428 2100 1483 scientiae
2134 1444 2250 1490 cor,
2297 1443 2360 1482 ac

769 1515 1119 1569 discretionis
1168 1517 1421 1584 spiritum
1473 1523 1712 1588 praestet,
1775 1528 1832 1571 ttt
1894 1519 2115 1587 possitis
2159 1518 2354 1573 offerre

773 1607 1048 1672 proprium
1095 1621 1208 1671 cor,
1253 1608 1484 1661 hostiam
1525 1619 1769 1662 sanctam
1817 1610 1869 1661 in
1912 1619 2201 1676 conspectu
2249 1608 2354 1661 Pa-

772 1699 872 1751 tris
911 1699 960 1750 in
1006 1701 1167 1752 multa
1205 1701 1519 1765 sanctitate,
1545 1709 1600 1755 et
1621 1701 1738 1755 sine
1763 1702 2004 1770 querela.
2029 1700 2164 1754 Vere
2188 1702 2354 1765 enim,

773 1791 944 1853 filioli,
995 1791 1232 1845 invident
1267 1793 1420 1848 nobis
1452 1810 1547 1862 per
1572 1810 1786 1848 omnem
1819 1796 2005 1848 horam
2038 1794 2090 1847 in
2117 1810 2213 1849 suo
2247 1810 2358 1848 ma-

775 1881 917 1950 ligno
952 1881 1182 1936 consilio
1211 1893 1264 1936 et
1297 1887 1676 1952 persecutione
1708 1900 1868 1952 quam
1899 1882 2126 1952 plurimi
2157 1892 2211 1935 et
2241 1897 2355 1934 nta-

773 1974 886 2026 litia
933 1988 1050 2038 sua,
1085 1989 1292 2028 necnon
1343 1985 1394 2028 et
1445 1976 1726 2044 spiritilms
1761 1975 1967 2029 erroris
2007 1976 2117 2028 sive
2153 1976 2361 2044 cogita-

775 2068 1015 2122 tionibus
1068 2067 1431 2138 blasphemis,
1470 2070 1873 2123 inlidelitatibus
1909 2069 2111 2124 nostris
2145 2084 2362 2138 quoque

773 2176 894 2228 quae
923 2163 1262 2214 seminantur
1296 2162 1365 2213 ab
1403 2161 1535 2229 ipsis
1580 2163 1628 2213 itt
1669 2162 1938 2224 cordibus,
1983 2176 2047 2214 ac
2083 2161 2362 2215 doloribus

777 2253 982 2316 multis,
1013 2268 1131 2321 qua:
1163 2253 1408 2323 irrogant
1442 2253 1596 2307 nobis
1627 2268 1721 2321 per
1748 2268 1961 2306 omnem
2002 2253 2220 2315 horam;
2247 2253 2365 2304 ani-

773 2343 845 2395 tui
880 2345 1041 2398 etiam
1075 2327 1488 2407 defectionibus,
1523 2342 1576 2395 itt
1610 2343 1803 2410 quibus
1833 2357 1927 2410 per
1969 2341 2176 2411 singula
2212 2342 2360 2394 labe—

775 2435 958 2492 facere
987 2435 1227 2489 animum
1261 2451 1367 2489 nou
1420 2435 1720 2500 desistunt;
1761 2435 1813 2487 in
1851 2435 2122 2488 universis
2149 2449 2365 2502 quoque

777 2529 1070 2584 iracundiis
1098 2529 1210 2582 suis
1237 2537 1291 2581 et
1316 2527 1825 2588 obtt-eCtationibns,
1869 2539 2003 2594 quas
2034 2526 2230 2578 docent
2267 2538 2366 2576 nos

776 2622 998 2683 habere,
1030 2629 1084 2674 et
1137 2621 1401 2672 adversus
1438 2616 1797 2681 alterutrum;
1831 2627 1880 2669 ct
1923 2624 1979 2668 ιιι
2004 2616 2368 2684 justifieemus

777 2713 1140 2780 nosmetipsos
1168 2712 1218 2765 in
1268 2711 1334 2770 iis
1358 2725 1475 2779 quae
1502 2707 1751 2768 facimus,
1782 2717 1833 2760 et
1859 2706 2366 2761 condemnationem

775 2820 896 2871 qua:
935 2803 1236 2858 seminatur
1266 2801 1332 2853 ab
1369 2799 1503 2868 ipsis
1534 2799 1586 2851 in
1632 2796 1906 2851 mentibus
1952 2796 2172 2858 nostris,
2204 2795 2366 2849 etiam

777 2915 900 2950 tum
958 2896 1270 2951 exsistitnus
1325 2892 1656 2961 singulares;
1715 2905 1948 2959 eumque
2003 2889 2211 2944 faciunt
2270 2904 2370 2945 nos

781 2991 1088 3057 proximum
1113 2988 1383 3057 judicare,
1419 3000 1517 3039 nec
1553 2992 1732 3037 tamen
1769 2985 1884 3053 ipso
1913 2993 2158 3037 exstante
2187 2983 2370 3036 nobis-

2461 523 2587 577 bere
2615 521 2894 576 vobiscum
2929 519 3255 589 adiutorium
3303 518 3445 587 ejus,
3494 519 3796 583 doct'atqne
3831 527 3924 567 vos
3959 527 4045 567 co-

2459 615 2750 684 gnilione'tt
2786 613 2893 676 sui,
2925 614 3016 681 qui
3046 627 3105 667 se
3133 611 3268 664 bene
3297 611 3477 663 habet.

2534 707 2616 761 γι.
2650 704 2787 761 Vere
2832 705 3031 770 ctenim
3089 705 3208 757 diro
3256 702 3429 766 vobis,
3479 699 3589 754 nati
3626 699 3752 763 mei,
3795 697 3923 765 quia
3959 707 4049 750 vas

2462 799 2602 853 istud
2641 801 2836 867 inquo
2885 813 3072 852 sumus
3123 795 3511 857 inhabitantes,
3575 792 3628 846 itt
3691 790 4043 858 perditionem

2463 893 2616 944 nobis
2647 891 2884 954 exsistit,
2914 902 2973 942 et
3009 888 3200 942 domus
3233 898 3317 941 est
3351 885 3505 954 plena
3535 884 3711 938 bellis.
3743 882 3848 937 Pro
3877 891 4045 940 certo,

2464 983 2635 1044 filioli,
2667 983 2787 1035 dico
2826 982 2979 1034 vobis
3009 979 3156 1049 quod
3204 978 3381 1032 omnis
3434 979 3596 1032 homo
3628 977 3844 1030 illectus
3871 974 3925 1025 itt
3960 986 4048 1025 ro-

2465 1073 2761 1142 luptatibus
2790 1074 2923 1138 suis,
2969 1082 3020 1126 et
3053 1080 3357 1141 prostratus
3401 1087 3430 1123 a
3463 1069 3889 1137 cogitationibus
3922 1079 4046 1131 pro.

2464 1161 2618 1230 priis,
2649 1161 3072 1231 complexusque
3102 1177 3128 1214 a
3162 1161 3418 1230 maligno,
3452 1158 3739 1212 seminavit
3769 1157 3822 1209 in
3847 1155 4044 1208 corde:

2464 1252 2552 1321 qui
2587 1255 2888 1321 congaudet
2916 1254 3017 1316 eis,
3047 1262 3100 1305 et
3133 1252 3326 1319 recipit
3349 1265 3510 1304 sensu
3538 1249 3700 1302 veluti
3735 1261 3929 1317 magna
3959 1259 4050 1298 ex-

2466 1342 2711 1396 sistentia
2746 1351 3108 1406 sacramenta,
3142 1341 3194 1394 in
3228 1355 3294 1394 eo
3323 1340 3464 1407 quod
3500 1339 3612 1407 agit
3636 1335 3944 1405 justilicans
3969 1349 4051 1387 se-

2467 1435 2772 1502 metipsum.
2836 1432 3151 1502 ilujusntodi
3223 1431 3403 1486 anima
3464 1430 3748 1485 coexsistit
3801 1425 4052 1494 malignis

2466 1527 2766 1594 spiritibus,
2814 1525 3151 1578 consiliatrix
3202 1525 3254 1579 itt
3307 1523 3506 1576 malum
3546 1535 3792 1588 :corpus
3840 1532 4051 1588 quoque

2466 1616 2625 1675 illius,
2658 1615 2900 1669 custodia
2931 1625 3012 1669 est
3042 1615 3438 1669 horrendorum
3466 1627 3586 1683 qua:
3611 1611 3853 1666 occultat
3882 1610 3936 1662 in
3966 1625 4049 1663 se-

2467 1705 2715 1773 metipso.
2766 1703 3138 1758 Praevalebunt
3197 1713 3375 1756 autent
3435 1705 3698 1754 adversus
3727 1698 4054 1768 huiusmodi,

2466 1797 2723 1863 quoniam
2752 1811 2855 1848 non
2891 1794 3135 1848 traduxit
3173 1807 3267 1847 eos
3304 1806 3486 1846 coram
3523 1791 3796 1844 omnibus.
3831 1791 3896 1841 At
3923 1805 4057 1843 nun-

2466 1889 2593 1956 quid
2636 1899 2690 1942 et
2728 1887 2829 1956 ipsi
2863 1888 3086 1942 nescitis
3115 1887 3258 1955 quod
3304 1900 3407 1940 non
3453 1883 3763 1954 ltnjusnmdi
3808 1891 4045 1949 captum

2467 1983 2720 2043 habeant,
2755 1997 2890 2050 quas
2918 1996 3016 2035 nos
3044 1988 3439 2049 cognoscentes
3474 1977 3660 2047 procul
3692 1977 3857 2032 dubio
3885 1975 4053 2045 fugia-

2467 2074 2622 2127 n:us?
2656 2072 2922 2126 Ca'ternm
2956 2082 3010 2126 et
3039 2074 3082 2127 si
3115 2072 3420 2141 quresieris.
3451 2085 3556 2123 non
3592 2069 3839 2122 invenies
3867 2081 4060 2136 pecca-

2469 2175 2579 2216 tum
2608 2179 2794 2218 corum
2824 2177 2921 2216 nec
2947 2162 3289 2232 iniquitatem
3316 2158 3674 2229 corporaliter
3694 2157 4058 2212 manifestam.

2466 2257 2672 2322 Corpus
2705 2256 2847 2306 enim
2895 2263 2976 2308 est
3010 2257 3207 2308 animae
3243 2253 3509 2322 recipiens
3546 2252 3941 2320 malignitatem
3969 2266 4060 2304 eo-

2470 2364 2586 2398 l‘ltln
2619 2365 2629 2399 :
2664 2363 2823 2413 quam
2855 2362 2978 2401 cum
3006 2345 3333 2414 susceperit,
3367 2354 3494 2398 tunc
3525 2344 3568 2397 si
3599 2343 3749 2404 velit,
3779 2341 3833 2395 in
3864 2356 4063 2410 propa-

2472 2439 2582 2493 tulo
2615 2439 2766 2507 punit
2803 2453 2900 2507 per
2937 2453 3135 2506 corpus
3182 2437 3324 2492 istud
3365 2437 3417 2490 in
3463 2451 3570 2504 quo
3621 2449 3810 2489 sumus
3846 2433 4064 2487 inhabio

2473 2543 2666 2584 tantes.
2719 2528 2874 2583 Nunc
2928 2529 3131 2597 itaque,
3189 2527 3361 2588 filioli,
3419 2543 3522 2580 non
3573 2527 3767 2579 dentus
3795 2525 3844 2577 ei
3889 2524 4062 2576 locum

2472 2625 2656 2684 ullum,
2691 2622 2934 2689 alioquin
2973 2622 3244 2674 nobismet
3281 2620 3372 2674 Dei
3418 2619 3780 2673 cxcitabimus
3819 2618 3977 2678 iram,
4013 2625 4066 2669 et

2472 2716 2544 2768 illt
2576 2714 2977 2783 permiscentur
3010 2713 3062 2765 in
3093 2713 3341 2766 dmnibus
3371 2710 3574 2766 nostris
3601 2709 3896 2763 irridentes
3929 2722 4064 2774 nos;

2473 2807 2732 2876 quoniam
2765 2807 2866 2860 hoc
2900 2814 3166 2858 noverunt
3196 2806 3336 2872 quod
3381 2803 3702 2872 perditionis
3733 2812 3816 2855 est
3843 2811 4066 2862 nostra;

2472 2914 2592 2967 quae
2618 2910 2795 2951 tamen
2830 2907 2881 2950 et
2919 2897 3029 2963 ipsa
3085 2896 3149 2949 de
3201 2895 3449 2962 proximo
3500 2892 3774 2955 consistit,
3823 2892 3982 2945 sicuti
4013 2900 4068 2943 et

2474 2990 2582 3042 vita
2613 2989 2677 3040 de
2711 3001 2894 3056 prope.
2927 2985 3058 3052 Quis
3085 2985 3228 3037 enim
3265 2998 3502 3054 unquam
3543 2983 3716 3036 Deum
3767 2982 3977 3049 aspexit
4012 2988 4071 3032 ut

779 3095 904 3132 cum
933 3095 946 3131 :
977 3071 1490 3146 praesumptiouibus
1520 3074 1784 3142 siquidem
1811 3088 1942 3141 quas
1972 3073 2220 3143 ingerunt
2249 3087 2368 3126 cor-
2396 3111 2445 3169 α
2478 3084 2662 3136 videns
2690 3083 3052 3151 eongauderet
3075 3083 3120 3135 ei
3145 3081 3212 3135 de
3238 3096 3294 3135 re
3322 3090 3470 3134 tanta
3516 3084 3656 3150 apud
3687 3083 4070 3146 semetipsum,

785 3170 947 3223 dibus
990 3168 1212 3233 nostris,
1246 3167 1297 3220 in
1330 3166 1583 3234 superbia
1620 3164 1738 3218 duri
1775 3163 1955 3218 cordis
1983 3174 2282 3228 exstantes,
2315 3173 2370 3216 et

786 3263 1018 3316 invicem
1051 3271 1393 3330 spernentes,
1437 3259 1855 3312 amaritudinem
1900 3257 2193 3322 habentes;
2223 3256 2368 3309 omni

784 3356 920 3409 bora
946 3355 1314 3422 vituperantes
1343 3351 1686 3414 alterutrum,
1737 3358 1791 3402 et
1840 3364 1943 3402 non
1976 3347 2368 3416 nosmetipsos;

786 3450 1076 3518 opinantes
1104 3445 1343 3498 laborem
1373 3454 1615 3497 nostrutn
1641 3456 1703 3497 ex
1734 3442 1948 3510 propria
1985 3450 2236 3495 (Onstare
2268 3440 2371 3493 vir-

788 3549 925 3604 tute,
950 3538 1160 3607 jndiees
1193 3537 1526 3592 exsistentes
1565 3531 1996 3596 tnanifestorutn,
2029 3542 2197 3586 totum
2233 3533 2373 3584 intra

787 3633 1005 3686 domum
1045 3638 1289 3684 nostram
1335 3628 1652 3680 imtnulante
1689 3626 1938 3690 latrone;
1981 3635 2036 3678 et
2083 3624 2134 3677 in
2179 3623 2378 3694 jutgiis

789 3734 954 3793 atque
990 3721 1355 3776 simultatibus
1394 3719 1765 3785 adversusque
1799 3715 2122 3769 alterutrum
2171 3713 2378 3768 affecti-

791 3809 914 3879 bus,
951 3815 1121 3868 donec
1149 3827 1454 3867 sermonem
1491 3810 1766 3879 proprium
1809 3817 2060 3861 constare
2090 3806 2376 3871 faciamus,

793 3919 852 3961 ιιι
880 3921 1167 3974 pareamus
1198 3906 1250 3958 in
1280 3912 1573 3972 conspectu
1619 3911 1804 3954 nostro
1829 3899 2140 3969 jnstificati,
2173 3898 2382 3952 animo-

793 4001 1008 4054 sitatem
1064 3997 1220 4051 nobis
1271 3997 1578 4063 praebentes
1613 4007 1674 4044 ac
1730 3991 1987 4044 facientes
2036 3990 2213 4043 studia
2265 4004 2382 4056 qua:

797 4102 975 4144 tamen
1008 4087 1342 4157 impossibile
1377 4095 1460 4140 est
1506 4085 1620 4154 geri
1653 4099 1667 4135 :
1705 4083 2084 4150 intempestive
2117 4083 2260 4134 enim
2306 4079 2384 4132 fa-

795 4183 1000 4236 cientes
1028 4196 1127 4234 nos
1155 4179 1370 4240 resolvi,
1406 4180 1476 4231 oh
1515 4177 1564 4230 id
1600 4177 1740 4244 quod
1771 4191 1959 4229 sumus
1990 4190 2054 4227 ex
2095 4174 2211 4237 illo,
2243 4174 2384 4242 quod

796 4273 1145 4327 emolumenti
1179 4280 1263 4324 est
1296 4268 1495 4324 nobis?
1533 4267 1762 4334 Propter
1794 4280 1914 4336 qua:
1961 4266 2139 4318 ridere
2171 4282 2268 4319 nos
2305 4265 2384 4317 fa-

800 4369 950 4418 tiunt
999 4375 1238 4430 tempore
1286 4359 1462 4423 fletus,
1495 4372 1545 4414 et
1584 4361 1712 4413 llere
1749 4360 1799 4411 itt
1838 4369 2078 4425 tempore
2115 4357 2256 4410 risus
2292 4367 2385 4410 :ct

2476 3189 2542 3228 ne
2580 3174 2721 3228 forte
2760 3173 3043 3240 aufugeret
3085 3187 3230 3236 eum,
3273 3172 3367 3226 sed
3419 3179 3478 3225 ttt
3525 3171 3862 3240 adjudicaret
3907 3171 4072 3222 etiam

2475 3267 2619 3320 velut
2657 3267 2922 3320 habitanti
2966 3266 3017 3318 itt
3072 3265 3172 3319 hoc
3205 3266 3444 3332 pondere
3479 3265 3668 3318 tanto?
3697 3274 3789 3315 aut
3821 3263 3944 3330 quis
3975 3263 4076 3314 ali-

2477 3359 2694 3426 quando
2725 3357 2936 3426 aspexit
2975 3355 3250 3409 diabolum
3283 3369 3685 3426 oppugnantem
3716 3370 3838 3418 nos,
3867 3365 3919 3408 et
3949 3369 4075 3420 pro-

2479 3447 2750 3500 hibentem
2797 3445 3056 3499 beneficia
3113 3445 3358 3514 adipisci,
3413 3448 3792 3499 adversantem
3832 3447 3987 3498 nobis
4024 3454 4079 3496 ιιι

2478 3548 2710 3592 stantem
2759 3538 2810 3591 in
2845 3537 2963 3591 loco
3005 3538 3274 3604 corporali
3301 3547 3536 3601 secreto,
3569 3547 3622 3589 ut
3657 3537 3962 3605 prmridens
3994 3536 4078 3587 fu-

2480 3643 2633 3699 geret
2667 3631 2734 3684 ab
2765 3631 2916 3699 ipso?
2958 3631 3063 3684 Sed
3102 3631 3177 3684 illi
3233 3631 3446 3698 quidem
3483 3628 3731 3682 habitant
3761 3629 3812 3680 iu
3838 3627 4078 3690 occul:0,

2483 3739 2581 3777 nos
2607 3737 2782 3777 autem
2813 3723 3158 3791 propalamus
3191 3738 3286 3776 eos
3312 3734 3408 3790 per
3438 3721 3614 3775 studia
3649 3719 3894 3772 meliora.

2558 3816 2664 3870 Vll.
2703 3816 2968 3881 Quoniam
3001 3816 3169 3884 igitur
3206 3829 3272 3867 ex
3308 3829 3414 3867 uno
3443 3811 3704 3868 Creatore
3730 3820 3854 3865 sunt
3886 3825 4080 3863 omnes

2484 3910 2780 3964 secundum
2810 3907 3117 3963 sensualem
3144 3907 3468 3963 exstantiam
3497 3920 3710 3966 eorum,
3739 3905 3790 3956 in
3816 3902 4080 3971 fugiendo

2486 4017 2615 4057 vero
2646 4018 2740 4057 eos
2768 4019 2797 4055 a
2817 4002 2950 4064 Deo,
2969 4011 3024 4055 et
3053 3999 3220 4054 multa
3249 3999 3538 4054 diversitas
3559 4007 3643 4051 est
3667 3998 3720 4049 in
3754 3995 3858 4050 illis
3882 3994 4004 4050 eert
4026 4004 4078 4050 ta

2485 4096 2554 4150 ob
2573 4095 2814 4149 diversas
2830 4092 3175 4161 operationes
3191 4091 3457 4160 ipsorum,
3475 4089 3677 4143 idcirco
3696 4096 3869 4140 autem
3891 4087 4080 4138 omnia

2488 4188 2602 4241 haec
2629 4188 2841 4239 nomina
2867 4185 3073 4253 adjecta
3097 4193 3223 4237 sunt
3245 4183 3387 4248 istis,
3409 4191 3630 4253 prOpter
3653 4178 4086 4246 uniuscujusque

2489 4293 2677 4331 eorum
2719 4278 3096 4346 Operatiouem
3123 4293 3137 4327 :
3171 4273 3294 4327 ideo
3322 4284 3377 4328 et
3414 4290 3556 4327 nunc
3585 4273 3806 4341 quidam
3838 4271 4085 4338 ip~orunt

2491 4381 2760 4426 vocantur
2790 4369 3131 4434 archangeli,
3161 4367 3251 4420 alii
3283 4367 3462 4428 sedes,
3493 4376 3547 4419 et
3578 4363 3998 4422 dominationes.
4032 4374 4089 4416 et

802 4469 860 4510 ιιι
915 4454 1083 4509 semel
1132 4463 1294 4521 atque
1348 4451 1666 4519 simpliciter
1718 4449 1972 4509 dixerim,
2027 4460 2372 4515 transponunt

2497 4471 2813 4530 potestates,
2833 4472 2887 4514 et
2911 4459 3212 4513 cherubim.
3242 4457 3367 4511 Ihec
3396 4468 3576 4510 autem
3607 4457 3685 4509 cis
3721 4455 3934 4507 nomina
3961 4465 4090 4505 sunt

804 4565 1017 4618 semper
1052 4562 1082 4601 e
1121 4558 1268 4599 tecta
1354 4545 1398 4597 Ea
1437 4545 1490 4595 in
1527 4544 1648 4596 aliis
1704 4558 1862 4610 quam
1905 4539 2151 4608 plutitnis
2182 4541 2386 4593 errori-

806 4646 926 4702 bus,
961 4655 1053 4707 per
1098 4639 1280 4690 omnia
1315 4653 1412 4687 nos
1449 4636 1591 4703 ipsos
1621 4634 1834 4688 sibimet
1881 4634 1930 4675 in
1969 4632 2201 4686 famulos
2238 4635 2391 4686 rede~

807 4743 1023 4800 gL‘l'ltlIl,
1074 4745 1302 4796 quorum
1341 4738 1549 4796 tempus
1588 4743 1690 4780 non
1737 4736 1818 4777 est
1868 4728 1918 4776 in
1959 4725 2242 4793 prOpatulo
2275 4727 2387 4776 fieri

809 4822 991 4878 modo.
1032 4823 1164 4874 Cum
1203 4834 1331 4872 vero
1377 4819 1460 4870 bis
1500 4816 1752 4870 omnibus
1787 4817 1947 4868 corda
1999 4825 2182 4868 nostra
2220 4814 2391 4883 reple-

809 4919 1007 4977 \crinl,
1069 4924 1120 4967 et
1162 4913 1414 4967 iuebriati
1469 4909 1730 4963 fuerimus
1786 4910 1930 4965 illis;
1978 4919 2104 4960 ttttte
2153 4907 2394 4986 indulget

815 5015 976 5074 Deus,
1012 5007 1250 5075 QttJItditl
1299 5007 1438 5075 gerit
1483 5004 1684 5056 malitia
1725 5013 1948 5066 nostra;
1991 5018 2055 5057 ac
2085 5002 2151 5055 de
2189 5001 2394 5069 reliquo

812 5101 1180 5156 visitationem
1235 5097 1401 5151 nostri
1460 5096 1664 5150 faciens
1719 5095 2044 5147 resolutione
2086 5093 2392 5162 gravissimi

813 5191 1062 5260 corporis
1129 5189 1286 5255 hujus
1341 5187 1767 5256 relinquentibus
1796 5185 1944 5250 illud,
1990 5197 2114 5237 tune
2163 5184 2395 5252 maligna

814 5297 983 5352 opera
1006 5296 1124 5350 qua:
1147 5279 1469 5348 gerebamus
1495 5279 1654 5342 male,
1676 5279 1875 5331 revelat
1907 5280 2063 5332 nobis
2094 5278 2144 5330 in
2172 5294 2397 5346 corpore

817 5389 990 5444 pains:
1023 5371 1270 5442 exposito
1312 5372 1452 5440 quod
1489 5371 1656 5424 induti
1690 5369 1951 5424 fuerimus
1998 5385 2092 5438 per
2126 5370 2405 5439 indulgen-

819 5470 950 5523 tiam
984 5466 1294 5522 Conditoris
1330 5484 1341 5517 :
1381 5477 1504 5517 tune
1533 5465 1696 5518 etiam
1732 5465 1864 5531 ﬁant
1903 5465 2184 5517 novissima
2220 5474 2405 5518 nostra

821 5561 1002 5629 pejora
1040 5559 1362 5623 prioribus“.
1393 5556 1617 5626 Propter
1649 5561 1787 5624 quod
1843 5557 2002 5609 nolite
2047 5555 2208 5625 afﬂ'gi
2247 5558 2407 5610 obsc-

898 5742 919 5774 ⁸
941 5741 1072 5796 Luc.
1106 5755 1182 5805 XI,
1218 5740 1307 5792 :20.

2499 4553 2711 4615 addita,
2741 4567 2838 4620 pro
2865 4567 2928 4606 eo
2967 4552 3108 4620 quod
3139 4549 3450 4604 Conditoris
3477 4548 3677 4616 proprii
3711 4547 4090 4600 cus‘odtetnnt

2501 4644 2846 4697 voluntatem.
2878 4643 3012 4696 Item
3058 4643 3127 4696 ob
3171 4642 3383 4695 crimen
3429 4640 3658 4693 aliorum
3695 4649 3964 4698 motuum,
3998 4655 4092 4687 ne-

2499 4737 2796 4790 cessarium
2835 4733 2934 4788 fuit
2979 4733 3244 4788 nominari
3289 4733 3453 4786 etiam
3499 4731 3651 4796 istos,
3686 4743 3900 4798 propter
3934 4732 4093 4782 tnali~

2500 4842 2634 4896 gnas
2662 4825 3081 4878 adinventiones
3107 4824 3372 4894 ipsorum,
3416 4822 3690 4876 diabolum
3729 4834 3780 4873 et
3805 4822 4090 4874 Satanam.

2507 4920 2672 4972 Porro
2699 4917 2788 4970 alii
2818 4918 3107 4985 nuncnpati
3152 4925 3279 4969 sunt
3310 4919 3583 4969 daemones
3615 4915 3948 4981 spiritusque
3981 4927 4093 4965 ma-

2505 5009 2656 5076 ligni,
2687 5011 2850 5064 etiam
2883 5011 3094 5074 mttndi,
3124 5007 3278 5061 flatus
3306 5009 3528 5068 erroris,
3576 5007 3845 5075 principes
3877 5020 4094 5073 quoque

2505 5100 2683 5157 saeculi
2724 5102 2904 5170 hujus,
2954 5101 3179 5169 aliaeque
3213 5099 3516 5168 complures
3546 5099 3597 5150 in
3627 5099 3704 5152 eis
3733 5096 4094 5149 adversitates

2506 5194 2794 5246 exsistunt.
2829 5192 3063 5246 Rursum
3108 5207 3240 5246 vero
3287 5201 3340 5244 et
3383 5192 3476 5260 qui
3513 5191 3871 5244 obviavernnt
3907 5188 4015 5242 illis
4045 5190 4092 5240 in

2507 5284 2828 5350 gravissimo
2861 5299 3088 5352 corpore
3121 5284 3224 5337 isto
3266 5286 3317 5335 itt
3348 5297 3454 5350 quo
3479 5293 3532 5335 et
3562 5295 3749 5334 Sumus
3789 5279 4095 5331 inhabitau-

2509 5385 2608 5437 tes,
2654 5387 2706 5427 et
2757 5376 2853 5443 ipsi
2896 5376 3060 5428 etiam
3101 5375 3390 5442 nuncupati
3445 5385 3570 5426 sunt
3610 5370 3828 5439 quidam
3866 5370 4094 5439 patriar-

2509 5468 2652 5530 cha',
2676 5467 2763 5518 alii
2790 5481 2916 5519 vero
2944 5465 3220 5536 propheta!
3244 5476 3298 5519 et
3332 5478 3486 5533 reges
3511 5477 3570 5516 ac
3596 5462 3926 5521 sacerdotes,
3968 5475 4093 5512 non-

2513 5559 2639 5612 nulli
2675 5559 2889 5629 jtnlices
2915 5568 2970 5614 et
3002 5558 3258 5628 apostoli,
3291 5568 3450 5625 atque
3479 5556 3568 5608 alii
3601 5554 3752 5607 tnulti
3783 5554 3939 5607 eIeCti
3976 5552 4098 5606 effe-
