4220 6316
279 351 378 400 93;;
1319 358 1375 413 S.
1413 359 1693 419 ANTONll
1737 365 1800 418 Μ.
1848 368 1878 420 Α

1987 366 2143 421 ᾹἸἸΞ
2187 365 2550 423 EPISTULE

3454 377 3565 435 956

286 469 360 522 ί.ιὶ
394 476 614 536 propter
647 466 922 537 egregium
953 477 1160 524 motum
1187 487 1363 527 suum.
1401 475 1660 532 Universa
1691 489 1869 532 autem
1903 484 1945 538 Λ
1977 491 2028 534 et
2067 484 2348 535 tenebrosa
2390 484 2570 535 domo.
2597 483 2767 548 Quam
2799 499 2942 536 enim
2975 487 3044 540 ob
3073 500 3289 541 causam
3324 491 3557 547 dissere-

284 563 397 614 h:rc
426 559 644 614 nomina
686 559 891 613 adscita
933 573 1059 616 sunt
1102 562 1201 628 eis,
1230 566 1343 619 sive
1373 571 1618 634 masculi,
1647 572 1761 625 sive
1792 571 1868 624 l'e-

281 653 462 716 minae,
500 653 571 706 ob
615 653 957 707 diversitates
1001 659 1336 724 operationis
1367 676 1579 724 eorum,
1625 674 1679 720 et
1713 665 1866 732 juxta
1922 658 1926 663 ’

281 748 646 815 principatmn
675 747 937 814 ipsormn,
970 753 1092 817 quia
1125 767 1190 806 ex
1223 769 1332 807 uno
1354 766 1478 807 sunt
1504 772 1714 812 omnes.
1740 757 1869 811 Pro-

279 849 465 907 pterea
511 854 641 908 ergo
694 840 1005 909 quicunque
1068 845 1119 896 in
1178 847 1480 912 proximum
1541 853 1868 916 peccaverit,

276 931 334 984 in
370 931 721 999 semetipsum
782 933 1075 1004 delinquit;
1115 943 1167 990 ct
1201 940 1291 1006 qui
1316 924 1474 993 ἰιιςιιιι
1514 941 1705 996 fecerit
1739 961 1838 1012 pro

276 1027 461 1085 xiino.
515 1030 866 1098 semetipsum
918 1029 1084 1087 ellicit
1136 1035 1355 1088 malum.
1391 1037 1579 1091 Itidem
1614 1040 1703 1108 qui
1736 1041 1871 1093 bene

275 1117 490 1192 fecerit‘
518 1123 786 1190 proximo,
828 1125 1048 1178 sibimet
1099 1127 1201 1180 hoc
1257 1127 1420 1192 ficit;
1457 1132 1540 1184 sin
1587 1146 1716 1185 vero
1751 1134 1871 1199 quis

273 1215 384 1264 t-rit
429 1215 518 1282 qui
564 1214 856 1284 aliquando
897 1233 1126 1284 peccare
1169 1223 1407 1288 potuerit
1453 1223 1507 1275 in
1553 1222 1744 1287 Detnu,
1790 1227 1870 1277 vel

273 1308 401 1373 quis
427 1319 510 1360 est
540 1307 629 1376 qui
663 1324 786 1361 eum
828 1325 1066 1377 unquam
1088 1313 1327 1376 ,relicere
1355 1313 1551 1383 queat?
1580 1315 1714 1382 Quis
1745 1332 1872 1371 vero

271 1409 398 1450 erat
426 1399 514 1467 qui
544 1399 592 1452 ei
625 1401 1017 1456 ministraverit
1065 1403 1380 1474 aliquando,
1420 1415 1512 1460 aut
1546 1407 1670 1476 quis
1702 1409 1865 1462 bene-

272 1491 424 1545 dicat
465 1506 589 1544 eum
639 1509 902 1562 unquam,
953 1503 1011 1547 ιιι
1063 1511 1202 1564 opus
1251 1498 1448 1554 habeat
1491 1501 1871 1556 benedictione

274 1580 440 1647 ejus?
470 1583 604 1647 Quis
640 1583 784 1635 enim
820 1584 995 1651 potuit
1030 1586 1233 1644 honora
1248 1603 1304 1642 re
1334 1588 1509 1654 illum,
1541 1601 1598 1644 ut
1629 1591 1744 1660 ipse
1777 1594 1872 1648 ho-

276 1674 558 1725 norandus
604 1674 854 1727 exsisrit?
887 1675 964 1728 vel
1005 1678 1127 1744 quis
1158 1686 1243 1731 est
1290 1681 1378 1748 qui
1413 1681 1591 1736 valeat
1624 1682 1871 1738 exaltare

274 1778 404 1817 eum
440 1763 584 1817 sicut
620 1765 869 1819 excelsus
920 1767 1188 1822 habetur?
1219 1770 1583 1836 Quamobrem
1615 1775 1742 1827 dum
1782 1791 1870 1827 su-

1979 587 2090 625 rem
2142 574 2310 636 vobis,
2367 574 2469 627 nisi
2509 582 2566 627 ut
2621 575 2858 642 requiem
2912 577 3275 633 exhiberem?
3323 579 3473 638 Unde
3507 596 3560 640 et

1975 667 2226 729 obsecro,
2251 678 2306 718 ut
2330 667 2452 736 quia
2479 683 2670 721 omnes
2706 669 2870 722 creati
2907 686 3093 725 smnus
3119 672 3276 725 unius
3303 674 3559 730 διιιιειιιιι-

1979 758 2066 810 tize
2116 758 2407 812 invisibilis
2447 769 2498 812 et
2534 759 2748 811 initium
2795 762 3044 816 hahentis
3080 765 3200 818 sine
3242 764 3368 826 line,
3405 769 3575 823 unice

1978 851 2274 918 diligamus
2307 853 2669 916 alterutrum;
2705 862 2970 922 quotquot
3017 857 3160 910 enim
3201 863 3560 929 cognoverint

1975 945 2316 1009 semctipsos,
2373 957 2702 1015 cognoscent
2737 952 2876 1016 quod
2915 951 3075 1002 unius
3103 950 3423 1007 substantia:
3461 955 3563 1008 iut-

1977 1037 2221 1090 tnnrtalis
2251 1040 2538 1093 t'XSiSlatt'.

2046 1126 2134 1180 IX.
2181 1129 2333 1182 Scire
2363 1146 2584 1198 quoq-ie
2637 1147 2730 1183 vos
2764 1136 2903 1196 volo,
2941 1134 3084 1200 quod
3122 1133 3278 1191 Jesus
3312 1136 3566 1191 Christus

1977 1215 2232 1269 Dominus
2266 1235 2448 1271 uo~ter
2481 1238 2587 1287 ipse
2615 1220 2793 1273 P.ttt'is
2827 1240 2984 1277 verus
3019 1233 3105 1276 est
3133 1240 3343 1287 sensus,
3372 1229 3424 1277 in
3459 1242 3565 1293 quo

1974 1310 2151 1359 omnis
2202 1310 2478 1375 plenitudo
2519 1315 2681 1364 tozins
2730 1325 2937 1367 natura:
2991 1316 3334 1369 rationabilm
3369 1316 3558 1371 eﬂ’ecta

1975 1409 2080 1460 est,
2117 1417 2303 1453 eorum
2362 1405 2594 1456 maxime
2628 1408 2716 1473 qui
2768 1417 2895 1461 sunt
2946 1409 3167 1478 imagini
3199 1408 3318 1476 ejus
3353 1410 3568 1465 confor-

1977 1503 2092 1543 ines
2129 1487 2328 1552 ea..-ca,
2371 1505 2527 1557 ιςιίιιιι
2564 1496 2730 1545 totius
2759 1507 3021 1552 creaturae
3055 1509 3108 1551 et
3145 1515 3345 1570 corpus
3374 1499 3558 1555 Eccle-

1975 1580 2088 1633 sia}.
2135 1577 2268 1630 Nam
2318 1590 2370 1632 et
2427 1581 2629 1635 idcirco
2676 1599 2775 1635 nos
2808 1600 2996 1637 omnes
3024 1588 3254 1642 membra
3303 1605 3484 1644 sumus
3516 1592 3568 1642 in

1974 1669 2285 1723 alterutrum
2323 1683 2369 1723 et
2423 1689 2608 1738 corpus
2664 1672 2971 1726 Christi“:
3023 1676 3130 1729 Nec
3185 1687 3351 1746 potest
3399 1680 3571 1733 dicere

1975 1770 2130 1830 caput
2167 1763 2418 1831 pedibus:
2443 1761 2562 1817 Non
2596 1767 2736 1819 vobis
2769 1768 2934 1821 Italico
2961 1785 3121 1836 opus;
3163 1771 3252 1823 sed
3282 1772 3330 1825 si
3368 1774 3571 1839 patitur

275 1871 400 1909 tuus
433 1856 609 1910 vestiti
646 1857 970 1928 gravissimo
1015 1877 1241 1929 corpore
1284 1864 1408 1925 isto,
1461 1865 1643 1918 alieno
1679 1867 1876 1918 invita.-

1985 1869 2142 1906 unum
2189 1855 2502 1919 membrum,
2551 1867 2716 1909 totum
2767 1876 2956 1926 corpus
3000 1873 3239 1916 movetur
3271 1879 3390 1916 cum
3430 1881 3489 1917 eo
3522 1876 3569 1918 et

273 1959 463 2002 mento
503 1951 827 2004 suscitemus
879 1951 1043 2004 Deum
1091 1953 1143 2006 in
1195 1955 1374 2018 nobis,
1415 1965 1471 2010 ut
1512 1958 1613 2011 hoc
1655 1967 1876 2027 agentes

271 2042 720 2096 commendemus
767 2042 912 2096 illam
964 2045 1108 2099 circa
1150 2061 1247 2100 nos
1287 2047 1552 2102 bonorqu
1604 2052 1872 2104 visceri-nt

269 2133 594 2188 essentiam.
625 2133 738 2187 Non
793 2147 972 2189 autem
1003 2137 1172 2191 simus
1205 2143 1565 2208 nOSntetipsos
1599 2154 1871 2207 amantes,

271 2225 358 2279 sin
409 2226 610 2290 minus,
663 2225 878 2281 illorum
931 2230 1291 2284 inconstantia
1342 2234 1607 2301 partionis
1642 2235 1870 2289 erimus.

275 2319 415 2372 Nam
449 2317 538 2386 qui
582 2320 895 2386 cnguoverit
951 2323 1331 2390 semetipsum,
1364 2324 1644 2380 universos
1672 2343 1875 2398 cogno-

274 2408 375 2460 vit.
417 2407 540 2462 ldeo
574 2419 628 2462 et
669 2410 931 2488 scriptum
981 2421 1063 2464 est
1091 2430 1106 2466 :
1136 2414 1241 2477 Qui
1274 2417 1468 2468 rocavit
1502 2433 1564 2468 ca:
1595 2419 1780 2480 nihilo,
1819 2429 1874 2470 ut

270 2511 446 2552 essent
487 2502 730 2555 (ηιμ-ια’.
781 2501 892 2557 Hoc
926 2516 1108 2556 autem
1155 2506 1422 2569 dicentes,
1460 2509 1774 2576 signiﬁcant
1813 2516 1878 2564 de

272 2593 517 2645 set-suali
551 2603 764 2654 natura,
816 2609 936 2662 quae
971 2596 1182 2648 occulta
1214 2606 1296 2649 est
1325 2597 1377 2649 in
1409 2598 1509 2652 hoc
1536 2602 1875 2670 corruptibili

273 2697 529 2751 corpore,
567 2693 814 2738 exstante
865 2685 916 2737 in
971 2685 1261 2753 principio,
1300 2684 1630 2758 increpanda
1676 2695 1741 2742 ab
1788 2710 1872 2746 en.

271 2776 386 2828 Aut
411 2777 502 2845 qui
539 2777 779 2844 potuerit
810 2776 1034 2848 diligere
1070 2779 1462 2848 semetipsum,
1515 2781 1871 2838 nihilominus

275 2866 470 2938 diliget
495 2883 701 2923 omnes.

359 2958 496 3012 VIII.
526 2959 849 3016 Charissimi
885 2962 1032 3017 ﬁlioli
1064 2965 1192 3030 mei,
1223 2981 1408 3034 quzcso
1440 2983 1535 3021 vos
1567 2978 1626 3020 ιιι
1663 2985 1767 3023 ιιοιι
1803 2971 1878 3021 la-

281 3052 506 3133 tim-etis,
544 3069 718 3122 neque
762 3053 1063 3123 latigemini
1112 3055 1339 3110 invicem
1388 3057 1717 3125 diligentes;
1781 3065 1876 3114 sed

283 3147 458 3200 tollite
486 3162 686 3214 corpus
723 3163 828 3216 quo
855 3150 988 3203 estis
1022 3149 1218 3212 induti,
1252 3158 1305 3203 ct
1334 3149 1497 3205 facile
1529 3151 1656 3206 illud
1683 3154 1874 3216 altare,

282 3250 549 3307 ponentes
590 3240 821 3308 desuper
851 3255 1074 3293 onmem
1121 3240 1574 3296 deliberationem
1609 3255 1874 3308 vestram,

281 3347 616 3400 muneraque
651 3333 944 3400 malignum
981 3333 1305 3386 instructmn
1338 3333 1627 3401 relinquite
1666 3336 1716 3388 in
1749 3351 1879 3389 eon-

279 3436 471 3495 spcctu
524 3424 754 3477 Domini.
801 3424 1060 3478 Extollitc
1112 3440 1304 3477 manus
1354 3426 1536 3480 cordis
1593 3428 1756 3481 vestri
1810 3428 1878 3480 ad

280 3533 405 3571 eum
442 3516 518 3581 ‘°;
572 3516 622 3569 id
671 3524 753 3570 est
803 3531 996 3570 sensus
1045 3518 1380 3586 agendorum
1415 3536 1427 3570 :
1460 3528 1516 3573 et
1572 3520 1874 3587 precaniini

283 3609 452 3663 Deum
479 3621 534 3661 ut
559 3610 717 3662 donet
751 3607 902 3662 vobis
949 3609 1097 3663 illum
1141 3611 1468 3666 iuvisibilem
1519 3623 1575 3667 et
1624 3629 1875 3682 maguum

282 3704 485 3772 ignem,
526 3703 616 3771 qui
662 3703 998 3758 descendens
1026 3705 1243 3758 coalitus
1276 3708 1526 3761 comedat
1561 3706 1731 3760 altare
1754 3707 1794 3738 “
1825 3716 1878 3761 et

279 3797 465 3849 omnia
514 3810 635 3864 qum
682 3795 735 3848 in
782 3811 876 3862 eo;
926 3797 1275 3865 universique
1306 3801 1618 3854 sacerdotes
1645 3799 1876 3864 Baalitn,

280 3888 374 3956 qui
399 3888 617 3957 quidem
659 3889 934 3942 exsistunt
966 3887 1311 3957 operationes
1352 3891 1615 3957 adversae,
1653 3894 1879 3947 timeant

283 3979 555 4050 fugientes
600 3995 628 4032 a
682 3979 822 4036 facie
867 3994 1071 4047 vesrra,
1102 3983 1556 4049 quemadmodum
1593 3985 1724 4039 Elia:
1754 4001 1881 4054 pro-

284 4072 481 4140 phetat.
511 4071 662 4126 Tunc
691 4073 904 4126 demmn
937 4071 1188 4126 videbitis
1221 4074 1506 4144 vestigium
1553 4077 1789 4130 hominis
1829 4080 1880 4130 in

283 4164 421 4224 mari
472 4163 749 4218 adducens
789 4163 1078 4234 specialem
1130 4165 1380 4229 imbrem,
1417 4169 1558 4234 quod
1592 4180 1676 4221 est
1715 4167 1883 4222 Para-

282 4259 406 4312 cleti
458 4256 697 4327 Spiritus
740 4261 1063 4316 consolatio.
1114 4263 1462 4317 Dilectissimi
1509 4263 1610 4315 mei
1668 4262 1778 4314 nati
1826 4263 1878 4316 in

286 4350 535 4416 Domino,
591 4351 680 4403 lilii
730 4350 986 4407 Israelitae
1035 4355 1392 4418 sanctissimi,
1443 4369 1549 4407 non
1607 4368 1746 4421 opus
1795 4365 1880 4408 est

283 4442 582 4497 Iteatilicari
619 4457 908 4512 corpormu
956 4456 1263 4499 nostrorum
1313 4446 1578 4500 vocabula
1618 4445 1882 4499 transitu-

285 4550 379 4595 ra;
426 4549 523 4586 nec
559 4535 700 4588 enim
752 4538 1012 4606 ignoratis
1058 4539 1383 4592 charitatem
1422 4553 1581 4607 quant
1623 4537 1798 4591 habeo
1831 4538 1882 4590 in
1918 4569 1964 4625 υ

283 4627 460 4692 vobis,
489 4627 612 4695 quia
642 4644 745 4680 non
775 4639 854 4681 est
876 4630 1119 4682 cltaritas
1150 4630 1476 4698 corporalis,
1504 4630 1599 4684 sed
1624 4629 1883 4698 spiritua-

283 4721 350 4773 lis
389 4730 438 4773 et
471 4735 658 4773 amans
693 4720 877 4772 Deum.
918 4720 1126 4786 Dilecti,
1176 4724 1225 4775 in
1261 4724 1361 4777 hoc
1401 4732 1454 4776 et
1481 4721 1694 4789 repleor
1735 4721 1878 4790 quod

283 4810 568 4863 beatitudo
605 4810 756 4864 vobis
807 4809 947 4864 facta
1001 4812 1069 4864 sit
1118 4812 1169 4865 iu
1217 4823 1460 4882 tempore
1509 4811 1633 4864 isto.
1683 4809 1880 4864 Sermo

281 4903 450 4973 igitur
482 4905 635 4957 vobis
667 4905 899 4959 exsistat
929 4907 1117 4975 judex,
1163 4923 1225 4960 ac
1266 4924 1370 4961 non
1429 4906 1715 4961 aestimetis
1749 4922 1877 4974 per-

280 4993 484 5048 fectum
531 5005 770 5048 vestrum
822 4996 1150 5050 institutum.
1197 4997 1348 5061 Quod
1407 5005 1489 5051 est
1543 5012 1675 5066 ergo
1723 4996 1881 5050 obse-

281 5086 472 5154 quium
510 5085 622 5147 Dei,
662 5097 903 5139 nostratn
958 5089 1008 5142 in
1051 5098 1258 5142 tantmn
1315 5090 1686 5158 operationem
1736 5089 1867 5141 exsi-

281 5176 467 5232 stere?
497 5177 602 5232 Sed
634 5187 716 5230 est
750 5178 921 5232 virtus
957 5180 1204 5247 quaedam
1236 5196 1536 5248 cooperans
1573 5178 1882 5233 vobis.Cer-

285 5279 464 5324 tantes
497 5270 677 5336 itaque
712 5284 807 5323 vos
844 5269 989 5337 ipsos
1031 5273 1220 5339 o/ferre
1251 5274 1477 5325 Itastianl
1511 5272 1705 5337 Deo“,
1746 5288 1881 5325 cou-

285 5370 435 5416 tmne
471 5362 706 5430 praebete
747 5364 1062 5430 c00peranti
1109 5364 1262 5417 vobis
1315 5364 1501 5417 virtuti
1547 5374 1600 5417 et
1637 5364 1877 5428 requiem

283 5454 486 5508 Christi
515 5453 666 5516 .lesu,
692 5455 950 5524 quoniam
987 5455 1136 5508 unita
1173 5465 1260 5509 est
1283 5458 1537 5509 universo
1563 5466 1881 5509 sanctorum

282 5546 479 5610 choro',
516 5547 611 5600 sed
641 5555 693 5601 et
727 5547 856 5600 mihi
890 5547 1184 5601 deterrimo
1218 5547 1484 5602 habitanti
1523 5549 1573 5602 in
1605 5548 1705 5601 hac
1737 5548 1884 5601 lutea

359 5741 376 5766 '
411 5743 542 5804 Sip.
582 5761 618 5804 ι,
672 5746 754 5798 Η.
875 5747 912 5774 ‘°
953 5743 1090 5796 Pszl.
1149 5761 1375 5804 cxxxrtt,
1415 5746 1465 5798 2.

827 5817 866 5845 ”'
912 5817 1008 5870 lsa.
1066 5829 1195 5879 Llll,
1252 5814 1304 5868 5.

411 5743 448 5798 3
470 5761 542 5812 ip.
582 5761 618 5804 l,
672 5746 754 5798 i5.

287 5815 325 5846 “
355 5814 493 5872 ibid.
527 5815 618 5878 21,
654 5816 744 5871 26.

1589 5745 1626 5774 ”
1680 5743 1737 5795 Ill
1784 5742 2106 5814 lteg.,xvnt,
2146 5743 2213 5798 58
2249 5758 2403 5814 seqq.

1413 5817 1454 5844 “‘
1496 5813 1638 5869 l’sal.
1680 5813 1884 5874 mm,
1914 5813 1968 5870 4.

1977 1946 2265 2012 patitur”.
2308 1947 2681 2001 Alienatorntn
2729 1967 2854 2004 vero
2904 1955 3268 2008 membrorum
3321 1960 3573 2024 corporis

1979 2051 2098 2106 quas
2131 2041 2348 2107 proprio
2396 2057 2498 2093 non
2560 2053 2685 2094 sunt
2730 2046 2889 2111 capiti
2929 2047 3158 2110 sociata,
3194 2051 3288 2100 scd
3341 2048 3572 2103 fieditati

1977 2129 2184 2195 dedita,
2219 2144 2440 2199 propter
2468 2134 2718 2201 preprias
2753 2136 3034 2189 libidinum
3065 2139 3387 2206 passiones;
3426 2139 3567 2195 irre-

1978 2222 2285 2278 mediabslis
2320 2240 2508 2279 eorum
2546 2227 2736 2281 elTeCta
2769 2239 2850 2281 est
2885 2230 3059 2298 plaga,
3085 2231 3209 2298 quia
3243 2233 3571 2286 oblivionem

1980 2327 2307 2386 acceperunt
2341 2321 2591 2387 principii
2628 2331 2791 2388 atque
2829 2321 2971 2376 linis.
3015 2322 3068 2375 In
3105 2339 3213 2392 quo
3254 2334 3310 2378 et
3355 2333 3572 2378 creatu—

1982 2419 2164 2456 rarum
2200 2409 2438 2474 genitor,
2480 2409 2779 2462 visceribus
2825 2421 3001 2464 motus
3043 2427 3141 2480 pro
3186 2413 3340 2482 plaga
3381 2427 3569 2468 nosu‘t

1980 2514 2100 2563 qua:
2134 2498 2317 2552 Sanari
2349 2516 2453 2550 non
2505 2511 2719 2566 poterat
2749 2504 2847 2556 nisi
2886 2519 2982 2572 per
3009 2507 3181 2559 solam
3217 2508 3388 2576 ipsius
3423 2508 3577 2563 boui-

1981 2598 2170 2650 tatem,
2229 2592 2372 2644 misit
2417 2591 2763 2661 Unigenitmn
2803 2599 2978 2657 nobis.
3015 2607 3069 2650 ut
3108 2614 3204 2666 per
3247 2601 3572 2654 servitutem

1983 2692 2246 2745 nostrain,
2289 2684 2567 2736 servitutis
2599 2700 2902 2741 assumeret
2941 2688 3194 2751 fortnam,
3233 2694 3579 2760 Irailet‘etque

1980 2789 2037 2826 se
2093 2791 2187 2840 pro
2222 2793 2252 2842 p
2278 2780 2462 2830 enatis
2498 2781 2718 2832 IOsttis.
2765 2781 2825 2831 lit
2874 2793 3093 2847 peccata
3132 2782 3354 2851 quidem
3390 2794 3574 2837 nostra

1983 2867 2410 2920 lmmiliavermit
2442 2886 2587 2932 cum,
2612 2870 2706 2923 s‘t'd
2739 2872 2902 2925 litore
2928 2878 3038 2940 ejus
3070 2892 3164 2928 nos
3195 2893 3372 2932 omnes
3396 2880 3576 2931 sanati

1980 2975 2163 3011 sumus
2191 2961 2252 3011 ’⁸.
2293 2960 2388 3011 llic
2429 2967 2776 3031 congregavit
2805 2979 2901 3016 nos
2938 2980 3003 3018 ex
3053 2967 3306 3020 Omnibus
3349 2969 3581 3036 regioni-

1985 3050 2106 3104 bus.
2149 3065 2431 3117 usilueqnn
2487 3053 2946 3107 resurmCiiottcm
2983 3055 3223 3108 cordium
3263 3067 3575 3111 nostrorum

1985 3145 2049 3193 de
2099 3153 2238 3193 terra
2297 3145 2520 3206 lat-cret,
2576 3144 2775 3196 doti-ns
2829 3157 3055 3199 cunctos
3102 3162 3205 3200 nos
3250 3148 3414 3201 unius
3459 3162 3582 3204 esse

1987 3235 2302 3286 substantia:
2338 3247 2386 3286 et
2425 3253 2453 3284 ιι
2478 3236 2662 3287 e.nbra
2701 3237 3046 3290 alterutrum.
3085 3238 3376 3306 Propterea
3408 3239 3572 3295 debo-

1991 3341 2111 3377 nius
2149 3327 2374 3393 «ιιι-μειερ
2409 3331 2777 3393 νιιιιειιιι,ιιιιι-ι·,
2809 3329 2931 3394 quia
2969 3330 3284 3399 quicunque
3332 3332 3581 3388 dilexerit

1990 3419 2319 3487 proxitnn.i-,
2358 3421 2542 3483 d-liget
2573 3421 2808 3477 animam
2841 3425 3137 3488 propriam.

2062 3509 2126 3562 Χ.
2163 3510 2223 3563 Et
2257 3512 2342 3563 l-ic
2377 3527 2559 3564 serito
2597 3512 2914 3565 manifestus
2949 3517 3017 3566 sit
3059 3516 3232 3578 vobis,
3269 3515 3580 3571 charissimi

1990 3605 2101 3655 nati
2142 3604 2192 3656 in
2242 3604 2490 3666 Domino,
2532 3607 2622 3655 lilii
2666 3603 2926 3659 Israelitze
2973 3609 3170 3670 sancti,
3206 3608 3295 3675 qui
3343 3609 3582 3675 parastis

1991 3695 2351 3765 vosmetipsos
2427 3699 2492 3747 ad
2565 3697 2728 3749 Deum
2794 3699 2907 3759 ire,
2969 3697 3170 3757 olli-rte
3224 3700 3583 3767 vosmetipsos

1992 3790 2225 3843 hostiam
2259 3789 2366 3842 Deo
2392 3788 2442 3839 in
2476 3789 2623 3840 omni
2652 3789 2966 3852 sanctitate,
2996 3789 3252 3856 quoniam
3285 3805 3384 3843 nec
3404 3800 3574 3856 potest

1993 3883 2364 3936 litereditatem
2419 3897 2615 3947 capere
2663 3881 2935 3949 quispiam
2973 3883 3091 3934 sine
3127 3883 3439 3935 sanctitate.
3475 3882 3583 3934 Aut

1993 3975 2233 4044 nunquid
2269 3976 2554 4044 ignoratis,
2587 3975 2950 4037 dilectissimi,
2975 3975 3117 4043 quod
3146 3974 3444 4028 adversarii
3473 3974 3576 4027 vir-

1993 4067 2123 4117 tutis
2187 4066 2401 4117 veritati
2452 4079 2670 4131 semper
2704 4065 3068 4118 insidiantur?
3097 4064 3159 4117 Et
3193 4064 3419 4126 idcirco,
3452 4063 3583 4118 cha-

1993 4159 2215 4219 rissiini,
2249 4159 2540 4211 observate
2566 4175 2631 4210 ne
2661 4161 2801 4208 dotis
2834 4156 3007 4209 oculis
3037 4173 3310 4221 somnum,
3343 4167 3434 4208 aut
3463 4157 3582 4208 dor-

1993 4250 2333 4302 mitationetn
2369 4249 2641 4317 palpebris
2677 4247 2743 4309 ⁸⁸,
2782 4246 3180 4314 proclamantes
3209 4247 3272 4299 ad
3301 4246 3579 4313 proprium

1991 4344 2342 4397 Conditorem
2376 4343 2460 4393 die
2485 4355 2547 4393 ac
2581 4352 2762 4400 nocte,
2794 4341 2841 4394 si
2878 4340 3015 4393 forte
3053 4338 3394 4408 regrediatur
3428 4335 3583 4390 vobis

1999 4435 2328 4502 adiutorium
2363 4436 2430 4486 ab
2468 4433 2719 4496 Excelsa,
2753 4449 2869 4504 quo.
2892 4431 3233 4500 protegente,
3269 4431 3376 4483 sint
3411 4429 3575 4483 corda

1997 4537 2176 4580 vestra
2213 4535 2267 4578 et
2316 4525 2678 4594 cogitationes
2731 4525 2780 4575 in
2818 4522 3058 4575 Christo.
3098 4520 3233 4574 Nam
3265 4536 3412 4584 vere,
3446 4534 3479 4573 ο
3521 4520 3583 4572 ll-

1992 4621 2128 4681 lioli,
2170 4622 2221 4672 itt
2273 4621 2431 4671 domo
2477 4634 2663 4671 smnus
2704 4617 2930 4670 latronis
2971 4615 3376 4678 inhabitantes,
3424 4621 3479 4666 et
3527 4612 3582 4666 in

1990 4713 2225 4767 vinculis
2276 4710 2469 4763 mortis
2518 4720 2802 4764 exstamus
2851 4708 3035 4762 vincti.
3069 4707 3176 4760 Pro
3225 4719 3374 4760 certo
3416 4707 3580 4760 etiam

1992 4807 2117 4861 dico
2155 4807 2326 4866 vobis,
2358 4805 2502 4873 quod
2548 4811 2732 4854 nostra
2781 4801 3111 4869 negligentia
3153 4809 3205 4854 et
3255 4801 3581 4877 humiliatio,

1991 4911 2254 4955 extranea
2290 4898 2610 4952 commotio.
2640 4911 2743 4950 non
2778 4896 2934 4948 nobis
2959 4895 3093 4949 solis
3116 4904 3198 4946 est
3219 4893 3580 4954 'detrimeuto.

1991 4995 2084 5048 sed
2135 4990 2342 5060 angelis
2392 4989 2544 5041 labor
2593 4989 2832 5049 exsistit,
2886 4997 2942 5039 et
2986 4986 3240 5038 omnibus
3275 4985 3479 5038 sanctis
3530 4984 3581 5036 in

1989 5086 2210 5140 Christo
2255 5082 2417 5145 .icsu,
2471 5082 2597 5149 quia
2663 5081 2901 5132 nondum
2966 5092 3141 5144 usque
3199 5077 3584 5144 requieverunt

1989 5189 2210 5248 propter
2233 5190 2353 5228 nos.
2382 5171 2549 5234 Vere,
2583 5175 2695 5226 nati
2730 5172 2858 5230 mei,
2892 5172 3006 5223 bace
3041 5177 3225 5222 nostra
3250 5165 3581 5229 humiliatio,

1993 5272 2102 5324 illis
2129 5269 2387 5322 omnibus
2420 5267 2646 5321 tristitia
2677 5274 2779 5324 est,
2808 5263 2950 5318 sicut
2986 5262 3180 5324 iterum
3209 5260 3358 5312 salus
3386 5269 3439 5311 et
3469 5258 3579 5326 glo-

1998 5363 2161 5415 riatio
2201 5370 2412 5422 nostra,
2455 5357 2878 5412 laetiticationem
2915 5355 2996 5409 eis
3032 5369 3096 5408 ac
3127 5352 3369 5421 requiem
3401 5345 3581 5404 omni-

1993 5455 2093 5508 bus
2146 5452 2372 5521 prrebet,
2409 5461 2468 5506 ut
2503 5458 2682 5503 autem
2718 5447 3065 5517 cognoscatis
3105 5445 3229 5514 quia
3264 5442 3579 5512 benignitas

1995 5544 2172 5598 Patris
2206 5558 2311 5599 non
2347 5549 2545 5604 cessat,
2577 5556 2604 5593 a
2639 5557 2746 5609 quo
2779 5538 2944 5593 motio
2977 5536 3118 5592 facta
3150 5550 3179 5588 e
3216 5543 3256 5598 t,
3293 5530 3578 5586 bent-liciis

2507 5742 2548 5771 “
2574 5738 2730 5794 Rom.
2770 5737 2961 5805 lll,_L
3081 5735 3122 5764 ¹³
3159 5732 3171 5786 I
3206 5732 3312 5787 Cor
3365 5733 3577 5799 xu,27.
