4220 6316
687 360 792 411 937

1816 363 2087 421 PATRES
2123 365 2424 422 ΛΕΟΥΡΪΙΙ
2461 367 2733 425 διείῑιτιιι
2774 367 2863 423 Ν.

3855 363 3971 420 988'

687 468 920 529 fulciens
963 488 1179 547 semper
1212 492 1381 548 usque
1431 479 1484 534 in
1518 480 1861 550 hodiernum,
1902 496 1959 540 ut
2002 484 2271 541 obnoxios
2304 492 2351 547 Α
2379 482 2518 542 tuitu
2578 487 2905 542 alterutrum
2945 485 3266 556 pervidere;
3304 500 3423 538 eum
3479 482 3755 551 aufugerit
3788 484 3965 545 dolor.

689 562 895 621 faceret
918 582 1018 622 nos
1044 581 1277 638 propriae
1296 572 1480 638 morti,
1506 573 1761 641 quoniam
1793 575 1845 628 in
1873 584 2056 632 nostra
2082 591 2273 631 smnus

688 667 960 725 potestate
1007 662 1174 714 creati
1213 662 1402 717 :unde
1448 674 1501 719 et
1537 664 1613 719 illi
1661 667 1938 735 postulant
1977 683 2077 736 pro
2118 669 2274 723 nobis

695 764 935 819 semper,
989 752 1131 806 sicut
1181 755 1444 825 scriptum
1487 767 1569 812 est
1610 776 1622 810 :
1659 757 1913 814 lmmittet
1959 778 2012 815 se
2057 761 2274 830 angelus

693 837 905 892 Domini
955 842 1012 895 in
1072 843 1300 897 circuitu
1351 847 1644 900 timentium
1697 863 1854 914 eum,
1914 859 1961 902 et
2031 849 2275 902 liberabit

689 945 776 982 eos
813 931 879 984 ".

765 1019 852 1074 XI.
908 1023 1069 1092 Ergo,
1124 1025 1295 1091 ﬁlioli,
1343 1027 1485 1084 scire
1527 1043 1621 1082 vos
1664 1028 1818 1094 volo,
1851 1044 1916 1084 ex
1950 1045 2058 1098 quo
2105 1030 2276 1084 factus

693 1111 923 1166 mundus
948 1129 1116 1184 usque
1145 1133 1310 1185 nunc,
1339 1116 1595 1174 universa
1620 1134 1959 1188 quaecunque
1980 1131 2135 1176 extra
2163 1121 2273 1176 vir-

697 1213 870 1256 tutetn
906 1203 1155 1270 fuerunt,
1193 1209 1457 1277 completa
1501 1209 1704 1264 malitia
1741 1212 2020 1279 ipsorum,
2067 1220 2121 1265 et
2174 1212 2272 1280 ipsi

697 1305 1034 1362 cognoscunt
1082 1311 1140 1352 se
1182 1299 1326 1352 inter
1375 1297 1517 1352 lllios
1558 1312 1682 1352 esse
1714 1298 1912 1353 diaboli
1965 1307 2271 1368 reputatos,

697 1394 985 1454 propterea
1015 1387 1160 1455 quod
1197 1396 1464 1441 conantur
1507 1388 1801 1458 unicuique
1837 1398 2082 1444 nostrum
2120 1389 2272 1459 inge-

695 1490 818 1529 rere
851 1479 1123 1546 propriam
1151 1479 1507 1533 voluntatem.
1532 1478 1667 1533 Nam
1701 1495 1798 1549 pro
1829 1490 1980 1535 certo
2002 1489 2105 1546 est,
2134 1481 2275 1549 quod

692 1581 815 1618 cum
853 1581 911 1621 se
949 1570 1159 1622 noverit
1195 1559 1443 1624 diabolus
1491 1584 1588 1637 per
1622 1570 1934 1639 superbiam
1971 1580 2024 1623 et
2057 1571 2273 1624 inanem

696 1655 925 1722 gloriam
968 1658 1190 1713 coalitus
1227 1658 1395 1713 fuisse
1427 1659 1734 1727 deiectum;
1776 1660 1895 1713 ideo
1933 1668 1988 1713 et
2044 1659 2132 1713 ille
2180 1672 2280 1714 eos

697 1749 789 1814 qui
827 1750 1171 1816 pervenerint
1206 1750 1254 1800 in
1293 1764 1541 1820 magnam
1570 1765 1904 1815 mensuram,
1941 1752 2273 1821 aggreditur,

2382 577 2604 632 tristitia
2642 592 2708 633 ac
2738 577 2974 647 gemitus
3006 576 3076 638 '°,
3113 590 3345 644 cumque
3380 587 3541 641 super
3578 583 3743 642 caput
3777 571 3967 627 exsul-

2380 667 2515 721 tatio
2559 668 2831 722 exstiterit
2881 666 3282 720 universorum.
3336 664 3590 718 Erantet
3644 662 3751 716 alia
3800 660 3966 715 multa

2376 775 2496 830 quae
2534 759 2695 814 velim
2746 759 2956 824 dicere;
2991 759 3087 812 sed
3141 758 3186 813 si
3225 757 3425 810 dedero
3470 756 3818 810 occasionem
3876 769 3964 805 sa-

2376 852 2542 920 pienti
2571 852 2873 921 sapientior
2906 851 3094 906 erit".
3129 849 3320 902 Saluto
3354 863 3544 902 omnes
3569 843 3970 901 desideratissi-

2378 955 2495 998 mos
2525 958 2675 998 meos
2702 953 2754 997 et
2788 951 2944 996 natos
2973 941 3026 992 in
3064 939 3315 1001 Domino,
3351 954 3448 1004 per
3480 953 3698 992 nomen.

2943 1029 3277 1086 EPlSTOLA
3319 1029 3401 1082 lll.

2448 1123 2490 1178 l.
2528 1125 2689 1180 Scitis
2724 1126 2952 1193 gratiam
2987 1122 3192 1175 Domini
3229 1121 3391 1173 nostri
3422 1119 3546 1173 Jesu
3578 1118 3802 1185 Christi,
3828 1120 3970 1185 quod

2377 1228 2591 1286 prapter
2627 1232 2722 1268 nos
2770 1231 2972 1282 pauper
3007 1213 3182 1282 factus
3229 1221 3305 1265 est
3342 1226 3458 1263 cum
3507 1211 3654 1262 dives
3708 1224 3873 1271 esset,
3911 1219 3967 1260 ut

2380 1323 2471 1361 nos
2513 1315 2822 1376 paupertate
2864 1304 3009 1358 illius
3057 1303 3350 1355 ditaremur
3389 1300 3465 1363 ης
3523 1301 3758 1354 servitus
3787 1309 3970 1351 autem

2388 1397 2533 1451 illius
2561 1394 2814 1448 liberavit
2843 1406 2963 1456 nos,
2998 1401 3052 1446 et
3089 1389 3375 1444 inﬁrmitas
3406 1388 3525 1458 ejus
3562 1387 3845 1440 constituit
3874 1400 3969 1438 va-

2381 1486 2545 1542 lidos.
2584 1485 2825 1542 Stultitia
2855 1485 3000 1540 illius
3035 1498 3133 1537 nos
3165 1482 3450 1550 sapientes
3471 1478 3673 1540 elicuit,
3703 1478 3748 1531 si
3785 1492 3968 1530 tamen

2386 1580 2605 1641 iterum,
2645 1592 2744 1647 per
2779 1586 3006 1632 mortem
3047 1575 3348 1644 propriam,
3387 1571 3841 1627 resurrectionem
3881 1567 3972 1622 fa-

2380 1669 2490 1722 ciat
2543 1679 2810 1731 nostram,
2851 1677 2908 1720 ut
2948 1667 3000 1720 in
3037 1666 3141 1719 bac
3173 1664 3443 1732 possimus
3481 1677 3663 1716 vocem
3715 1673 3969 1730 magnam

2380 1760 2592 1815 elevare
2633 1762 2876 1814 dicentes
2919 1777 2931 1812 :
2980 1755 3212 1811 Tametsi
3250 1757 3487 1809 novimus
3534 1755 3820 1807 secundum
3848 1767 3973 1805 rar-

693 1838 748 1886 iu
780 1837 970 1904 primis
999 1836 1238 1893 artiﬁces
1266 1839 1595 1894 essistentes
1619 1856 1712 1908 per
1743 1840 2050 1910 superbiam
2077 1851 2128 1895 et
2162 1843 2278 1895 ina-
2311 1828 2354 1881 Β
2386 1853 2641 1916 nem-m1
2675 1860 2922 1905 creatum
2950 1860 3022 1904 εει
3055 1850 3108 1901 in
3142 1847 3350 1902 ctu-5m
3386 1861 3515 1898 "om
3546 1845 3614 1898 η,
3643 1844 3807 1907 νει-ρ,
3839 1843 3975 1897 ch“-

693 1943 817 1980 nem
874 1928 1130 1997 gloriam,
1188 1941 1247 1983 ut
1300 1933 1411 1985 sint
1465 1933 1754 1986 adversum
1817 1947 1876 1988 se
1934 1935 2277 2001 alterutrum,

692 2020 932 2075 scientes
966 2025 1108 2090 quod
1139 2037 1235 2091 per
1269 2023 1368 2076 ista
1397 2032 1685 2094 segregent
1711 2038 1808 2078 nos
1835 2040 1863 2078 a
1897 2018 2025 2081 Deo.
2058 2025 2120 2079 Et
2152 2028 2280 2096 quia

684 2122 961 2166 noverunt
993 2115 1134 2183 quod
1187 2114 1278 2182 qui
1326 2115 1622 2170 dilexerint
1661 2118 1995 2186 proximum,
2044 2119 2280 2188 diligant

696 2201 886 2267 Deum,
933 2203 1056 2258 ideo
1101 2213 1154 2259 et
1191 2205 1265 2259 illi
1300 2220 1423 2260 cum
1475 2207 1584 2262 sint
1619 2208 1836 2262 virtutis
1875 2209 2078 2264 inimici
2102 2250 2116 2275 ,
2152 2226 2280 2278 pro-

695 2294 870 2360 prium
899 2299 1168 2351 seminant
1199 2297 1446 2353 fomitem
1474 2300 1880 2355 simulationum
1909 2301 1962 2353 in
1995 2301 2158 2355 corde
2188 2317 2288 2355 no-

695 2395 831 2448 ιιι-υ,
866 2397 925 2441 ut
952 2390 1328 2456 possideamus
1355 2389 1696 2446 inimicitiam
1731 2407 1982 2462 magnam
2015 2393 2282 2446 adversus

697 2481 1046 2549 alterutrum,
1080 2499 1144 2538 nc
1178 2484 1267 2538 vel
1289 2485 1355 2540 de
1396 2487 1552 2556 longe
1589 2486 1843 2555 proximo
1883 2483 2283 2555 colloquantur.

699 2572 755 2627 In
797 2585 966 2626 totum
1006 2590 1151 2639 vere,
1192 2576 1363 2641 ﬁlioli,
1407 2577 1526 2631 volo
1560 2592 1656 2631 vos
1704 2578 1865 2630 etiam
1906 2577 2045 2631 istud
2082 2592 2282 2647 cogno-

695 2677 874 2730 scere,
904 2680 1026 2719 esse
1068 2667 1498 2735 quamplurintos
1566 2668 1656 2736 qui
1700 2667 2064 2721 sustinuerint
2115 2668 2285 2720 maxi-

699 2774 842 2812 tnmn
876 2771 1154 2812 tertamen
1204 2762 1255 2812 in
1301 2762 1716 2815 conversatinue
1758 2761 2138 2826 sanctissima;
2191 2762 2284 2830 sed

703 2849 1022 2903 indiscretio
1050 2849 1324 2904 interfurit
1362 2867 1476 2907 eos.
1509 2850 1668 2916 Vere,
1697 2852 1867 2916 ﬁlioli,
1902 2853 2026 2921 quia
2062 2867 2166 2905 non
2203 2858 2287 2904 est

697 2946 908 2994 tantum
957 2943 1262 2996 mirandum
1293 2945 1335 2996 si
1368 2943 1650 3012 negligatis
1687 2945 2083 3010 vosmetipsos,
2117 2958 2288 3011 quan—

702 3045 814 3087 tum
854 3035 899 3087 si
933 3049 1037 3087 non
1070 3035 1444 3088 discernentes
1477 3036 1751 3103 proprium
1784 3047 1918 3102 opus
1949 3033 2201 3087 incidatis
2233 3034 2284 3086 in

2389 1944 2592 2000 rissimi
2630 1944 2683 1997 in
2725 1943 2978 2006 Demino,
3013 1939 3135 1994 dico
3165 1939 3314 1993 vobis
3346 1938 3489 2007 quod
3517 1937 3672 2007 juxta
3712 1935 3977 1989 minutias

2387 2038 2534 2092 verbi
2572 2037 2850 2091 libertatis
2890 2037 2940 2089 in
2979 2050 3086 2104 qua
3136 2033 3314 2087 cuncti
3353 2031 3504 2085 liberi
3549 2045 3736 2084 sumus
3768 2027 3973 2114 eget-ti,

2389 2131 2494 2185 alia
2528 2127 2702 2185 balteo
2735 2129 2901 2182 multa
2935 2143 3053 2197 qua:
3084 2128 3258 2180 dicam
3289 2123 3481 2190 vobis;
3509 2123 3602 2178 sed
3631 2137 3736 2176 non
3770 2129 3851 2175 est
3885 2121 3976 2174 bo-

2389 2236 2507 2274 rum
2550 2230 2762 2288 tempus
2791 2218 3006 2272 dicendi
3042 2217 3219 2271 modo.
3259 2214 3451 2268 Saluto
3482 2215 3699 2268 interim
3733 2228 3826 2266 vos
3850 2228 3973 2288 om-

2390 2318 2507 2375 nes,
2554 2309 2858 2364 cbat-issiani
2900 2309 3001 2362 mei
3045 2309 3154 2361 nati
3200 2307 3253 2360 in
3290 2305 3538 2364 Domino,
3580 2305 3672 2358 ﬁlii
3712 2286 3976 2358 Israelita

2386 2405 2582 2469 sancti,
2630 2404 2923 2459 secundum
2976 2411 3218 2455 vestram
3280 2398 3585 2451 sensualem
3623 2397 3975 2452 exstantium.

2391 2493 2549 2556 Vere,
2581 2496 2825 2560 inquam,
2859 2488 3084 2544 decebat
3116 2488 3267 2540 vobis
3296 2485 3449 2554 quasi
3479 2481 3976 2552 propinquantibus

2393 2584 2616 2652 proprio
2645 2582 2952 2645 Couditori,
2990 2580 3056 2632 ad
3091 2577 3468 2647 inquirendam
3499 2573 3732 2628 salutem
3766 2572 3979 2625 anima-

2391 2690 2508 2728 rum
2562 2685 2878 2727 vestrarum.
2919 2685 3014 2738 per
3080 2667 3542 2722 testamentarimu
3597 2664 3792 2734 legem,
3850 2662 3981 2716 licet

2391 2769 2611 2832 propter
2643 2759 3048 2813 multitudinem
3073 2757 3293 2810 malitiat
3312 2765 3364 2809 et
3401 2755 3755 2824 malignitatis
3781 2754 3982 2806 distin-

2390 2855 2627 2909 etienem
2655 2867 2719 2906 ac
2743 2851 3026 2905 libidinum
3051 2847 3359 2916 voluptates
3380 2846 3655 2900 refrixerit
3681 2853 3982 2897 testamen-

2393 2947 2530 2998 taria
2569 2942 2660 2996 illa
2693 2942 2805 3005 lex,
2834 2941 3137 3005 animatque
3169 2943 3365 2990 vestrae
3395 2948 3588 2989 sensus
3616 2931 3795 2986 officio
3821 2932 3980 2984 obie-

2395 3038 2542 3099 rint;
2562 3042 2618 3088 et
2642 3033 2847 3087 idcirco
2870 3041 3210 3098 nequaquam
3237 3025 3518 3094 potueritis
3543 3023 3981 3076 animadvertere

711 3139 1025 3179 mensuram
1061 3124 1284 3188 diaboli,
1319 3125 1646 3178 arbitrantes
1679 3124 1819 3190 quod
1853 3123 1963 3190 jam
1995 3124 2155 3177 vicini
2192 3125 2281 3176 llei
2313 3162 2354 3218 Ο
2391 3124 2700 3180 sensualem
2744 3133 2800 3178 et
2839 3122 3132 3192 gloriosam
3161 3118 3453 3172 essentiam
3481 3125 3699 3183 propter
3749 3126 3979 3166 mortem

704 3216 827 3270 sitis
858 3215 1067 3282 etl‘ecti;
1095 3227 1150 3269 et
1181 3223 1560 3284 exspectantes
1587 3213 1781 3267 fortem
1813 3213 2008 3278 lucem,
2043 3215 2283 3267 tenebris

701 3309 1065 3377 occupemini.
1094 3308 1232 3374 Quid
1262 3310 1408 3362 enim
1433 3308 1655 3360 omnino
1680 3306 1853 3360 fuerat
1880 3322 2036 3373 opus,
2069 3315 2120 3358 ut
2149 3321 2287 3373 pra:-

704 3398 935 3466 cingens
968 3413 1026 3451 se
1056 3397 1214 3451 Jesus
1250 3395 1418 3450 linteo
1451 3411 1513 3450 ac
1550 3409 1765 3464 ponens
1805 3396 2022 3464 pelvim,
2064 3394 2288 3449 inferio-

710 3504 830 3540 rum
865 3502 923 3541 se
958 3487 1163 3540 lavaret
1198 3485 1365 3553 pedes
1394 3486 1472 3538 l'?
1511 3485 1616 3538 Sed
1651 3485 1955 3552 exemplum
1988 3486 2126 3538 istud
2158 3484 2290 3538 effe-

704 3577 1147 3647 rit.siguiﬁcans
1197 3577 1263 3630 de
1308 3576 1658 3630 conversuris
1703 3577 1768 3627 ad
1824 3575 2100 3644 praprium
2159 3575 2286 3628 illud

705 3683 1114 3738 supernuutqua
1178 3669 1504 3738 principium
1548 3687 1562 3719 :
1603 3668 1817 3720 initium
1867 3668 2064 3735 quippe
2115 3676 2292 3720 motus

705 3762 957 3830 superbia
996 3761 1229 3823 exsistit,
1263 3774 1382 3829 qua:
1413 3759 1552 3813 facta
1579 3768 1661 3813 est
1696 3759 1748 3812 in
1798 3760 2006 3826 primis.
2047 3759 2112 3811 Et
2145 3774 2210 3810 ne
2246 3759 2290 3812 si

711 3870 900 3908 rursus
938 3862 1058 3922 post
1091 3851 1258 3906 multa
1303 3851 1612 3906 confoderis
1664 3852 1716 3904 in
1755 3850 1919 3903 corde
1969 3859 2080 3911 tuo,
2117 3860 2170 3902 et
2239 3850 2288 3900 in

710 3957 820 4000 tota
849 3947 1028 3999 anima
1065 3955 1176 4010 tua,
1217 3957 1271 4000 et
1295 3945 1350 3998 in
1379 3955 1493 3996 toto
1519 3943 1712 4011 spiritu
1747 3952 1858 4003 tuo,
1893 3941 1945 3993 in
1981 3949 2089 3993 tota
2128 3943 2290 3993 etiam

709 4037 889 4090 :mima
937 4045 990 4088 et
1038 4049 1266 4104 corpore
1309 4042 1420 4088 toto
1458 4050 1472 4086 :
1512 4048 1618 4086 non
1663 4030 1866 4099 poteris
1924 4029 2291 4085 [nereditatem

708 4143 907 4196 capere
943 4127 1092 4196 regni
1131 4126 1245 4180 Dei.

783 4215 895 4271 ΧΗ.
955 4218 1114 4280 Vere,
1165 4214 1315 4268 lilioli
1351 4214 1453 4268 mei
1480 4208 1542 4266 in
1578 4211 1829 4276 Domino,
1861 4226 2044 4280 quaeso
2072 4211 2299 4268 Creato-

714 4327 827 4365 rem
867 4326 1045 4364 meum
1081 4309 1166 4363 die
1207 4324 1271 4361 ac
1315 4317 1493 4367 nocte,
1544 4320 1572 4359 a
1604 4319 1711 4372 quo
1747 4313 1800 4357 et
1843 4303 2017 4359 habeo
2044 4305 2295 4370 spiritum

711 4400 1150 4455 commendatum
1174 4438 1189 4461 ,
1225 4405 1280 4450 ut
1314 4397 1522 4465 aperiat
1556 4396 1744 4449 oculos
1791 4395 1972 4448 cordis
2016 4395 2177 4448 vestri
2230 4395 2295 4448 ad

2392 3234 2496 3288 qua
2540 3226 2891 3271 corruerunt.
2918 3214 3160 3280 ideoque
3188 3210 3456 3277 scriptum
3488 3217 3572 3260 est
3606 3208 3658 3258 iu
3695 3205 3980 3273 Scriptura

2391 3311 2595 3373 divina,
2629 3308 2771 3376 quod
2803 3308 2936 3359 sicut
2968 3308 3022 3358 in
3058 3308 3223 3358 Adam
3251 3319 3428 3358 omnes
3453 3302 3777 3361 moriuntur,
3811 3298 3892 3350 ita
3930 3309 3980 3351 ιι

2392 3403 2444 3453 in
2473 3400 2682 3455 Christo
2713 3413 2890 3451 omnes
2917 3393 3421 3463 viviﬁcabuntur“.
3451 3394 3588 3461 Ergo
3614 3392 3729 3459 ipse
3757 3401 3839 3444 est
3866 3390 3986 3443 vita

2395 3493 2560 3546 totius
2595 3489 2936 3544 rationabilis
2969 3497 3195 3551 naturae,
3224 3496 3423 3541 creatae
3448 3486 3500 3538 in
3528 3485 3646 3553 ipso
3675 3482 3984 3536 secumlum

2396 3581 2628 3651 elligiem
2667 3577 2920 3647 imaginis
2955 3577 3093 3645 ejus.
3142 3576 3256 3643 lpse
3303 3575 3468 3628 etiam
3521 3572 3736 3626 exsistit
3785 3583 3989 3623 sensus

2395 3687 2556 3726 verus
2587 3670 2786 3723 Patris.
2826 3668 2932 3722 Sed
2963 3669 3140 3736 imago
3165 3666 3384 3736 quidem
3415 3663 3691 3721 Genitoris
3729 3662 3988 3714 inversa-

2404 3763 2528 3815 bzlis
2558 3771 2661 3824 est,
2691 3774 2812 3829 quae
2836 3767 3110 3826 assumpta
3140 3766 3242 3812 est.
3276 3755 3481 3810 Praeter
3510 3754 3653 3808 illam
3680 3762 3855 3805 tamen
3886 3765 3990 3804 vo-

2398 3855 2482 3906 bis
2499 3853 2697 3906 accidit
2721 3851 2950 3914 malitia,
2974 3851 3027 3903 in
3055 3864 3158 3918 qua
3184 3859 3239 3903 et
3268 3847 3505 3901 universi
3536 3844 3730 3898 mortui
3760 3857 3989 3909 smnus;

2404 3955 2564 3999 extra
2597 3953 2846 3997 naturam
2876 3942 3143 4012 siquidem
3176 3950 3258 3994 est
3283 3939 3602 3993 substantia
3634 3934 3903 3990 sensualis
3936 3935 3991 3987 in

2401 4034 2533 4090 Deo.
2589 4034 2731 4104 Ergo
2781 4033 3060 4095 onmibus,
3111 4031 3309 4098 inquit,
3350 4037 3504 4082 extra
3556 4036 3800 4079 naturam
3853 4035 3988 4087 est;

2404 4126 2797 4197 acquisivitnus
2819 4125 3038 4178 domum
3062 4122 3406 4175 tenebrosam
3429 4132 3493 4171 ac
3518 4117 3713 4186 praliis
3735 4115 3990 4183 plenam.

2400 4221 2464 4275 Et
2514 4220 2564 4273 in
2600 4219 2703 4272 hoc
2750 4214 3110 4271 testiﬁcantur
3143 4212 3322 4274 vobis,
3372 4211 3515 4277 quod
3570 4209 3730 4263 totius
3778 4207 4015 4274 rigoris.

2401 4313 2630 4366 scientia
2659 4298 2842 4362 deﬁcit
2875 4321 2904 4360 a
2932 4307 3110 4361 nobis.
3143 4304 3230 4360 Ob-
3257 4316 3423 4372 quam
3448 4304 3609 4356 etiam
3637 4314 3852 4355 causam
3886 4313 3997 4354 as-

2404 4404 2613 4471 piciens
2652 4403 2867 4470 genitor
2898 4407 3083 4452 noster
3119 4395 3262 4449 Deus
3304 4393 3677 4448 inﬁrmitatem
3712 4401 3999 4457 nostram,

712 4493 1151 4563 cognoscendam
1199 4491 1546 4544 dilectionem
1581 4498 1819 4540 nostram
1861 4501 1889 4538 ιι
1928 4487 2100 4548 vobis,
2133 4503 2295 4556 quam
2334 4525 2375 4578 ο
2405 4493 2549 4562 quod
2583 4491 2949 4561 impossibiles
2996 4491 3166 4544 simus
3201 4488 3378 4542 effecti
3409 4497 3634 4553 gestare
3664 4484 4000 4546 veritatem;

716 4589 891 4642 habeo
924 4598 1052 4654 erga
1087 4599 1205 4646 vos,
1243 4593 1297 4637 et
1330 4592 1387 4634 ut
1432 4580 1691 4649 pateﬁant
1731 4578 1946 4632 auditus
1981 4577 2174 4632 animae
2211 4595 2299 4634 ve-

715 4691 843 4732 strm
912 4677 978 4728 ad
1046 4674 1484 4742 conspiciendam
1554 4669 1926 4724 confusionem
2000 4671 2298 4738 propriam.

717 4761 982 4837 Quisquis
1013 4768 1221 4821 etenim
1253 4764 1566 4834 cognoverit
1608 4761 1843 4815 dedecus
1874 4775 2052 4822 suum,
2089 4762 2174 4814 bic
2202 4762 2296 4815 tle-

719 4877 869 4913 tuum
901 4858 1143 4924 requiret
1174 4865 1228 4909 et
1253 4854 1480 4908 electam
1507 4853 1732 4920 gloriam
1771 4866 1947 4905 suam.
1980 4851 2044 4904 Ιζι
2069 4852 2300 4920 quicun-

720 4965 826 5016 que
856 4946 1172 5016 cegttoverit
1213 4942 1487 5012 propriam
1536 4948 1792 5001 montem,
1839 4942 1941 4995 iste
1981 4942 2175 4994 iterum
2212 4957 2306 4995 co-

723 5049 946 5108 gnoscet
979 5039 1145 5092 etiam
1176 5052 1325 5088 suam
1356 5042 1618 5089 alternam
1651 5035 1837 5087 vitam.
1875 5032 2040 5096 Ωιιαεὶ
2078 5031 2306 5100 pruden-

730 5134 874 5186 tibus
911 5134 1098 5198 loquor
1134 5131 1202 5195 ",
1231 5143 1358 5181 vere
1419 5126 1592 5187 lilioli,
1624 5126 1748 5192 quia
1776 5126 1938 5178 timeo
1965 5140 2031 5179 ne
2055 5123 2194 5178 forte
2223 5124 2307 5177 fa-

729 5240 844 5279 mes
878 5237 977 5276 nos
1001 5220 1431 5290 comprehendat
1464 5219 1519 5272 in
1546 5218 1657 5282 via,
1695 5225 1748 5269 et
1790 5218 1839 5267 in
1871 5217 1986 5270 loco
2021 5232 2129 5285 quo
2160 5227 2309 5283 pote-

731 5329 914 5370 ranus
943 5312 1140 5367 divites
1174 5311 1290 5365 ﬁeri
1322 5312 1367 5365 si
1399 5310 1643 5364 velimus.
1680 5309 1932 5363 Volebam
1970 5320 2095 5361 ante
2127 5309 2309 5363 videre

730 5421 831 5460 vos
860 5406 926 5458 ad
959 5405 1153 5459 facium
1187 5404 1241 5457 in
1279 5418 1525 5473 corpore,
1556 5401 1648 5456 sed
1677 5401 1786 5469 jam
1817 5411 2075 5468 exspecto
2099 5411 2309 5470 tempus

728 5499 872 5568 quod
912 5508 999 5552 est
1039 5511 1226 5566 prope,
1262 5496 1316 5549 in
1352 5508 1459 5565 quo
1491 5492 1762 5562 possimus
1798 5507 1864 5546 ex
1901 5494 2016 5559 ipso
2045 5507 2144 5544 nos
2178 5506 2310 5546 con-

807 5702 847 5731 ”
872 5701 1013 5754 Psal.
1046 5717 1235 5756 xxrttt.
1270 5699 1321 5752 8.
1411 5699 1449 5729 ³⁸
1489 5697 1645 5751 Joan.
1687 5713 1806 5756 xm.
1856 5700 1908 5762 ι,
1957 5700 2005 5753 5.

735 5785 852 5839 Vill,
887 5769 939 5824 9.
1018 5771 1063 5801 ’³
1107 5770 1146 5822 ιι
1187 5770 1311 5824 Cor.
1346 5786 1392 5834 ν,
1430 5769 1513 5823 lb'.
1561 5768 1644 5821 l'i.
1726 5769 1767 5798 ³⁸*
1812 5770 1984 5824 lCor.
2036 5787 2122 5837 tv,
2165 5771 2252 5824 22.

2103 5703 2141 5731 "
2184 5701 2536 5758 lCor,\.lS.
2618 5701 2661 5730 ὀ
2703 5701 2780 5759 Ap

2108 5810 2122 5832 ,
2165 5771 2252 5824 22.
2333 5771 2376 5803 "
2455 5769 2565 5824 Joel
2603 5785 2662 5832 ιι,
2705 5768 2786 5820 15,

2409 4601 2474 4638 ex
2515 4600 2622 4653 quo
2649 4584 2811 4652 hujus
2842 4583 2921 4638 rei
2955 4585 3128 4651 gratia
3165 4581 3406 4634 bonitate
3432 4577 3651 4647 propria
3683 4575 3823 4628 venit
3852 4575 4006 4628 visi-

2411 4676 2668 4730 tationem
2709 4673 2893 4726 facere
2924 4681 3304 4726 creaturarum
3331 4684 3554 4724 suarum
3592 4681 3687 4736 per
3731 4665 4004 4722 ministe-

2405 4767 2543 4819 rium
2571 4774 2908 4819 sanctorum.

2474 4857 2535 4912 ll.
2579 4856 2818 4912 Obsecro
2849 4868 2946 4909 vos
2976 4853 3260 4907 universos
3291 4852 3344 4905 in
3374 4849 3628 4915 Domino,
3652 4847 4002 4914 cbarissimi,

2407 4957 2468 5002 ut
2499 4947 2813 5013 intelligatis
2847 4959 2966 5012 qua:
2995 4944 3174 4998 scribo
3211 4942 3386 4996 vobis.
3426 4942 3561 5006 Quia
3601 4955 3703 4994 non
3738 4939 4005 4994 dilectio-

2411 5055 2532 5094 nem
2570 5036 2908 5106 corporalem
2958 5034 3133 5089 habeo
3164 5034 3216 5086 in
3257 5048 3371 5096 vos,
3404 5032 3496 5086 sed
3535 5031 3850 5085 charitatem
3879 5034 4008 5101 spi-

2413 5131 2546 5182 ritus
2572 5127 2800 5181 culturte
2832 5124 2947 5178 Dei.
2991 5123 3302 5191 Pro-parate
3345 5123 3706 5189 vosmetipsos
3749 5119 3814 5171 ad
3845 5117 4010 5175 Con.

2411 5222 2644 5273 ditorem
2682 5229 2926 5272 vestrum
2958 5216 3058 5271 ire.
3100 5213 3335 5270 Scindite
3372 5215 3537 5266 corda
3583 5227 3771 5273 rastra,
3805 5220 3852 5263 et
3889 5229 4009 5266 non

2412 5316 2715 5367 vestimenta
2748 5322 2916 5366 vestra
2946 5310 3023 5363 “.-
3058 5308 3126 5363 Et
3159 5309 3353 5363 scitote
3383 5306 3511 5375 quid
3537 5303 3804 5373 possimus
3838 5306 4008 5358 resti-

2416 5413 2565 5456 tuere
2607 5401 2837 5456 Domino
2888 5416 2987 5470 pro
3017 5401 3233 5455 cunctis
3273 5398 3669 5451 donationibus
3696 5412 3810 5464 qua
3850 5396 4008 5453 dedit

2416 5492 2589 5560 nobis,
2634 5494 2837 5564 quique
2885 5504 2940 5548 et
2967 5507 3142 5562 usque
3177 5501 3233 5546 et
3277 5492 3367 5545 hic
3415 5490 3468 5543 in
3519 5491 3620 5544 ista
3659 5490 4009 5549 habitatione

3210 5693 3251 5725 ¹¹
3285 5693 3443 5746 Prov.
3478 5707 3555 5753 ts,
3598 5693 3651 5748 9.

2618 5700 2661 5730 ὀ
2703 5701 2868 5759 Apoc.
2903 5713 3013 5760 ut,
3048 5695 3102 5747 4.
3210 5693 3251 5725 ¹¹
3285 5693 3443 5746 Prov.
3478 5707 3555 5753 ts,
3598 5693 3651 5748 9.
3728 5692 3773 5723 ¹¹
3800 5690 3840 5744 ll
3876 5689 4009 5748 Cor.
