  <div class='ocr_page' id='page_1' title='image "/cluster/home/n/w/nwhite01/storage/ocr_20150623/40/pst.000005712373/510.png"; bbox 0 0 4220 6316; ppageno 0'>
   <div class='ocr_carea' id='block_1_1' title="bbox 248 386 346 441">
    <p class='ocr_par' dir='ltr' id='par_1_1' title="bbox 248 386 346 441">
     <span class='ocr_line' id='line_1_1' title="bbox 248 386 346 441; baseline 0 -1"><span class='ocrx_word' id='word_1_1' title='bbox 248 386 346 441; x_wconf 74' lang='lat'><strong>089</strong></span> 
     </span>
    </p>
   </div>
   <div class='ocr_carea' id='block_1_2' title="bbox 1270 390 2513 452">
    <p class='ocr_par' dir='ltr' id='par_1_2' title="bbox 1270 390 2513 452">
     <span class='ocr_line' id='line_1_2' title="bbox 1270 390 2513 452; baseline 0.002 -4"><span class='ocrx_word' id='word_1_2' title='bbox 1270 393 1326 448; x_wconf 87' lang='lat' dir='ltr'><strong>S.</strong></span> <span class='ocrx_word' id='word_1_3' title='bbox 1368 391 1651 448; x_wconf 64' lang='lat' dir='ltr'><strong>ANTONII</strong></span> <span class='ocrx_word' id='word_1_4' title='bbox 1693 394 1757 448; x_wconf 74' lang='grc' dir='ltr'><strong>Μ.</strong></span> <span class='ocrx_word' id='word_1_5' title='bbox 1806 390 2095 451; x_wconf 72' lang='lat' dir='ltr'><strong>ABBATIS</strong></span> <span class='ocrx_word' id='word_1_6' title='bbox 2137 395 2513 452; x_wconf 65' lang='lat' dir='ltr'><strong>EPISTOLE.</strong></span> 
     </span>
    </p>
   </div>
   <div class='ocr_carea' id='block_1_3' title="bbox 3405 398 3509 455">
    <p class='ocr_par' dir='ltr' id='par_1_3' title="bbox 3405 398 3509 455">
     <span class='ocr_line' id='line_1_3' title="bbox 3405 398 3509 455; baseline 0 0"><span class='ocrx_word' id='word_1_7' title='bbox 3405 398 3509 455; x_wconf 79' lang='lat'><strong>990</strong></span> 
     </span>
    </p>
   </div>
   <div class='ocr_carea' id='block_1_4' title="bbox 245 505 3507 584">
    <p class='ocr_par' dir='ltr' id='par_1_4' title="bbox 245 505 3507 584">
     <span class='ocr_line' id='line_1_4' title="bbox 245 505 3507 584; baseline 0.003 -26"><span class='ocrx_word' id='word_1_8' title='bbox 245 505 560 562; x_wconf 80' lang='lat' dir='ltr'><strong>nicmoriam</strong></span> <span class='ocrx_word' id='word_1_9' title='bbox 612 510 778 563; x_wconf 88' lang='lat' dir='ltr'><strong>nostri</strong></span> <span class='ocrx_word' id='word_1_10' title='bbox 829 509 978 571; x_wconf 67' lang='lat' dir='ltr'><strong>facit,</strong></span> <span class='ocrx_word' id='word_1_11' title='bbox 1009 523 1227 576; x_wconf 70' lang='lat' dir='ltr'><strong>promer</strong></span> <span class='ocrx_word' id='word_1_12' title='bbox 1261 509 1578 565; x_wconf 85' lang='lat' dir='ltr'><strong>immensam</strong></span> <span class='ocrx_word' id='word_1_13' title='bbox 1609 512 1824 565; x_wconf 85' lang='lat' dir='ltr'><strong>honita-</strong></span> <span class='ocrx_word' id='word_1_14' title='bbox 1858 524 1898 577; x_wconf 72' lang='grc' dir='ltr'><strong>Α</strong></span> <span class='ocrx_word' id='word_1_15' title='bbox 1937 511 2079 568; x_wconf 83' lang='lat' dir='ltr'><strong>bitus</strong></span> <span class='ocrx_word' id='word_1_16' title='bbox 2110 515 2372 580; x_wconf 63' lang='lat' dir='ltr'><strong>stultitiae,</strong></span> <span class='ocrx_word' id='word_1_17' title='bbox 2407 523 2463 569; x_wconf 92' lang='lat' dir='ltr'><strong>ut</strong></span> <span class='ocrx_word' id='word_1_18' title='bbox 2493 530 2591 569; x_wconf 90' lang='lat' dir='ltr'><strong>nos</strong></span> <span class='ocrx_word' id='word_1_19' title='bbox 2616 512 2815 568; x_wconf 81' lang='lat' dir='ltr'><strong>faceret</strong></span> <span class='ocrx_word' id='word_1_20' title='bbox 2854 510 3361 584; x_wconf 86' lang='lat' dir='ltr'><strong>sapientes.Inopes</strong></span> <span class='ocrx_word' id='word_1_21' title='bbox 3382 531 3507 570; x_wconf 82' lang='lat' dir='ltr'><strong>era-</strong></span> 
     </span>
    </p>
   </div>
   <div class='ocr_carea' id='block_1_5' title="bbox 238 601 1826 658">
    <p class='ocr_par' dir='ltr' id='par_1_5' title="bbox 238 601 1826 658">
     <span class='ocr_line' id='line_1_5' title="bbox 238 601 1826 658; baseline 0.003 -5"><span class='ocrx_word' id='word_1_22' title='bbox 238 611 344 653; x_wconf 85' lang='lat' dir='ltr'><strong>tem</strong></span> <span class='ocrx_word' id='word_1_23' title='bbox 376 612 528 653; x_wconf 84' lang='lat' dir='ltr'><strong>suam</strong></span> <span class='ocrx_word' id='word_1_24' title='bbox 568 611 620 654; x_wconf 87' lang='lat' dir='ltr'><strong>et</strong></span> <span class='ocrx_word' id='word_1_25' title='bbox 659 601 923 654; x_wconf 88' lang='lat' dir='ltr'><strong>inﬁnitam</strong></span> <span class='ocrx_word' id='word_1_26' title='bbox 971 601 1320 656; x_wconf 87' lang='lat' dir='ltr'><strong>dilectionem</strong></span> <span class='ocrx_word' id='word_1_27' title='bbox 1358 619 1461 656; x_wconf 88' lang='lat' dir='ltr'><strong>non</strong></span> <span class='ocrx_word' id='word_1_28' title='bbox 1493 602 1697 658; x_wconf 79' lang='lat' dir='ltr'><strong>faciens</strong></span> <span class='ocrx_word' id='word_1_29' title='bbox 1729 619 1826 658; x_wconf 89' lang='lat' dir='ltr'><strong>no-</strong></span> 
     </span>
    </p>
   </div>
   <div class='ocr_carea' id='block_1_6' title="bbox 243 684 1825 765">
    <p class='ocr_par' dir='ltr' id='par_1_6' title="bbox 243 684 1825 765">
     <span class='ocr_line' id='line_1_6' title="bbox 243 684 1825 765; baseline 0.009 -29"><span class='ocrx_word' id='word_1_30' title='bbox 243 687 323 741; x_wconf 76' lang='lat' dir='ltr'><strong>nis</strong></span> <span class='ocrx_word' id='word_1_31' title='bbox 359 684 658 743; x_wconf 76' lang='lat' dir='ltr'><strong>secundum</strong></span> <span class='ocrx_word' id='word_1_32' title='bbox 688 701 906 758; x_wconf 79' lang='lat' dir='ltr'><strong>peceata</strong></span> <span class='ocrx_word' id='word_1_33' title='bbox 955 699 1140 746; x_wconf 80' lang='lat' dir='ltr'><strong>nostra</strong></span> <span class='ocrx_word' id='word_1_34' title='bbox 1179 712 1190 746; x_wconf 86' lang='lat'><strong>:</strong></span> <span class='ocrx_word' id='word_1_35' title='bbox 1227 693 1318 762; x_wconf 85' lang='lat' dir='ltr'><strong>qui</strong></span> <span class='ocrx_word' id='word_1_36' title='bbox 1355 705 1410 748; x_wconf 91' lang='lat' dir='ltr'><strong>et</strong></span> <span class='ocrx_word' id='word_1_37' title='bbox 1449 694 1614 748; x_wconf 87' lang='lat' dir='ltr'><strong>solem</strong></span> <span class='ocrx_word' id='word_1_38' title='bbox 1656 711 1825 765; x_wconf 89' lang='lat' dir='ltr'><strong>usque</strong></span> 
     </span>
    </p>
   </div>
   <div class='ocr_carea' id='block_1_7' title="bbox 242 779 1821 852">
    <p class='ocr_par' dir='ltr' id='par_1_7' title="bbox 242 779 1821 852">
     <span class='ocr_line' id='line_1_7' title="bbox 242 779 1821 852; baseline 0.008 -22"><span class='ocrx_word' id='word_1_39' title='bbox 242 779 364 834; x_wconf 76' lang='lat' dir='ltr'><strong>fecit</strong></span> <span class='ocrx_word' id='word_1_40' title='bbox 412 783 727 847; x_wconf 88' lang='lat' dir='ltr'><strong>ministrare</strong></span> <span class='ocrx_word' id='word_1_41' title='bbox 777 784 937 838; x_wconf 83' lang='lat' dir='ltr'><strong>nobis</strong></span> <span class='ocrx_word' id='word_1_42' title='bbox 984 785 1036 838; x_wconf 89' lang='lat' dir='ltr'><strong>in</strong></span> <span class='ocrx_word' id='word_1_43' title='bbox 1082 785 1368 840; x_wconf 85' lang='lat' dir='ltr'><strong>tenebrosa</strong></span> <span class='ocrx_word' id='word_1_44' title='bbox 1413 787 1593 852; x_wconf 87' lang='lat' dir='ltr'><strong>domo,</strong></span> <span class='ocrx_word' id='word_1_45' title='bbox 1642 787 1821 842; x_wconf 89' lang='lat' dir='ltr'><strong>lunam</strong></span> 
     </span>
    </p>
   </div>
   <div class='ocr_carea' id='block_1_8' title="bbox 241 874 1820 955">
    <p class='ocr_par' dir='ltr' id='par_1_8' title="bbox 241 874 1820 955">
     <span class='ocr_line' id='line_1_8' title="bbox 241 874 1820 955; baseline 0.006 -32"><span class='ocrx_word' id='word_1_46' title='bbox 241 887 460 941; x_wconf 84' lang='lat' dir='ltr'><strong>quoque</strong></span> <span class='ocrx_word' id='word_1_47' title='bbox 504 890 566 928; x_wconf 90' lang='lat' dir='ltr'><strong>ac</strong></span> <span class='ocrx_word' id='word_1_48' title='bbox 601 874 781 929; x_wconf 83' lang='lat' dir='ltr'><strong>sidera</strong></span> <span class='ocrx_word' id='word_1_49' title='bbox 820 878 1247 945; x_wconf 69' lang='lat' dir='ltr'><strong>cuuctaJubens</strong></span> <span class='ocrx_word' id='word_1_50' title='bbox 1288 879 1568 933; x_wconf 84' lang='lat' dir='ltr'><strong>deservire</strong></span> <span class='ocrx_word' id='word_1_51' title='bbox 1597 880 1820 955; x_wconf 87' lang='lat' dir='ltr'><strong>vanitati</strong></span> 
     </span>
    </p>
   </div>
   <div class='ocr_carea' id='block_1_9' title="bbox 241 965 1827 1038">
    <p class='ocr_par' dir='ltr' id='par_1_9' title="bbox 241 965 1827 1038">
     <span class='ocr_line' id='line_1_9' title="bbox 241 965 1827 1038; baseline 0.005 -21"><span class='ocrx_word' id='word_1_52' title='bbox 241 965 519 1032; x_wconf 67' lang='lat' dir='ltr'><strong>periturat,</strong></span> <span class='ocrx_word' id='word_1_53' title='bbox 545 976 763 1036; x_wconf 78' lang='lat' dir='ltr'><strong>propter</strong></span> <span class='ocrx_word' id='word_1_54' title='bbox 789 983 1079 1038; x_wconf 83' lang='lat' dir='ltr'><strong>corporum</strong></span> <span class='ocrx_word' id='word_1_55' title='bbox 1110 971 1639 1034; x_wconf 69' lang='lat' dir='ltr'><strong>conStabilitionem,</strong></span> <span class='ocrx_word' id='word_1_56' title='bbox 1664 972 1827 1025; x_wconf 82' lang='lat' dir='ltr'><strong>alias-</strong></span> 
     </span>
    </p>
   </div>
   <div class='ocr_carea' id='block_1_10' title="bbox 239 1057 1823 1129">
    <p class='ocr_par' dir='ltr' id='par_1_10' title="bbox 239 1057 1823 1129">
     <span class='ocr_line' id='line_1_10' title="bbox 239 1057 1823 1129; baseline 0.007 -26"><span class='ocrx_word' id='word_1_57' title='bbox 239 1069 342 1122; x_wconf 82' lang='lat' dir='ltr'><strong>que</strong></span> <span class='ocrx_word' id='word_1_58' title='bbox 372 1057 602 1110; x_wconf 84' lang='lat' dir='ltr'><strong>virtutes</strong></span> <span class='ocrx_word' id='word_1_59' title='bbox 632 1058 830 1113; x_wconf 89' lang='lat' dir='ltr'><strong>multas</strong></span> <span class='ocrx_word' id='word_1_60' title='bbox 855 1059 1009 1114; x_wconf 89' lang='lat' dir='ltr'><strong>nobis</strong></span> <span class='ocrx_word' id='word_1_61' title='bbox 1044 1060 1357 1115; x_wconf 85' lang='lat' dir='ltr'><strong>ministrare</strong></span> <span class='ocrx_word' id='word_1_62' title='bbox 1389 1061 1657 1129; x_wconf 63' lang='lat' dir='ltr'><strong>prafecit,</strong></span> <span class='ocrx_word' id='word_1_63' title='bbox 1689 1064 1823 1128; x_wconf 80' lang='lat' dir='ltr'><strong>q&#39;uas</strong></span> 
     </span>
    </p>
   </div>
   <div class='ocr_carea' id='block_1_11' title="bbox 241 1148 1820 1220">
    <p class='ocr_par' dir='ltr' id='par_1_11' title="bbox 241 1148 1820 1220">
     <span class='ocr_line' id='line_1_11' title="bbox 241 1148 1820 1220; baseline 0.004 -23"><span class='ocrx_word' id='word_1_64' title='bbox 241 1160 422 1213; x_wconf 83' lang='lat' dir='ltr'><strong>neque</strong></span> <span class='ocrx_word' id='word_1_65' title='bbox 464 1148 696 1202; x_wconf 78' lang='lat' dir='ltr'><strong>vidimus</strong></span> <span class='ocrx_word' id='word_1_66' title='bbox 734 1151 980 1218; x_wconf 84' lang='lat' dir='ltr'><strong>corporis</strong></span> <span class='ocrx_word' id='word_1_67' title='bbox 1010 1151 1188 1204; x_wconf 87' lang='lat' dir='ltr'><strong>oculo.</strong></span> <span class='ocrx_word' id='word_1_68' title='bbox 1229 1151 1368 1218; x_wconf 87' lang='lat' dir='ltr'><strong>Quid</strong></span> <span class='ocrx_word' id='word_1_69' title='bbox 1400 1167 1531 1220; x_wconf 80' lang='lat' dir='ltr'><strong>ergo</strong></span> <span class='ocrx_word' id='word_1_70' title='bbox 1579 1152 1820 1205; x_wconf 79' lang='lat' dir='ltr'><strong>dicemus</strong></span> 
     </span>
    </p>
   </div>
   <div class='ocr_carea' id='block_1_12' title="bbox 237 1241 1821 1314">
    <p class='ocr_par' dir='ltr' id='par_1_12' title="bbox 237 1241 1821 1314">
     <span class='ocr_line' id='line_1_12' title="bbox 237 1241 1821 1314; baseline 0.004 -26"><span class='ocrx_word' id='word_1_71' title='bbox 237 1241 390 1305; x_wconf 89' lang='lat' dir='ltr'><strong>quasi</strong></span> <span class='ocrx_word' id='word_1_72' title='bbox 428 1241 478 1292; x_wconf 91' lang='lat' dir='ltr'><strong>in</strong></span> <span class='ocrx_word' id='word_1_73' title='bbox 522 1242 704 1310; x_wconf 84' lang='lat' dir='ltr'><strong>aliquo</strong></span> <span class='ocrx_word' id='word_1_74' title='bbox 735 1243 859 1294; x_wconf 91' lang='lat' dir='ltr'><strong>boni</strong></span> <span class='ocrx_word' id='word_1_75' title='bbox 883 1241 1197 1296; x_wconf 80' lang='lat' dir='ltr'><strong>fraudentur</strong></span> <span class='ocrx_word' id='word_1_76' title='bbox 1223 1245 1291 1298; x_wconf 88' lang='lat' dir='ltr'><strong>ab</strong></span> <span class='ocrx_word' id='word_1_77' title='bbox 1310 1260 1372 1298; x_wconf 89' lang='lat' dir='ltr'><strong>eo</strong></span> <span class='ocrx_word' id='word_1_78' title='bbox 1403 1246 1544 1314; x_wconf 90' lang='lat' dir='ltr'><strong>quod</strong></span> <span class='ocrx_word' id='word_1_79' title='bbox 1577 1245 1687 1312; x_wconf 89' lang='lat' dir='ltr'><strong>ipse</strong></span> <span class='ocrx_word' id='word_1_80' title='bbox 1719 1259 1821 1296; x_wconf 89' lang='lat' dir='ltr'><strong>non</strong></span> 
     </span>
    </p>
   </div>
   <div class='ocr_carea' id='block_1_13' title="bbox 239 1332 1826 1408">
    <p class='ocr_par' dir='ltr' id='par_1_13' title="bbox 239 1332 1826 1408">
     <span class='ocr_line' id='line_1_13' title="bbox 239 1332 1826 1408; baseline 0.006 -28"><span class='ocrx_word' id='word_1_81' title='bbox 239 1332 428 1383; x_wconf 70' lang='lat' dir='ltr'><strong>iecerit</strong></span> <span class='ocrx_word' id='word_1_82' title='bbox 489 1333 685 1387; x_wconf 89' lang='lat' dir='ltr'><strong>nobis?</strong></span> <span class='ocrx_word' id='word_1_83' title='bbox 720 1332 971 1408; x_wconf 82' lang='lat' dir='ltr'><strong>Nunquid</strong></span> <span class='ocrx_word' id='word_1_84' title='bbox 1007 1337 1333 1404; x_wconf 67' lang='lat' dir='ltr'><strong>patriarchae</strong></span> <span class='ocrx_word' id='word_1_85' title='bbox 1379 1352 1482 1390; x_wconf 87' lang='lat' dir='ltr'><strong>non</strong></span> <span class='ocrx_word' id='word_1_86' title='bbox 1527 1338 1669 1406; x_wconf 77' lang='lat' dir='ltr'><strong>passi</strong></span> <span class='ocrx_word' id='word_1_87' title='bbox 1700 1347 1826 1390; x_wconf 87' lang='lat' dir='ltr'><strong>sunt</strong></span> 
     </span>
    </p>
   </div>
   <div class='ocr_carea' id='block_1_14' title="bbox 242 1423 1824 1489">
    <p class='ocr_par' dir='ltr' id='par_1_14' title="bbox 242 1423 1824 1489">
     <span class='ocr_line' id='line_1_14' title="bbox 242 1423 1824 1489; baseline 0.007 -21"><span class='ocrx_word' id='word_1_88' title='bbox 242 1437 342 1489; x_wconf 85' lang='lat' dir='ltr'><strong>pro</strong></span> <span class='ocrx_word' id='word_1_89' title='bbox 378 1423 556 1484; x_wconf 81' lang='lat' dir='ltr'><strong>nobis,</strong></span> <span class='ocrx_word' id='word_1_90' title='bbox 588 1435 679 1476; x_wconf 91' lang='lat' dir='ltr'><strong>aut</strong></span> <span class='ocrx_word' id='word_1_91' title='bbox 715 1426 1026 1479; x_wconf 90' lang='lat' dir='ltr'><strong>sacerdotes</strong></span> <span class='ocrx_word' id='word_1_92' title='bbox 1054 1441 1156 1479; x_wconf 90' lang='lat' dir='ltr'><strong>nou</strong></span> <span class='ocrx_word' id='word_1_93' title='bbox 1184 1427 1479 1479; x_wconf 73' lang='lat' dir='ltr'><strong>docuerunt</strong></span> <span class='ocrx_word' id='word_1_94' title='bbox 1516 1428 1649 1481; x_wconf 81' lang='lat' dir='ltr'><strong>nos?</strong></span> <span class='ocrx_word' id='word_1_95' title='bbox 1678 1427 1824 1480; x_wconf 76' lang='lat' dir='ltr'><strong>Nun-</strong></span> 
     </span>
    </p>
   </div>
   <div class='ocr_carea' id='block_1_15' title="bbox 236 1512 1825 1588">
    <p class='ocr_par' dir='ltr' id='par_1_15' title="bbox 236 1512 1825 1588">
     <span class='ocr_line' id='line_1_15' title="bbox 236 1512 1825 1588; baseline 0.007 -27"><span class='ocrx_word' id='word_1_96' title='bbox 236 1512 365 1579; x_wconf 78' lang='lat' dir='ltr'><strong>quid</strong></span> <span class='ocrx_word' id='word_1_97' title='bbox 402 1515 682 1582; x_wconf 77' lang='lat' dir='ltr'><strong>prephelze</strong></span> <span class='ocrx_word' id='word_1_98' title='bbox 714 1531 811 1585; x_wconf 93' lang='lat' dir='ltr'><strong>pro</strong></span> <span class='ocrx_word' id='word_1_99' title='bbox 844 1517 1002 1570; x_wconf 91' lang='lat' dir='ltr'><strong>nobis</strong></span> <span class='ocrx_word' id='word_1_100' title='bbox 1036 1518 1233 1570; x_wconf 87' lang='lat' dir='ltr'><strong>mortui</strong></span> <span class='ocrx_word' id='word_1_101' title='bbox 1268 1534 1371 1571; x_wconf 88' lang='lat' dir='ltr'><strong>non</strong></span> <span class='ocrx_word' id='word_1_102' title='bbox 1398 1528 1546 1580; x_wconf 83' lang='lat' dir='ltr'><strong>sunt,</strong></span> <span class='ocrx_word' id='word_1_103' title='bbox 1575 1528 1668 1572; x_wconf 88' lang='lat' dir='ltr'><strong>aut</strong></span> <span class='ocrx_word' id='word_1_104' title='bbox 1703 1535 1825 1588; x_wconf 86' lang='lat' dir='ltr'><strong>apo-</strong></span> 
     </span>
    </p>
   </div>
   <div class='ocr_carea' id='block_1_16' title="bbox 237 1604 1824 1676">
    <p class='ocr_par' dir='ltr' id='par_1_16' title="bbox 237 1604 1824 1676">
     <span class='ocr_line' id='line_1_16' title="bbox 237 1604 1824 1676; baseline 0.006 -23"><span class='ocrx_word' id='word_1_105' title='bbox 237 1604 362 1655; x_wconf 56' lang='lat' dir='ltr'><strong>stoli</strong></span> <span class='ocrx_word' id='word_1_106' title='bbox 416 1606 852 1672; x_wconf 72' lang='lat' dir='ltr'><strong>persecutionem</strong></span> <span class='ocrx_word' id='word_1_107' title='bbox 909 1623 1012 1661; x_wconf 89' lang='lat' dir='ltr'><strong>non</strong></span> <span class='ocrx_word' id='word_1_108' title='bbox 1063 1609 1439 1673; x_wconf 88' lang='lat' dir='ltr'><strong>sustinuerunt</strong></span> <span class='ocrx_word' id='word_1_109' title='bbox 1489 1626 1583 1676; x_wconf 92' lang='lat' dir='ltr'><strong>pro</strong></span> <span class='ocrx_word' id='word_1_110' title='bbox 1636 1609 1824 1664; x_wconf 84' lang='lat' dir='ltr'><strong>nobis?</strong></span> 
     </span>
    </p>
   </div>
   <div class='ocr_carea' id='block_1_17' title="bbox 236 1694 1818 1770">
    <p class='ocr_par' dir='ltr' id='par_1_17' title="bbox 236 1694 1818 1770">
     <span class='ocr_line' id='line_1_17' title="bbox 236 1694 1818 1770; baseline 0.006 -22"><span class='ocrx_word' id='word_1_111' title='bbox 236 1694 491 1766; x_wconf 72' lang='lat' dir='ltr'><strong>Nunquid</strong></span> <span class='ocrx_word' id='word_1_112' title='bbox 521 1698 692 1754; x_wconf 78' lang='lat' dir='ltr'><strong>Filius</strong></span> <span class='ocrx_word' id='word_1_113' title='bbox 729 1699 821 1754; x_wconf 91' lang='lat' dir='ltr'><strong>Dei</strong></span> <span class='ocrx_word' id='word_1_114' title='bbox 857 1701 1090 1754; x_wconf 88' lang='lat' dir='ltr'><strong>dilectus</strong></span> <span class='ocrx_word' id='word_1_115' title='bbox 1122 1717 1226 1754; x_wconf 91' lang='lat' dir='ltr'><strong>non</strong></span> <span class='ocrx_word' id='word_1_116' title='bbox 1258 1716 1356 1770; x_wconf 90' lang='lat' dir='ltr'><strong>pro</strong></span> <span class='ocrx_word' id='word_1_117' title='bbox 1388 1701 1541 1756; x_wconf 88' lang='lat' dir='ltr'><strong>nobis</strong></span> <span class='ocrx_word' id='word_1_118' title='bbox 1565 1704 1818 1757; x_wconf 87' lang='lat' dir='ltr'><strong>omnibus</strong></span> 
     </span>
    </p>
   </div>
   <div class='ocr_carea' id='block_1_18' title="bbox 237 1791 1823 1865">
    <p class='ocr_par' dir='ltr' id='par_1_18' title="bbox 237 1791 1823 1865">
     <span class='ocr_line' id='line_1_18' title="bbox 237 1791 1823 1865; baseline 0.005 -25"><span class='ocrx_word' id='word_1_119' title='bbox 237 1801 489 1843; x_wconf 88' lang='lat' dir='ltr'><strong>mortuus</strong></span> <span class='ocrx_word' id='word_1_120' title='bbox 515 1803 597 1846; x_wconf 89' lang='lat' dir='ltr'><strong>est</strong></span> <span class='ocrx_word' id='word_1_121' title='bbox 617 1791 640 1844; x_wconf 71' lang='grc' dir='ltr'><strong>ἲ</strong></span> <span class='ocrx_word' id='word_1_122' title='bbox 663 1791 743 1846; x_wconf 88' lang='lat' dir='ltr'><strong>0b</strong></span> <span class='ocrx_word' id='word_1_123' title='bbox 776 1807 894 1865; x_wconf 58' lang='lat' dir='ltr'><strong>qua</strong></span> <span class='ocrx_word' id='word_1_124' title='bbox 923 1793 1174 1846; x_wconf 90' lang='lat' dir='ltr'><strong>universa</strong></span> <span class='ocrx_word' id='word_1_125' title='bbox 1204 1795 1460 1849; x_wconf 76' lang='lat' dir='ltr'><strong>debemus</strong></span> <span class='ocrx_word' id='word_1_126' title='bbox 1485 1805 1539 1848; x_wconf 88' lang='lat' dir='ltr'><strong>et</strong></span> <span class='ocrx_word' id='word_1_127' title='bbox 1566 1795 1666 1863; x_wconf 85' lang='lat' dir='ltr'><strong>ipsi</strong></span> <span class='ocrx_word' id='word_1_128' title='bbox 1699 1811 1823 1864; x_wconf 90' lang='lat' dir='ltr'><strong>pro-</strong></span> 
     </span>
    </p>
   </div>
   <div class='ocr_carea' id='block_1_19' title="bbox 1932 603 3510 676">
    <p class='ocr_par' dir='ltr' id='par_1_19' title="bbox 1932 603 3510 676">
     <span class='ocr_line' id='line_1_19' title="bbox 1932 603 3510 676; baseline 0.004 -19"><span class='ocrx_word' id='word_1_129' title='bbox 1932 619 2073 671; x_wconf 89' lang='lat' dir='ltr'><strong>mus,</strong></span> <span class='ocrx_word' id='word_1_130' title='bbox 2100 614 2155 660; x_wconf 89' lang='lat' dir='ltr'><strong>et</strong></span> <span class='ocrx_word' id='word_1_131' title='bbox 2187 605 2238 659; x_wconf 90' lang='lat' dir='ltr'><strong>in</strong></span> <span class='ocrx_word' id='word_1_132' title='bbox 2271 614 2588 676; x_wconf 80' lang='lat' dir='ltr'><strong>paupertate</strong></span> <span class='ocrx_word' id='word_1_133' title='bbox 2621 615 2801 661; x_wconf 88' lang='lat' dir='ltr'><strong>nostra</strong></span> <span class='ocrx_word' id='word_1_134' title='bbox 2833 605 3011 659; x_wconf 83' lang='lat' dir='ltr'><strong>omnis</strong></span> <span class='ocrx_word' id='word_1_135' title='bbox 3047 603 3320 660; x_wconf 82' lang='lat' dir='ltr'><strong>defecerat</strong></span> <span class='ocrx_word' id='word_1_136' title='bbox 3360 608 3510 676; x_wconf 80' lang='lat' dir='ltr'><strong>vigor</strong></span> 
     </span>
    </p>
   </div>
   <div class='ocr_carea' id='block_1_20' title="bbox 1930 693 3505 766">
    <p class='ocr_par' dir='ltr' id='par_1_20' title="bbox 1930 693 3505 766">
     <span class='ocr_line' id='line_1_20' title="bbox 1930 693 3505 766; baseline 0.003 -20"><span class='ocrx_word' id='word_1_137' title='bbox 1930 708 1956 746; x_wconf 90' lang='lat' dir='ltr'><strong>a</strong></span> <span class='ocrx_word' id='word_1_138' title='bbox 1993 695 2166 748; x_wconf 87' lang='lat' dir='ltr'><strong>nobis.</strong></span> <span class='ocrx_word' id='word_1_139' title='bbox 2203 694 2332 749; x_wconf 89' lang='lat' dir='ltr'><strong>Item</strong></span> <span class='ocrx_word' id='word_1_140' title='bbox 2362 695 2448 750; x_wconf 90' lang='lat' dir='ltr'><strong>ille</strong></span> <span class='ocrx_word' id='word_1_141' title='bbox 2471 697 2538 750; x_wconf 90' lang='lat' dir='ltr'><strong>ob</strong></span> <span class='ocrx_word' id='word_1_142' title='bbox 2563 699 2676 750; x_wconf 67' lang='lat' dir='ltr'><strong>haec</strong></span> <span class='ocrx_word' id='word_1_143' title='bbox 2702 697 2998 766; x_wconf 75' lang='lat' dir='ltr'><strong>assumpsit</strong></span> <span class='ocrx_word' id='word_1_144' title='bbox 3024 695 3221 764; x_wconf 77' lang='lat' dir='ltr'><strong>inopize</strong></span> <span class='ocrx_word' id='word_1_145' title='bbox 3254 693 3505 759; x_wconf 82' lang='lat' dir='ltr'><strong>formam.</strong></span> 
     </span>
    </p>
   </div>
   <div class='ocr_carea' id='block_1_21' title="bbox 1933 787 3507 856">
    <p class='ocr_par' dir='ltr' id='par_1_21' title="bbox 1933 787 3507 856">
     <span class='ocr_line' id='line_1_21' title="bbox 1933 787 3507 856; baseline 0.003 -20"><span class='ocrx_word' id='word_1_146' title='bbox 1933 795 1990 838; x_wconf 93' lang='lat' dir='ltr'><strong>ut</strong></span> <span class='ocrx_word' id='word_1_147' title='bbox 2011 795 2329 853; x_wconf 77' lang='lat' dir='ltr'><strong>paupertate</strong></span> <span class='ocrx_word' id='word_1_148' title='bbox 2353 802 2450 841; x_wconf 89' lang='lat' dir='ltr'><strong>sua</strong></span> <span class='ocrx_word' id='word_1_149' title='bbox 2482 802 2579 841; x_wconf 91' lang='lat' dir='ltr'><strong>nos</strong></span> <span class='ocrx_word' id='word_1_150' title='bbox 2609 789 2658 840; x_wconf 92' lang='lat' dir='ltr'><strong>in</strong></span> <span class='ocrx_word' id='word_1_151' title='bbox 2684 788 2827 840; x_wconf 87' lang='lat' dir='ltr'><strong>oumi</strong></span> <span class='ocrx_word' id='word_1_152' title='bbox 2860 789 3129 856; x_wconf 85' lang='lat' dir='ltr'><strong>sapientia</strong></span> <span class='ocrx_word' id='word_1_153' title='bbox 3150 798 3203 842; x_wconf 91' lang='lat' dir='ltr'><strong>et</strong></span> <span class='ocrx_word' id='word_1_154' title='bbox 3233 787 3507 842; x_wconf 88' lang='lat' dir='ltr'><strong>intellectu</strong></span> 
     </span>
    </p>
   </div>
   <div class='ocr_carea' id='block_1_22' title="bbox 1930 874 3509 946">
    <p class='ocr_par' dir='ltr' id='par_1_22' title="bbox 1930 874 3509 946">
     <span class='ocr_line' id='line_1_22' title="bbox 1930 874 3509 946; baseline 0.003 -18"><span class='ocrx_word' id='word_1_155' title='bbox 1930 877 2149 932; x_wconf 91' lang='lat' dir='ltr'><strong>ditaret.</strong></span> <span class='ocrx_word' id='word_1_156' title='bbox 2185 874 2299 929; x_wconf 85' lang='lat' dir='ltr'><strong>Non</strong></span> <span class='ocrx_word' id='word_1_157' title='bbox 2336 877 2510 930; x_wconf 88' lang='lat' dir='ltr'><strong>solmn</strong></span> <span class='ocrx_word' id='word_1_158' title='bbox 2544 888 2720 931; x_wconf 87' lang='lat' dir='ltr'><strong>autem</strong></span> <span class='ocrx_word' id='word_1_159' title='bbox 2755 879 2886 943; x_wconf 75' lang='lat' dir='ltr'><strong>lucc,</strong></span> <span class='ocrx_word' id='word_1_160' title='bbox 2923 877 3013 932; x_wconf 88' lang='lat' dir='ltr'><strong>sed</strong></span> <span class='ocrx_word' id='word_1_161' title='bbox 3045 878 3264 946; x_wconf 91' lang='lat' dir='ltr'><strong>insuper</strong></span> <span class='ocrx_word' id='word_1_162' title='bbox 3290 876 3509 932; x_wconf 86' lang='lat' dir='ltr'><strong>etinﬁr-</strong></span> 
     </span>
    </p>
   </div>
   <div class='ocr_carea' id='block_1_23' title="bbox 1931 972 3509 1041">
    <p class='ocr_par' dir='ltr' id='par_1_23' title="bbox 1931 972 3509 1041">
     <span class='ocr_line' id='line_1_23' title="bbox 1931 972 3509 1041; baseline 0 -16"><span class='ocrx_word' id='word_1_163' title='bbox 1931 973 2136 1025; x_wconf 71' lang='lat' dir='ltr'><strong>unitatis</strong></span> <span class='ocrx_word' id='word_1_164' title='bbox 2171 984 2371 1025; x_wconf 71' lang='lat' dir='ltr'><strong>nostra:</strong></span> <span class='ocrx_word' id='word_1_165' title='bbox 2407 972 2632 1041; x_wconf 87' lang='lat' dir='ltr'><strong>ﬁguram</strong></span> <span class='ocrx_word' id='word_1_166' title='bbox 2664 973 2976 1039; x_wconf 80' lang='lat' dir='ltr'><strong>assumpsit,</strong></span> <span class='ocrx_word' id='word_1_167' title='bbox 3018 982 3072 1024; x_wconf 91' lang='lat' dir='ltr'><strong>ut</strong></span> <span class='ocrx_word' id='word_1_168' title='bbox 3104 972 3322 1040; x_wconf 89' lang='lat' dir='ltr'><strong>propria</strong></span> <span class='ocrx_word' id='word_1_169' title='bbox 3354 972 3509 1026; x_wconf 87' lang='lat' dir='ltr'><strong>inﬁr-</strong></span> 
     </span>
    </p>
   </div>
   <div class='ocr_carea' id='block_1_24' title="bbox 1930 1059 3508 1126">
    <p class='ocr_par' dir='ltr' id='par_1_24' title="bbox 1930 1059 3508 1126">
     <span class='ocr_line' id='line_1_24' title="bbox 1930 1059 3508 1126; baseline 0 -11"><span class='ocrx_word' id='word_1_170' title='bbox 1930 1063 2118 1116; x_wconf 89' lang='lat' dir='ltr'><strong>mitate</strong></span> <span class='ocrx_word' id='word_1_171' title='bbox 2156 1077 2252 1116; x_wconf 87' lang='lat' dir='ltr'><strong>nos</strong></span> <span class='ocrx_word' id='word_1_172' title='bbox 2289 1063 2537 1115; x_wconf 82' lang='lat' dir='ltr'><strong>robustos</strong></span> <span class='ocrx_word' id='word_1_173' title='bbox 2572 1059 2826 1125; x_wconf 79' lang='lat' dir='ltr'><strong>elﬁceret,</strong></span> <span class='ocrx_word' id='word_1_174' title='bbox 2861 1062 3101 1115; x_wconf 79' lang='lat' dir='ltr'><strong>obediens</strong></span> <span class='ocrx_word' id='word_1_175' title='bbox 3147 1063 3316 1126; x_wconf 77' lang='lat' dir='ltr'><strong>factus</strong></span> <span class='ocrx_word' id='word_1_176' title='bbox 3360 1061 3508 1116; x_wconf 87' lang='lat' dir='ltr'><strong>Patri</strong></span> 
     </span>
    </p>
   </div>
   <div class='ocr_carea' id='block_1_25' title="bbox 1929 1155 3506 1223">
    <p class='ocr_par' dir='ltr' id='par_1_25' title="bbox 1929 1155 3506 1223">
     <span class='ocr_line' id='line_1_25' title="bbox 1929 1155 3506 1223; baseline 0.001 -17"><span class='ocrx_word' id='word_1_177' title='bbox 1929 1155 1980 1206; x_wconf 82' lang='lat' dir='ltr'><strong>in</strong></span> <span class='ocrx_word' id='word_1_178' title='bbox 2016 1156 2270 1209; x_wconf 87' lang='lat' dir='ltr'><strong>omnilms</strong></span> <span class='ocrx_word' id='word_1_179' title='bbox 2311 1171 2472 1223; x_wconf 70' lang='lat' dir='ltr'><strong>usque</strong></span> <span class='ocrx_word' id='word_1_180' title='bbox 2511 1156 2579 1206; x_wconf 84' lang='lat' dir='ltr'><strong>ad</strong></span> <span class='ocrx_word' id='word_1_181' title='bbox 2627 1164 2866 1216; x_wconf 79' lang='lat' dir='ltr'><strong>mortem,</strong></span> <span class='ocrx_word' id='word_1_182' title='bbox 2920 1165 3134 1206; x_wconf 82' lang='lat' dir='ltr'><strong>mortem</strong></span> <span class='ocrx_word' id='word_1_183' title='bbox 3168 1164 3343 1216; x_wconf 76' lang='lat' dir='ltr'><strong>autent</strong></span> <span class='ocrx_word' id='word_1_184' title='bbox 3383 1171 3506 1208; x_wconf 87' lang='lat' dir='ltr'><strong>cru-</strong></span> 
     </span>
    </p>
   </div>
   <div class='ocr_carea' id='block_1_26' title="bbox 1929 1245 3507 1301">
    <p class='ocr_par' dir='ltr' id='par_1_26' title="bbox 1929 1245 3507 1301">
     <span class='ocr_line' id='line_1_26' title="bbox 1929 1245 3507 1301; baseline 0 0"><span class='ocrx_word' id='word_1_185' title='bbox 1929 1249 2004 1301; x_wconf 89' lang='lat' dir='ltr'><strong>cis</strong></span> <span class='ocrx_word' id='word_1_186' title='bbox 2045 1248 2089 1279; x_wconf 71' lang='grc'><strong>³⁵</strong></span> <span class='ocrx_word' id='word_1_187' title='bbox 2119 1267 2131 1300; x_wconf 90' lang='lat'><strong>:</strong></span> <span class='ocrx_word' id='word_1_188' title='bbox 2167 1248 2300 1301; x_wconf 89' lang='lat' dir='ltr'><strong>utin</strong></span> <span class='ocrx_word' id='word_1_189' title='bbox 2334 1261 2426 1300; x_wconf 88' lang='lat' dir='ltr'><strong>sua</strong></span> <span class='ocrx_word' id='word_1_190' title='bbox 2465 1255 2638 1300; x_wconf 88' lang='lat' dir='ltr'><strong>morte</strong></span> <span class='ocrx_word' id='word_1_191' title='bbox 2671 1255 2723 1299; x_wconf 90' lang='lat' dir='ltr'><strong>et</strong></span> <span class='ocrx_word' id='word_1_192' title='bbox 2759 1245 3062 1299; x_wconf 84' lang='lat' dir='ltr'><strong>humilitate</strong></span> <span class='ocrx_word' id='word_1_193' title='bbox 3097 1245 3238 1298; x_wconf 84' lang='lat' dir='ltr'><strong>illam</strong></span> <span class='ocrx_word' id='word_1_194' title='bbox 3280 1256 3507 1301; x_wconf 80' lang='lat' dir='ltr'><strong>cuncto-</strong></span> 
     </span>
    </p>
   </div>
   <div class='ocr_carea' id='block_1_27' title="bbox 1931 1337 3505 1408">
    <p class='ocr_par' dir='ltr' id='par_1_27' title="bbox 1931 1337 3505 1408">
     <span class='ocr_line' id='line_1_27' title="bbox 1931 1337 3505 1408; baseline 0.001 -18"><span class='ocrx_word' id='word_1_195' title='bbox 1931 1357 2047 1391; x_wconf 89' lang='lat' dir='ltr'><strong>rum</strong></span> <span class='ocrx_word' id='word_1_196' title='bbox 2081 1342 2530 1394; x_wconf 79' lang='lat' dir='ltr'><strong>resurrectionem</strong></span> <span class='ocrx_word' id='word_1_197' title='bbox 2548 1337 2807 1404; x_wconf 72' lang='lat' dir='ltr'><strong>ediceret,</strong></span> <span class='ocrx_word' id='word_1_198' title='bbox 2837 1355 3068 1407; x_wconf 79' lang='lat' dir='ltr'><strong>euntque</strong></span> <span class='ocrx_word' id='word_1_199' title='bbox 3089 1342 3393 1393; x_wconf 86' lang='lat' dir='ltr'><strong>destrueret</strong></span> <span class='ocrx_word' id='word_1_200' title='bbox 3414 1339 3505 1408; x_wconf 89' lang='lat' dir='ltr'><strong>qui</strong></span> 
     </span>
    </p>
   </div>
   <div class='ocr_carea' id='block_1_28' title="bbox 1930 1429 3507 1499">
    <p class='ocr_par' dir='ltr' id='par_1_28' title="bbox 1930 1429 3507 1499">
     <span class='ocr_line' id='line_1_28' title="bbox 1930 1429 3507 1499; baseline 0 -17"><span class='ocrx_word' id='word_1_201' title='bbox 1930 1432 2118 1484; x_wconf 88' lang='lat' dir='ltr'><strong>mortis</strong></span> <span class='ocrx_word' id='word_1_202' title='bbox 2147 1430 2375 1484; x_wconf 81' lang='lat' dir='ltr'><strong>habebat</strong></span> <span class='ocrx_word' id='word_1_203' title='bbox 2420 1432 2725 1499; x_wconf 88' lang='lat' dir='ltr'><strong>imperium.</strong></span> <span class='ocrx_word' id='word_1_204' title='bbox 2750 1431 2854 1485; x_wconf 88' lang='lat' dir='ltr'><strong>hoc</strong></span> <span class='ocrx_word' id='word_1_205' title='bbox 2897 1438 2980 1484; x_wconf 86' lang='lat' dir='ltr'><strong>est</strong></span> <span class='ocrx_word' id='word_1_206' title='bbox 3016 1429 3310 1484; x_wconf 90' lang='lat' dir='ltr'><strong>diabolum.</strong></span> <span class='ocrx_word' id='word_1_207' title='bbox 3345 1430 3507 1498; x_wconf 80' lang='lat' dir='ltr'><strong>Igitur</strong></span> 
     </span>
    </p>
   </div>
   <div class='ocr_carea' id='block_1_29' title="bbox 1926 1521 3507 1590">
    <p class='ocr_par' dir='ltr' id='par_1_29' title="bbox 1926 1521 3507 1590">
     <span class='ocr_line' id='line_1_29' title="bbox 1926 1521 3507 1590; baseline -0.001 -14"><span class='ocrx_word' id='word_1_208' title='bbox 1926 1525 1971 1576; x_wconf 88' lang='lat' dir='ltr'><strong>si</strong></span> <span class='ocrx_word' id='word_1_209' title='bbox 2009 1535 2104 1587; x_wconf 91' lang='lat' dir='ltr'><strong>pro</strong></span> <span class='ocrx_word' id='word_1_210' title='bbox 2147 1533 2298 1576; x_wconf 82' lang='lat' dir='ltr'><strong>certo</strong></span> <span class='ocrx_word' id='word_1_211' title='bbox 2343 1522 2695 1576; x_wconf 71' lang='lat' dir='ltr'><strong>liberabimus</strong></span> <span class='ocrx_word' id='word_1_212' title='bbox 2750 1524 3113 1590; x_wconf 79' lang='lat' dir='ltr'><strong>nosmetipsos</strong></span> <span class='ocrx_word' id='word_1_213' title='bbox 3158 1522 3220 1574; x_wconf 89' lang='lat' dir='ltr'><strong>in.</strong></span> <span class='ocrx_word' id='word_1_214' title='bbox 3260 1521 3377 1589; x_wconf 83' lang='lat' dir='ltr'><strong>ejus</strong></span> <span class='ocrx_word' id='word_1_215' title='bbox 3411 1522 3507 1574; x_wconf 88' lang='lat' dir='ltr'><strong>ad-</strong></span> 
     </span>
    </p>
   </div>
   <div class='ocr_carea' id='block_1_30' title="bbox 1928 1609 3507 1680">
    <p class='ocr_par' dir='ltr' id='par_1_30' title="bbox 1928 1609 3507 1680">
     <span class='ocr_line' id='line_1_30' title="bbox 1928 1609 3507 1680; baseline 0 -15"><span class='ocrx_word' id='word_1_216' title='bbox 1928 1624 2168 1676; x_wconf 79' lang='lat' dir='ltr'><strong>ventum,</strong></span> <span class='ocrx_word' id='word_1_217' title='bbox 2197 1612 2438 1680; x_wconf 76' lang='lat' dir='ltr'><strong>profecto</strong></span> <span class='ocrx_word' id='word_1_218' title='bbox 2473 1613 2814 1666; x_wconf 86' lang='lat' dir='ltr'><strong>inveniemur</strong></span> <span class='ocrx_word' id='word_1_219' title='bbox 2861 1612 3108 1679; x_wconf 84' lang='lat' dir='ltr'><strong>discipuli</strong></span> <span class='ocrx_word' id='word_1_220' title='bbox 3141 1609 3290 1669; x_wconf 78' lang='lat' dir='ltr'><strong>Iesu.</strong></span> <span class='ocrx_word' id='word_1_221' title='bbox 3340 1621 3395 1664; x_wconf 89' lang='lat' dir='ltr'><strong>et</strong></span> <span class='ocrx_word' id='word_1_222' title='bbox 3432 1612 3507 1666; x_wconf 88' lang='lat' dir='ltr'><strong>di-</strong></span> 
     </span>
    </p>
   </div>
   <div class='ocr_carea' id='block_1_31' title="bbox 1927 1703 3103 1759">
    <p class='ocr_par' dir='ltr' id='par_1_31' title="bbox 1927 1703 3103 1759">
     <span class='ocr_line' id='line_1_31' title="bbox 1927 1703 3103 1759; baseline 0.003 -3"><span class='ocrx_word' id='word_1_223' title='bbox 1927 1703 2066 1758; x_wconf 68' lang='lat' dir='ltr'><strong>vinae</strong></span> <span class='ocrx_word' id='word_1_224' title='bbox 2097 1705 2427 1759; x_wconf 79' lang='lat' dir='ltr'><strong>luercditatis</strong></span> <span class='ocrx_word' id='word_1_225' title='bbox 2457 1705 2802 1758; x_wconf 89' lang='lat' dir='ltr'><strong>iustituemnr</strong></span> <span class='ocrx_word' id='word_1_226' title='bbox 2841 1705 3103 1759; x_wconf 69' lang='lat' dir='ltr'><strong>hatredes.</strong></span> 
     </span>
    </p>
   </div>
   <div class='ocr_carea' id='block_1_32' title="bbox 1998 1793 3507 1862">
    <p class='ocr_par' dir='ltr' id='par_1_32' title="bbox 1998 1793 3507 1862">
     <span class='ocr_line' id='line_1_32' title="bbox 1998 1793 3507 1862; baseline 0 -14"><span class='ocrx_word' id='word_1_227' title='bbox 1998 1793 2086 1848; x_wconf 84' lang='lat' dir='ltr'><strong>IV.</strong></span> <span class='ocrx_word' id='word_1_228' title='bbox 2144 1794 2465 1852; x_wconf 82' lang='lat' dir='ltr'><strong>Charissiuti</strong></span> <span class='ocrx_word' id='word_1_229' title='bbox 2516 1797 2568 1850; x_wconf 89' lang='lat' dir='ltr'><strong>in</strong></span> <span class='ocrx_word' id='word_1_230' title='bbox 2622 1796 2880 1862; x_wconf 88' lang='lat' dir='ltr'><strong>Domino,</strong></span> <span class='ocrx_word' id='word_1_231' title='bbox 2929 1797 3116 1850; x_wconf 88' lang='lat' dir='ltr'><strong>turbor</strong></span> <span class='ocrx_word' id='word_1_232' title='bbox 3163 1797 3507 1851; x_wconf 83' lang='lat' dir='ltr'><strong>vehementer</strong></span> 
     </span>
    </p>
   </div>
   <div class='ocr_carea' id='block_1_33' title="bbox 235 1882 3507 1959">
    <p class='ocr_par' dir='ltr' id='par_1_33' title="bbox 235 1882 3507 1959">
     <span class='ocr_line' id='line_1_33' title="bbox 235 1882 3507 1959; baseline 0.003 -27"><span class='ocrx_word' id='word_1_233' title='bbox 235 1897 432 1946; x_wconf 74' lang='lat' dir='ltr'><strong>per:er</strong></span> <span class='ocrx_word' id='word_1_234' title='bbox 476 1882 538 1936; x_wconf 91' lang='lat' dir='ltr'><strong>ad</strong></span> <span class='ocrx_word' id='word_1_235' title='bbox 589 1887 922 1952; x_wconf 82' lang='lat' dir='ltr'><strong>pergendum</strong></span> <span class='ocrx_word' id='word_1_236' title='bbox 966 1886 1016 1936; x_wconf 84' lang='lat' dir='ltr'><strong>iit</strong></span> <span class='ocrx_word' id='word_1_237' title='bbox 1061 1885 1206 1939; x_wconf 89' lang='lat' dir='ltr'><strong>oumi</strong></span> <span class='ocrx_word' id='word_1_238' title='bbox 1253 1886 1542 1941; x_wconf 84' lang='lat' dir='ltr'><strong>sanctitate</strong></span> <span class='ocrx_word' id='word_1_239' title='bbox 1587 1886 1652 1940; x_wconf 89' lang='lat' dir='ltr'><strong>ad</strong></span> <span class='ocrx_word' id='word_1_240' title='bbox 1698 1902 1824 1955; x_wconf 89' lang='lat' dir='ltr'><strong>pro-</strong></span> <span class='ocrx_word' id='word_1_241' title='bbox 1858 1882 1896 1935; x_wconf 80' lang='grc' dir='ltr'><strong>Β</strong></span> <span class='ocrx_word' id='word_1_242' title='bbox 1932 1898 1985 1940; x_wconf 82' lang='lat' dir='ltr'><strong>et</strong></span> <span class='ocrx_word' id='word_1_243' title='bbox 2028 1903 2248 1943; x_wconf 89' lang='lat' dir='ltr'><strong>moveor</strong></span> <span class='ocrx_word' id='word_1_244' title='bbox 2280 1888 2346 1942; x_wconf 81' lang='lat' dir='ltr'><strong>in&#39;</strong></span> <span class='ocrx_word' id='word_1_245' title='bbox 2370 1889 2561 1959; x_wconf 84' lang='lat' dir='ltr'><strong>spiritu</strong></span> <span class='ocrx_word' id='word_1_246' title='bbox 2601 1904 2754 1952; x_wconf 89' lang='lat' dir='ltr'><strong>meo,</strong></span> <span class='ocrx_word' id='word_1_247' title='bbox 2797 1890 2936 1958; x_wconf 90' lang='lat' dir='ltr'><strong>quod</strong></span> <span class='ocrx_word' id='word_1_248' title='bbox 2981 1889 3290 1942; x_wconf 87' lang='lat' dir='ltr'><strong>nominibus</strong></span> <span class='ocrx_word' id='word_1_249' title='bbox 3325 1888 3507 1945; x_wconf 80' lang='lat' dir='ltr'><strong>amicti</strong></span> 
     </span>
    </p>
   </div>
   <div class='ocr_carea' id='block_1_34' title="bbox 233 1975 1822 2048">
    <p class='ocr_par' dir='ltr' id='par_1_34' title="bbox 233 1975 1822 2048">
     <span class='ocr_line' id='line_1_34' title="bbox 233 1975 1822 2048; baseline 0.004 -21"><span class='ocrx_word' id='word_1_250' title='bbox 233 1976 414 2043; x_wconf 81' lang='lat' dir='ltr'><strong>prium</strong></span> <span class='ocrx_word' id='word_1_251' title='bbox 464 1976 811 2031; x_wconf 89' lang='lat' dir='ltr'><strong>Conditorem</strong></span> <span class='ocrx_word' id='word_1_252' title='bbox 858 1997 870 2031; x_wconf 93' lang='lat'>:</span> <span class='ocrx_word' id='word_1_253' title='bbox 922 1978 1010 2048; x_wconf 89' lang='lat' dir='ltr'><strong>qui</strong></span> <span class='ocrx_word' id='word_1_254' title='bbox 1065 1975 1295 2033; x_wconf 81' lang='lat' dir='ltr'><strong>cernens</strong></span> <span class='ocrx_word' id='word_1_255' title='bbox 1351 1989 1657 2033; x_wconf 85' lang='lat' dir='ltr'><strong>creaturam</strong></span> <span class='ocrx_word' id='word_1_256' title='bbox 1718 1996 1822 2035; x_wconf 90' lang='lat' dir='ltr'><strong>nou</strong></span> 
     </span>
    </p>
   </div>
   <div class='ocr_carea' id='block_1_35' title="bbox 238 2069 1823 2140">
    <p class='ocr_par' dir='ltr' id='par_1_35' title="bbox 238 2069 1823 2140">
     <span class='ocr_line' id='line_1_35' title="bbox 238 2069 1823 2140; baseline 0.004 -21"><span class='ocrx_word' id='word_1_257' title='bbox 238 2082 407 2135; x_wconf 74' lang='lat' dir='ltr'><strong>posse</strong></span> <span class='ocrx_word' id='word_1_258' title='bbox 439 2084 637 2124; x_wconf 84' lang='lat' dir='ltr'><strong>curare</strong></span> <span class='ocrx_word' id='word_1_259' title='bbox 678 2069 888 2139; x_wconf 81' lang='lat' dir='ltr'><strong>plagam</strong></span> <span class='ocrx_word' id='word_1_260' title='bbox 923 2086 1042 2138; x_wconf 86' lang='lat' dir='ltr'><strong>quae</strong></span> <span class='ocrx_word' id='word_1_261' title='bbox 1069 2071 1213 2125; x_wconf 78' lang='lat' dir='ltr'><strong>facta</strong></span> <span class='ocrx_word' id='word_1_262' title='bbox 1246 2073 1406 2124; x_wconf 86' lang='lat' dir='ltr'><strong>luerit</strong></span> <span class='ocrx_word' id='word_1_263' title='bbox 1434 2071 1656 2136; x_wconf 74' lang='lat' dir='ltr'><strong>Iuda-is,</strong></span> <span class='ocrx_word' id='word_1_264' title='bbox 1694 2087 1823 2140; x_wconf 91' lang='lat' dir='ltr'><strong>pro-</strong></span> 
     </span>
    </p>
   </div>
   <div class='ocr_carea' id='block_1_36' title="bbox 240 2161 1820 2230">
    <p class='ocr_par' dir='ltr' id='par_1_36' title="bbox 240 2161 1820 2230">
     <span class='ocr_line' id='line_1_36' title="bbox 240 2161 1820 2230; baseline 0.005 -19"><span class='ocrx_word' id='word_1_265' title='bbox 240 2162 381 2229; x_wconf 84' lang='lat' dir='ltr'><strong>priis</strong></span> <span class='ocrx_word' id='word_1_266' title='bbox 431 2161 684 2216; x_wconf 73' lang='lat' dir='ltr'><strong>videlicet</strong></span> <span class='ocrx_word' id='word_1_267' title='bbox 738 2162 1018 2226; x_wconf 76' lang='lat' dir='ltr'><strong>membris,</strong></span> <span class='ocrx_word' id='word_1_268' title='bbox 1071 2161 1235 2216; x_wconf 83' lang='lat' dir='ltr'><strong>Pater</strong></span> <span class='ocrx_word' id='word_1_269' title='bbox 1269 2164 1386 2230; x_wconf 86' lang='lat' dir='ltr'><strong>ipse</strong></span> <span class='ocrx_word' id='word_1_270' title='bbox 1418 2174 1820 2228; x_wconf 84' lang='lat' dir='ltr'><strong>creaturarum,</strong></span> 
     </span>
    </p>
   </div>
   <div class='ocr_carea' id='block_1_37' title="bbox 234 2253 1822 2320">
    <p class='ocr_par' dir='ltr' id='par_1_37' title="bbox 234 2253 1822 2320">
     <span class='ocr_line' id='line_1_37' title="bbox 234 2253 1822 2320; baseline 0.003 -15"><span class='ocrx_word' id='word_1_271' title='bbox 234 2253 423 2306; x_wconf 89' lang='lat' dir='ltr'><strong>sciens</strong></span> <span class='ocrx_word' id='word_1_272' title='bbox 474 2253 845 2308; x_wconf 82' lang='lat' dir='ltr'><strong>inﬁrmitatem</strong></span> <span class='ocrx_word' id='word_1_273' title='bbox 888 2269 1080 2307; x_wconf 81' lang='lat' dir='ltr'><strong>sensus</strong></span> <span class='ocrx_word' id='word_1_274' title='bbox 1123 2270 1333 2320; x_wconf 89' lang='lat' dir='ltr'><strong>eorum,</strong></span> <span class='ocrx_word' id='word_1_275' title='bbox 1380 2265 1463 2308; x_wconf 89' lang='lat' dir='ltr'><strong>est</strong></span> <span class='ocrx_word' id='word_1_276' title='bbox 1499 2266 1675 2309; x_wconf 90' lang='lat' dir='ltr'><strong>motus</strong></span> <span class='ocrx_word' id='word_1_277' title='bbox 1711 2259 1822 2311; x_wconf 88' lang='lat' dir='ltr'><strong>vis-</strong></span> 
     </span>
    </p>
   </div>
   <div class='ocr_carea' id='block_1_38' title="bbox 237 2343 1820 2407">
    <p class='ocr_par' dir='ltr' id='par_1_38' title="bbox 237 2343 1820 2407">
     <span class='ocr_line' id='line_1_38' title="bbox 237 2343 1820 2407; baseline 0.002 -11"><span class='ocrx_word' id='word_1_278' title='bbox 237 2343 462 2398; x_wconf 83' lang='lat' dir='ltr'><strong>ceribus</strong></span> <span class='ocrx_word' id='word_1_279' title='bbox 493 2345 637 2398; x_wconf 88' lang='lat' dir='ltr'><strong>circa</strong></span> <span class='ocrx_word' id='word_1_280' title='bbox 667 2359 781 2407; x_wconf 85' lang='lat' dir='ltr'><strong>eos,</strong></span> <span class='ocrx_word' id='word_1_281' title='bbox 810 2354 863 2398; x_wconf 89' lang='lat' dir='ltr'><strong>et</strong></span> <span class='ocrx_word' id='word_1_282' title='bbox 895 2347 1188 2399; x_wconf 86' lang='lat' dir='ltr'><strong>secundum</strong></span> <span class='ocrx_word' id='word_1_283' title='bbox 1219 2348 1437 2399; x_wconf 90' lang='lat' dir='ltr'><strong>multam</strong></span> <span class='ocrx_word' id='word_1_284' title='bbox 1468 2349 1820 2401; x_wconf 85' lang='lat' dir='ltr'><strong>dilectionem</strong></span> 
     </span>
    </p>
   </div>
   <div class='ocr_carea' id='block_1_39' title="bbox 229 2438 1825 2507">
    <p class='ocr_par' dir='ltr' id='par_1_39' title="bbox 229 2438 1825 2507">
     <span class='ocr_line' id='line_1_39' title="bbox 229 2438 1825 2507; baseline 0.002 -18"><span class='ocrx_word' id='word_1_285' title='bbox 229 2452 389 2490; x_wconf 71' lang='lat' dir='ltr'><strong>etiam</strong></span> <span class='ocrx_word' id='word_1_286' title='bbox 424 2453 527 2490; x_wconf 87' lang='lat' dir='ltr'><strong>non</strong></span> <span class='ocrx_word' id='word_1_287' title='bbox 571 2441 812 2506; x_wconf 89' lang='lat' dir='ltr'><strong>pepercit</strong></span> <span class='ocrx_word' id='word_1_288' title='bbox 850 2439 1126 2507; x_wconf 85' lang='lat' dir='ltr'><strong>unigenito</strong></span> <span class='ocrx_word' id='word_1_289' title='bbox 1161 2438 1296 2492; x_wconf 89' lang='lat' dir='ltr'><strong>Filio</strong></span> <span class='ocrx_word' id='word_1_290' title='bbox 1344 2455 1467 2506; x_wconf 87' lang='lat' dir='ltr'><strong>suo,</strong></span> <span class='ocrx_word' id='word_1_291' title='bbox 1505 2440 1596 2494; x_wconf 90' lang='lat' dir='ltr'><strong>sed</strong></span> <span class='ocrx_word' id='word_1_292' title='bbox 1631 2442 1700 2493; x_wconf 92' lang='lat' dir='ltr'><strong>ob</strong></span> <span class='ocrx_word' id='word_1_293' title='bbox 1735 2454 1825 2492; x_wconf 90' lang='lat' dir='ltr'><strong>uo-</strong></span> 
     </span>
    </p>
   </div>
   <div class='ocr_carea' id='block_1_40' title="bbox 242 2530 1820 2599">
    <p class='ocr_par' dir='ltr' id='par_1_40' title="bbox 242 2530 1820 2599">
     <span class='ocr_line' id='line_1_40' title="bbox 242 2530 1820 2599; baseline 0.003 -19"><span class='ocrx_word' id='word_1_294' title='bbox 242 2538 417 2580; x_wconf 78' lang='lat' dir='ltr'><strong>stram</strong></span> <span class='ocrx_word' id='word_1_295' title='bbox 446 2530 686 2581; x_wconf 83' lang='lat' dir='ltr'><strong>OIIIIIIUIII</strong></span> <span class='ocrx_word' id='word_1_296' title='bbox 715 2531 945 2583; x_wconf 83' lang='lat' dir='ltr'><strong>salutem</strong></span> <span class='ocrx_word' id='word_1_297' title='bbox 983 2532 1204 2584; x_wconf 89' lang='lat' dir='ltr'><strong>tradidit</strong></span> <span class='ocrx_word' id='word_1_298' title='bbox 1227 2548 1349 2586; x_wconf 89' lang='lat' dir='ltr'><strong>eum</strong></span> <span class='ocrx_word' id='word_1_299' title='bbox 1389 2543 1605 2599; x_wconf 77' lang='lat' dir='ltr'><strong>propter</strong></span> <span class='ocrx_word' id='word_1_300' title='bbox 1635 2543 1820 2585; x_wconf 86' lang='lat' dir='ltr'><strong>nostra</strong></span> 
     </span>
    </p>
   </div>
   <div class='ocr_carea' id='block_1_41' title="bbox 229 2619 1820 2689">
    <p class='ocr_par' dir='ltr' id='par_1_41' title="bbox 229 2619 1820 2689">
     <span class='ocr_line' id='line_1_41' title="bbox 229 2619 1820 2689; baseline 0.003 -16"><span class='ocrx_word' id='word_1_301' title='bbox 229 2630 456 2688; x_wconf 71' lang='lat' dir='ltr'><strong>peccata</strong></span> <span class='ocrx_word' id='word_1_302' title='bbox 483 2619 549 2674; x_wconf 82' lang='grc'><strong>³⁸.</strong></span> <span class='ocrx_word' id='word_1_303' title='bbox 586 2621 648 2672; x_wconf 75' lang='lat' dir='ltr'><strong>Et</strong></span> <span class='ocrx_word' id='word_1_304' title='bbox 681 2621 994 2686; x_wconf 81' lang='lat' dir='ltr'><strong>iniquitates</strong></span> <span class='ocrx_word' id='word_1_305' title='bbox 1027 2622 1242 2689; x_wconf 79' lang='lat' dir='ltr'><strong>quidem</strong></span> <span class='ocrx_word' id='word_1_306' title='bbox 1274 2635 1470 2676; x_wconf 80' lang='lat' dir='ltr'><strong>nostrae</strong></span> <span class='ocrx_word' id='word_1_307' title='bbox 1504 2622 1820 2678; x_wconf 86' lang='lat' dir='ltr'><strong>Itumiliave-</strong></span> 
     </span>
    </p>
   </div>
   <div class='ocr_carea' id='block_1_42' title="bbox 232 2712 1821 2780">
    <p class='ocr_par' dir='ltr' id='par_1_42' title="bbox 232 2712 1821 2780">
     <span class='ocr_line' id='line_1_42' title="bbox 232 2712 1821 2780; baseline 0.004 -18"><span class='ocrx_word' id='word_1_308' title='bbox 232 2719 365 2764; x_wconf 85' lang='lat' dir='ltr'><strong>ruttt</strong></span> <span class='ocrx_word' id='word_1_309' title='bbox 395 2726 540 2773; x_wconf 90' lang='lat' dir='ltr'><strong>eum,</strong></span> <span class='ocrx_word' id='word_1_310' title='bbox 581 2712 751 2765; x_wconf 87' lang='lat' dir='ltr'><strong>livore</strong></span> <span class='ocrx_word' id='word_1_311' title='bbox 787 2722 967 2765; x_wconf 82' lang='lat' dir='ltr'><strong>autem</strong></span> <span class='ocrx_word' id='word_1_312' title='bbox 1004 2713 1120 2780; x_wconf 83' lang='lat' dir='ltr'><strong>ejus</strong></span> <span class='ocrx_word' id='word_1_313' title='bbox 1157 2731 1252 2768; x_wconf 89' lang='lat' dir='ltr'><strong>nos</strong></span> <span class='ocrx_word' id='word_1_314' title='bbox 1288 2730 1478 2768; x_wconf 85' lang='lat' dir='ltr'><strong>omnes</strong></span> <span class='ocrx_word' id='word_1_315' title='bbox 1521 2715 1699 2768; x_wconf 84' lang='lat' dir='ltr'><strong>sanati</strong></span> <span class='ocrx_word' id='word_1_316' title='bbox 1732 2731 1821 2769; x_wconf 90' lang='lat' dir='ltr'><strong>su-</strong></span> 
     </span>
    </p>
   </div>
   <div class='ocr_carea' id='block_1_43' title="bbox 241 2802 1821 2877">
    <p class='ocr_par' dir='ltr' id='par_1_43' title="bbox 241 2802 1821 2877">
     <span class='ocr_line' id='line_1_43' title="bbox 241 2802 1821 2877; baseline 0.004 -23"><span class='ocrx_word' id='word_1_317' title='bbox 241 2817 366 2855; x_wconf 85' lang='lat' dir='ltr'><strong>mus</strong></span> <span class='ocrx_word' id='word_1_318' title='bbox 402 2802 470 2854; x_wconf 81' lang='lat'><strong>“.</strong></span> <span class='ocrx_word' id='word_1_319' title='bbox 505 2802 603 2857; x_wconf 90' lang='lat' dir='ltr'><strong>llic</strong></span> <span class='ocrx_word' id='word_1_320' title='bbox 636 2807 985 2873; x_wconf 71' lang='lat' dir='ltr'><strong>congregavit</strong></span> <span class='ocrx_word' id='word_1_321' title='bbox 1017 2822 1113 2860; x_wconf 89' lang='lat' dir='ltr'><strong>nos</strong></span> <span class='ocrx_word' id='word_1_322' title='bbox 1136 2821 1201 2860; x_wconf 78' lang='lat' dir='ltr'><strong>ex</strong></span> <span class='ocrx_word' id='word_1_323' title='bbox 1231 2809 1480 2859; x_wconf 85' lang='lat' dir='ltr'><strong>onmihus</strong></span> <span class='ocrx_word' id='word_1_324' title='bbox 1513 2807 1821 2877; x_wconf 76' lang='lat' dir='ltr'><strong>regionibus</strong></span> 
     </span>
    </p>
   </div>
   <div class='ocr_carea' id='block_1_44' title="bbox 231 2894 1814 2958">
    <p class='ocr_par' dir='ltr' id='par_1_44' title="bbox 231 2894 1814 2958">
     <span class='ocr_line' id='line_1_44' title="bbox 231 2894 1814 2958; baseline 0.004 -12"><span class='ocrx_word' id='word_1_325' title='bbox 231 2894 405 2948; x_wconf 86' lang='lat' dir='ltr'><strong>verbo</strong></span> <span class='ocrx_word' id='word_1_326' title='bbox 439 2896 653 2949; x_wconf 89' lang='lat' dir='ltr'><strong>virtutis</strong></span> <span class='ocrx_word' id='word_1_327' title='bbox 680 2911 810 2958; x_wconf 70' lang='lat' dir='ltr'><strong>sum,</strong></span> <span class='ocrx_word' id='word_1_328' title='bbox 844 2901 1013 2951; x_wconf 87' lang='lat' dir='ltr'><strong>donec</strong></span> <span class='ocrx_word' id='word_1_329' title='bbox 1045 2898 1189 2951; x_wconf 87' lang='lat' dir='ltr'><strong>illam</strong></span> <span class='ocrx_word' id='word_1_330' title='bbox 1216 2914 1408 2952; x_wconf 86' lang='lat' dir='ltr'><strong>sensus</strong></span> <span class='ocrx_word' id='word_1_331' title='bbox 1436 2902 1603 2953; x_wconf 81' lang='lat' dir='ltr'><strong>nostri</strong></span> <span class='ocrx_word' id='word_1_332' title='bbox 1641 2914 1814 2953; x_wconf 88' lang='lat' dir='ltr'><strong>resur-</strong></span> 
     </span>
    </p>
   </div>
   <div class='ocr_carea' id='block_1_45' title="bbox 233 2985 1822 3051">
    <p class='ocr_par' dir='ltr' id='par_1_45' title="bbox 233 2985 1822 3051">
     <span class='ocr_line' id='line_1_45' title="bbox 233 2985 1822 3051; baseline 0.003 -11"><span class='ocrx_word' id='word_1_333' title='bbox 233 2987 534 3040; x_wconf 81' lang='lat' dir='ltr'><strong>rectionem</strong></span> <span class='ocrx_word' id='word_1_334' title='bbox 569 2985 829 3051; x_wconf 57' lang='lat' dir='ltr'><strong>cﬂ‘ecerit,</strong></span> <span class='ocrx_word' id='word_1_335' title='bbox 857 2989 1056 3046; x_wconf 85' lang='lat' dir='ltr'><strong>docens</strong></span> <span class='ocrx_word' id='word_1_336' title='bbox 1079 3006 1177 3043; x_wconf 87' lang='lat' dir='ltr'><strong>nos</strong></span> <span class='ocrx_word' id='word_1_337' title='bbox 1209 2990 1532 3044; x_wconf 87' lang='lat' dir='ltr'><strong>alterutrum</strong></span> <span class='ocrx_word' id='word_1_338' title='bbox 1557 2992 1822 3045; x_wconf 81' lang='lat' dir='ltr'><strong>exsistere</strong></span> 
     </span>
    </p>
   </div>
   <div class='ocr_carea' id='block_1_46' title="bbox 230 3079 508 3131">
    <p class='ocr_par' dir='ltr' id='par_1_46' title="bbox 230 3079 508 3131">
     <span class='ocr_line' id='line_1_46' title="bbox 230 3079 508 3131; baseline -0.004 -1"><span class='ocrx_word' id='word_1_339' title='bbox 230 3079 508 3131; x_wconf 71' lang='lat' dir='ltr'><strong>Inett’thra.</strong></span> 
     </span>
    </p>
   </div>
   <div class='ocr_carea' id='block_1_47' title="bbox 307 3167 1818 3243">
    <p class='ocr_par' dir='ltr' id='par_1_47' title="bbox 307 3167 1818 3243">
     <span class='ocr_line' id='line_1_47' title="bbox 307 3167 1818 3243; baseline 0.004 -24"><span class='ocrx_word' id='word_1_340' title='bbox 307 3167 395 3221; x_wconf 87' lang='lat' dir='ltr'><strong>ill.</strong></span> <span class='ocrx_word' id='word_1_341' title='bbox 437 3167 605 3223; x_wconf 88' lang='lat' dir='ltr'><strong>Docet</strong></span> <span class='ocrx_word' id='word_1_342' title='bbox 650 3171 851 3223; x_wconf 85' lang='lat' dir='ltr'><strong>idcirco</strong></span> <span class='ocrx_word' id='word_1_343' title='bbox 886 3173 1151 3226; x_wconf 83' lang='lat' dir='ltr'><strong>universis</strong></span> <span class='ocrx_word' id='word_1_344' title='bbox 1199 3174 1354 3227; x_wconf 89' lang='lat' dir='ltr'><strong>nobis</strong></span> <span class='ocrx_word' id='word_1_345' title='bbox 1399 3173 1818 3243; x_wconf 85' lang='lat' dir='ltr'><strong>properantibus</strong></span> 
     </span>
    </p>
   </div>
   <div class='ocr_carea' id='block_1_48' title="bbox 229 3261 1813 3330">
    <p class='ocr_par' dir='ltr' id='par_1_48' title="bbox 229 3261 1813 3330">
     <span class='ocr_line' id='line_1_48' title="bbox 229 3261 1813 3330; baseline 0.006 -17"><span class='ocrx_word' id='word_1_346' title='bbox 229 3261 299 3314; x_wconf 72' lang='lat' dir='ltr'><strong>ad</strong></span> <span class='ocrx_word' id='word_1_347' title='bbox 335 3264 614 3330; x_wconf 84' lang='lat' dir='ltr'><strong>proprium</strong></span> <span class='ocrx_word' id='word_1_348' title='bbox 648 3263 1024 3328; x_wconf 82' lang='lat' dir='ltr'><strong>Conditorem,</strong></span> <span class='ocrx_word' id='word_1_349' title='bbox 1050 3281 1309 3321; x_wconf 82' lang='lat' dir='ltr'><strong>exercere</strong></span> <span class='ocrx_word' id='word_1_350' title='bbox 1347 3270 1688 3322; x_wconf 83' lang='lat' dir='ltr'><strong>habitudines</strong></span> <span class='ocrx_word' id='word_1_351' title='bbox 1717 3286 1813 3323; x_wconf 90' lang='lat' dir='ltr'><strong>no-</strong></span> 
     </span>
    </p>
   </div>
   <div class='ocr_carea' id='block_1_49' title="bbox 227 3353 1811 3428">
    <p class='ocr_par' dir='ltr' id='par_1_49' title="bbox 227 3353 1811 3428">
     <span class='ocr_line' id='line_1_49' title="bbox 227 3353 1811 3428; baseline 0.004 -23"><span class='ocrx_word' id='word_1_352' title='bbox 227 3360 380 3405; x_wconf 81' lang='lat' dir='ltr'><strong>stras</strong></span> <span class='ocrx_word' id='word_1_353' title='bbox 415 3367 479 3405; x_wconf 90' lang='lat' dir='ltr'><strong>ac</strong></span> <span class='ocrx_word' id='word_1_354' title='bbox 512 3367 704 3406; x_wconf 89' lang='lat' dir='ltr'><strong>sensus</strong></span> <span class='ocrx_word' id='word_1_355' title='bbox 730 3353 904 3408; x_wconf 84' lang='lat' dir='ltr'><strong>oﬂicia</strong></span> <span class='ocrx_word' id='word_1_356' title='bbox 939 3356 1004 3407; x_wconf 90' lang='lat' dir='ltr'><strong>ad</strong></span> <span class='ocrx_word' id='word_1_357' title='bbox 1038 3358 1441 3424; x_wconf 80' lang='lat' dir='ltr'><strong>agnoscendam</strong></span> <span class='ocrx_word' id='word_1_358' title='bbox 1472 3360 1811 3428; x_wconf 86' lang='lat' dir='ltr'><strong>dignitatem,</strong></span> 
     </span>
    </p>
   </div>
   <div class='ocr_carea' id='block_1_50' title="bbox 224 3441 1812 3512">
    <p class='ocr_par' dir='ltr' id='par_1_50' title="bbox 224 3441 1812 3512">
     <span class='ocr_line' id='line_1_50' title="bbox 224 3441 1812 3512; baseline 0.006 -16"><span class='ocrx_word' id='word_1_359' title='bbox 224 3441 357 3497; x_wconf 86' lang='lat' dir='ltr'><strong>boni</strong></span> <span class='ocrx_word' id='word_1_360' title='bbox 401 3444 637 3512; x_wconf 88' lang='lat' dir='ltr'><strong>malique</strong></span> <span class='ocrx_word' id='word_1_361' title='bbox 662 3444 982 3508; x_wconf 81' lang='lat' dir='ltr'><strong>discrimen,</strong></span> <span class='ocrx_word' id='word_1_362' title='bbox 1012 3458 1066 3499; x_wconf 92' lang='lat' dir='ltr'><strong>ut</strong></span> <span class='ocrx_word' id='word_1_363' title='bbox 1096 3448 1284 3502; x_wconf 85' lang='lat' dir='ltr'><strong>sciatis</strong></span> <span class='ocrx_word' id='word_1_364' title='bbox 1312 3464 1503 3503; x_wconf 87' lang='lat' dir='ltr'><strong>omnes</strong></span> <span class='ocrx_word' id='word_1_365' title='bbox 1538 3451 1654 3505; x_wconf 91' lang='lat' dir='ltr'><strong>illas</strong></span> <span class='ocrx_word' id='word_1_366' title='bbox 1687 3451 1812 3505; x_wconf 85' lang='lat' dir='ltr'><strong>Jesu</strong></span> 
     </span>
    </p>
   </div>
   <div class='ocr_carea' id='block_1_51' title="bbox 224 3536 1812 3608">
    <p class='ocr_par' dir='ltr' id='par_1_51' title="bbox 224 3536 1812 3608">
     <span class='ocr_line' id='line_1_51' title="bbox 224 3536 1812 3608; baseline 0.008 -22"><span class='ocrx_word' id='word_1_367' title='bbox 224 3536 666 3604; x_wconf 79' lang='lat' dir='ltr'><strong>dispeDSaIioucs</strong></span> <span class='ocrx_word' id='word_1_368' title='bbox 701 3553 836 3605; x_wconf 89' lang='lat' dir='ltr'><strong>quas</strong></span> <span class='ocrx_word' id='word_1_369' title='bbox 870 3539 955 3593; x_wconf 88' lang='lat' dir='ltr'><strong>ille</strong></span> <span class='ocrx_word' id='word_1_370' title='bbox 985 3543 1203 3608; x_wconf 89' lang='lat' dir='ltr'><strong>proprio</strong></span> <span class='ocrx_word' id='word_1_371' title='bbox 1235 3542 1383 3596; x_wconf 85' lang='lat' dir='ltr'><strong>dedit</strong></span> <span class='ocrx_word' id='word_1_372' title='bbox 1414 3542 1630 3606; x_wconf 67' lang='lat' dir='ltr'><strong>affectu,</strong></span> <span class='ocrx_word' id='word_1_373' title='bbox 1661 3546 1812 3598; x_wconf 55' lang='lat' dir='ltr'><strong>simi.</strong></span> 
     </span>
    </p>
   </div>
   <div class='ocr_carea' id='block_1_52' title="bbox 224 3628 1815 3702">
    <p class='ocr_par' dir='ltr' id='par_1_52' title="bbox 224 3628 1815 3702">
     <span class='ocr_line' id='line_1_52' title="bbox 224 3628 1815 3702; baseline 0.006 -22"><span class='ocrx_word' id='word_1_374' title='bbox 224 3629 292 3681; x_wconf 83' lang='lat' dir='ltr'><strong>Iis</strong></span> <span class='ocrx_word' id='word_1_375' title='bbox 326 3628 482 3681; x_wconf 68' lang='lat' dir='ltr'><strong>nobis</strong></span> <span class='ocrx_word' id='word_1_376' title='bbox 528 3629 704 3683; x_wconf 78' lang='lat' dir='ltr'><strong>l&#39;at-tns</strong></span> <span class='ocrx_word' id='word_1_377' title='bbox 737 3647 830 3698; x_wconf 91' lang='lat' dir='ltr'><strong>per</strong></span> <span class='ocrx_word' id='word_1_378' title='bbox 861 3633 1046 3684; x_wconf 87' lang='lat' dir='ltr'><strong>omnia</strong></span> <span class='ocrx_word' id='word_1_379' title='bbox 1076 3643 1303 3700; x_wconf 86' lang='lat' dir='ltr'><strong>excepto</strong></span> <span class='ocrx_word' id='word_1_380' title='bbox 1335 3645 1560 3702; x_wconf 81' lang='lat' dir='ltr'><strong>peceato</strong></span> <span class='ocrx_word' id='word_1_381' title='bbox 1583 3638 1646 3688; x_wconf 76' lang='grc'><strong>’⁸.</strong></span> <span class='ocrx_word' id='word_1_382' title='bbox 1688 3636 1815 3690; x_wconf 83' lang='lat' dir='ltr'><strong>Pro-</strong></span> 
     </span>
    </p>
   </div>
   <div class='ocr_carea' id='block_1_53' title="bbox 222 3721 1814 3787">
    <p class='ocr_par' dir='ltr' id='par_1_53' title="bbox 222 3721 1814 3787">
     <span class='ocr_line' id='line_1_53' title="bbox 222 3721 1814 3787; baseline 0.007 -17"><span class='ocrx_word' id='word_1_383' title='bbox 222 3729 351 3787; x_wconf 88' lang='lat' dir='ltr'><strong>pter</strong></span> <span class='ocrx_word' id='word_1_384' title='bbox 385 3721 608 3772; x_wconf 91' lang='lat' dir='ltr'><strong>multam</strong></span> <span class='ocrx_word' id='word_1_385' title='bbox 657 3736 784 3774; x_wconf 89' lang='lat' dir='ltr'><strong>vero</strong></span> <span class='ocrx_word' id='word_1_386' title='bbox 820 3722 1080 3776; x_wconf 86' lang='lat' dir='ltr'><strong>malitiam</strong></span> <span class='ocrx_word' id='word_1_387' title='bbox 1117 3735 1360 3780; x_wconf 87' lang='lat' dir='ltr'><strong>nostram</strong></span> <span class='ocrx_word' id='word_1_388' title='bbox 1391 3728 1814 3782; x_wconf 82' lang='lat' dir='ltr'><strong>districtioneni-</strong></span> 
     </span>
    </p>
   </div>
   <div class='ocr_carea' id='block_1_54' title="bbox 221 3812 1812 3882">
    <p class='ocr_par' dir='ltr' id='par_1_54' title="bbox 221 3812 1812 3882">
     <span class='ocr_line' id='line_1_54' title="bbox 221 3812 1812 3882; baseline 0.006 -20"><span class='ocrx_word' id='word_1_389' title='bbox 221 3826 332 3880; x_wconf 84' lang='lat' dir='ltr'><strong>que</strong></span> <span class='ocrx_word' id='word_1_390' title='bbox 382 3812 598 3864; x_wconf 82' lang='lat' dir='ltr'><strong>malitiae</strong></span> <span class='ocrx_word' id='word_1_391' title='bbox 638 3821 690 3865; x_wconf 89' lang='lat' dir='ltr'><strong>et</strong></span> <span class='ocrx_word' id='word_1_392' title='bbox 746 3814 1094 3876; x_wconf 75' lang='lat' dir='ltr'><strong>gravedinem</strong></span> <span class='ocrx_word' id='word_1_393' title='bbox 1155 3816 1534 3870; x_wconf 72' lang='lat' dir='ltr'><strong>inconstantia:</strong></span> <span class='ocrx_word' id='word_1_394' title='bbox 1591 3827 1812 3882; x_wconf 58' lang='lat' dir='ltr'><strong>nostra,</strong></span> 
     </span>
    </p>
   </div>
   <div class='ocr_carea' id='block_1_55' title="bbox 221 3902 1806 3976">
    <p class='ocr_par' dir='ltr' id='par_1_55' title="bbox 221 3902 1806 3976">
     <span class='ocr_line' id='line_1_55' title="bbox 221 3902 1806 3976; baseline 0.005 -20"><span class='ocrx_word' id='word_1_395' title='bbox 221 3902 406 3957; x_wconf 78' lang='lat' dir='ltr'><strong>factus</strong></span> <span class='ocrx_word' id='word_1_396' title='bbox 443 3912 524 3956; x_wconf 90' lang='lat' dir='ltr'><strong>est</strong></span> <span class='ocrx_word' id='word_1_397' title='bbox 560 3905 824 3958; x_wconf 78' lang='lat' dir='ltr'><strong>adventus</strong></span> <span class='ocrx_word' id='word_1_398' title='bbox 851 3905 989 3973; x_wconf 82' lang='lat' dir='ltr'><strong>ejus,</strong></span> <span class='ocrx_word' id='word_1_399' title='bbox 1028 3908 1359 3974; x_wconf 89' lang='lat' dir='ltr'><strong>quibusdam</strong></span> <span class='ocrx_word' id='word_1_400' title='bbox 1392 3907 1604 3976; x_wconf 83' lang='lat' dir='ltr'><strong>quidem</strong></span> <span class='ocrx_word' id='word_1_401' title='bbox 1639 3911 1806 3964; x_wconf 86' lang='lat' dir='ltr'><strong>stulti-</strong></span> 
     </span>
    </p>
   </div>
   <div class='ocr_carea' id='block_1_56' title="bbox 223 3994 1814 4068">
    <p class='ocr_par' dir='ltr' id='par_1_56' title="bbox 223 3994 1814 4068">
     <span class='ocr_line' id='line_1_56' title="bbox 223 3994 1814 4068; baseline 0.004 -19"><span class='ocrx_word' id='word_1_402' title='bbox 223 3995 324 4059; x_wconf 88' lang='lat' dir='ltr'><strong>tia,</strong></span> <span class='ocrx_word' id='word_1_403' title='bbox 364 3994 486 4048; x_wconf 85' lang='lat' dir='ltr'><strong>aliis</strong></span> <span class='ocrx_word' id='word_1_404' title='bbox 516 4010 648 4048; x_wconf 88' lang='lat' dir='ltr'><strong>vero</strong></span> <span class='ocrx_word' id='word_1_405' title='bbox 676 3997 988 4048; x_wconf 87' lang='lat' dir='ltr'><strong>scandalum</strong></span> <span class='ocrx_word' id='word_1_406' title='bbox 1015 3998 1092 4061; x_wconf 73' lang='grc' dir='ltr'><strong>ὀς</strong></span> <span class='ocrx_word' id='word_1_407' title='bbox 1125 3998 1277 4052; x_wconf 91' lang='lat' dir='ltr'><strong>alteri</strong></span> <span class='ocrx_word' id='word_1_408' title='bbox 1310 4002 1447 4068; x_wconf 84' lang='lat' dir='ltr'><strong>parti</strong></span> <span class='ocrx_word' id='word_1_409' title='bbox 1480 4001 1814 4057; x_wconf 81' lang='lat' dir='ltr'><strong>emolumen-</strong></span> 
     </span>
    </p>
   </div>
   <div class='ocr_carea' id='block_1_57' title="bbox 222 4085 1811 4159">
    <p class='ocr_par' dir='ltr' id='par_1_57' title="bbox 222 4085 1811 4159">
     <span class='ocr_line' id='line_1_57' title="bbox 222 4085 1811 4159; baseline 0.003 -19"><span class='ocrx_word' id='word_1_410' title='bbox 222 4096 382 4150; x_wconf 82' lang='lat' dir='ltr'><strong>tum;</strong></span> <span class='ocrx_word' id='word_1_411' title='bbox 423 4087 656 4153; x_wconf 89' lang='lat' dir='ltr'><strong>itemque</strong></span> <span class='ocrx_word' id='word_1_412' title='bbox 687 4085 807 4138; x_wconf 89' lang='lat' dir='ltr'><strong>aliis</strong></span> <span class='ocrx_word' id='word_1_413' title='bbox 853 4087 1118 4156; x_wconf 75' lang='lat' dir='ltr'><strong>Sapientia</strong></span> <span class='ocrx_word' id='word_1_414' title='bbox 1163 4100 1217 4143; x_wconf 91' lang='lat' dir='ltr'><strong>et</strong></span> <span class='ocrx_word' id='word_1_415' title='bbox 1264 4091 1466 4157; x_wconf 87' lang='lat' dir='ltr'><strong>virtus;</strong></span> <span class='ocrx_word' id='word_1_416' title='bbox 1500 4107 1660 4159; x_wconf 91' lang='lat' dir='ltr'><strong>porro</strong></span> <span class='ocrx_word' id='word_1_417' title='bbox 1693 4093 1811 4147; x_wconf 90' lang='lat' dir='ltr'><strong>aliis</strong></span> 
     </span>
    </p>
   </div>
   <div class='ocr_carea' id='block_1_58' title="bbox 222 4177 1812 4249">
    <p class='ocr_par' dir='ltr' id='par_1_58' title="bbox 222 4177 1812 4249">
     <span class='ocr_line' id='line_1_58' title="bbox 222 4177 1812 4249; baseline 0.005 -20"><span class='ocrx_word' id='word_1_418' title='bbox 222 4178 560 4235; x_wconf 85' lang='lat' dir='ltr'><strong>resurrectio</strong></span> <span class='ocrx_word' id='word_1_419' title='bbox 592 4187 644 4231; x_wconf 90' lang='lat' dir='ltr'><strong>et</strong></span> <span class='ocrx_word' id='word_1_420' title='bbox 679 4177 807 4230; x_wconf 91' lang='lat' dir='ltr'><strong>vita.</strong></span> <span class='ocrx_word' id='word_1_421' title='bbox 851 4178 962 4233; x_wconf 88' lang='lat' dir='ltr'><strong>Iloc</strong></span> <span class='ocrx_word' id='word_1_422' title='bbox 994 4195 1208 4249; x_wconf 79' lang='lat' dir='ltr'><strong>Quoque</strong></span> <span class='ocrx_word' id='word_1_423' title='bbox 1241 4182 1589 4236; x_wconf 79' lang='lat' dir='ltr'><strong>uianiiesurm</strong></span> <span class='ocrx_word' id='word_1_424' title='bbox 1621 4186 1692 4237; x_wconf 87' lang='lat' dir='ltr'><strong>sit</strong></span> <span class='ocrx_word' id='word_1_425' title='bbox 1719 4199 1812 4237; x_wconf 85' lang='lat' dir='ltr'><strong>vo-</strong></span> 
     </span>
    </p>
   </div>
   <div class='ocr_carea' id='block_1_59' title="bbox 219 4268 1810 4343">
    <p class='ocr_par' dir='ltr' id='par_1_59' title="bbox 219 4268 1810 4343">
     <span class='ocr_line' id='line_1_59' title="bbox 219 4268 1810 4343; baseline 0.006 -26"><span class='ocrx_word' id='word_1_426' title='bbox 219 4270 327 4330; x_wconf 78' lang='lat' dir='ltr'><strong>bis,</strong></span> <span class='ocrx_word' id='word_1_427' title='bbox 364 4270 505 4336; x_wconf 87' lang='lat' dir='ltr'><strong>quod</strong></span> <span class='ocrx_word' id='word_1_428' title='bbox 537 4268 800 4322; x_wconf 86' lang='lat' dir='ltr'><strong>adventus</strong></span> <span class='ocrx_word' id='word_1_429' title='bbox 829 4269 972 4322; x_wconf 88' lang='lat' dir='ltr'><strong>illius</strong></span> <span class='ocrx_word' id='word_1_430' title='bbox 1009 4270 1186 4323; x_wconf 81' lang='lat' dir='ltr'><strong>factus</strong></span> <span class='ocrx_word' id='word_1_431' title='bbox 1218 4272 1286 4324; x_wconf 92' lang='lat' dir='ltr'><strong>sit</strong></span> <span class='ocrx_word' id='word_1_432' title='bbox 1316 4275 1461 4326; x_wconf 90' lang='lat' dir='ltr'><strong>omni</strong></span> <span class='ocrx_word' id='word_1_433' title='bbox 1493 4274 1692 4326; x_wconf 87' lang='lat' dir='ltr'><strong>mundo</strong></span> <span class='ocrx_word' id='word_1_434' title='bbox 1720 4273 1810 4343; x_wconf 89' lang='lat' dir='ltr'><strong>ju-</strong></span> 
     </span>
    </p>
   </div>
   <div class='ocr_carea' id='block_1_60' title="bbox 219 4355 1808 4426">
    <p class='ocr_par' dir='ltr' id='par_1_60' title="bbox 219 4355 1808 4426">
     <span class='ocr_line' id='line_1_60' title="bbox 219 4355 1808 4426; baseline 0.004 -15"><span class='ocrx_word' id='word_1_435' title='bbox 219 4359 452 4412; x_wconf 82' lang='lat' dir='ltr'><strong>dicium.</strong></span> <span class='ocrx_word' id='word_1_436' title='bbox 485 4355 621 4410; x_wconf 79' lang='lat' dir='ltr'><strong>Ecce</strong></span> <span class='ocrx_word' id='word_1_437' title='bbox 650 4359 810 4423; x_wconf 86' lang='lat' dir='ltr'><strong>enim,</strong></span> <span class='ocrx_word' id='word_1_438' title='bbox 845 4360 940 4420; x_wconf 84' lang='lat' dir='ltr'><strong>ait,</strong></span> <span class='ocrx_word' id='word_1_439' title='bbox 968 4360 1175 4413; x_wconf 82' lang='lat' dir='ltr'><strong>veniunt</strong></span> <span class='ocrx_word' id='word_1_440' title='bbox 1198 4362 1330 4426; x_wconf 80' lang='lat' dir='ltr'><strong>dies,</strong></span> <span class='ocrx_word' id='word_1_441' title='bbox 1360 4363 1485 4415; x_wconf 81' lang='lat' dir='ltr'><strong>dicit</strong></span> <span class='ocrx_word' id='word_1_442' title='bbox 1517 4362 1808 4426; x_wconf 84' lang='lat' dir='ltr'><strong>Dominus;</strong></span> 
     </span>
    </p>
   </div>
   <div class='ocr_carea' id='block_1_61' title="bbox 217 4449 1810 4522">
    <p class='ocr_par' dir='ltr' id='par_1_61' title="bbox 217 4449 1810 4522">
     <span class='ocr_line' id='line_1_61' title="bbox 217 4449 1810 4522; baseline 0.005 -21"><span class='ocrx_word' id='word_1_443' title='bbox 217 4460 264 4502; x_wconf 85' lang='lat' dir='ltr'><strong>et</strong></span> <span class='ocrx_word' id='word_1_444' title='bbox 302 4465 482 4502; x_wconf 84' lang='lat' dir='ltr'><strong>omnes</strong></span> <span class='ocrx_word' id='word_1_445' title='bbox 511 4449 669 4501; x_wconf 76' lang='lat' dir='ltr'><strong>scient</strong></span> <span class='ocrx_word' id='word_1_446' title='bbox 704 4466 784 4502; x_wconf 88' lang='lat' dir='ltr'><strong>me</strong></span> <span class='ocrx_word' id='word_1_447' title='bbox 816 4467 845 4501; x_wconf 85' lang='grc' dir='ltr'><em>α</em></span> <span class='ocrx_word' id='word_1_448' title='bbox 879 4451 1092 4503; x_wconf 85' lang='lat' dir='ltr'><strong>minimo</strong></span> <span class='ocrx_word' id='word_1_449' title='bbox 1126 4469 1287 4522; x_wconf 81' lang='lat' dir='ltr'><strong>usque</strong></span> <span class='ocrx_word' id='word_1_450' title='bbox 1314 4455 1698 4512; x_wconf 76' lang='lat' dir='ltr'><strong>admaximum</strong></span> <span class='ocrx_word' id='word_1_451' title='bbox 1723 4473 1810 4509; x_wconf 80' lang='lat' dir='ltr'><strong>eo-</strong></span> 
     </span>
    </p>
   </div>
   <div class='ocr_carea' id='block_1_62' title="bbox 1928 1980 3508 2046">
    <p class='ocr_par' dir='ltr' id='par_1_62' title="bbox 1928 1980 3508 2046">
     <span class='ocr_line' id='line_1_62' title="bbox 1928 1980 3508 2046; baseline 0 -13"><span class='ocrx_word' id='word_1_452' title='bbox 1928 1993 2136 2040; x_wconf 84' lang='lat' dir='ltr'><strong>surnus,</strong></span> <span class='ocrx_word' id='word_1_453' title='bbox 2170 1989 2221 2033; x_wconf 91' lang='lat' dir='ltr'><strong>et</strong></span> <span class='ocrx_word' id='word_1_454' title='bbox 2254 1991 2570 2033; x_wconf 88' lang='lat' dir='ltr'><strong>sanctorum</strong></span> <span class='ocrx_word' id='word_1_455' title='bbox 2623 1982 2899 2032; x_wconf 86' lang='lat' dir='ltr'><strong>schemata</strong></span> <span class='ocrx_word' id='word_1_456' title='bbox 2950 1980 3250 2046; x_wconf 82' lang='lat' dir='ltr'><strong>bajulamus</strong></span> <span class='ocrx_word' id='word_1_457' title='bbox 3288 1980 3339 2032; x_wconf 92' lang='lat' dir='ltr'><strong>in</strong></span> <span class='ocrx_word' id='word_1_458' title='bbox 3375 1994 3508 2033; x_wconf 87' lang='lat' dir='ltr'><strong>con-</strong></span> 
     </span>
    </p>
   </div>
   <div class='ocr_carea' id='block_1_63' title="bbox 1927 2069 3508 2138">
    <p class='ocr_par' dir='ltr' id='par_1_63' title="bbox 1927 2069 3508 2138">
     <span class='ocr_line' id='line_1_63' title="bbox 1927 2069 3508 2138; baseline 0 -16"><span class='ocrx_word' id='word_1_459' title='bbox 1927 2078 2114 2136; x_wconf 87' lang='lat' dir='ltr'><strong>spectu</strong></span> <span class='ocrx_word' id='word_1_460' title='bbox 2168 2069 2465 2123; x_wconf 87' lang='lat' dir='ltr'><strong>inﬁdelium</strong></span> <span class='ocrx_word' id='word_1_461' title='bbox 2519 2069 2836 2138; x_wconf 86' lang='lat' dir='ltr'><strong>gloriantes.</strong></span> <span class='ocrx_word' id='word_1_462' title='bbox 2894 2069 3004 2124; x_wconf 89' lang='lat' dir='ltr'><strong>Sed</strong></span> <span class='ocrx_word' id='word_1_463' title='bbox 3040 2080 3219 2123; x_wconf 82' lang='lat' dir='ltr'><strong>metuo</strong></span> <span class='ocrx_word' id='word_1_464' title='bbox 3263 2084 3330 2123; x_wconf 90' lang='lat' dir='ltr'><strong>ne</strong></span> <span class='ocrx_word' id='word_1_465' title='bbox 3378 2069 3508 2122; x_wconf 89' lang='lat' dir='ltr'><strong>illud</strong></span> 
     </span>
    </p>
   </div>
   <div class='ocr_carea' id='block_1_64' title="bbox 1931 2157 3508 2229">
    <p class='ocr_par' dir='ltr' id='par_1_64' title="bbox 1931 2157 3508 2229">
     <span class='ocr_line' id='line_1_64' title="bbox 1931 2157 3508 2229; baseline 0 -15"><span class='ocrx_word' id='word_1_466' title='bbox 1931 2157 2082 2214; x_wconf 84' lang='lat' dir='ltr'><strong>Pauli</strong></span> <span class='ocrx_word' id='word_1_467' title='bbox 2131 2161 2410 2215; x_wconf 87' lang='lat' dir='ltr'><strong>oraculum</strong></span> <span class='ocrx_word' id='word_1_468' title='bbox 2460 2160 2746 2227; x_wconf 86' lang='lat' dir='ltr'><strong>impleatur</strong></span> <span class='ocrx_word' id='word_1_469' title='bbox 2780 2162 2830 2214; x_wconf 90' lang='lat' dir='ltr'><strong>in</strong></span> <span class='ocrx_word' id='word_1_470' title='bbox 2865 2161 3042 2224; x_wconf 90' lang='lat' dir='ltr'><strong>nobis,</strong></span> <span class='ocrx_word' id='word_1_471' title='bbox 3077 2176 3183 2229; x_wconf 93' lang='lat' dir='ltr'><strong>quo</strong></span> <span class='ocrx_word' id='word_1_472' title='bbox 3228 2161 3303 2214; x_wconf 89' lang='lat' dir='ltr'><strong>ait</strong></span> <span class='ocrx_word' id='word_1_473' title='bbox 3337 2177 3350 2212; x_wconf 93' lang='lat'><strong>:</strong></span> <span class='ocrx_word' id='word_1_474' title='bbox 3390 2158 3508 2214; x_wconf 86' lang='lat' dir='ltr'><strong>Ha-</strong></span> 
     </span>
    </p>
   </div>
   <div class='ocr_carea' id='block_1_65' title="bbox 1927 2252 3509 2323">
    <p class='ocr_par' dir='ltr' id='par_1_65' title="bbox 1927 2252 3509 2323">
     <span class='ocr_line' id='line_1_65' title="bbox 1927 2252 3509 2323; baseline 0.001 -18"><span class='ocrx_word' id='word_1_475' title='bbox 1927 2255 2100 2306; x_wconf 81' lang='lat' dir='ltr'><strong>bentes</strong></span> <span class='ocrx_word' id='word_1_476' title='bbox 2129 2254 2358 2320; x_wconf 79' lang='lat' dir='ltr'><strong>[orntum</strong></span> <span class='ocrx_word' id='word_1_477' title='bbox 2401 2254 2631 2321; x_wconf 82' lang='lat' dir='ltr'><strong>pietatis,</strong></span> <span class='ocrx_word' id='word_1_478' title='bbox 2673 2254 2908 2306; x_wconf 80' lang='lat' dir='ltr'><strong>virtutem</strong></span> <span class='ocrx_word' id='word_1_479' title='bbox 2954 2263 3132 2306; x_wconf 83' lang='lat' dir='ltr'><strong>autem</strong></span> <span class='ocrx_word' id='word_1_480' title='bbox 3168 2252 3281 2322; x_wconf 77' lang='lat' dir='ltr'><strong>ejus</strong></span> <span class='ocrx_word' id='word_1_481' title='bbox 3311 2270 3509 2323; x_wconf 83' lang='lat' dir='ltr'><strong>negau-</strong></span> 
     </span>
    </p>
   </div>
   <div class='ocr_carea' id='block_1_66' title="bbox 1926 2345 3509 2413">
    <p class='ocr_par' dir='ltr' id='par_1_66' title="bbox 1926 2345 3509 2413">
     <span class='ocr_line' id='line_1_66' title="bbox 1926 2345 3509 2413; baseline 0.003 -17"><span class='ocrx_word' id='word_1_482' title='bbox 1926 2355 1998 2397; x_wconf 74' lang='grc' dir='ltr'>ιρις</span> <span class='ocrx_word' id='word_1_483' title='bbox 2036 2345 2104 2399; x_wconf 84' lang='grc'><strong>³⁵.</strong></span> <span class='ocrx_word' id='word_1_484' title='bbox 2159 2346 2230 2398; x_wconf 89' lang='lat' dir='ltr'><strong>De</strong></span> <span class='ocrx_word' id='word_1_485' title='bbox 2269 2345 2537 2398; x_wconf 86' lang='lat' dir='ltr'><strong>charitate</strong></span> <span class='ocrx_word' id='word_1_486' title='bbox 2586 2360 2713 2398; x_wconf 91' lang='lat' dir='ltr'><strong>vero</strong></span> <span class='ocrx_word' id='word_1_487' title='bbox 2748 2360 2910 2413; x_wconf 89' lang='lat' dir='ltr'><strong>quam</strong></span> <span class='ocrx_word' id='word_1_488' title='bbox 2949 2346 3119 2399; x_wconf 89' lang='lat' dir='ltr'><strong>habeo</strong></span> <span class='ocrx_word' id='word_1_489' title='bbox 3166 2346 3217 2399; x_wconf 93' lang='lat' dir='ltr'><strong>in</strong></span> <span class='ocrx_word' id='word_1_490' title='bbox 3253 2360 3369 2411; x_wconf 84' lang='lat' dir='ltr'><strong>vos,</strong></span> <span class='ocrx_word' id='word_1_491' title='bbox 3411 2360 3509 2400; x_wconf 85' lang='lat' dir='ltr'><strong>oro</strong></span> 
     </span>
    </p>
   </div>
   <div class='ocr_carea' id='block_1_67' title="bbox 1927 2436 3506 2506">
    <p class='ocr_par' dir='ltr' id='par_1_67' title="bbox 1927 2436 3506 2506">
     <span class='ocr_line' id='line_1_67' title="bbox 1927 2436 3506 2506; baseline -0.001 -17"><span class='ocrx_word' id='word_1_492' title='bbox 1927 2453 2023 2506; x_wconf 91' lang='lat' dir='ltr'><strong>pro</strong></span> <span class='ocrx_word' id='word_1_493' title='bbox 2051 2437 2204 2490; x_wconf 87' lang='lat' dir='ltr'><strong>vobis</strong></span> <span class='ocrx_word' id='word_1_494' title='bbox 2232 2438 2294 2488; x_wconf 89' lang='lat' dir='ltr'><strong>ad</strong></span> <span class='ocrx_word' id='word_1_495' title='bbox 2337 2436 2522 2498; x_wconf 85' lang='lat' dir='ltr'><strong>Deum,</strong></span> <span class='ocrx_word' id='word_1_496' title='bbox 2560 2445 2617 2488; x_wconf 94' lang='lat' dir='ltr'><strong>ut</strong></span> <span class='ocrx_word' id='word_1_497' title='bbox 2651 2437 3010 2490; x_wconf 70' lang='lat' dir='ltr'><strong>considet-etis</strong></span> <span class='ocrx_word' id='word_1_498' title='bbox 3041 2436 3205 2489; x_wconf 88' lang='lat' dir='ltr'><strong>vitam</strong></span> <span class='ocrx_word' id='word_1_499' title='bbox 3246 2445 3506 2502; x_wconf 86' lang='lat' dir='ltr'><strong>vestram,</strong></span> 
     </span>
    </p>
   </div>
   <div class='ocr_carea' id='block_1_68' title="bbox 1925 2522 3508 2594">
    <p class='ocr_par' dir='ltr' id='par_1_68' title="bbox 1925 2522 3508 2594">
     <span class='ocr_line' id='line_1_68' title="bbox 1925 2522 3508 2594; baseline -0.005 -13"><span class='ocrx_word' id='word_1_500' title='bbox 1925 2539 1979 2581; x_wconf 90' lang='lat' dir='ltr'><strong>et</strong></span> <span class='ocrx_word' id='word_1_501' title='bbox 2015 2527 2334 2581; x_wconf 80' lang='lat' dir='ltr'><strong>lucreditate</strong></span> <span class='ocrx_word' id='word_1_502' title='bbox 2377 2526 2606 2594; x_wconf 86' lang='lat' dir='ltr'><strong>capiatis</strong></span> <span class='ocrx_word' id='word_1_503' title='bbox 2650 2540 2714 2578; x_wconf 85' lang='lat' dir='ltr'><strong>ea</strong></span> <span class='ocrx_word' id='word_1_504' title='bbox 2759 2540 2880 2593; x_wconf 70' lang='lat' dir='ltr'><strong>qua:</strong></span> <span class='ocrx_word' id='word_1_505' title='bbox 2928 2540 3034 2577; x_wconf 92' lang='lat' dir='ltr'><strong>non</strong></span> <span class='ocrx_word' id='word_1_506' title='bbox 3069 2522 3350 2588; x_wconf 87' lang='lat' dir='ltr'><strong>videntur;</strong></span> <span class='ocrx_word' id='word_1_507' title='bbox 3385 2537 3508 2575; x_wconf 79' lang='lat' dir='ltr'><strong>nam</strong></span> 
     </span>
    </p>
   </div>
   <div class='ocr_carea' id='block_1_69' title="bbox 1927 2601 3507 2685">
    <p class='ocr_par' dir='ltr' id='par_1_69' title="bbox 1927 2601 3507 2685">
     <span class='ocr_line' id='line_1_69' title="bbox 1927 2601 3507 2685; baseline -0.001 -16"><span class='ocrx_word' id='word_1_508' title='bbox 1927 2632 2110 2670; x_wconf 86' lang='lat' dir='ltr'><strong>verum</strong></span> <span class='ocrx_word' id='word_1_509' title='bbox 2148 2626 2252 2683; x_wconf 88' lang='lat' dir='ltr'><strong>est,</strong></span> <span class='ocrx_word' id='word_1_510' title='bbox 2285 2616 2459 2680; x_wconf 91' lang='lat' dir='ltr'><strong>ﬁlioli,</strong></span> <span class='ocrx_word' id='word_1_511' title='bbox 2489 2617 2630 2685; x_wconf 86' lang='lat' dir='ltr'><strong>quod</strong></span> <span class='ocrx_word' id='word_1_512' title='bbox 2657 2615 2819 2669; x_wconf 89' lang='lat' dir='ltr'><strong>etiam</strong></span> <span class='ocrx_word' id='word_1_513' title='bbox 2852 2619 2895 2669; x_wconf 84' lang='lat' dir='ltr'><strong>si</strong></span> <span class='ocrx_word' id='word_1_514' title='bbox 2925 2619 3112 2672; x_wconf 85' lang='lat' dir='ltr'><strong>demus</strong></span> <span class='ocrx_word' id='word_1_515' title='bbox 3143 2632 3239 2670; x_wconf 90' lang='lat' dir='ltr'><strong>nos</strong></span> <span class='ocrx_word' id='word_1_516' title='bbox 3271 2601 3414 2684; x_wconf 79' lang='lat' dir='ltr'><strong>ipsos</strong></span> <span class='ocrx_word' id='word_1_517' title='bbox 3440 2630 3507 2669; x_wconf 78' lang='lat' dir='ltr'><strong>ex</strong></span> 
     </span>
    </p>
   </div>
   <div class='ocr_carea' id='block_1_70' title="bbox 1930 2708 3506 2776">
    <p class='ocr_par' dir='ltr' id='par_1_70' title="bbox 1930 2708 3506 2776">
     <span class='ocr_line' id='line_1_70' title="bbox 1930 2708 3506 2776; baseline -0.001 -15"><span class='ocrx_word' id='word_1_518' title='bbox 1930 2719 2036 2762; x_wconf 87' lang='lat' dir='ltr'><strong>tota</strong></span> <span class='ocrx_word' id='word_1_519' title='bbox 2075 2711 2277 2762; x_wconf 87' lang='lat' dir='ltr'><strong>virtute</strong></span> <span class='ocrx_word' id='word_1_520' title='bbox 2313 2709 2591 2776; x_wconf 85' lang='lat' dir='ltr'><strong>inquirere</strong></span> <span class='ocrx_word' id='word_1_521' title='bbox 2621 2709 2808 2771; x_wconf 88' lang='lat' dir='ltr'><strong>Deum,</strong></span> <span class='ocrx_word' id='word_1_522' title='bbox 2840 2724 2936 2761; x_wconf 90' lang='lat' dir='ltr'><strong>nec</strong></span> <span class='ocrx_word' id='word_1_523' title='bbox 2965 2713 3044 2762; x_wconf 93' lang='lat' dir='ltr'><strong>sic</strong></span> <span class='ocrx_word' id='word_1_524' title='bbox 3068 2709 3281 2776; x_wconf 87' lang='lat' dir='ltr'><strong>quidem</strong></span> <span class='ocrx_word' id='word_1_525' title='bbox 3315 2708 3506 2761; x_wconf 89' lang='lat' dir='ltr'><strong>condi-</strong></span> 
     </span>
    </p>
   </div>
   <div class='ocr_carea' id='block_1_71' title="bbox 1925 2799 3506 2871">
    <p class='ocr_par' dir='ltr' id='par_1_71' title="bbox 1925 2799 3506 2871">
     <span class='ocr_line' id='line_1_71' title="bbox 1925 2799 3506 2871; baseline -0.003 -18"><span class='ocrx_word' id='word_1_526' title='bbox 1925 2818 2029 2870; x_wconf 81' lang='lat' dir='ltr'><strong>gna</strong></span> <span class='ocrx_word' id='word_1_527' title='bbox 2062 2803 2235 2871; x_wconf 80' lang='lat' dir='ltr'><strong>gratia</strong></span> <span class='ocrx_word' id='word_1_528' title='bbox 2268 2803 2393 2856; x_wconf 82' lang='lat' dir='ltr'><strong>erit.</strong></span> <span class='ocrx_word' id='word_1_529' title='bbox 2426 2801 2479 2854; x_wconf 92' lang='lat' dir='ltr'><strong>Id</strong></span> <span class='ocrx_word' id='word_1_530' title='bbox 2515 2800 2658 2854; x_wconf 91' lang='lat' dir='ltr'><strong>enim</strong></span> <span class='ocrx_word' id='word_1_531' title='bbox 2708 2800 3036 2866; x_wconf 86' lang='lat' dir='ltr'><strong>inquirimus</strong></span> <span class='ocrx_word' id='word_1_532' title='bbox 3083 2799 3225 2866; x_wconf 89' lang='lat' dir='ltr'><strong>quod</strong></span> <span class='ocrx_word' id='word_1_533' title='bbox 3259 2810 3506 2870; x_wconf 81' lang='lat' dir='ltr'><strong>nostrum</strong></span> 
     </span>
    </p>
   </div>
   <div class='ocr_carea' id='block_1_72' title="bbox 1925 2892 3504 2962">
    <p class='ocr_par' dir='ltr' id='par_1_72' title="bbox 1925 2892 3504 2962">
     <span class='ocr_line' id='line_1_72' title="bbox 1925 2892 3504 2962; baseline -0.003 -16"><span class='ocrx_word' id='word_1_534' title='bbox 1925 2894 2172 2956; x_wconf 81' lang='lat' dir='ltr'><strong>exsistit,</strong></span> <span class='ocrx_word' id='word_1_535' title='bbox 2219 2902 2273 2947; x_wconf 89' lang='lat' dir='ltr'><strong>et</strong></span> <span class='ocrx_word' id='word_1_536' title='bbox 2309 2894 2451 2962; x_wconf 89' lang='lat' dir='ltr'><strong>quod</strong></span> <span class='ocrx_word' id='word_1_537' title='bbox 2499 2892 2745 2946; x_wconf 87' lang='lat' dir='ltr'><strong>naturale</strong></span> <span class='ocrx_word' id='word_1_538' title='bbox 2797 2900 2881 2946; x_wconf 86' lang='lat' dir='ltr'><strong>est</strong></span> <span class='ocrx_word' id='word_1_539' title='bbox 2920 2892 3236 2945; x_wconf 67' lang='lat' dir='ltr'><strong>subsmutiae</strong></span> <span class='ocrx_word' id='word_1_540' title='bbox 3287 2904 3504 2943; x_wconf 71' lang='lat' dir='ltr'><strong>nosrrae.</strong></span> 
     </span>
    </p>
   </div>
   <div class='ocr_carea' id='block_1_73' title="bbox 1926 2982 3507 3052">
    <p class='ocr_par' dir='ltr' id='par_1_73' title="bbox 1926 2982 3507 3052">
     <span class='ocr_line' id='line_1_73' title="bbox 1926 2982 3507 3052; baseline -0.003 -14"><span class='ocrx_word' id='word_1_541' title='bbox 1926 2985 2065 3041; x_wconf 84' lang='lat' dir='ltr'><strong>Vere</strong></span> <span class='ocrx_word' id='word_1_542' title='bbox 2090 2986 2285 3048; x_wconf 65' lang='lat' dir='ltr'><strong>etiam,</strong></span> <span class='ocrx_word' id='word_1_543' title='bbox 2316 2985 2620 3040; x_wconf 86' lang='lat' dir='ltr'><strong>charissimi</strong></span> <span class='ocrx_word' id='word_1_544' title='bbox 2656 2986 2705 3038; x_wconf 89' lang='lat' dir='ltr'><strong>in</strong></span> <span class='ocrx_word' id='word_1_545' title='bbox 2731 2983 2980 3046; x_wconf 91' lang='lat' dir='ltr'><strong>Domino,</strong></span> <span class='ocrx_word' id='word_1_546' title='bbox 3015 2984 3104 3052; x_wconf 91' lang='lat' dir='ltr'><strong>qui</strong></span> <span class='ocrx_word' id='word_1_547' title='bbox 3131 2984 3180 3034; x_wconf 91' lang='lat' dir='ltr'><strong>in</strong></span> <span class='ocrx_word' id='word_1_548' title='bbox 3208 2982 3352 3036; x_wconf 90' lang='lat' dir='ltr'><strong>omni</strong></span> <span class='ocrx_word' id='word_1_549' title='bbox 3384 2996 3507 3035; x_wconf 83' lang='lat' dir='ltr'><strong>san-</strong></span> 
     </span>
    </p>
   </div>
   <div class='ocr_carea' id='block_1_74' title="bbox 1925 3073 3506 3144">
    <p class='ocr_par' dir='ltr' id='par_1_74' title="bbox 1925 3073 3506 3144">
     <span class='ocr_line' id='line_1_74' title="bbox 1925 3073 3506 3144; baseline -0.003 -15"><span class='ocrx_word' id='word_1_550' title='bbox 1925 3077 2115 3130; x_wconf 87' lang='lat' dir='ltr'><strong>ctitate</strong></span> <span class='ocrx_word' id='word_1_551' title='bbox 2171 3077 2408 3144; x_wconf 86' lang='lat' dir='ltr'><strong>parastis</strong></span> <span class='ocrx_word' id='word_1_552' title='bbox 2468 3079 2826 3143; x_wconf 86' lang='lat' dir='ltr'><strong>vosmetipsos</strong></span> <span class='ocrx_word' id='word_1_553' title='bbox 2861 3074 3057 3129; x_wconf 81' lang='lat' dir='ltr'><strong>offerre</strong></span> <span class='ocrx_word' id='word_1_554' title='bbox 3098 3075 3327 3127; x_wconf 86' lang='lat' dir='ltr'><strong>hostiam</strong></span> <span class='ocrx_word' id='word_1_555' title='bbox 3369 3073 3506 3139; x_wconf 85' lang='lat' dir='ltr'><strong>Deo;</strong></span> 
     </span>
    </p>
   </div>
   <div class='ocr_carea' id='block_1_75' title="bbox 1927 3155 3505 3235">
    <p class='ocr_par' dir='ltr' id='par_1_75' title="bbox 1927 3155 3505 3235">
     <span class='ocr_line' id='line_1_75' title="bbox 1927 3155 3505 3235; baseline -0.003 -16"><span class='ocrx_word' id='word_1_556' title='bbox 1927 3166 2051 3235; x_wconf 82' lang='lat' dir='ltr'><strong>quia</strong></span> <span class='ocrx_word' id='word_1_557' title='bbox 2082 3167 2214 3220; x_wconf 85' lang='lat' dir='ltr'><strong>nihil</strong></span> <span class='ocrx_word' id='word_1_558' title='bbox 2249 3167 2315 3219; x_wconf 84' lang='lat' dir='ltr'><strong>de</strong></span> <span class='ocrx_word' id='word_1_559' title='bbox 2349 3165 2431 3222; x_wconf 90' lang='lat' dir='ltr'><strong>his</strong></span> <span class='ocrx_word' id='word_1_560' title='bbox 2452 3155 2577 3234; x_wconf 67' lang='lat' dir='ltr'><strong>qua:</strong></span> <span class='ocrx_word' id='word_1_561' title='bbox 2606 3167 2968 3235; x_wconf 80' lang='lat' dir='ltr'><strong>expediebant</strong></span> <span class='ocrx_word' id='word_1_562' title='bbox 2998 3165 3294 3218; x_wconf 86' lang='lat' dir='ltr'><strong>celabimus</strong></span> <span class='ocrx_word' id='word_1_563' title='bbox 3326 3164 3505 3223; x_wconf 84' lang='lat' dir='ltr'><strong>vobis.</strong></span> 
     </span>
    </p>
   </div>
   <div class='ocr_carea' id='block_1_76' title="bbox 1923 3257 3507 3327">
    <p class='ocr_par' dir='ltr' id='par_1_76' title="bbox 1923 3257 3507 3327">
     <span class='ocr_line' id='line_1_76' title="bbox 1923 3257 3507 3327; baseline 0.001 -16"><span class='ocrx_word' id='word_1_564' title='bbox 1923 3260 2016 3311; x_wconf 87' lang='lat' dir='ltr'><strong>sed</strong></span> <span class='ocrx_word' id='word_1_565' title='bbox 2057 3260 2338 3327; x_wconf 88' lang='lat' dir='ltr'><strong>perspicua</strong></span> <span class='ocrx_word' id='word_1_566' title='bbox 2388 3257 2649 3312; x_wconf 79' lang='lat' dir='ltr'><strong>facientes</strong></span> <span class='ocrx_word' id='word_1_567' title='bbox 2700 3258 3116 3312; x_wconf 83' lang='lat' dir='ltr'><strong>tcstiﬁcabimur</strong></span> <span class='ocrx_word' id='word_1_568' title='bbox 3153 3275 3214 3312; x_wconf 91' lang='lat' dir='ltr'><strong>ea</strong></span> <span class='ocrx_word' id='word_1_569' title='bbox 3251 3274 3369 3326; x_wconf 72' lang='lat' dir='ltr'><strong>qua:</strong></span> <span class='ocrx_word' id='word_1_570' title='bbox 3414 3259 3507 3312; x_wconf 77' lang='lat' dir='ltr'><strong>ad.-</strong></span> 
     </span>
    </p>
   </div>
   <div class='ocr_carea' id='block_1_77' title="bbox 1925 3350 3507 3420">
    <p class='ocr_par' dir='ltr' id='par_1_77' title="bbox 1925 3350 3507 3420">
     <span class='ocr_line' id='line_1_77' title="bbox 1925 3350 3507 3420; baseline 0.001 -17"><span class='ocrx_word' id='word_1_571' title='bbox 1925 3351 2143 3403; x_wconf 78' lang='lat' dir='ltr'><strong>versarii</strong></span> <span class='ocrx_word' id='word_1_572' title='bbox 2203 3351 2417 3403; x_wconf 89' lang='lat' dir='ltr'><strong>virtutis</strong></span> <span class='ocrx_word' id='word_1_573' title='bbox 2463 3350 2768 3419; x_wconf 85' lang='lat' dir='ltr'><strong>subripiunt</strong></span> <span class='ocrx_word' id='word_1_574' title='bbox 2852 3352 3084 3404; x_wconf 74' lang='lat' dir='ltr'><strong>veritati.</strong></span> <span class='ocrx_word' id='word_1_575' title='bbox 3139 3351 3249 3404; x_wconf 84' lang='lat' dir='ltr'><strong>Hoc</strong></span> <span class='ocrx_word' id='word_1_576' title='bbox 3295 3366 3507 3420; x_wconf 90' lang='lat' dir='ltr'><strong>quoque</strong></span> 
     </span>
    </p>
   </div>
   <div class='ocr_carea' id='block_1_78' title="bbox 1922 3443 3506 3512">
    <p class='ocr_par' dir='ltr' id='par_1_78' title="bbox 1922 3443 3506 3512">
     <span class='ocr_line' id='line_1_78' title="bbox 1922 3443 3506 3512; baseline -0.001 -17"><span class='ocrx_word' id='word_1_577' title='bbox 1922 3443 2231 3511; x_wconf 80' lang='lat' dir='ltr'><strong>cognoscite</strong></span> <span class='ocrx_word' id='word_1_578' title='bbox 2257 3483 2270 3508; x_wconf 90' lang='lat'><strong>,</strong></span> <span class='ocrx_word' id='word_1_579' title='bbox 2301 3443 2536 3496; x_wconf 87' lang='lat' dir='ltr'><strong>scientes</strong></span> <span class='ocrx_word' id='word_1_580' title='bbox 2563 3446 2701 3511; x_wconf 91' lang='lat' dir='ltr'><strong>quod</strong></span> <span class='ocrx_word' id='word_1_581' title='bbox 2724 3443 2833 3505; x_wconf 84' lang='lat' dir='ltr'><strong>hic,</strong></span> <span class='ocrx_word' id='word_1_582' title='bbox 2867 3446 2956 3512; x_wconf 85' lang='lat' dir='ltr'><strong>qui</strong></span> <span class='ocrx_word' id='word_1_583' title='bbox 2986 3445 3268 3496; x_wconf 73' lang='lat' dir='ltr'><strong>secundum</strong></span> <span class='ocrx_word' id='word_1_584' title='bbox 3296 3458 3506 3496; x_wconf 79' lang='lat' dir='ltr'><strong>carnem</strong></span> 
     </span>
    </p>
   </div>
   <div class='ocr_carea' id='block_1_79' title="bbox 1921 3533 3502 3604">
    <p class='ocr_par' dir='ltr' id='par_1_79' title="bbox 1921 3533 3502 3604">
     <span class='ocr_line' id='line_1_79' title="bbox 1921 3533 3502 3604; baseline -0.001 -17"><span class='ocrx_word' id='word_1_585' title='bbox 1921 3543 2017 3594; x_wconf 86' lang='lat' dir='ltr'><strong>est,</strong></span> <span class='ocrx_word' id='word_1_586' title='bbox 2050 3549 2256 3598; x_wconf 83' lang='lat' dir='ltr'><strong>semper</strong></span> <span class='ocrx_word' id='word_1_587' title='bbox 2289 3535 2580 3587; x_wconf 78' lang='lat' dir='ltr'><strong>insectatur</strong></span> <span class='ocrx_word' id='word_1_588' title='bbox 2604 3535 3128 3604; x_wconf 80' lang='lat' dir='ltr'><strong>eumquisecundum</strong></span> <span class='ocrx_word' id='word_1_589' title='bbox 3151 3535 3396 3602; x_wconf 66' lang='lat' dir='ltr'><strong>spiritum</strong></span> <span class='ocrx_word' id='word_1_590' title='bbox 3423 3533 3502 3597; x_wconf 76' lang='lat'><strong>“;</strong></span> 
     </span>
    </p>
   </div>
   <div class='ocr_carea' id='block_1_80' title="bbox 1922 3623 3505 3693">
    <p class='ocr_par' dir='ltr' id='par_1_80' title="bbox 1922 3623 3505 3693">
     <span class='ocr_line' id='line_1_80' title="bbox 1922 3623 3505 3693; baseline -0.002 -15"><span class='ocrx_word' id='word_1_591' title='bbox 1922 3638 1999 3690; x_wconf 92' lang='lat' dir='ltr'><strong>et,</strong></span> <span class='ocrx_word' id='word_1_592' title='bbox 2036 3625 2176 3692; x_wconf 84' lang='lat' dir='ltr'><strong>quod</strong></span> <span class='ocrx_word' id='word_1_593' title='bbox 2214 3625 2383 3676; x_wconf 84' lang='lat' dir='ltr'><strong>omnis</strong></span> <span class='ocrx_word' id='word_1_594' title='bbox 2409 3625 2526 3692; x_wconf 82' lang='lat' dir='ltr'><strong>quis</strong></span> <span class='ocrx_word' id='word_1_595' title='bbox 2585 3625 2802 3678; x_wconf 78' lang='lat' dir='ltr'><strong>voluerit</strong></span> <span class='ocrx_word' id='word_1_596' title='bbox 2846 3625 2926 3693; x_wconf 85' lang='lat' dir='ltr'><strong>pie</strong></span> <span class='ocrx_word' id='word_1_597' title='bbox 2971 3627 3131 3678; x_wconf 81' lang='lat' dir='ltr'><strong>virere</strong></span> <span class='ocrx_word' id='word_1_598' title='bbox 3180 3629 3233 3676; x_wconf 83' lang='lat' dir='ltr'><strong>in</strong></span> <span class='ocrx_word' id='word_1_599' title='bbox 3274 3623 3505 3686; x_wconf 82' lang='lat' dir='ltr'><strong>Christo,</strong></span> 
     </span>
    </p>
   </div>
   <div class='ocr_carea' id='block_1_81' title="bbox 1923 3703 3504 3787">
    <p class='ocr_par' dir='ltr' id='par_1_81' title="bbox 1923 3703 3504 3787">
     <span class='ocr_line' id='line_1_81' title="bbox 1923 3703 3504 3787; baseline -0.001 -18"><span class='ocrx_word' id='word_1_600' title='bbox 1923 3719 2337 3785; x_wconf 75' lang='lat' dir='ltr'><strong>persecutionem</strong></span> <span class='ocrx_word' id='word_1_601' title='bbox 2363 3718 2567 3784; x_wconf 86' lang='lat' dir='ltr'><strong>patitur</strong></span> <span class='ocrx_word' id='word_1_602' title='bbox 2600 3717 2668 3770; x_wconf 87' lang='grc'><strong>³⁷.</strong></span> <span class='ocrx_word' id='word_1_603' title='bbox 2703 3703 3101 3787; x_wconf 68' lang='lat' dir='ltr'><strong>Propter&#39;quod</strong></span> <span class='ocrx_word' id='word_1_604' title='bbox 3130 3715 3289 3770; x_wconf 83' lang='lat' dir='ltr'><strong>Jesus</strong></span> <span class='ocrx_word' id='word_1_605' title='bbox 3309 3730 3504 3783; x_wconf 73' lang='lat' dir='ltr'><strong>Cugtto-</strong></span> 
     </span>
    </p>
   </div>
   <div class='ocr_carea' id='block_1_82' title="bbox 1922 3809 3505 3872">
    <p class='ocr_par' dir='ltr' id='par_1_82' title="bbox 1922 3809 3505 3872">
     <span class='ocr_line' id='line_1_82' title="bbox 1922 3809 3505 3872; baseline -0.001 -9"><span class='ocrx_word' id='word_1_606' title='bbox 1922 3823 2079 3864; x_wconf 83' lang='lat' dir='ltr'><strong>seeos</strong></span> <span class='ocrx_word' id='word_1_607' title='bbox 2141 3809 2520 3863; x_wconf 89' lang='lat' dir='ltr'><strong>tribulationes</strong></span> <span class='ocrx_word' id='word_1_608' title='bbox 2564 3824 2751 3864; x_wconf 59' lang='lat' dir='ltr'><strong>omnes</strong></span> <span class='ocrx_word' id='word_1_609' title='bbox 2784 3826 2848 3864; x_wconf 87' lang='lat' dir='ltr'><strong>ac</strong></span> <span class='ocrx_word' id='word_1_610' title='bbox 2890 3817 3246 3872; x_wconf 88' lang='lat' dir='ltr'><strong>tentameuta,</strong></span> <span class='ocrx_word' id='word_1_611' title='bbox 3286 3809 3505 3862; x_wconf 88' lang='lat' dir='ltr'><strong>veniens</strong></span> 
     </span>
    </p>
   </div>
   <div class='ocr_carea' id='block_1_83' title="bbox 1927 3900 3502 3969">
    <p class='ocr_par' dir='ltr' id='par_1_83' title="bbox 1927 3900 3502 3969">
     <span class='ocr_line' id='line_1_83' title="bbox 1927 3900 3502 3969; baseline -0.001 -15"><span class='ocrx_word' id='word_1_612' title='bbox 1927 3902 1980 3954; x_wconf 89' lang='lat' dir='ltr'><strong>in</strong></span> <span class='ocrx_word' id='word_1_613' title='bbox 2020 3900 2221 3954; x_wconf 88' lang='lat' dir='ltr'><strong>mundo</strong></span> <span class='ocrx_word' id='word_1_614' title='bbox 2256 3902 2320 3953; x_wconf 89' lang='lat' dir='ltr'><strong>ad</strong></span> <span class='ocrx_word' id='word_1_615' title='bbox 2357 3901 2654 3969; x_wconf 86' lang='lat' dir='ltr'><strong>apostolos,</strong></span> <span class='ocrx_word' id='word_1_616' title='bbox 2689 3913 2743 3955; x_wconf 90' lang='lat' dir='ltr'><strong>et</strong></span> <span class='ocrx_word' id='word_1_617' title='bbox 2771 3901 2950 3954; x_wconf 88' lang='lat' dir='ltr'><strong>sciens</strong></span> <span class='ocrx_word' id='word_1_618' title='bbox 2988 3901 3128 3968; x_wconf 88' lang='lat' dir='ltr'><strong>quod</strong></span> <span class='ocrx_word' id='word_1_619' title='bbox 3163 3916 3258 3967; x_wconf 88' lang='lat' dir='ltr'><strong>per</strong></span> <span class='ocrx_word' id='word_1_620' title='bbox 3295 3902 3502 3969; x_wconf 85' lang='lat' dir='ltr'><strong>patien-</strong></span> 
     </span>
    </p>
   </div>
   <div class='ocr_carea' id='block_1_84' title="bbox 1925 3991 3503 4054">
    <p class='ocr_par' dir='ltr' id='par_1_84' title="bbox 1925 3991 3503 4054">
     <span class='ocr_line' id='line_1_84' title="bbox 1925 3991 3503 4054; baseline -0.001 -10"><span class='ocrx_word' id='word_1_621' title='bbox 1925 3992 2053 4044; x_wconf 89' lang='lat' dir='ltr'><strong>tiam</strong></span> <span class='ocrx_word' id='word_1_622' title='bbox 2098 4006 2250 4044; x_wconf 89' lang='lat' dir='ltr'><strong>suam</strong></span> <span class='ocrx_word' id='word_1_623' title='bbox 2300 3992 2583 4044; x_wconf 89' lang='lat' dir='ltr'><strong>resolveret</strong></span> <span class='ocrx_word' id='word_1_624' title='bbox 2624 3991 2936 4045; x_wconf 87' lang='lat' dir='ltr'><strong>universam</strong></span> <span class='ocrx_word' id='word_1_625' title='bbox 2984 3992 3188 4045; x_wconf 88' lang='lat' dir='ltr'><strong>inimici</strong></span> <span class='ocrx_word' id='word_1_626' title='bbox 3227 3992 3503 4054; x_wconf 86' lang='lat' dir='ltr'><strong>virtutem,</strong></span> 
     </span>
    </p>
   </div>
   <div class='ocr_carea' id='block_1_85' title="bbox 1923 4082 3504 4146">
    <p class='ocr_par' dir='ltr' id='par_1_85' title="bbox 1923 4082 3504 4146">
     <span class='ocr_line' id='line_1_85' title="bbox 1923 4082 3504 4146; baseline 0.001 -12"><span class='ocrx_word' id='word_1_627' title='bbox 1923 4083 1972 4145; x_wconf 86' lang='lat' dir='ltr'><strong>id</strong></span> <span class='ocrx_word' id='word_1_628' title='bbox 2003 4091 2083 4136; x_wconf 90' lang='lat' dir='ltr'><strong>est</strong></span> <span class='ocrx_word' id='word_1_629' title='bbox 2127 4082 2509 4146; x_wconf 81' lang='lat' dir='ltr'><strong>idololatriam,</strong></span> <span class='ocrx_word' id='word_1_630' title='bbox 2547 4083 2932 4138; x_wconf 86' lang='lat' dir='ltr'><strong>eoosolabatur</strong></span> <span class='ocrx_word' id='word_1_631' title='bbox 2975 4083 3164 4138; x_wconf 90' lang='lat' dir='ltr'><strong>dicens</strong></span> <span class='ocrx_word' id='word_1_632' title='bbox 3211 4102 3223 4138; x_wconf 92' lang='lat'><strong>:</strong></span> <span class='ocrx_word' id='word_1_633' title='bbox 3280 4082 3383 4137; x_wconf 84' lang='lat' dir='ltr'><strong>Vos</strong></span> <span class='ocrx_word' id='word_1_634' title='bbox 3420 4086 3504 4136; x_wconf 84' lang='lat' dir='ltr'><strong>tri-</strong></span> 
     </span>
    </p>
   </div>
   <div class='ocr_carea' id='block_1_86' title="bbox 1921 4172 3502 4240">
    <p class='ocr_par' dir='ltr' id='par_1_86' title="bbox 1921 4172 3502 4240">
     <span class='ocr_line' id='line_1_86' title="bbox 1921 4172 3502 4240; baseline 0.003 -16"><span class='ocrx_word' id='word_1_635' title='bbox 1921 4172 2243 4227; x_wconf 85' lang='lat' dir='ltr'><strong>bulationem</strong></span> <span class='ocrx_word' id='word_1_636' title='bbox 2279 4175 2476 4227; x_wconf 85' lang='lat' dir='ltr'><strong>habetis</strong></span> <span class='ocrx_word' id='word_1_637' title='bbox 2511 4178 2570 4228; x_wconf 87' lang='lat' dir='ltr'><strong>in</strong></span> <span class='ocrx_word' id='word_1_638' title='bbox 2611 4177 2847 4237; x_wconf 84' lang='lat' dir='ltr'><strong>mundo;</strong></span> <span class='ocrx_word' id='word_1_639' title='bbox 2877 4176 2966 4228; x_wconf 85' lang='lat' dir='ltr'><strong>sed</strong></span> <span class='ocrx_word' id='word_1_640' title='bbox 3002 4185 3296 4228; x_wconf 79' lang='lat' dir='ltr'><strong>constantes</strong></span> <span class='ocrx_word' id='word_1_641' title='bbox 3319 4187 3502 4240; x_wconf 75' lang='lat' dir='ltr'><strong>estote,</strong></span> 
     </span>
    </p>
   </div>
   <div class='ocr_carea' id='block_1_87' title="bbox 1917 4265 3498 4334">
    <p class='ocr_par' dir='ltr' id='par_1_87' title="bbox 1917 4265 3498 4334">
     <span class='ocr_line' id='line_1_87' title="bbox 1917 4265 3498 4334; baseline 0.004 -19"><span class='ocrx_word' id='word_1_642' title='bbox 1917 4265 2042 4333; x_wconf 80' lang='lat' dir='ltr'><strong>quia</strong></span> <span class='ocrx_word' id='word_1_643' title='bbox 2083 4281 2174 4332; x_wconf 80' lang='lat' dir='ltr'><strong>ego</strong></span> <span class='ocrx_word' id='word_1_644' title='bbox 2209 4267 2308 4319; x_wconf 86' lang='lat' dir='ltr'><strong>vici</strong></span> <span class='ocrx_word' id='word_1_645' title='bbox 2340 4269 2591 4331; x_wconf 75' lang='lat' dir='ltr'><strong>mundum</strong></span> <span class='ocrx_word' id='word_1_646' title='bbox 2635 4268 2697 4320; x_wconf 86' lang='grc'><strong>³³.</strong></span> <span class='ocrx_word' id='word_1_647' title='bbox 2752 4265 3097 4334; x_wconf 83' lang='lat' dir='ltr'><strong>Docebatque</strong></span> <span class='ocrx_word' id='word_1_648' title='bbox 3132 4280 3227 4320; x_wconf 86' lang='lat' dir='ltr'><strong>eos</strong></span> <span class='ocrx_word' id='word_1_649' title='bbox 3261 4267 3448 4321; x_wconf 72' lang='lat' dir='ltr'><strong>dicens</strong></span> <span class='ocrx_word' id='word_1_650' title='bbox 3487 4285 3498 4321; x_wconf 88' lang='lat'><strong>:</strong></span> 
     </span>
    </p>
   </div>
   <div class='ocr_carea' id='block_1_88' title="bbox 1890 4354 3500 4427">
    <p class='ocr_par' dir='ltr' id='par_1_88' title="bbox 1890 4354 3500 4427">
     <span class='ocr_line' id='line_1_88' title="bbox 1890 4354 3500 4427; baseline 0.002 -18"><span class='ocrx_word' id='word_1_651' title='bbox 1890 4354 1891 4357; x_wconf 51' lang='grc'><em>“</em></span> <span class='ocrx_word' id='word_1_652' title='bbox 1919 4356 2095 4410; x_wconf 82' lang='lat' dir='ltr'><strong>Nolite</strong></span> <span class='ocrx_word' id='word_1_653' title='bbox 2117 4360 2305 4411; x_wconf 90' lang='lat' dir='ltr'><strong>timere</strong></span> <span class='ocrx_word' id='word_1_654' title='bbox 2326 4361 2604 4425; x_wconf 90' lang='lat' dir='ltr'><strong>mundum,</strong></span> <span class='ocrx_word' id='word_1_655' title='bbox 2629 4358 2753 4427; x_wconf 92' lang='lat' dir='ltr'><strong>quia</strong></span> <span class='ocrx_word' id='word_1_656' title='bbox 2779 4374 2965 4412; x_wconf 88' lang='lat' dir='ltr'><strong>omnes</strong></span> <span class='ocrx_word' id='word_1_657' title='bbox 2984 4358 3500 4413; x_wconf 81' lang='lat' dir='ltr'><strong>aﬂlictionesmuudi</strong></span> 
     </span>
    </p>
   </div>
   <div class='ocr_carea' id='block_1_89' title="bbox 1918 4451 3500 4530">
    <p class='ocr_par' dir='ltr' id='par_1_89' title="bbox 1918 4451 3500 4530">
     <span class='ocr_line' id='line_1_89' title="bbox 1918 4451 3500 4530; baseline 0 -27"><span class='ocrx_word' id='word_1_658' title='bbox 1918 4451 2201 4525; x_wconf 59' lang='lat' dir='ltr'><strong>eundigna;</strong></span> <span class='ocrx_word' id='word_1_659' title='bbox 2252 4466 2354 4503; x_wconf 89' lang='lat' dir='ltr'><strong>non</strong></span> <span class='ocrx_word' id='word_1_660' title='bbox 2399 4461 2524 4504; x_wconf 90' lang='lat' dir='ltr'><strong>sunt</strong></span> <span class='ocrx_word' id='word_1_661' title='bbox 2569 4453 2633 4503; x_wconf 89' lang='lat' dir='ltr'><strong>ad</strong></span> <span class='ocrx_word' id='word_1_662' title='bbox 2673 4467 2792 4503; x_wconf 86' lang='lat' dir='ltr'><strong>eam</strong></span> <span class='ocrx_word' id='word_1_663' title='bbox 2839 4466 2957 4519; x_wconf 77' lang='lat' dir='ltr'><strong>qua:</strong></span> <span class='ocrx_word' id='word_1_664' title='bbox 3005 4461 3355 4519; x_wconf 74' lang='lat' dir='ltr'><strong>exspectatur</strong></span> <span class='ocrx_word' id='word_1_665' title='bbox 3379 4452 3500 4530; x_wconf 73' lang='lat' dir='ltr'><strong>glo-</strong></span> 
     </span>
    </p>
   </div>
   <div class='ocr_carea' id='block_1_90' title="bbox 219 4540 3500 4632">
    <p class='ocr_par' dir='ltr' id='par_1_90' title="bbox 219 4540 3500 4632">
     <span class='ocr_line' id='line_1_90' title="bbox 219 4540 3500 4632; baseline 0.001 -41"><span class='ocrx_word' id='word_1_666' title='bbox 219 4556 364 4601; x_wconf 88' lang='lat' dir='ltr'><strong>rum,</strong></span> <span class='ocrx_word' id='word_1_667' title='bbox 388 4550 432 4591; x_wconf 86' lang='lat' dir='ltr'><strong>et</strong></span> <span class='ocrx_word' id='word_1_668' title='bbox 463 4540 699 4590; x_wconf 84' lang='lat' dir='ltr'><strong>auditum</strong></span> <span class='ocrx_word' id='word_1_669' title='bbox 725 4541 918 4608; x_wconf 80' lang='lat' dir='ltr'><strong>faciam</strong></span> <span class='ocrx_word' id='word_1_670' title='bbox 941 4558 1100 4609; x_wconf 82' lang='lat' dir='ltr'><strong>usque</strong></span> <span class='ocrx_word' id='word_1_671' title='bbox 1132 4544 1198 4594; x_wconf 85' lang='lat' dir='ltr'><strong>ad</strong></span> <span class='ocrx_word' id='word_1_672' title='bbox 1223 4558 1511 4597; x_wconf 72' lang='lat' dir='ltr'><strong>exireinum</strong></span> <span class='ocrx_word' id='word_1_673' title='bbox 1542 4559 1696 4600; x_wconf 77' lang='lat' dir='ltr'><strong>terra:</strong></span> <span class='ocrx_word' id='word_1_674' title='bbox 1721 4548 1800 4615; x_wconf 83' lang='grc'>³⁰;</span> <span class='ocrx_word' id='word_1_675' title='bbox 1845 4579 1886 4632; x_wconf 78' lang='lat' dir='ltr'>D</span> <span class='ocrx_word' id='word_1_676' title='bbox 1921 4542 2052 4593; x_wconf 90' lang='lat' dir='ltr'><strong>riam</strong></span> <span class='ocrx_word' id='word_1_677' title='bbox 2084 4541 2148 4596; x_wconf 85' lang='grc'><strong>⁸⁹.</strong></span> <span class='ocrx_word' id='word_1_678' title='bbox 2180 4540 2311 4594; x_wconf 85' lang='lat' dir='ltr'><strong>Nam</strong></span> <span class='ocrx_word' id='word_1_679' title='bbox 2345 4542 2391 4595; x_wconf 88' lang='lat' dir='ltr'><strong>si</strong></span> <span class='ocrx_word' id='word_1_680' title='bbox 2428 4558 2513 4595; x_wconf 85' lang='lat' dir='ltr'><strong>eos</strong></span> <span class='ocrx_word' id='word_1_681' title='bbox 2556 4543 2646 4612; x_wconf 87' lang='lat' dir='ltr'><strong>qui</strong></span> <span class='ocrx_word' id='word_1_682' title='bbox 2679 4551 2800 4594; x_wconf 84' lang='lat' dir='ltr'><strong>ante</strong></span> <span class='ocrx_word' id='word_1_683' title='bbox 2829 4558 2914 4594; x_wconf 80' lang='lat' dir='ltr'><strong>vos</strong></span> <span class='ocrx_word' id='word_1_684' title='bbox 2948 4541 3186 4610; x_wconf 76' lang='lat' dir='ltr'><strong>fuerunt,</strong></span> <span class='ocrx_word' id='word_1_685' title='bbox 3222 4540 3500 4607; x_wconf 79' lang='lat' dir='ltr'><strong>prophetas</strong></span> 
     </span>
    </p>
   </div>
   <div class='ocr_carea' id='block_1_91' title="bbox 219 4631 1808 4703">
    <p class='ocr_par' dir='ltr' id='par_1_91' title="bbox 219 4631 1808 4703">
     <span class='ocr_line' id='line_1_91' title="bbox 219 4631 1808 4703; baseline 0.005 -21"><span class='ocrx_word' id='word_1_686' title='bbox 219 4641 274 4682; x_wconf 80' lang='lat' dir='ltr'><strong>ut</strong></span> <span class='ocrx_word' id='word_1_687' title='bbox 327 4647 480 4703; x_wconf 76' lang='lat' dir='ltr'><strong>omne</strong></span> <span class='ocrx_word' id='word_1_688' title='bbox 521 4646 578 4682; x_wconf 88' lang='lat' dir='ltr'><strong>os</strong></span> <span class='ocrx_word' id='word_1_689' title='bbox 615 4631 943 4697; x_wconf 68' lang='lat' dir='ltr'><strong>obstruetur,</strong></span> <span class='ocrx_word' id='word_1_690' title='bbox 973 4645 1016 4685; x_wconf 86' lang='lat' dir='ltr'><strong>et</strong></span> <span class='ocrx_word' id='word_1_691' title='bbox 1053 4635 1296 4687; x_wconf 83' lang='lat' dir='ltr'><strong>subditus</strong></span> <span class='ocrx_word' id='word_1_692' title='bbox 1325 4636 1416 4703; x_wconf 80' lang='lat' dir='ltr'><strong>lict</strong></span> <span class='ocrx_word' id='word_1_693' title='bbox 1446 4638 1615 4690; x_wconf 81' lang='lat' dir='ltr'><strong>omnis</strong></span> <span class='ocrx_word' id='word_1_694' title='bbox 1651 4655 1808 4691; x_wconf 84' lang='lat' dir='ltr'><strong>mun-</strong></span> 
     </span>
    </p>
   </div>
   <div class='ocr_carea' id='block_1_92' title="bbox 215 4700 1808 4794">
    <p class='ocr_par' dir='ltr' id='par_1_92' title="bbox 215 4700 1808 4794">
     <span class='ocr_line' id='line_1_92' title="bbox 215 4700 1808 4794; baseline 0.007 -22"><span class='ocrx_word' id='word_1_695' title='bbox 215 4720 323 4772; x_wconf 84' lang='lat' dir='ltr'><strong>dus</strong></span> <span class='ocrx_word' id='word_1_696' title='bbox 370 4700 479 4773; x_wconf 68' lang='lat' dir='ltr'><strong>Det;</strong></span> <span class='ocrx_word' id='word_1_697' title='bbox 509 4719 551 4750; x_wconf 79' lang='lat'><strong>&quot;</strong></span> <span class='ocrx_word' id='word_1_698' title='bbox 593 4738 605 4774; x_wconf 91' lang='lat'><strong>:</strong></span> <span class='ocrx_word' id='word_1_699' title='bbox 647 4720 783 4785; x_wconf 86' lang='lat' dir='ltr'><strong>Quia</strong></span> <span class='ocrx_word' id='word_1_700' title='bbox 833 4739 947 4775; x_wconf 86' lang='lat' dir='ltr'><strong>cum</strong></span> <span class='ocrx_word' id='word_1_701' title='bbox 984 4726 1342 4794; x_wconf 74' lang='lat' dir='ltr'><strong>cognorissent</strong></span> <span class='ocrx_word' id='word_1_702' title='bbox 1380 4726 1570 4794; x_wconf 85' lang='lat' dir='ltr'><strong>Deum,</strong></span> <span class='ocrx_word' id='word_1_703' title='bbox 1608 4746 1708 4781; x_wconf 84' lang='lat' dir='ltr'><strong>non</strong></span> <span class='ocrx_word' id='word_1_704' title='bbox 1755 4743 1808 4783; x_wconf 88' lang='lat' dir='ltr'><strong>ut</strong></span> 
     </span>
    </p>
   </div>
   <div class='ocr_carea' id='block_1_93' title="bbox 215 4813 1808 4888">
    <p class='ocr_par' dir='ltr' id='par_1_93' title="bbox 215 4813 1808 4888">
     <span class='ocr_line' id='line_1_93' title="bbox 215 4813 1808 4888; baseline 0.006 -24"><span class='ocrx_word' id='word_1_705' title='bbox 215 4822 516 4864; x_wconf 73' lang='lat' dir='ltr'><strong>creatorem</strong></span> <span class='ocrx_word' id='word_1_706' title='bbox 546 4813 813 4885; x_wconf 84' lang='lat' dir='ltr'><strong>praprium</strong></span> <span class='ocrx_word' id='word_1_707' title='bbox 841 4815 1268 4883; x_wconf 81' lang='lat' dir='ltr'><strong>gloriﬁcaverunt</strong></span> <span class='ocrx_word' id='word_1_708' title='bbox 1296 4817 1337 4848; x_wconf 82' lang='grc'><strong>³¹</strong></span> <span class='ocrx_word' id='word_1_709' title='bbox 1371 4834 1384 4868; x_wconf 88' lang='lat'><strong>:</strong></span> <span class='ocrx_word' id='word_1_710' title='bbox 1417 4829 1468 4870; x_wconf 93' lang='lat' dir='ltr'><strong>et</strong></span> <span class='ocrx_word' id='word_1_711' title='bbox 1501 4820 1552 4872; x_wconf 93' lang='lat' dir='ltr'><strong>id</strong></span> <span class='ocrx_word' id='word_1_712' title='bbox 1588 4832 1808 4888; x_wconf 87' lang='lat' dir='ltr'><strong>propter</strong></span> 
     </span>
    </p>
   </div>
   <div class='ocr_carea' id='block_1_94' title="bbox 219 4903 1802 4980">
    <p class='ocr_par' dir='ltr' id='par_1_94' title="bbox 219 4903 1802 4980">
     <span class='ocr_line' id='line_1_94' title="bbox 219 4903 1802 4980; baseline 0.008 -28"><span class='ocrx_word' id='word_1_713' title='bbox 219 4903 531 4956; x_wconf 81' lang='lat' dir='ltr'><strong>vecordiam</strong></span> <span class='ocrx_word' id='word_1_714' title='bbox 570 4920 754 4967; x_wconf 90' lang='lat' dir='ltr'><strong>suam,</strong></span> <span class='ocrx_word' id='word_1_715' title='bbox 800 4920 892 4974; x_wconf 90' lang='lat' dir='ltr'><strong>per</strong></span> <span class='ocrx_word' id='word_1_716' title='bbox 927 4923 1086 4974; x_wconf 83' lang='lat' dir='ltr'><strong>quant</strong></span> <span class='ocrx_word' id='word_1_717' title='bbox 1124 4925 1221 4962; x_wconf 80' lang='lat' dir='ltr'><strong>nec</strong></span> <span class='ocrx_word' id='word_1_718' title='bbox 1265 4919 1556 4973; x_wconf 83' lang='lat' dir='ltr'><strong>potuerunt</strong></span> <span class='ocrx_word' id='word_1_719' title='bbox 1607 4926 1802 4980; x_wconf 88' lang='lat' dir='ltr'><strong>capere</strong></span> 
     </span>
    </p>
   </div>
   <div class='ocr_carea' id='block_1_95' title="bbox 215 4993 1806 5069">
    <p class='ocr_par' dir='ltr' id='par_1_95' title="bbox 215 4993 1806 5069">
     <span class='ocr_line' id='line_1_95' title="bbox 215 4993 1806 5069; baseline 0.006 -21"><span class='ocrx_word' id='word_1_720' title='bbox 215 4993 552 5062; x_wconf 78' lang='lat' dir='ltr'><strong>sapientiam</strong></span> <span class='ocrx_word' id='word_1_721' title='bbox 584 4997 717 5062; x_wconf 78' lang='lat' dir='ltr'><strong>ejus.</strong></span> <span class='ocrx_word' id='word_1_722' title='bbox 755 4997 860 5050; x_wconf 87' lang='lat' dir='ltr'><strong>Sed</strong></span> <span class='ocrx_word' id='word_1_723' title='bbox 890 5001 1261 5069; x_wconf 84' lang='lat' dir='ltr'><strong>unusquisque</strong></span> <span class='ocrx_word' id='word_1_724' title='bbox 1292 5009 1536 5055; x_wconf 84' lang='lat' dir='ltr'><strong>uestrum</strong></span> <span class='ocrx_word' id='word_1_725' title='bbox 1569 5005 1806 5058; x_wconf 85' lang='lat' dir='ltr'><strong>vendidit</strong></span> 
     </span>
    </p>
   </div>
   <div class='ocr_carea' id='block_1_96' title="bbox 215 5085 1806 5163">
    <p class='ocr_par' dir='ltr' id='par_1_96' title="bbox 215 5085 1806 5163">
     <span class='ocr_line' id='line_1_96' title="bbox 215 5085 1806 5163; baseline 0.008 -25"><span class='ocrx_word' id='word_1_726' title='bbox 215 5085 574 5152; x_wconf 82' lang='lat' dir='ltr'><strong>semetipsum</strong></span> <span class='ocrx_word' id='word_1_727' title='bbox 608 5089 843 5154; x_wconf 83' lang='lat' dir='ltr'><strong>prOpriis</strong></span> <span class='ocrx_word' id='word_1_728' title='bbox 883 5089 1246 5156; x_wconf 83' lang='lat' dir='ltr'><strong>voluptatibus</strong></span> <span class='ocrx_word' id='word_1_729' title='bbox 1294 5092 1344 5144; x_wconf 93' lang='lat' dir='ltr'><strong>in</strong></span> <span class='ocrx_word' id='word_1_730' title='bbox 1385 5094 1545 5151; x_wconf 85' lang='lat' dir='ltr'><strong>mala,</strong></span> <span class='ocrx_word' id='word_1_731' title='bbox 1571 5103 1624 5146; x_wconf 90' lang='lat' dir='ltr'><strong>et</strong></span> <span class='ocrx_word' id='word_1_732' title='bbox 1672 5093 1806 5163; x_wconf 88' lang='lat' dir='ltr'><strong>ipsis</strong></span> 
     </span>
    </p>
   </div>
   <div class='ocr_carea' id='block_1_97' title="bbox 214 5175 1808 5248">
    <p class='ocr_par' dir='ltr' id='par_1_97' title="bbox 214 5175 1808 5248">
     <span class='ocr_line' id='line_1_97' title="bbox 214 5175 1808 5248; baseline 0.006 -19"><span class='ocrx_word' id='word_1_733' title='bbox 214 5189 415 5229; x_wconf 81' lang='lat' dir='ltr'><strong>servus</strong></span> <span class='ocrx_word' id='word_1_734' title='bbox 447 5175 624 5229; x_wconf 88' lang='lat' dir='ltr'><strong>dictus</strong></span> <span class='ocrx_word' id='word_1_735' title='bbox 657 5186 760 5230; x_wconf 87' lang='lat' dir='ltr'><strong>est.</strong></span> <span class='ocrx_word' id='word_1_736' title='bbox 803 5180 879 5230; x_wconf 84' lang='lat' dir='ltr'><strong>0b</strong></span> <span class='ocrx_word' id='word_1_737' title='bbox 914 5197 1031 5246; x_wconf 73' lang='lat' dir='ltr'><strong>qum</strong></span> <span class='ocrx_word' id='word_1_738' title='bbox 1074 5183 1184 5248; x_wconf 90' lang='lat' dir='ltr'><strong>ipse</strong></span> <span class='ocrx_word' id='word_1_739' title='bbox 1216 5181 1372 5236; x_wconf 83' lang='lat' dir='ltr'><strong>Jesus</strong></span> <span class='ocrx_word' id='word_1_740' title='bbox 1409 5185 1694 5237; x_wconf 70' lang='lat' dir='ltr'><strong>exinanivit</strong></span> <span class='ocrx_word' id='word_1_741' title='bbox 1726 5203 1808 5244; x_wconf 78' lang='lat' dir='ltr'><strong>se-</strong></span> 
     </span>
    </p>
   </div>
   <div class='ocr_carea' id='block_1_98' title="bbox 215 5267 1807 5340">
    <p class='ocr_par' dir='ltr' id='par_1_98' title="bbox 215 5267 1807 5340">
     <span class='ocr_line' id='line_1_98' title="bbox 215 5267 1807 5340; baseline 0.006 -20"><span class='ocrx_word' id='word_1_742' title='bbox 215 5267 501 5336; x_wconf 79' lang='lat' dir='ltr'><strong>metipsum</strong></span> <span class='ocrx_word' id='word_1_743' title='bbox 548 5283 576 5320; x_wconf 86' lang='lat' dir='ltr'><strong>a</strong></span> <span class='ocrx_word' id='word_1_744' title='bbox 631 5269 822 5337; x_wconf 84' lang='lat' dir='ltr'><strong>gloria,</strong></span> <span class='ocrx_word' id='word_1_745' title='bbox 866 5270 1088 5337; x_wconf 69' lang='lat' dir='ltr'><strong>formam</strong></span> <span class='ocrx_word' id='word_1_746' title='bbox 1143 5274 1276 5325; x_wconf 64' lang='lat' dir='ltr'><strong>uerri</strong></span> <span class='ocrx_word' id='word_1_747' title='bbox 1321 5276 1578 5340; x_wconf 78' lang='lat' dir='ltr'><strong>nccipiens</strong></span> <span class='ocrx_word' id='word_1_748' title='bbox 1613 5277 1689 5340; x_wconf 87' lang='grc'><strong>³³,</strong></span> <span class='ocrx_word' id='word_1_749' title='bbox 1749 5290 1807 5333; x_wconf 89' lang='grc' dir='ltr'><strong>ιιι</strong></span> 
     </span>
    </p>
   </div>
   <div class='ocr_carea' id='block_1_99' title="bbox 215 5358 1801 5428">
    <p class='ocr_par' dir='ltr' id='par_1_99' title="bbox 215 5358 1801 5428">
     <span class='ocr_line' id='line_1_99' title="bbox 215 5358 1801 5428; baseline 0.007 -16"><span class='ocrx_word' id='word_1_750' title='bbox 215 5359 369 5413; x_wconf 80' lang='lat' dir='ltr'><strong>iiIius</strong></span> <span class='ocrx_word' id='word_1_751' title='bbox 413 5358 647 5411; x_wconf 87' lang='lat' dir='ltr'><strong>servitus</strong></span> <span class='ocrx_word' id='word_1_752' title='bbox 694 5375 792 5412; x_wconf 91' lang='lat' dir='ltr'><strong>nos</strong></span> <span class='ocrx_word' id='word_1_753' title='bbox 833 5360 1105 5416; x_wconf 85' lang='lat' dir='ltr'><strong>liberaret.</strong></span> <span class='ocrx_word' id='word_1_754' title='bbox 1159 5362 1320 5417; x_wconf 87' lang='lat' dir='ltr'><strong>Stulti</strong></span> <span class='ocrx_word' id='word_1_755' title='bbox 1369 5366 1589 5428; x_wconf 80' lang='lat' dir='ltr'><strong>fuimus,</strong></span> <span class='ocrx_word' id='word_1_756' title='bbox 1641 5379 1693 5421; x_wconf 83' lang='lat' dir='ltr'><strong>et</strong></span> <span class='ocrx_word' id='word_1_757' title='bbox 1752 5370 1801 5423; x_wconf 89' lang='lat' dir='ltr'><strong>in</strong></span> 
     </span>
    </p>
   </div>
   <div class='ocr_carea' id='block_1_100' title="bbox 212 5446 1802 5522">
    <p class='ocr_par' dir='ltr' id='par_1_100' title="bbox 212 5446 1802 5522">
     <span class='ocr_line' id='line_1_100' title="bbox 212 5446 1802 5522; baseline 0.006 -20"><span class='ocrx_word' id='word_1_758' title='bbox 212 5446 452 5505; x_wconf 69' lang='lat' dir='ltr'><strong>stultitia</strong></span> <span class='ocrx_word' id='word_1_759' title='bbox 490 5458 671 5500; x_wconf 89' lang='lat' dir='ltr'><strong>nostra</strong></span> <span class='ocrx_word' id='word_1_760' title='bbox 700 5448 911 5501; x_wconf 80' lang='lat' dir='ltr'><strong>laciuus</strong></span> <span class='ocrx_word' id='word_1_761' title='bbox 939 5452 1227 5518; x_wconf 70' lang='lat' dir='ltr'><strong>gessimus.</strong></span> <span class='ocrx_word' id='word_1_762' title='bbox 1253 5456 1559 5522; x_wconf 83' lang='lat' dir='ltr'><strong>Assuntpsit</strong></span> <span class='ocrx_word' id='word_1_763' title='bbox 1587 5457 1675 5510; x_wconf 90' lang='lat' dir='ltr'><strong>ille</strong></span> <span class='ocrx_word' id='word_1_764' title='bbox 1708 5460 1802 5512; x_wconf 85' lang='lat' dir='ltr'><strong>Ita-</strong></span> 
     </span>
    </p>
   </div>
   <div class='ocr_carea' id='block_1_101' title="bbox 291 5687 1815 5827">
    <p class='ocr_par' dir='ltr' id='par_1_101' title="bbox 291 5687 1815 5827">
     <span class='ocr_line' id='line_1_101' title="bbox 291 5687 1815 5757; baseline 0.006 -19"><span class='ocrx_word' id='word_1_765' title='bbox 291 5688 339 5718; x_wconf 81' lang='lat'>&quot;</span> <span class='ocrx_word' id='word_1_766' title='bbox 382 5687 534 5740; x_wconf 74' lang='grc' dir='ltr'>ιὶοιιι.</span> <span class='ocrx_word' id='word_1_767' title='bbox 585 5701 695 5747; x_wconf 84' lang='lat' dir='ltr'><strong>vnt,</strong></span> <span class='ocrx_word' id='word_1_768' title='bbox 727 5687 814 5740; x_wconf 69' lang='lat'><strong>52.</strong></span> <span class='ocrx_word' id='word_1_769' title='bbox 849 5689 891 5718; x_wconf 82' lang='grc'>³⁷</span> <span class='ocrx_word' id='word_1_770' title='bbox 967 5687 1066 5742; x_wconf 90' lang='lat' dir='ltr'><strong>Isa.</strong></span> <span class='ocrx_word' id='word_1_771' title='bbox 1103 5699 1222 5750; x_wconf 79' lang='lat' dir='ltr'><strong>Litt,</strong></span> <span class='ocrx_word' id='word_1_772' title='bbox 1258 5691 1310 5744; x_wconf 83' lang='lat'><strong>5.</strong></span> <span class='ocrx_word' id='word_1_773' title='bbox 1357 5693 1399 5724; x_wconf 77' lang='grc'><strong>’⁸</strong></span> <span class='ocrx_word' id='word_1_774' title='bbox 1431 5691 1592 5748; x_wconf 81' lang='lat' dir='ltr'><strong>Hebr.</strong></span> <span class='ocrx_word' id='word_1_775' title='bbox 1628 5710 1703 5757; x_wconf 83' lang='lat' dir='ltr'><strong>tv,</strong></span> <span class='ocrx_word' id='word_1_776' title='bbox 1734 5695 1815 5749; x_wconf 78' lang='grc'><strong>15.</strong></span> 
     </span>
     <span class='ocr_line' id='line_1_102' title="bbox 309 5757 1815 5827; baseline 0.007 -18"><span class='ocrx_word' id='word_1_777' title='bbox 309 5757 460 5827; x_wconf 70' lang='lat' dir='ltr'><strong>“om.</strong></span> <span class='ocrx_word' id='word_1_778' title='bbox 509 5773 543 5819; x_wconf 88' lang='grc' dir='ltr'><strong>ι,</strong></span> <span class='ocrx_word' id='word_1_779' title='bbox 581 5758 665 5811; x_wconf 63' lang='grc' dir='ltr'>ξι.</span> <span class='ocrx_word' id='word_1_780' title='bbox 747 5757 788 5787; x_wconf 81' lang='grc'><em>³³</em></span> <span class='ocrx_word' id='word_1_781' title='bbox 828 5757 1054 5825; x_wconf 87' lang='lat' dir='ltr'><strong>Philipp.</strong></span> <span class='ocrx_word' id='word_1_782' title='bbox 1105 5775 1162 5822; x_wconf 92' lang='lat' dir='ltr'><strong>ll,</strong></span> <span class='ocrx_word' id='word_1_783' title='bbox 1190 5760 1240 5814; x_wconf 87' lang='lat'><strong>7.</strong></span> <span class='ocrx_word' id='word_1_784' title='bbox 1299 5763 1344 5794; x_wconf 76' lang='lat'><strong>“</strong></span> <span class='ocrx_word' id='word_1_785' title='bbox 1384 5764 1513 5816; x_wconf 87' lang='lat' dir='ltr'><strong>ibid.</strong></span> <span class='ocrx_word' id='word_1_786' title='bbox 1537 5764 1588 5819; x_wconf 91' lang='lat'><strong>8.</strong></span> <span class='ocrx_word' id='word_1_787' title='bbox 1667 5766 1711 5796; x_wconf 85' lang='grc'>⁸⁸</span> <span class='ocrx_word' id='word_1_788' title='bbox 1753 5766 1815 5819; x_wconf 83' lang='grc' dir='ltr'>ιι(</span> 
     </span>
    </p>
   </div>
   <div class='ocr_carea' id='block_1_102' title="bbox 1919 5687 2975 5827">
    <p class='ocr_par' dir='ltr' id='par_1_102' title="bbox 1944 5694 2975 5827">
     <span class='ocr_line' id='line_1_103' title="bbox 1949 5694 2954 5767; baseline 0.008 -20"><span class='ocrx_word' id='word_1_789' title='bbox 1949 5694 2116 5749; x_wconf 82' lang='lat' dir='ltr'><strong>ICor.</strong></span> <span class='ocrx_word' id='word_1_790' title='bbox 2156 5713 2192 5756; x_wconf 87' lang='grc' dir='ltr'>ι.</span> <span class='ocrx_word' id='word_1_791' title='bbox 2230 5699 2318 5752; x_wconf 73' lang='lat'><strong>9.5.</strong></span> <span class='ocrx_word' id='word_1_792' title='bbox 2368 5699 2412 5730; x_wconf 81' lang='lat'><strong>&quot;</strong></span> <span class='ocrx_word' id='word_1_793' title='bbox 2436 5698 2638 5753; x_wconf 80' lang='lat' dir='ltr'><strong>Jcrem.</strong></span> <span class='ocrx_word' id='word_1_794' title='bbox 2684 5718 2832 5767; x_wconf 81' lang='grc' dir='ltr'>ιιιιιιι,</span> <span class='ocrx_word' id='word_1_795' title='bbox 2869 5701 2954 5755; x_wconf 74' lang='grc'><strong>54.</strong></span> 
     </span>
     <span class='ocr_line' id='line_1_104' title="bbox 1944 5766 2975 5827; baseline 0.009 -9"><span class='ocrx_word' id='word_1_796' title='bbox 1944 5783 2003 5827; x_wconf 90' lang='grc' dir='ltr'><strong>ιι,</strong></span> <span class='ocrx_word' id='word_1_797' title='bbox 2030 5766 2131 5827; x_wconf 71' lang='grc'><strong>20;</strong></span> <span class='ocrx_word' id='word_1_798' title='bbox 2158 5767 2266 5822; x_wconf 90' lang='lat' dir='ltr'><strong>Tit.</strong></span> <span class='ocrx_word' id='word_1_799' title='bbox 2304 5785 2338 5827; x_wconf 85' lang='grc' dir='ltr'>ι.</span> <span class='ocrx_word' id='word_1_800' title='bbox 2381 5769 2462 5822; x_wconf 81' lang='grc'><strong>16.</strong></span> <span class='ocrx_word' id='word_1_801' title='bbox 2508 5770 2552 5800; x_wconf 83' lang='grc'><strong>³⁸</strong></span> <span class='ocrx_word' id='word_1_802' title='bbox 2584 5769 2755 5826; x_wconf 85' lang='lat' dir='ltr'><strong>Galat.</strong></span> <span class='ocrx_word' id='word_1_803' title='bbox 2802 5788 2872 5827; x_wconf 64' lang='grc' dir='ltr'>ιιι,</span> <span class='ocrx_word' id='word_1_804' title='bbox 2904 5772 2975 5827; x_wconf 73' lang='lat'><strong>9.9</strong></span> 
     </span>
    </p>
   </div>
   <div class='ocr_carea' id='block_1_103' title="bbox 1591 5781 2994 5903">
    <p class='ocr_par' dir='ltr' id='par_1_103' title="bbox 1591 5781 2994 5903">
     <span class='ocr_line' id='line_1_105' title="bbox 1667 5781 2994 5836; baseline 0.007 -20"><span class='ocrx_word' id='word_1_805' title='bbox 1667 5781 1711 5796; x_wconf 85' lang='lat'><strong>&quot;</strong></span> <span class='ocrx_word' id='word_1_806' title='bbox 1753 5781 1907 5819; x_wconf 77' lang='lat' dir='ltr'><strong>Itoni.</strong></span> <span class='ocrx_word' id='word_1_807' title='bbox 1944 5783 2003 5831; x_wconf 89' lang='grc' dir='ltr'><strong>ιι,</strong></span> <span class='ocrx_word' id='word_1_808' title='bbox 2030 5781 2266 5829; x_wconf 82' lang='lat' dir='ltr'><strong>‘zu;&#39;1&#39;tt.</strong></span> <span class='ocrx_word' id='word_1_809' title='bbox 2304 5785 2338 5831; x_wconf 83' lang='grc' dir='ltr'><strong>ι,</strong></span> <span class='ocrx_word' id='word_1_810' title='bbox 2381 5781 2462 5822; x_wconf 78' lang='lat' dir='ltr'><strong>to.</strong></span> <span class='ocrx_word' id='word_1_811' title='bbox 2508 5781 2552 5800; x_wconf 82' lang='lat'><strong>&quot;</strong></span> <span class='ocrx_word' id='word_1_812' title='bbox 2584 5781 2755 5826; x_wconf 77' lang='lat' dir='ltr'><strong>Uatat.</strong></span> <span class='ocrx_word' id='word_1_813' title='bbox 2802 5788 2872 5836; x_wconf 53' lang='lat' dir='ltr'><strong>tvL,</strong></span> <span class='ocrx_word' id='word_1_814' title='bbox 2904 5781 2994 5827; x_wconf 65' lang='grc' dir='ltr'>τευ.</span> 
     </span>
     <span class='ocr_line' id='line_1_106' title="bbox 1591 5832 2615 5903; baseline 0.005 -13"><span class='ocrx_word' id='word_1_815' title='bbox 1591 5835 1635 5867; x_wconf 71' lang='grc'><strong>⁸⁸</strong></span> <span class='ocrx_word' id='word_1_816' title='bbox 1675 5832 1829 5891; x_wconf 73' lang='lat' dir='ltr'><strong>Joan.</strong></span> <span class='ocrx_word' id='word_1_817' title='bbox 1871 5851 1960 5903; x_wconf 78' lang='lat' dir='ltr'><strong>sv,</strong></span> <span class='ocrx_word' id='word_1_818' title='bbox 2001 5839 2086 5892; x_wconf 70' lang='grc' dir='ltr'><strong>ΞΟ.</strong></span> <span class='ocrx_word' id='word_1_819' title='bbox 2170 5839 2212 5869; x_wconf 72' lang='grc'><strong>⁸⁸</strong></span> <span class='ocrx_word' id='word_1_820' title='bbox 2255 5837 2413 5894; x_wconf 85' lang='lat' dir='ltr'><strong>Prov.</strong></span> <span class='ocrx_word' id='word_1_821' title='bbox 2447 5855 2517 5903; x_wconf 85' lang='grc' dir='ltr'>ιιι,</span> <span class='ocrx_word' id='word_1_822' title='bbox 2563 5841 2615 5895; x_wconf 87' lang='lat'><strong>9.</strong></span> 
     </span>
    </p>
   </div>
   <div class='ocr_carea' id='block_1_104' title="bbox 211 5757 665 5819">
    <p class='ocr_par' dir='ltr' id='par_1_104' title="bbox 211 5757 665 5819">
     <span class='ocr_line' id='line_1_107' title="bbox 211 5757 665 5819; baseline 0.004 -10"><span class='ocrx_word' id='word_1_823' title='bbox 211 5757 260 5791; x_wconf 73' lang='grc'><strong>³⁸</strong></span> <span class='ocrx_word' id='word_1_824' title='bbox 309 5757 460 5811; x_wconf 72' lang='lat' dir='ltr'><strong>“om.</strong></span> <span class='ocrx_word' id='word_1_825' title='bbox 509 5773 543 5819; x_wconf 87' lang='lat' dir='ltr'><strong>t,</strong></span> <span class='ocrx_word' id='word_1_826' title='bbox 581 5758 665 5811; x_wconf 64' lang='grc' dir='ltr'>ξι.</span> 
     </span>
    </p>
   </div>
   <div class='ocr_carea' id='block_1_105' title="bbox 214 5827 310 5886">
    <p class='ocr_par' dir='ltr' id='par_1_105' title="bbox 214 5827 310 5886">
     <span class='ocr_line' id='line_1_108' title="bbox 214 5827 310 5886; baseline -0.063 1"><span class='ocrx_word' id='word_1_827' title='bbox 214 5827 310 5886; x_wconf 73' lang='grc'><strong>12.</strong></span> 
     </span>
    </p>
   </div>
   <div class='ocr_carea' id='block_1_106' title="bbox 747 5757 1588 5825">
    <p class='ocr_par' dir='ltr' id='par_1_106' title="bbox 747 5757 1588 5825">
     <span class='ocr_line' id='line_1_109' title="bbox 747 5757 1588 5825; baseline 0.011 -17"><span class='ocrx_word' id='word_1_828' title='bbox 747 5757 788 5787; x_wconf 68' lang='grc' dir='ltr'><strong>εδ</strong></span> <span class='ocrx_word' id='word_1_829' title='bbox 828 5757 1054 5825; x_wconf 88' lang='lat' dir='ltr'><strong>Philipp.</strong></span> <span class='ocrx_word' id='word_1_830' title='bbox 1105 5775 1162 5822; x_wconf 85' lang='grc' dir='ltr'><strong>ιι,</strong></span> <span class='ocrx_word' id='word_1_831' title='bbox 1190 5760 1240 5814; x_wconf 85' lang='lat'><strong>7.</strong></span> <span class='ocrx_word' id='word_1_832' title='bbox 1299 5763 1344 5794; x_wconf 68' lang='grc' dir='ltr'><strong>ιι</strong></span> <span class='ocrx_word' id='word_1_833' title='bbox 1384 5764 1513 5816; x_wconf 75' lang='lat' dir='ltr'><strong>una.</strong></span> <span class='ocrx_word' id='word_1_834' title='bbox 1537 5764 1588 5819; x_wconf 92' lang='lat'><strong>8.</strong></span> 
     </span>
    </p>
   </div>
   <div class='ocr_carea' id='block_1_107' title="bbox 397 5822 1511 5898">
    <p class='ocr_par' dir='ltr' id='par_1_107' title="bbox 397 5822 1511 5898">
     <span class='ocr_line' id='line_1_110' title="bbox 397 5822 1511 5898; baseline 0.005 -17"><span class='ocrx_word' id='word_1_835' title='bbox 397 5822 438 5853; x_wconf 87' lang='grc'><strong>³⁸</strong></span> <span class='ocrx_word' id='word_1_836' title='bbox 471 5827 627 5882; x_wconf 82' lang='lat' dir='ltr'><strong>Joan.</strong></span> <span class='ocrx_word' id='word_1_837' title='bbox 667 5843 774 5894; x_wconf 76' lang='lat' dir='ltr'><strong>xvi,</strong></span> <span class='ocrx_word' id='word_1_838' title='bbox 814 5828 899 5880; x_wconf 71' lang='lat'><strong>32.</strong></span> <span class='ocrx_word' id='word_1_839' title='bbox 970 5822 1048 5859; x_wconf 73' lang='grc'><strong>’³³</strong></span> <span class='ocrx_word' id='word_1_840' title='bbox 1084 5828 1237 5890; x_wconf 58' lang='lat' dir='ltr'><strong>Rom,</strong></span> <span class='ocrx_word' id='word_1_841' title='bbox 1270 5848 1389 5898; x_wconf 86' lang='lat' dir='ltr'><strong>vttt,</strong></span> <span class='ocrx_word' id='word_1_842' title='bbox 1426 5833 1511 5888; x_wconf 86' lang='grc'><strong>18.</strong></span> 
     </span>
    </p>
   </div>
   <div class='ocr_carea' id='block_1_108' title="bbox 1916 4633 3496 4702">
    <p class='ocr_par' dir='ltr' id='par_1_108' title="bbox 1916 4633 3496 4702">
     <span class='ocr_line' id='line_1_111' title="bbox 1916 4633 3496 4702; baseline -0.001 -16"><span class='ocrx_word' id='word_1_843' title='bbox 1916 4634 2132 4687; x_wconf 81' lang='lat' dir='ltr'><strong>insecuti</strong></span> <span class='ocrx_word' id='word_1_844' title='bbox 2162 4643 2305 4696; x_wconf 86' lang='lat' dir='ltr'><strong>sunt,</strong></span> <span class='ocrx_word' id='word_1_845' title='bbox 2337 4641 2386 4686; x_wconf 79' lang='lat' dir='ltr'><strong>et</strong></span> <span class='ocrx_word' id='word_1_846' title='bbox 2415 4650 2501 4688; x_wconf 85' lang='lat' dir='ltr'><strong>vos</strong></span> <span class='ocrx_word' id='word_1_847' title='bbox 2540 4643 2948 4702; x_wconf 79' lang='lat' dir='ltr'><strong>persequentur;</strong></span> <span class='ocrx_word' id='word_1_848' title='bbox 2979 4642 3025 4684; x_wconf 79' lang='lat' dir='ltr'><strong>et</strong></span> <span class='ocrx_word' id='word_1_849' title='bbox 3057 4633 3100 4683; x_wconf 88' lang='lat' dir='ltr'><strong>si</strong></span> <span class='ocrx_word' id='word_1_850' title='bbox 3139 4647 3218 4684; x_wconf 85' lang='lat' dir='ltr'><strong>me</strong></span> <span class='ocrx_word' id='word_1_851' title='bbox 3253 4634 3496 4697; x_wconf 76' lang='lat' dir='ltr'><strong>oderunt,</strong></span> 
     </span>
    </p>
   </div>
   <div class='ocr_carea' id='block_1_109' title="bbox 1919 4726 3497 4802">
    <p class='ocr_par' dir='ltr' id='par_1_109' title="bbox 1919 4726 3497 4802">
     <span class='ocr_line' id='line_1_112' title="bbox 1919 4726 3497 4802; baseline 0.001 -23"><span class='ocrx_word' id='word_1_852' title='bbox 1919 4733 1965 4779; x_wconf 86' lang='lat' dir='ltr'><strong>et</strong></span> <span class='ocrx_word' id='word_1_853' title='bbox 1994 4743 2080 4779; x_wconf 83' lang='lat' dir='ltr'><strong>ros</strong></span> <span class='ocrx_word' id='word_1_854' title='bbox 2115 4727 2321 4787; x_wconf 75' lang='lat' dir='ltr'><strong>oderint</strong></span> <span class='ocrx_word' id='word_1_855' title='bbox 2357 4728 2424 4779; x_wconf 65' lang='lat'><strong>*°.</strong></span> <span class='ocrx_word' id='word_1_856' title='bbox 2455 4727 2563 4802; x_wconf 69' lang='lat' dir='ltr'><strong>Sed</strong></span> <span class='ocrx_word' id='word_1_857' title='bbox 2584 4727 2921 4781; x_wconf 86' lang='lat' dir='ltr'><strong>conﬁdentes</strong></span> <span class='ocrx_word' id='word_1_858' title='bbox 2948 4736 3142 4790; x_wconf 88' lang='lat' dir='ltr'><strong>estote,</strong></span> <span class='ocrx_word' id='word_1_859' title='bbox 3163 4726 3288 4794; x_wconf 90' lang='lat' dir='ltr'><strong>quia</strong></span> <span class='ocrx_word' id='word_1_860' title='bbox 3319 4736 3497 4781; x_wconf 86' lang='lat' dir='ltr'><strong>vestra</strong></span> 
     </span>
    </p>
   </div>
   <div class='ocr_carea' id='block_1_110' title="bbox 1918 4813 3499 4885">
    <p class='ocr_par' dir='ltr' id='par_1_110' title="bbox 1918 4813 3499 4885">
     <span class='ocr_line' id='line_1_113' title="bbox 1918 4813 3499 4885; baseline -0.001 -16"><span class='ocrx_word' id='word_1_861' title='bbox 1918 4817 2183 4885; x_wconf 88' lang='lat' dir='ltr'><strong>sapientia</strong></span> <span class='ocrx_word' id='word_1_862' title='bbox 2225 4817 2446 4870; x_wconf 89' lang='lat' dir='ltr'><strong>solvetis</strong></span> <span class='ocrx_word' id='word_1_863' title='bbox 2476 4832 2690 4869; x_wconf 88' lang='lat' dir='ltr'><strong>omnem</strong></span> <span class='ocrx_word' id='word_1_864' title='bbox 2715 4814 2940 4868; x_wconf 84' lang='lat' dir='ltr'><strong>inimici</strong></span> <span class='ocrx_word' id='word_1_865' title='bbox 2973 4815 3250 4872; x_wconf 88' lang='lat' dir='ltr'><strong>virtutem.</strong></span> <span class='ocrx_word' id='word_1_866' title='bbox 3291 4813 3367 4867; x_wconf 91' lang='lat' dir='ltr'><strong>De</strong></span> <span class='ocrx_word' id='word_1_867' title='bbox 3396 4814 3499 4868; x_wconf 68' lang='lat' dir='ltr'><strong>tnio</strong></span> 
     </span>
    </p>
   </div>
   <div class='ocr_carea' id='block_1_111' title="bbox 1918 4904 3496 4974">
    <p class='ocr_par' dir='ltr' id='par_1_111' title="bbox 1918 4904 3496 4974">
     <span class='ocr_line' id='line_1_114' title="bbox 1918 4904 3496 4974; baseline 0 -15"><span class='ocrx_word' id='word_1_868' title='bbox 1918 4907 2069 4960; x_wconf 84' lang='lat' dir='ltr'><strong>nttlia</strong></span> <span class='ocrx_word' id='word_1_869' title='bbox 2119 4922 2246 4961; x_wconf 85' lang='lat' dir='ltr'><strong>vero</strong></span> <span class='ocrx_word' id='word_1_870' title='bbox 2287 4908 2431 4960; x_wconf 80' lang='lat' dir='ltr'><strong>verbi</strong></span> <span class='ocrx_word' id='word_1_871' title='bbox 2473 4907 2743 4961; x_wconf 90' lang='lat' dir='ltr'><strong>libertatis</strong></span> <span class='ocrx_word' id='word_1_872' title='bbox 2797 4907 2846 4960; x_wconf 91' lang='lat' dir='ltr'><strong>in</strong></span> <span class='ocrx_word' id='word_1_873' title='bbox 2886 4920 2989 4974; x_wconf 90' lang='lat' dir='ltr'><strong>qua</strong></span> <span class='ocrx_word' id='word_1_874' title='bbox 3033 4904 3245 4958; x_wconf 91' lang='lat' dir='ltr'><strong>liberati</strong></span> <span class='ocrx_word' id='word_1_875' title='bbox 3286 4919 3496 4969; x_wconf 87' lang='lat' dir='ltr'><strong>sumus,</strong></span> 
     </span>
    </p>
   </div>
   <div class='ocr_carea' id='block_1_112' title="bbox 1916 4996 3495 5052">
    <p class='ocr_par' dir='ltr' id='par_1_112' title="bbox 1916 4996 3495 5052">
     <span class='ocr_line' id='line_1_115' title="bbox 1916 4996 3495 5052; baseline 0.001 -3"><span class='ocrx_word' id='word_1_876' title='bbox 1916 4997 2090 5050; x_wconf 88' lang='lat' dir='ltr'><strong>habeo</strong></span> <span class='ocrx_word' id='word_1_877' title='bbox 2125 4997 2227 5049; x_wconf 90' lang='lat' dir='ltr'><strong>alia</strong></span> <span class='ocrx_word' id='word_1_878' title='bbox 2262 4997 2426 5049; x_wconf 88' lang='lat' dir='ltr'><strong>multa</strong></span> <span class='ocrx_word' id='word_1_879' title='bbox 2462 4999 2644 5052; x_wconf 77' lang='lat' dir='ltr'><strong>dicere</strong></span> <span class='ocrx_word' id='word_1_880' title='bbox 2676 4997 2829 5050; x_wconf 85' lang='lat' dir='ltr'><strong>vobis</strong></span> <span class='ocrx_word' id='word_1_881' title='bbox 2859 5013 2874 5051; x_wconf 86' lang='lat'><strong>:</strong></span> <span class='ocrx_word' id='word_1_882' title='bbox 2914 4996 3006 5050; x_wconf 89' lang='lat' dir='ltr'><strong>sed</strong></span> <span class='ocrx_word' id='word_1_883' title='bbox 3039 4998 3086 5049; x_wconf 88' lang='lat' dir='ltr'><strong>si</strong></span> <span class='ocrx_word' id='word_1_884' title='bbox 3110 4996 3300 5050; x_wconf 83' lang='lat' dir='ltr'><strong>dedero</strong></span> <span class='ocrx_word' id='word_1_885' title='bbox 3340 5013 3495 5050; x_wconf 86' lang='lat' dir='ltr'><strong>occa-</strong></span> 
     </span>
    </p>
   </div>
   <div class='ocr_carea' id='block_1_113' title="bbox 1912 5087 3498 5158">
    <p class='ocr_par' dir='ltr' id='par_1_113' title="bbox 1912 5087 3498 5158">
     <span class='ocr_line' id='line_1_116' title="bbox 1912 5087 3498 5158; baseline 0.002 -17"><span class='ocrx_word' id='word_1_886' title='bbox 1912 5091 2110 5142; x_wconf 81' lang='lat' dir='ltr'><strong>sionem</strong></span> <span class='ocrx_word' id='word_1_887' title='bbox 2138 5090 2383 5157; x_wconf 81' lang='lat' dir='ltr'><strong>snpienti,</strong></span> <span class='ocrx_word' id='word_1_888' title='bbox 2415 5091 2703 5155; x_wconf 82' lang='lat' dir='ltr'><strong>sapientior</strong></span> <span class='ocrx_word' id='word_1_889' title='bbox 2728 5092 2828 5144; x_wconf 83' lang='lat' dir='ltr'><strong>erit</strong></span> <span class='ocrx_word' id='word_1_890' title='bbox 2854 5089 2919 5143; x_wconf 77' lang='lat'><strong>“.</strong></span> <span class='ocrx_word' id='word_1_891' title='bbox 2951 5087 3100 5158; x_wconf 88' lang='lat' dir='ltr'><strong>Opus</strong></span> <span class='ocrx_word' id='word_1_892' title='bbox 3124 5099 3303 5143; x_wconf 87' lang='lat' dir='ltr'><strong>tamen</strong></span> <span class='ocrx_word' id='word_1_893' title='bbox 3331 5088 3498 5144; x_wconf 80' lang='lat' dir='ltr'><strong>habe-</strong></span> 
     </span>
    </p>
   </div>
   <div class='ocr_carea' id='block_1_114' title="bbox 1915 5176 3495 5253">
    <p class='ocr_par' dir='ltr' id='par_1_114' title="bbox 1915 5176 3495 5253">
     <span class='ocr_line' id='line_1_117' title="bbox 1915 5176 3495 5253; baseline 0.003 -21"><span class='ocrx_word' id='word_1_894' title='bbox 1915 5196 2034 5234; x_wconf 86' lang='lat' dir='ltr'><strong>mus</strong></span> <span class='ocrx_word' id='word_1_895' title='bbox 2071 5181 2337 5234; x_wconf 86' lang='lat' dir='ltr'><strong>cousolari</strong></span> <span class='ocrx_word' id='word_1_896' title='bbox 2380 5181 2610 5239; x_wconf 87' lang='lat' dir='ltr'><strong>invicem</strong></span> <span class='ocrx_word' id='word_1_897' title='bbox 2645 5176 2852 5252; x_wconf 72' lang='lat' dir='ltr'><strong>esiguis</strong></span> <span class='ocrx_word' id='word_1_898' title='bbox 2885 5183 3189 5253; x_wconf 77' lang='lat' dir='ltr'><strong>quibusque</strong></span> <span class='ocrx_word' id='word_1_899' title='bbox 3231 5181 3495 5236; x_wconf 86' lang='lat' dir='ltr'><strong>sermoni-</strong></span> 
     </span>
    </p>
   </div>
   <div class='ocr_carea' id='block_1_115' title="bbox 1913 5273 3491 5346">
    <p class='ocr_par' dir='ltr' id='par_1_115' title="bbox 1913 5273 3491 5346">
     <span class='ocr_line' id='line_1_118' title="bbox 1913 5273 3491 5346; baseline 0.001 -21"><span class='ocrx_word' id='word_1_900' title='bbox 1913 5273 2010 5326; x_wconf 90' lang='lat' dir='ltr'><strong>bus</strong></span> <span class='ocrx_word' id='word_1_901' title='bbox 2043 5288 2056 5326; x_wconf 93' lang='lat'>:</span> <span class='ocrx_word' id='word_1_902' title='bbox 2100 5275 2239 5340; x_wconf 87' lang='lat' dir='ltr'><strong>quod</strong></span> <span class='ocrx_word' id='word_1_903' title='bbox 2277 5275 2319 5328; x_wconf 85' lang='lat' dir='ltr'><strong>si</strong></span> <span class='ocrx_word' id='word_1_904' title='bbox 2359 5291 2484 5330; x_wconf 87' lang='lat' dir='ltr'><strong>vere</strong></span> <span class='ocrx_word' id='word_1_905' title='bbox 2523 5277 2863 5346; x_wconf 83' lang='lat' dir='ltr'><strong>perspexerit</strong></span> <span class='ocrx_word' id='word_1_906' title='bbox 2906 5292 3078 5340; x_wconf 90' lang='lat' dir='ltr'><strong>mens,</strong></span> <span class='ocrx_word' id='word_1_907' title='bbox 3128 5275 3238 5340; x_wconf 83' lang='lat' dir='ltr'><strong>jam</strong></span> <span class='ocrx_word' id='word_1_908' title='bbox 3287 5289 3491 5344; x_wconf 85' lang='lat' dir='ltr'><strong>nequa-</strong></span> 
     </span>
    </p>
   </div>
   <div class='ocr_carea' id='block_1_116' title="bbox 1908 5368 3190 5437">
    <p class='ocr_par' dir='ltr' id='par_1_116' title="bbox 1908 5368 3190 5437">
     <span class='ocr_line' id='line_1_119' title="bbox 1908 5368 3190 5437; baseline 0.005 -21"><span class='ocrx_word' id='word_1_909' title='bbox 1908 5382 2069 5434; x_wconf 85' lang='lat' dir='ltr'><strong>quam</strong></span> <span class='ocrx_word' id='word_1_910' title='bbox 2104 5370 2277 5436; x_wconf 83' lang='lat' dir='ltr'><strong>egebit</strong></span> <span class='ocrx_word' id='word_1_911' title='bbox 2308 5368 2530 5437; x_wconf 67' lang='lat' dir='ltr'><strong>loquelae</strong></span> <span class='ocrx_word' id='word_1_912' title='bbox 2556 5369 2858 5437; x_wconf 87' lang='lat' dir='ltr'><strong>corporalis</strong></span> <span class='ocrx_word' id='word_1_913' title='bbox 2891 5369 3190 5423; x_wconf 86' lang='lat' dir='ltr'><strong>mendacio.</strong></span> 
     </span>
    </p>
   </div>
   <div class='ocr_carea' id='block_1_117' title="bbox 1986 5457 3489 5524">
    <p class='ocr_par' dir='ltr' id='par_1_117' title="bbox 1986 5457 3489 5524">
     <span class='ocr_line' id='line_1_120' title="bbox 1986 5457 3489 5524; baseline 0.004 -16"><span class='ocrx_word' id='word_1_914' title='bbox 1986 5457 2044 5510; x_wconf 74' lang='grc' dir='ltr'><strong>ν.</strong></span> <span class='ocrx_word' id='word_1_915' title='bbox 2095 5459 2317 5514; x_wconf 84' lang='lat' dir='ltr'><strong>Gaudeo</strong></span> <span class='ocrx_word' id='word_1_916' title='bbox 2366 5470 2541 5514; x_wconf 89' lang='lat' dir='ltr'><strong>autem</strong></span> <span class='ocrx_word' id='word_1_917' title='bbox 2594 5461 2645 5513; x_wconf 91' lang='lat' dir='ltr'><strong>in</strong></span> <span class='ocrx_word' id='word_1_918' title='bbox 2698 5463 2946 5516; x_wconf 83' lang='lat' dir='ltr'><strong>omnibus</strong></span> <span class='ocrx_word' id='word_1_919' title='bbox 2989 5460 3161 5524; x_wconf 85' lang='lat' dir='ltr'><strong>vobis,</strong></span> <span class='ocrx_word' id='word_1_920' title='bbox 3212 5460 3389 5514; x_wconf 86' lang='lat' dir='ltr'><strong>dilecti</strong></span> <span class='ocrx_word' id='word_1_921' title='bbox 3439 5461 3489 5514; x_wconf 85' lang='lat' dir='ltr'><strong>in</strong></span> 
     </span>
    </p>
   </div>
   <div class='ocr_carea' id='block_1_118' title="bbox 3035 5700 3489 5763">
    <p class='ocr_par' dir='ltr' id='par_1_118' title="bbox 3035 5700 3489 5763">
     <span class='ocr_line' id='line_1_121' title="bbox 3035 5700 3489 5763; baseline 0.007 -10"><span class='ocrx_word' id='word_1_922' title='bbox 3035 5702 3074 5732; x_wconf 78' lang='lat'>“</span> <span class='ocrx_word' id='word_1_923' title='bbox 3100 5701 3251 5753; x_wconf 84' lang='lat' dir='ltr'><strong>Rom.</strong></span> <span class='ocrx_word' id='word_1_924' title='bbox 3289 5718 3368 5763; x_wconf 87' lang='grc' dir='ltr'>ιιι,</span> <span class='ocrx_word' id='word_1_925' title='bbox 3405 5700 3489 5756; x_wconf 76' lang='lat' dir='ltr'><strong>i9.</strong></span> 
     </span>
    </p>
   </div>
   <div class='ocr_carea' id='block_1_119' title="bbox 3073 5770 3489 5838">
    <p class='ocr_par' dir='ltr' id='par_1_119' title="bbox 3073 5770 3489 5838">
     <span class='ocr_line' id='line_1_122' title="bbox 3073 5770 3489 5838; baseline 0.01 -16"><span class='ocrx_word' id='word_1_926' title='bbox 3073 5773 3113 5803; x_wconf 80' lang='grc'><strong>³⁷</strong></span> <span class='ocrx_word' id='word_1_927' title='bbox 3155 5770 3192 5824; x_wconf 86' lang='grc' dir='ltr'><strong>ιι</strong></span> <span class='ocrx_word' id='word_1_928' title='bbox 3238 5770 3489 5838; x_wconf 85' lang='lat' dir='ltr'><strong>Ttttt.ttl,</strong></span> 
     </span>
    </p>
   </div>
   <div class='ocr_carea' id='block_1_120' title="bbox 2170 5837 2615 5904">
    <p class='ocr_par' dir='ltr' id='par_1_120' title="bbox 2170 5837 2615 5904">
     <span class='ocr_line' id='line_1_123' title="bbox 2170 5837 2615 5904; baseline 0.007 -12"><span class='ocrx_word' id='word_1_929' title='bbox 2170 5839 2212 5869; x_wconf 75' lang='lat'>“</span> <span class='ocrx_word' id='word_1_930' title='bbox 2255 5837 2413 5894; x_wconf 87' lang='lat' dir='ltr'><strong>Prov.</strong></span> <span class='ocrx_word' id='word_1_931' title='bbox 2447 5855 2517 5904; x_wconf 83' lang='grc' dir='ltr'>ιιι,</span> <span class='ocrx_word' id='word_1_932' title='bbox 2563 5841 2615 5895; x_wconf 87' lang='lat'><strong>9.</strong></span> 
     </span>
    </p>
   </div>
  </div>
