4220 6316
741 348 842 404 91η

1883 338 2158 396 PAT..ES
2196 334 2497 393 ᾸΞΟΥΡΤΙΙ
2540 334 2816 391 SAECULI
2858 336 2947 391 IV.

3935 334 4032 390 9πὲ

745 470 995 531 Domino,
1033 468 1130 520 viri
1182 467 1441 521 ist-aelitte
1474 468 1674 529 saneti,
1716 467 2012 521 secundum
2055 462 2327 532 propriam
2364 470 2406 522 Α
2438 460 2703 513 adtentus
2773 459 2917 513 illius
2983 459 3238 513 omnibus
3284 458 3438 511 ltUillS
3479 473 3535 525 tu
3562 455 3742 508 iit-ium
3797 452 4033 507 exsistit.

743 560 1054 627 sgnsualem
1086 561 1436 615 exstantium.
1471 559 1607 627 Quia
1648 563 1881 628 primum
1922 558 2140 627 quidem
2168 556 2333 610 dece-

742 656 835 707 bat
904 652 1219 706 rationalem
1285 654 1461 705 virum
1531 668 1861 723 cognoscere
1910 650 2263 717 semetipsum
2317 669 2329 703 :

742 744 939 797 deinde
972 756 1028 797 ut
1061 752 1357 812 cognoscat
1390 760 1449 795 ea
1484 758 1605 813 qua:
1639 755 1762 798 sunt
1792 742 1906 806 Dei,
1939 750 1994 794 et
2041 743 2331 795 universas

744 835 916 903 ipsius
946 837 1153 905 gratias
1186 852 1545 905 quascunque
1573 851 1787 905 semper
1819 852 1937 888 cum
1971 850 2037 889 eo
2069 834 2229 899 facit;
2269 850 2334 888 ac

738 927 999 996 deinceps
1055 932 1266 983 noverit
1318 931 1461 997 quod
1508 944 1670 983 omne
1718 937 1999 999 peccatum
2048 939 2102 982 et
2159 938 2330 982 totunt

738 1020 1001 1089 quidquid
1044 1021 1397 1090 querulusunt
1442 1021 1689 1085 exsistit,
1740 1028 1893 1074 extra
1942 1032 2194 1074 naturam
2249 1031 2332 1075 est

738 1113 1003 1168 seusualis
1027 1114 1311 1168 exstantia:
1334 1141 1349 1181 ,
1378 1116 1611 1185 denique
1642 1113 1831 1166 videns
1855 1112 2121 1167 Conditor
2144 1126 2332 1168 noster

740 1219 837 1256 nos
870 1204 985 1257 lucc
1015 1215 1169 1259 extra
1219 1216 1471 1261 naturam
1507 1205 1786 1274 possidere
1817 1206 2048 1259 arbitrio
2092 1205 2328 1269 liberali,

737 1299 792 1347 ni
828 1312 937 1364 quo
990 1298 1075 1351 ltie
1114 1298 1497 1353 moriebantur
1534 1317 1546 1352 :
1585 1300 1780 1354 borum
1823 1314 1984 1354 causa
2030 1300 2331 1353 visceribus

736 1378 1031 1458 prouobis
1062 1401 1261 1453 monts,
1290 1390 1511 1459 propria
1544 1390 1784 1446 bonitate
1819 1391 1986 1446 voluit
2012 1400 2332 1446 convertere

739 1493 838 1532 nos
865 1479 935 1533 ad
965 1479 1094 1534 illud
1126 1482 1248 1535 sine
1278 1482 1384 1536 [ine
1406 1483 1775 1553 principium;
1808 1485 2173 1540 visitationem
2206 1485 2333 1539 fecit

736 1582 1114 1627 creaturarum
1160 1590 1265 1628 non
1321 1591 1555 1643 parcens
1589 1577 1911 1645 sibimetipsi
1970 1579 2041 1632 ob
2082 1587 2325 1632 nostram

737 1664 1121 1718 universorum
1164 1666 1418 1721 Salutem.
1468 1667 1717 1721 Tradidit
1748 1669 1949 1736 quippe
1979 1685 2039 1723 sc
2080 1684 2177 1737 pro
2206 1683 2333 1737 pec-

735 1756 878 1811 catis
903 1759 1143 1823 nostris;
1166 1768 1219 1813 et
1253 1759 1570 1827 iniquitates
1593 1760 1812 1826 quidem
1846 1769 2046 1814 nostra:
2080 1759 2332 1813 humilia—

737 1857 935 1900 vcruut
981 1862 1130 1911 eum,
1178 1849 1271 1902 sed
1319 1849 1480 1903 livore
1524 1851 1636 1915 ejus
1692 1866 1785 1903 nos
1827 1867 2006 1904 omnes
2039 1853 2214 1903 sanati
2248 1866 2334 1903 su-

736 1954 851 1991 um:
885 1939 952 1991 δ’.
996 1938 1173 1995 Verbo
1220 1942 1380 1995 etiam
1415 1943 1634 1996 virtutis
1682 1960 1793 1998 tua:
1843 1944 2198 2014 congregavit
2237 1960 2335 1998 nos

734 2045 805 2084 rx
835 2031 1089 2086 omnibus
1124 2032 1457 2103 regionibus,
1486 2035 1554 2088 ab
1588 2043 1833 2089 extremo
1864 2045 2026 2091 terra:
2060 2028 2233 2106 usque
2264 2038 2333 2091 ad

737 2122 989 2176 ultimum
1044 2124 1227 2190 orbis,
1277 2126 1481 2179 docens
1522 2127 1666 2196 quod
1716 2142 1962 2182 essemus
2007 2128 2331 2183 alterutrum

738 2216 1000 2268 membra.
1044 2216 1408 2281 Quamobrem
1439 2217 1481 2271 si
1522 2234 1618 2288 pro
1658 2229 1811 2272 certo
1853 2220 2166 2288 paravimus
2209 2235 2333 2275 nos—

739 2307 995 2372 metipsos
1036 2306 1240 2362 liberos
1304 2308 1485 2363 facere
1523 2310 1573 2361 in
1608 2310 1727 2378 ejus
1773 2310 2031 2378 adventu,
2059 2322 2337 2366 scrutetur

738 2399 1093 2467 semetipsum
1149 2400 1490 2455 rationabilis
1524 2400 1706 2463 homo,
1760 2402 2018 2469 quidnam
2048 2406 2218 2472 possit
2247 2418 2334 2458 re-

739 2487 984 2541 tribuere
1020 2488 1129 2542 Deo
1173 2502 1272 2559 pro
1303 2490 1521 2543 cunctis
1558 2492 1716 2545 donis
1742 2506 1863 2559 quae
1895 2491 2025 2546 fecit
2062 2491 2119 2545 itt
2151 2492 2329 2548 nobis.

748 2577 899 2634 Unde
924 2594 977 2635 et
1008 2597 1107 2651 ego
1140 2597 1359 2651 quoque
1403 2583 1737 2637 deterrimus
1772 2585 1866 2655 qui
1902 2584 2041 2638 Itane
2072 2584 2334 2655 descripsi

745 2671 1051 2739 epistolam,
1088 2671 1504 2741 expergefactus
1537 2690 1565 2725 a
1599 2674 1930 2729 dormitione
1961 2674 2174 2741 mortis,
2216 2676 2337 2741 plu-

743 2760 941 2812 rimum
972 2762 1100 2813 illud
1153 2766 1419 2829 temporis
1460 2764 1600 2830 quod
1647 2763 1780 2816 mibi
1813 2763 1913 2817 fuit
1942 2780 2105 2834 super
2138 2779 2338 2821 terram

742 2849 972 2914 factum,
1004 2855 1260 2907 existimo
1294 2855 1499 2909 luctum
1530 2864 1581 2909 et
1616 2852 1829 2922 ﬂetum,
1857 2857 2048 2925 lugens
2075 2858 2337 2928 quidnam

743 2958 962 3014 possunt
1016 2945 1255 2999 tr.buere
1310 2945 1538 2999 Domino
1587 2959 1685 3013 pro
1739 2948 1997 3001 omnibus
2043 2963 2165 3019 qua:
2214 2948 2342 3005 fecit

745 3033 896 3085 mibi.
954 3034 1007 3085 lu
1042 3035 1186 3087 nullo
1241 3036 1384 3087 enim
1441 3034 1690 3089 frustrati
1740 3050 1931 3090 sumus
1972 3051 2160 3093 eorum
2220 3054 2341 3108 qua:

745 3139 851 3177 non
895 3123 1190 3192 perfecerit
1230 3126 1387 3180 nobis
1422 3126 1473 3179 in
1506 3126 1817 3183 humilitate
1854 3138 2060 3185 nostra.
2107 3130 2342 3202 Angelos

742 3217 948 3269 etenim
995 3231 1123 3270 suos
1166 3219 1323 3274 nobis
1370 3219 1682 3275 ministrare
1725 3220 1889 3290 fecit,
1936 3224 2341 3294 prophetasque

748 3309 1003 3376 proprios
1050 3309 1336 3362 vaticinari
1380 3312 1662 3381 przecepit,
1709 3313 1989 3382 apostolos
2019 3314 2186 3368 etiam
2218 3330 2345 3370 suos

748 3401 905 3453 nobis
923 3400 1305 3471 evangelium
1322 3403 1509 3471 jussit.
1545 3404 1769 3473 Insuper
1797 3420 1925 3460 vero
1951 3406 2080 3459 illud
2098 3407 2342 3461 omnium

749 3492 961 3562 insigne
1003 3507 1088 3547 cst
1133 3506 1551 3564 prteceptorum,
1598 3498 1740 3565 quod
1782 3495 2134 3568 Unigenitum
2186 3515 2344 3553 suum

748 3587 981 3640 formam
1011 3588 1155 3641 servi
1188 3588 1319 3644 fecit
1350 3602 1633 3648 assumere
1657 3604 1757 3657 pro
1787 3591 1959 3647 nobis.

828 3676 912 3731 Vl.
955 3680 1199 3733 Obsecro
1246 3680 1451 3748 itaque,
1498 3680 1805 3734 cbarissimi
1861 3681 1914 3735 in
1964 3680 2221 3747 Domino,
2254 3698 2350 3738 vos

751 3771 845 3837 qui
874 3785 991 3822 sam
1012 3780 1190 3823 torum
1221 3771 1490 3825 exsisritis
1518 3772 1851 3834 colueredes,
1890 3784 1947 3826 ut
1983 3775 2229 3829 excitare
2262 3790 2353 3829 ve-

750 3862 863 3916 litis
903 3866 1151 3931 pruprias
1198 3875 1405 3919 mentes
1454 3866 1507 3917 in
1553 3864 1749 3919 timore
1802 3866 1920 3932 Dei,
1960 3866 2155 3922 Sermo
2204 3870 2349 3922 enim

752 3957 909 4010 vobis
938 3957 1040 4009 isre
1068 3957 1139 4008 sit
1165 3957 1506 4021 manifestus,
1533 3959 1674 4025 quod
1703 3956 1943 4012 Joannes
1967 3962 2184 4029 quidem
2217 3976 2356 4031 pra:-

752 4062 946 4109 cursor
971 4046 1098 4102 Jesu
1134 4050 1493 4131 baptizaverit
1520 4050 1571 4104 in
1605 4051 1977 4105 remissionem
2007 4066 2351 4121 peceatorum

756 4152 981 4211 propter
1029 4155 1163 4205 nos;
1200 4141 1397 4209 Spiritu
1430 4152 1615 4195 autem
1645 4142 1971 4197 sanctiﬁcati
2007 4143 2272 4199 fuerimus
2300 4147 2354 4200 in

758 4235 1003 4289 Christo.
1032 4232 1410 4303 Przeparemu's
1443 4249 1541 4288 nos
1573 4236 1718 4303 ipsos
1754 4252 1895 4289 nunc
1929 4237 1981 4290 in
2028 4242 2176 4292 omni
2204 4256 2355 4293 sau-

754 4328 952 4382 ctitate
987 4328 1053 4380 ad
1097 4329 1435 4402 put-gantiam
1470 4328 1780 4382 sensualem
1816 4340 2053 4384 mentem
2087 4343 2354 4399 nostram,

756 4430 813 4472 ut
861 4420 1034 4472 sirnus
1069 4420 1256 4472 mundi
1293 4420 1344 4472 in
1395 4420 1721 4489 baptismate
1750 4420 1877 4476 Jestt
1912 4425 1979 4477 ad
2016 4414 2353 4480 offerendum

2440 549 2649 603 Scitote
2685 552 2848 603 etiam
2877 550 3021 619 quod
3054 562 3245 602 omnes
3278 549 3330 601 in
3366 563 3421 601 sc
3453 554 3734 617 gestantes
3764 543 4035 611 spiritum,

2440 643 2803 711 rcSpi,cieutur
2834 651 2889 696 et
2938 643 3243 697 vestientur
3284 641 3611 693 vestimento
3658 637 3768 700 illo,
3814 654 3922 707 quo
3952 653 4038 690 su-

2439 751 2555 788 nms
2589 735 2740 789 exuti
2803 734 2960 805 juxta
3010 732 3321 787 sensoalem
3383 743 3626 785 nmtram
3681 730 4033 786 exstantiam.

2434 824 2569 880 Nam
2603 837 2657 883 et
2693 842 2833 896 δαιρά
2888 827 2947 880 lit
2984 842 3087 880 vox
3132 824 3353 879 veniens
3400 838 3619 892 semper
3651 838 3681 876 a
3723 822 3834 877 Deo
3880 820 4034 876 Patre

2437 920 2501 973 ad
2540 935 2736 976 omnes
2770 920 2891 973 iilos
2924 920 3015 987 qui
3049 920 3101 971 in
3140 933 3199 973 se
3224 918 3402 986 ipsum
3437 927 3655 987 gerunt,
3691 916 3882 969 dicens
3915 914 4030 969 eis:

2436 1009 2824 1077 Consofamini,
2863 1010 3214 1065 consulamini
3242 1008 3495 1077 populum
3536 1025 3728 1071 meum,
3763 1008 3895 1060 dicit
3943 1006 4031 1059 Do-

2436 1106 2652 1168 minus;
2695 1113 2743 1155 et
2793 1104 3116 1167 sacerdotes,
3172 1101 3452 1171 loquimini
3498 1101 3554 1153 in
3580 1101 3737 1154 corde
3784 1099 4035 1153 Hierone.

2435 1195 2622 1247 ιεηιιδ.
2692 1193 2834 1249 Deus
2899 1194 3102 1264 quippe
3163 1193 3534 1249 visitationem
3587 1192 3851 1247 continuo
3915 1189 4033 1243 fecit

2433 1296 2813 1343 creaturarum
2862 1301 3111 1353 suarum,
3155 1285 3515 1341 manifestans
3562 1284 3839 1355 propriam
3886 1282 4034 1337 boni-

2437 1388 2625 1433 tatem.
2665 1378 2727 1432 Et
2758 1392 2904 1441 vere,
2936 1377 3270 1441 cbarissimi,
3304 1377 3600 1432 secundum
3625 1376 3888 1430 minutias
3922 1389 4033 1428 ver-

2436 1468 2488 1522 bi
2543 1467 2813 1522 libertatis
2869 1468 2922 1521 in
2970 1482 3078 1537 qua
3128 1464 3348 1521 liberati
3406 1481 3614 1527 sumus.
3653 1476 3781 1520 sunt
3830 1474 3884 1518 et
3934 1464 4035 1517 alia

2444 1560 2846 1628 quamplurima
2901 1575 3026 1629 quae
3088 1558 3341 1614 dicantur
3381 1558 3533 1613 vobis
3583 1576 3598 1611 :
3639 1558 3734 1612 sed
3772 1557 3820 1610 si
3848 1554 4038 1609 dedero

2436 1651 2766 1706 occasionem
2810 1652 3061 1719 sapienti,
3107 1652 3401 1720 sapientior
3452 1652 3551 1704 erit
3575 1649 3640 1703 ".
3689 1649 3830 1704 Dens
3859 1658 4037 1702 autem

2437 1745 2587 1816 pacis
2624 1746 2712 1799 det
2742 1745 2899 1800 vobis
2926 1744 3160 1814 gratiam
3197 1742 3575 1807 discretionis,
3606 1752 3663 1795 ut
3695 1740 4042 1810 eognosmtis

2444 1852 2783 1908 qttzccunqne
2830 1838 3011 1892 scribo
3048 1837 3219 1900 vobis,
3257 1836 3401 1904 quod
3456 1836 3773 1889 mandatum
3816 1832 3888 1886 sit
3936 1831 4041 1884 Do-

2446 1929 2600 1983 mini.
2643 1928 2926 1984 Custodiat
2973 1941 3066 1981 vos
3112 1927 3251 1981 idem
3300 1926 3464 1978 totius
3500 1925 3691 1993 gratia:
3732 1924 3873 1978 Deus
3915 1937 4044 1978 san-

2445 2028 2562 2072 ctos
2600 2018 2654 2071 in
2688 2018 2915 2071 Domino
2945 2029 3115 2084 usque
3146 2017 3216 2069 ad
3255 2014 3610 2067 novissimum
3674 2010 3892 2066 ﬂarnen.
3936 2011 4044 2067 0m

2445 2116 2628 2163 autem
2670 2109 2838 2162 Deum
2881 2120 3100 2176 semper
3141 2120 3245 2176 pro
3277 2106 3521 2161 omnium
3558 2114 3801 2159 vestrum
3848 2104 4043 2171 salute,

2445 2202 2498 2255 in
2537 2201 2766 2255 Domino
2806 2198 3169 2256 dilectissimi.
3212 2197 3402 2253 Gratia
3444 2196 3656 2251 Domini
3702 2211 3771 2251 no
3807 2196 3872 2251 tri
3915 2192 4044 2251 Iesu

2446 2295 2654 2352 Christi
2688 2310 2810 2349 cum
2844 2294 3099 2350 etnuilms
3134 2295 3308 2349 vobis.
3344 2294 3537 2347 Amen.

3005 2386 3345 2444 EPISTOLA
3382 2386 3471 2441 ιν.

2518 2481 2559 2535 1.
2603 2479 2955 2536 Cbarissimis
3001 2491 3057 2535 et
3103 2479 3535 2545 honorabilibus,
3574 2497 3625 2533 tu
3659 2477 3887 2532 Domino
3911 2475 4045 2530 salu-

2449 2584 2577 2628 tem.
2615 2574 2757 2628 Vere
2795 2572 3134 2629 dilectissimi
3164 2573 3215 2627 in
3248 2572 3500 2635 Domino,
3536 2572 3665 2643 quia
3704 2587 3811 2625 non
3847 2571 3899 2624 in
3944 2584 4046 2625 nuo

2452 2678 2698 2735 tempore
2745 2674 2956 2718 tantum
2999 2664 3370 2719 visitationem
3419 2665 3549 2719 facit
3588 2663 3732 2718 Deus
3763 2674 4043 2717 creatura-

2450 2774 2569 2810 rum
2604 2772 2853 2822 suarum,
2897 2757 2992 2811 sed
3031 2773 3059 2810 a
3104 2758 3502 2812 constitutione
3545 2757 3729 2811 tnnndi
3786 2764 4047 2825 qumquot

2451 2858 2715 2903 venerant
2763 2849 2830 2903 ad
2869 2849 3123 2918 opificem
3198 2847 3366 2901 Deum
3423 2862 3521 2916 per
3581 2848 4047 2901 testamentariam

2452 2944 2647 3013 legem,
2688 2943 2753 2998 iis
2784 2943 3010 2997 coadest
3043 2940 3187 2997 Deus
3235 2941 3465 3011 singulis
3498 2940 3549 2994 in
3576 2939 3928 3006 simplicitate
3960 2951 4048 2992 se-

2452 3037 2687 3089 rnndum
2716 3034 2949 3105 gratiam
2982 3049 3080 3105 per
3117 3033 3385 3104 Spiritum
3431 3049 3610 3088 suum.
3648 3032 3721 3085 De
3766 3031 4051 3086 rationali-

2454 3128 2554 3182 bus
2589 3136 2773 3183 autem
2806 3128 3018 3183 naturis
3051 3126 3103 3181 in
3140 3126 3340 3197 quibus
3372 3125 3502 3180 illud
3541 3135 3929 3180 testamentum
3963 3138 4053 3180 re-

2451 3220 2660 3289 friguit,
2678 3230 2734 3275 et
2757 3218 2935 3275 oﬂicia
2962 3219 3272 3274 animorum
3304 3218 3515 3273 illorum
3541 3218 3873 3272 mortificata
3900 3224 4053 3283 sunt,

2451 3314 2524 3368 ita
2567 3323 2625 3367 ut
2677 3314 2817 3367 ultra
2893 3326 3002 3367 non
3052 3312 3334 3381 inquirant
3369 3325 3700 3382 cognoscere
3731 3310 4055 3377 semetipsa:

2451 3404 2751 3458 secundum
2783 3418 2936 3457 suam
2966 3404 3206 3473 priorem
3244 3402 3641 3465 conditionem,
3676 3401 3799 3454 aliae
3836 3400 4056 3454 irratio-

2454 3496 2664 3552 nabiles
2707 3496 2931 3551 omnino
2959 3495 3189 3559 eifectte,
3221 3493 3531 3549 servierunt
3560 3501 3830 3546 creaturae
3877 3491 4057 3559 potius

2454 3608 2616 3664 quam
2650 3591 2923 3648 Creatori.
2960 3588 3107 3646 Idem
3149 3603 3277 3643 vero
3311 3587 3593 3650 Conditor,
3625 3585 3845 3655 prppria
3898 3582 4056 3639 boui-

2457 3678 2567 3739 tzite
2604 3684 2776 3739 nostri
2820 3683 3194 3737 visitationem
3235 3677 3417 3734 elfecit
3459 3694 3553 3748 per
3585 3675 4057 3731 testamentariam

2456 3778 2670 3848 legem,
2734 3775 2994 3845 quoniam
3066 3773 3373 3829 substantia
3437 3768 3764 3825 innuortalis
3821 3766 4058 3822 exsistit.

2458 3872 2737 3939 Quotquot
2772 3868 2939 3939 igitur
2968 3866 3117 3935 digni
3153 3864 3323 3919 babiti
3350 3872 3475 3918 sunt
3510 3861 3706 3931 gratia,
3744 3870 3800 3913 et
3830 3872 4060 3914 concre-

2460 3971 2658 4016 verunt
2690 3976 2787 4030 per
2815 3974 2970 4013 suam
3017 3956 3350 4013 cardinalem
3387 3955 3582 4025 legem.
3615 3963 3672 4007 et
3713 3952 3894 4007 edocti
3934 3960 4061 4005 sunt

2464 4070 2560 4125 per
2585 4053 2849 4121 Spiritum
2884 4060 3137 4104 sanctum
3175 4049 3453 4118 capientes
3482 4046 3714 4099 filiorum
3754 4042 4063 4114 adoptionis

2459 4149 2731 4218 spiritum,
2764 4146 2817 4199 bi
2860 4144 3026 4199 etiam
3079 4140 3480 4211 prmvaluerunt
3525 4139 3758 4192 adorare
3799 4136 4065 4192 Condito-

2461 4256 2573 4295 rem
2614 4238 2894 4308 proprium
2943 4235 3084 4289 sicut
3116 4238 3353 4302 oportet.
3390 4230 3464 4285 De
3493 4230 3687 4299 quibus
3724 4228 3926 4283 Paulus
3962 4227 4061 4292 ait,

2461 4334 2586 4401 quia
2623 4348 2728 4384 non
2760 4334 3121 4397 perceperunt
3152 4324 3601 4395 repromissiones
3625 4332 3849 4391 propter
3878 4335 3976 4375 nos
3993 4319 4061 4376 κ’.

2535 4425 2593 4477 ll.
2639 4423 2691 4476 In
2730 4436 2824 4476 sua
2874 4434 3003 4473 vero
3045 4416 3361 4486 impartibili
3394 4416 3683 4472 dilectione
3717 4415 3910 4468 volrns
3943 4415 4062 4482 ipso

758 4516 1123 4583 nosmetipsos
1153 4515 1383 4568 hostiam
1435 4514 1563 4569 Deo.
1597 4514 1695 4568 llic
1737 4530 1862 4570 vero
1892 4516 2209 4571 Paracletus
2237 4518 2358 4587 Spi-
2393 4533 2437 4587 ι)
2467 4524 2788 4569 cunctorum
2832 4510 2973 4564 Deus
3006 4506 3379 4561 visitationem
3414 4504 3595 4557 facere
3633 4502 4064 4574 refrigidation'u

756 4607 897 4664 ritus
932 4609 1020 4676 qui
1064 4607 1381 4660 consolatur
1412 4622 1529 4671 nos,
1560 4600 1832 4662 convertit
1868 4625 2059 4664 rursus
2096 4612 2163 4664 ad
2207 4612 2357 4680 prin-

757 4697 961 4763 cipium
998 4706 1245 4750 nostrum
1279 4697 1343 4750 ad
1394 4702 1794 4767 reetiperandas
1846 4700 2197 4755 lucreditates
2232 4717 2355 4771 pro-

764 4792 938 4860 prias,
969 4800 1023 4843 et
1069 4790 1378 4859 magisteria
1425 4790 1669 4859 ejusdem
1708 4793 1948 4863 Spiritus
1997 4794 2362 4864 consolantis,

763 4880 925 4950 ltujus
967 4882 1040 4933 rei
1076 4881 1249 4950 gratia
1288 4892 1554 4950 quotquot
1587 4884 1639 4936 in
1672 4882 1890 4937 Christo
1920 4883 2179 4953 baptizati
2206 4894 2354 4948 sunt,

761 4974 991 5031 Christo
1020 4974 1189 5027 induti
1224 4985 1387 5039 sunt;
1426 4991 1524 5029 nec
1566 4987 1642 5029 est
1682 4978 1955 5031 masculus
1986 4989 2076 5031 aut
2108 4978 2350 5043 femina;

766 5082 870 5121 non
898 5076 981 5120 est
1009 5081 1200 5119 servus
1235 5079 1326 5120 aut
1357 5068 1493 5120 liber
1515 5066 1580 5120 ⁸³.
1610 5067 1802 5123 Omnis
1826 5071 1991 5123 etiam
2027 5069 2206 5138 lingua
2236 5084 2360 5123 cor-

762 5169 957 5223 porum
1001 5156 1302 5208 destruitur
1331 5157 1474 5225 apud
1532 5157 1671 5223 illos,
1708 5160 2100 5227 accipientibus
2132 5158 2212 5212 eis
2263 5156 2364 5212 (ιο-ἑ

765 5248 999 5301 ctriuam
1028 5247 1199 5300 sancti
1233 5246 1469 5316 Spiritus
1503 5250 1554 5304 in
1592 5260 1835 5320 tempore
1868 5266 1976 5318 quo
2002 5258 2221 5306 sument
2250 5251 2361 5305 bte-

767 5340 1053 5394 reditalem
1108 5348 1379 5403 sanctam,
1436 5349 1490 5394 et
1546 5343 1851 5395 adorabunt
1912 5344 2151 5405 Patrem,
2214 5343 2359 5395 sicut

764 5438 1002 5499 oportet,
1059 5431 1112 5483 in
1163 5430 1359 5497 spiritu
1397 5440 1451 5486 et
1485 5434 1792 5489 veritate“.
1831 5433 2152 5489 Manifestus
2196 5435 2365 5503 siqui-

768 5523 890 5577 dem
930 5523 1002 5576 sit
1032 5522 1183 5575 vobis
1216 5536 1399 5577 sermo
1431 5523 1564 5588 iste,
1596 5540 1693 5580 nec
1720 5537 2042 5595 exspectare
2076 5528 2362 5598 velitisju-

770 5616 971 5669 dicium
1001 5611 1245 5667 futurum
1280 5615 1331 5667 iu
1372 5616 1459 5669 illa
1490 5620 1773 5688 praesentia
1812 5620 1970 5684 Jesu;
2006 5622 2121 5690 jam
2155 5622 2358 5675 etenim

842 5732 888 5801 ξ’
916 5730 1018 5783 lsa.
1053 5745 1170 5794 LIII,
1200 5729 1249 5780 5.
1328 5731 1372 5761 “
1396 5731 1572 5787 ϐηΙτιι.
1608 5750 1687 5801 ιιι,
1720 5736 1809 5789 9.7.

1892 5738 1932 5767 δ”
1964 5736 2115 5793 Joan.
2151 5752 2224 5802 tv,
2264 5735 2356 5792 εδ.

776 5795 819 5828 ⁸⁸
846 5800 982 5859 Luc.
1025 5816 1132 5865 xvi,
1174 5801 1256 5853 lii.

2462 4615 2661 4660 nostra:
2702 4618 2765 4657 ac
2789 4598 3237 4671 dispensationis,
3264 4597 3530 4650 excitavit
3561 4594 3745 4648 Mosen
3782 4596 4066 4648 doctorem

2465 4700 2624 4768 legis,
2656 4694 2747 4764 qui
2786 4694 2941 4747 daret
2972 4691 3129 4746 nobis
3166 4690 3342 4758 legem
3386 4691 3438 4741 in
3477 4688 3679 4741 littera.
3714 4684 3776 4739 Et
3818 4685 4063 4740 fundavit

2460 4792 2575 4858 ipse
2598 4788 2753 4844 nobis
2780 4786 3029 4841 veritatis
3073 4784 3318 4845 domum,
3344 4795 3466 4850 quae
3486 4788 3568 4833 est
3601 4778 3838 4833 Erclesia
3867 4780 4065 4843 catho-

2462 4885 2567 4939 lica
2610 4895 2773 4951 quam
2824 4877 3056 4938 creavit,
3087 4874 3279 4928 voicns
3322 4881 3644 4926 convertere
3675 4870 3815 4924 Deus
3843 4872 3914 4923 ad
3950 4870 4067 4938 pri-

2466 4990 2613 5030 mum
2652 4970 2890 5025 initium.
2930 4967 2996 5021 Et
3034 4964 3162 5034 quia
3204 4963 3380 5016 Moses
3426 4962 3646 5030 quidem
3687 4961 3981 5014 aediﬁcavit
4011 4970 4067 5015 ut

2467 5066 2781 5139 praecedens
2804 5101 2820 5126 ,
2854 5061 3059 5115 idcirco
3109 5072 3217 5111 non
3251 5054 3566 5108 timebimus
3610 5068 3854 5109 asserere
3910 5069 4067 5108 eum-

2470 5164 2591 5215 dem
2636 5158 2864 5211 Iatorem
2909 5153 3047 5222 legis
3087 5163 3254 5202 unum
3313 5162 3439 5201 esse
3483 5163 3547 5200 ex
3595 5148 4068 5214 przecursoribus:

2468 5262 2523 5308 et
2546 5251 2671 5321 quia
2706 5248 2944 5317 Spiritus
2966 5245 3057 5313 qni
3098 5243 3259 5295 fuerit
3296 5256 3420 5295 cum
3456 5238 3625 5299 Siose.
3666 5238 3809 5293 idem
3831 5239 3905 5291 sit
3938 5254 4067 5307 ope.

2468 5355 2621 5400 ratus
2658 5350 2711 5394 et
2750 5341 2801 5393 in
2854 5339 3024 5392 choro
3063 5343 3400 5392 sanctorum,
3438 5345 3739 5399 omnesque
3791 5330 4074 5396 petierunt

2468 5438 2535 5489 de
2568 5431 2865 5501 Unigenito
2898 5428 3011 5482 Dei.
3051 5425 3181 5479 ltcm
3222 5423 3467 5478 Joannes
3499 5436 3639 5476 unus
3671 5423 3735 5474 de
3764 5436 4067 5490 praecurso-

2470 5526 2619 5580 ribus
2663 5531 2879 5585 exstat;
2922 5528 2976 5573 et
3014 5520 3134 5573 ideo
3182 5517 3267 5570 lea;
3293 5525 3451 5583 atque
3507 5513 3773 5583 propheta
3802 5528 3969 5580 usque
4004 5513 4071 5565 ad

2468 5620 2727 5673 Joannem
2748 5616 2815 5680 “;
2849 5627 3065 5683 regnum
3097 5610 3348 5664 calorum
3391 5609 3495 5662 vim
3519 5608 3741 5676 patitur,
3772 5612 3821 5657 et
3853 5604 4073 5657 violenti

2460 5737 2502 5768 "
2528 5736 2630 5791 lsa.
2674 5750 2740 5788 xx.
2766 5772 2779 5797 ,
2819 5733 2868 5799 l,
2913 5728 2968 5782 2.
3046 5726 3091 5757 ⁵⁸
3122 5725 3280 5781 l‘rov.
3318 5740 3403 5787 ιι,
3442 5723 3496 5777 9.
3579 5722 3619 5753 ⁸⁷
3654 5718 3817 5773 Hebr.
3847 5734 3928 5784 xl,
3988 5721 4071 5777 l3.
