4220 6316
185 382 282 439 993

1220 377 1278 433 S.
1326 372 1606 432 ANTONU
1645 373 1714 429 ﬂ.
1762 372 2057 429 ABBATIS
2101 369 2483 427 FPlSTOLsE.

3363 368 3466 425 θοι

177 497 429 568 diripiunt
471 497 690 555 illud“.
722 470 1090 552 Prcevidcutes
1125 504 1305 550 autem
1357 496 1391 547 ii
1425 495 1515 565 qui
1564 493 1836 564 spiritu‘A
1880 492 2038 546 redes
2061 494 2308 545 crinitis:
2348 487 2599 542 lla'redes
2626 488 2836 558 quidam
2876 487 2991 549 Dei,
3034 490 3327 543 colimeii'es
3365 508 3463 547 nsi-

184 591 520 657 ferebantur,
557 591 701 662 quod
734 588 878 642 nulla
912 597 1165 643 creatura
1205 588 1372 657 possit
1405 600 1598 642 curare
1627 584 1771 638 illam

177 684 591 753 grandissimum
646 683 881 752 plagam,
914 681 1015 735 nisi
1069 680 1185 737 sola
1220 680 1506 735 beatitudo
1553 679 1644 734 Dei
1679 677 1770 749 qui

176 784 256 830 est
291 773 618 846 Unigenitus
649 775 789 845 ejus,
815 790 1089 845 quemque
1120 782 1174 828 et
1194 773 1493 828 destinavit
1521 772 1587 826 ad
1616 772 1767 826 salu.

183 878 290 923 lem
326 867 493 922 tetius
522 867 695 931 orbis,
721 866 811 936 qui
840 876 893 922 et
917 876 1001 921 est
1046 865 1289 920 medicus
1318 878 1550 931 magnus
1579 872 1773 933 potens

178 976 375 1017 curare
412 961 683 1028 ingentem
742 960 952 1030 plagam
983 974 1080 1013 sua
1114 958 1398 1013 bonitate:
1436 958 1597 1011 Pater
1625 972 1770 1012 crea-

179 1066 425 1108 turarum
472 1070 578 1109 non
632 1055 875 1124 pepercit
920 1054 1208 1124 Uoigenilo
1238 1061 1462 1121 propter
1495 1065 1617 1116 nos,
1648 1066 1772 1105 eum

173 1162 274 1214 pro
299 1157 485 1200 nostra
520 1146 899 1201 universorum
944 1146 1120 1201 salute
1153 1147 1374 1201 tradens
1402 1160 1501 1215 pro
1535 1146 1773 1213 peccatis

174 1239 380 1293 nostris
419 1247 470 1292 et
511 1252 609 1306 pro
643 1237 1020 1307 iniquitatibus
1045 1237 1112 1291 ”.
1163 1237 1230 1291 Et
1276 1236 1389 1306 ipse
1435 1236 1654 1306 quidem
1687 1249 1774 1290 se-

175 1329 465 1397 metipsum
511 1327 839 1391 humiliavit,
873 1327 970 1383 sed
1043 1327 1187 1381 illius
1237 1328 1401 1382 livore
1451 1342 1548 1383 nos
1586 1343 1776 1383 omnes

177 1421 355 1475 sanati
382 1420 659 1485 sumus“;
693 1418 967 1488 verboque
998 1418 1219 1473 virtutis
1270 1433 1382 1472 suae
1422 1421 1776 1488 congregavit

172 1528 276 1569 nos
304 1527 369 1567 ex
401 1511 654 1566 omnibus
694 1512 1009 1583 regionibus
1032 1510 1099 1565 ab
1130 1520 1381 1566 extremo
1411 1520 1577 1565 terrm
1607 1526 1776 1579 usque

173 1605 241 1656 ad
278 1602 527 1658 ultimum
565 1601 739 1667 orbis,
774 1602 980 1657 faciens
1031 1603 1489 1658 resurrectionem
1521 1602 1776 1656 cordinm

172 1708 494 1753 nostrorum
526 1712 556 1751 a
590 1705 765 1759 terra,
798 1694 1093 1763 docuitque
1140 1708 1240 1748 nos
1263 1692 1593 1748 alterutrum
1621 1694 1774 1749 exsi-

172 1798 321 1842 stere
352 1786 592 1840 membra
613 1826 626 1838 .

245 1878 333 1936 lli.
375 1876 613 1934 Obsecro
644 1891 776 1947 ergo
813 1891 934 1941 vos,
968 1876 1277 1931 cbarissimi
1327 1876 1382 1931 in
1431 1876 1681 1942 Domino,
1719 1886 1775 1931 ut

174 1971 494 2042 intelligetis
525 1971 749 2042 scripta,
781 1969 905 2039 quia
938 1968 1030 2023 Dei
1060 1969 1311 2022 mandata
1340 1978 1487 2023 sunt.
1521 1967 1775 2036 Magnum

170 2060 379 2133 quippe
423 2061 581 2115 nobis
630 2068 712 2114 est
767 2060 889 2125 hoc,
927 2067 984 2111 ut
1025 2058 1378 2113 allvertamiis
1430 2068 1668 2113 mentem
1709 2061 1777 2110 ait

174 2158 407 2208 turmam
429 2168 589 2221 quam
617 2151 909 2221 assumpsit
934 2151 1092 2208 Jesus
1123 2162 1348 2221 propter
1374 2167 1494 2215 nos,
1528 2168 1593 2207 eo
1631 2154 1776 2220 quod

173 2258 275 2317 per
307 2244 490 2299 omnia
534 2245 692 2298 nobis
744 2242 941 2297 similis
995 2243 1159 2298 fuerit
1200 2253 1429 2311 excepto
1462 2253 1683 2310 peccato
1708 2242 1775 2293 θ’.

185 2336 361 2391 Decet
392 2336 560 2389 etiam
595 2344 665 2389 ut
708 2345 762 2388 et
805 2349 903 2389 nos
954 2334 1055 2404 ipsi
1094 2334 1387 2388 liberemus
1421 2333 1562 2402 ipsos
1591 2350 1688 2387 nos
1724 2334 1775 2385 in

170 2430 296 2497 ejus
326 2430 642 2492 adventum,
672 2437 727 2482 et
760 2428 905 2482 illius
936 2427 1164 2482 stultitia
1216 2442 1313 2481 nos
1340 2429 1621 2497 sapientes
1661 2426 1776 2479 clli-

174 2523 312 2587 ciat,
351 2531 644 2591 paupertas
690 2521 860 2591 ipsius
897 2521 1053 2585 ditet,
1100 2530 1155 2575 et
1193 2520 1482 2574 intirmilas
1526 2521 1779 2572 robustos

171 2613 455 2677 ostendat,
493 2621 548 2666 et
593 2621 651 2666 ut
702 2613 816 2682 ipse
856 2612 1099 2667 omnium
1162 2612 1492 2665 resurrectio
1537 2612 1651 2672 llat,
1689 2612 1783 2664 de-

173 2718 399 2762 structis
427 2719 547 2760 eum
576 2705 667 2774 qui
698 2706 889 2759 mortis
918 2703 1077 2758 habet
1106 2703 1417 2772 imperium.
1450 2702 1601 2756 Time
1634 2703 1778 2756 enim

174 2797 526 2853 cessabimus
555 2810 694 2865 opus
726 2794 928 2850 habere
960 2796 1260 2849 secundum
1303 2808 1521 2848 carnem
1572 2794 1625 2847 in
1652 2791 1778 2847 Jesu

175 2890 442 2942 adventu.
489 2885 734 2957 Namque
767 2885 926 2941 Jesus
979 2896 1307 2955 cooperator
1347 2884 1502 2941 nobis
1548 2886 1600 2939 in
1640 2887 1780 2940 bono

176 2976 440 3042 servitio,
488 2990 771 3045 usqiicquo
819 2975 1161 3029 destt'ttamus
1225 2972 1485 3026 malitiam
1537 2987 1775 3025 omnem.

183 3068 357 3123 Tum:
407 3081 624 3136 quoque
676 3067 818 3120 ilicet
870 3064 1025 3118 nobis
1074 3061 1234 3117 Jesns
1263 3081 1276 3117 :
1303 3062 1425 3117 1am
1458 3080 1561 3115 non
1589 3063 1780 3115 uocabo

1876 593 1977 637 tem
2008 580 2293 638 Christi".
2328 579 2649 635 Manifestus
2683 582 2850 651 igitur
2899 581 2970 636 sit
3022 582 3173 636 vobis
3214 584 3314 637 iste
3352 600 3489 643 ser-7

1877 690 1988 739 mo,
2022 673 2167 743 quod
2230 673 2333 729 nisi
2392 672 2515 743 quis
2567 673 2955 741 prmpsraverit
3019 674 3464 729 emendationem

1875 766 2180 836 propriam,
2215 779 2315 819 nec
2354 777 2583 819 conatus
2615 763 2780 818 fuerit
2823 780 2886 819 ex
2922 772 3033 819 tota
3066 765 3296 829 virtute,
3320 766 3469 835 quod

1876 857 2005 913 huic
2056 857 2323 912 adventus
2356 852 2657 911 salvatoris
2693 852 2745 909 io
2775 853 3037 924 judicium
3083 856 3195 911 ﬁet.
3230 856 3467 924 Quibus-

1876 950 1999 1003 dam
2049 949 2195 1002 enini
2253 959 2339 1004 cst
2404 955 2535 1003 odor
2572 947 2755 1021 mortis
2781 948 2835 1002 in
2866 962 3106 1014 mortem,
3153 950 3469 1020 quibusdam

1878 1049 2057 1094 autent
2086 1039 2220 1094 odor
2246 1042 2362 1095 uiue
2389 1042 2440 1095 in
2473 1042 2637 1094 vitam
2662 1039 2743 1102 '3;
2777 1052 3058 1111 propterea
3093 1043 3235 1111 quod
3276 1043 3330 1097 iu
3358 1043 3471 1101 rui-

1883 1150 2005 1187 nam
2054 1144 2102 1188 et
2154 1135 2211 1187 iis
2269 1135 2701 1189 resurrectionem
2733 1135 3014 1188 multorum
3044 1137 3245 1203 positus
3296 1138 3368 1190 sit
3410 1138 3470 1191 in

1881 1223 2074 1287 Israel,
2118 1234 2165 1277 et
2199 1226 2253 1277 in
2287 1224 2498 1293 signum
2556 1225 2991 1279 contradictinnis
3019 1226 3087 1279 ".
3127 1227 3472 1296 Quapropter

1881 1315 2113 1369 obsecro
2155 1330 2271 1381 vos,
2306 1332 2374 1372 ne
2421 1317 2709 1388 Ilegllgalis
2749 1316 2979 1372 salutem
3028 1321 3336 1387 propriam;
3374 1319 3467 1372 sed

1882 1407 2255 1476 unusquisque
2274 1418 2513 1462 vestrum
2535 1409 2746 1463 scindat
2771 1424 2890 1469 cur,
2914 1421 2970 1463 et
2994 1424 3097 1464 non
3124 1410 3467 1473 vestimenta,

1888 1514 1956 1554 ne
1991 1497 2131 1553 forte
2165 1500 2351 1555 auiiCIi
2379 1500 2561 1555 habitu
2601 1502 2821 1570 iiijusto,
2851 1519 3108 1572 paremus
3151 1503 3303 1556 nobis
3325 1502 3471 1571 judi-

1881 1592 2050 1645 cium.
2103 1590 2241 1645 Ecce
2279 1592 2425 1645 enim
2476 1592 2584 1661 jam
2633 1596 3089 1664 appropinquabit
3149 1604 3383 1663 timpiis,
3418 1597 3469 1646 in

1880 1696 1988 1751 quo
2045 1682 2343 1753 probentur
2394 1684 2816 1750 uuiuscnjusque
2864 1696 3111 1740 vesti-um
3148 1702 3331 1754 opera.
3395 1686 3469 1741 De

1884 1775 2107 1828 minulia
2166 1790 2292 1828 vero
2336 1776 2507 1840 verbi,
2557 1786 2713 1830 erant
2764 1777 2866 1831 alia
2930 1795 3046 1846 quae
3098 1780 3472 1834 scribere-tur

1813 1847 1849 1901 Β
1884 1869 2053 1925 vobis.
2085 1868 2177 1921 sed
2198 1868 2465 1935 scriptum
2498 1878 2587 1921 est
2618 1868 2742 1923 :Da
2790 1871 3015 1938 sapienti
3053 1887 3203 1924 occas
3230 1888 3398 1932 auriti,
3424 1882 3471 1924 et

1880 1960 2167 2027 sapientior
2216 1959 2399 2012 erit“.
2452 1960 2641 2013 Saluto
2696 1976 2790 2015 vos
2833 1977 3022 2016 omnes
3071 1964 3121 2014 in
3178 1964 3411 2016 Domino
3444 1983 3472 2016 ιι

1883 2051 2110 2103 minimo
2161 2065 2332 2119 usque
2364 2050 2431 2103 ad
2467 2067 2738 2121 magnum.
2779 2054 2919 2106 Deus
2966 2069 3031 2107 au
3062 2071 3093 2109 e
3118 2075 3147 2107 ιι
3203 2057 3350 2124 pacis
3381 2075 3474 2110 eu-

1882 2146 2084 2200 stodiat
2127 2160 2221 2198 vos
2260 2147 2568 2212 univcrsos,
2603 2148 2932 2201 (ξιιῑινὶδδὶιιιὶ.

2484 2238 2817 2295 EPISTULA
2864 2240 2925 2294 V.

1952 2330 1992 2383 Ι.
2036 2330 2309 2383 Antoni-tis
2343 2331 2709 2386 tiliCt'liSslllllS
2737 2348 2895 2395 natis,
2936 2334 3059 2386 liliis
3086 2333 3348 2388 lsraelilis
3388 2351 3476 2390 see

1882 2424 2119 2477 cundum
2161 2425 2467 2477 sensualem
2503 2426 2745 2493 ipsorum
2779 2427 3104 2479 exstantium
3144 2451 3155 2481 ;
3191 2443 3294 2481 non
3327 2430 3471 2480 enim

1884 2530 2105 2569 necesse
2148 2527 2229 2567 est
2262 2518 2539 2569 nominari
2570 2517 2839 2570 VUCallltla’
2862 2531 2981 2585 qua:
3016 2516 3319 2580 transeunt,
3346 2522 3472 2587 quia

1885 2607 1978 2659 lilii
2003 2604 2137 2660 estis
2164 2605 2346 2661 Israel.
2379 2608 2571 2661 Adhuc
2609 2623 2734 2662 ri-ie
2762 2610 2873 2661 uati
2906 2610 3031 2673 mei,
3060 2610 3282 2664 dilectio
3306 2624 3473 2679 qaam

1889 2697 2063 2751 habeo
2113 2700 2164 2751 in
2202 2714 2315 2762 vos,
2353 2716 2458 2752 non
2495 2710 2571 2754 est
2619 2700 2837 2754 dilectio
2889 2701 3233 2773 corporalis,
3266 2704 3358 2755 sed
3390 2714 3477 2757 est

1884 2791 2127 2843 i'liaritas
2156 2792 2383 2857 Spiritus
2414 2791 2641 2845 cultura:
2680 2793 2793 2845 Dei.
2828 2792 3116 2860 Pmplerca
3155 2778 3338 2849 autem
3374 2801 3474 2849 nec

1885 2881 2167 2951 tlrfatigor,
2200 2885 2497 2937 obsecrans
2532 2883 2698 2937 Deum
2734 2885 2820 2939 die
2850 2901 2913 2939 ac
2970 2897 3131 2940 nocte
3165 2903 3264 2953 pro
3298 2886 3470 2948 rubis,

1886 2984 1943 3025 ut
1992 2974 2209 3041 possitis
2265 2989 2593 3045 cognoscere
2639 2977 2869 3045 gratiam
2914 2993 3035 3045 quae
3070 2992 3337 3033 concessa
3391 2990 3476 3033 est

1887 3065 2057 3119 vobis.
2093 3065 2225 3133 Quia
2274 3081 2379 3120 non
2433 3068 2484 3119 iu
2522 3084 2629 3121 uno
2665 3079 2908 3139 tempore
2941 3069 3305 3125 visitationem
3346 3071 3478 3125 facit

178 3176 275 3215 eos
317 3175 517 3222 servos,
549 3169 599 3210 at
630 3157 823 3226 fratres
845 3156 910 3208 “.
942 3154 1171 3221 Quando
1196 3155 1360 3219 igitur
1385 3154 1463 3206 sic
1488 3169 1582 3207 eos
1617 3168 1775 3206 voca-
1809 3182 1850 3239 ο
1884 3169 2261 3212 creaturarum
2306 3174 2529 3213 suarum
2551 3199 2568 3226 ,
2622 3164 2716 3216 sed
2755 3179 2785 3215 a
2833 3164 3225 3219 constitutione
3293 3166 3474 3220 mundi

181 3252 263 3306 vit
292 3251 435 3305 Deus
462 3259 519 3302 ut
548 3250 859 3319 acciperent
891 3249 1141 3315 spiritum
1171 3246 1404 3300 filiorum
1443 3245 1776 3315 adOpliouis,

185 3353 324 3397 tunc
360 3350 416 3396 et
445 3340 682 3408 Spiritus
713 3348 936 3394 sanctus
965 3340 1148 3394 docuit
1179 3353 1271 3391 eos
1299 3338 1529 3392 adorare
1561 3337 1777 3391 Patrem

178 3436 327 3492 sicut
370 3434 675 3502 oportebat.
719 3431 867 3488 Unde
910 3442 963 3485 et
1022 3431 1150 3484 mihi
1206 3444 1420 3499 quoque
1460 3430 1777 3493 deterrimo,

173 3529 375 3598 iuueto
401 3524 550 3588 Jesu,
584 3524 954 3591 teinpusistud
985 3521 1037 3576 iu
1062 3537 1170 3592 quo
1201 3520 1543 3583 advenimus,
1578 3520 1777 3574 factum

176 3629 269 3673 est
297 3616 593 3673 lwtilicatio
621 3625 676 3669 et
700 3616 897 3677 luctus,
933 3623 988 3668 et
1018 3612 1199 3670 ﬂetus.
1233 3611 1502 3678 Quoniam
1537 3620 1590 3663 et
1625 3610 1778 3663 multi

178 3715 253 3765 de
280 3724 483 3779 genere
515 3718 700 3762 nostro
723 3706 1013 3760 induerunt
1047 3706 1360 3758 indumenta
1392 3704 1626 3772 pietatis,
1668 3702 1777 3753 vir-

180 3812 360 3857 tutem
389 3816 518 3855 vero
550 3810 910 3870 negaverunt.
945 3799 1307 3865 Quamobrem
1357 3807 1412 3851 et
1451 3812 1551 3864 ego
1599 3797 1652 3848 in
1701 3795 1784 3850 bis

178 3894 414 3967 quidem
472 3894 717 3947 lil‘llllt'Ol‘
789 3890 879 3960 qui
954 3896 1400 3959 prarparaverimt
1464 3888 1786 3956 semetipsos

183 3990 433 4043 liberare
489 3986 541 4039 in
584 3988 817 4037 adventu
870 3980 898 4036 J
938 3998 1038 4048 su;
1078 3984 1127 4034 in
1176 3980 1283 4034 illis
1324 3996 1454 4033 vero
1485 3978 1659 4048 lugeo,
1692 3978 1782 4046 qui

184 4078 545 4147 interpellant
578 4092 775 4130 nomen
815 4073 966 4137 Jesu,
998 4083 1047 4127 et
1085 4072 1292 4126 faciunt
1327 4071 1633 4125 voluntates
1663 4084 1788 4124 cor-

182 4173 278 4226 dis
321 4181 373 4224 ct
425 4168 627 4223 carnis.
674 4164 895 4220 Necnon
939 4177 993 4220 et
1023 4179 1115 4218 eos
1158 4162 1353 4227 deﬂeo,
1381 4163 1473 4231 qui
1511 4163 1787 4215 intuentes

179 4259 591 4330 longitudini-in
645 4259 931 4328 tctiiporis,
974 4256 1348 4325 pusillanimes
1409 4252 1585 4308 eﬂ‘ecli
1640 4263 1785 4317 sunt,

187 4364 249 4410 et
268 4351 645 4420 spoliaverunt
666 4365 723 4405 se
741 4350 961 4419 pietatis
1001 4349 1225 4411 amictu,
1246 4344 1376 4401 facti
1408 4347 1550 4400 sicut
1582 4346 1785 4399 bestim.

269 4445 360 4499 ιγ.
403 4449 713 4513 Aguoscant
764 4457 893 4497 vero
943 4440 1252 4510 huiusmodi
1308 4438 1555 4492 dicentes
1599 4434 1789 4501 :Quia

1887 3251 2197 3304 moderatur
2231 3249 2370 3304 Deus
2404 3252 2650 3320 proprias
2680 3265 2983 3315 creaturas,
3020 3269 3116 3323 per
3157 3257 3484 3324 generatio:

1887 3356 1982 3394 nes
2013 3340 2255 3411 singulas
2286 3343 2732 3414 cxpergefaciens
2780 3362 3051 3417 quemque
3088 3350 3475 3403 occasionibus
3514 3368 3517 3369 '

1888 3434 2210 3495 quibusdam
2262 3446 2315 3488 et
2371 3438 2573 3505 gratia.
2612 3436 2767 3491 Nunc
2810 3439 3019 3506 itaque,
3076 3440 3251 3505 lilioli,
3307 3439 3478 3494 nolite

1886 3526 2161 3594 negligere
2208 3525 2608 3595 proclamantes
2644 3529 2711 3582 ad
2760 3528 3043 3583 Dominum
3079 3532 3169 3585 die
3204 3546 3265 3585 ac
3296 3543 3473 3596 nocte,

1895 3613 2285 3682 compellantes
2327 3617 2714 3685 benignitatem
2748 3617 2949 3684 Patris,
2984 3632 3038 3673 ut
3068 3623 3167 3675 hee
3189 3624 3350 3676 donet
3380 3638 3478 3677 vo-

1888 3704 1977 3759 bis
2028 3706 2356 3773 adjutorium
2389 3707 2455 3760 de
2508 3707 2672 3769 cutio,
2710 3710 2911 3764 ducens
2946 3727 3038 3765 vos
3069 3729 3353 3783 nsipiequo
3377 3728 3476 3767 eo-

1889 3800 2162 3866 guoscatis
2206 3799 2335 3867 quid
2396 3799 2448 3852 in
2510 3815 2568 3852 se
2635 3801 2844 3855 habeat.
2912 3801 3045 3855 Nam
3090 3819 3233 3863 rere.
3287 3805 3474 3869 filioli,

1897 3893 1987 3957 qui
2035 3891 2087 3943 in
2147 3890 2363 3959 propria
2419 3905 2550 3945 nece
2600 3893 2988 3956 consistimus,
3045 3895 3353 3950 habitantes
3410 3910 3476 3952 et

1892 3982 1943 4035 in
1976 3982 2201 4036 latronis
2232 3984 2392 4036 domo
2423 3992 2473 4035 et
2509 3998 2791 4038 tnanen.es
2817 4025 2832 4049 ,
2877 4000 2979 4037 non
3026 3998 3079 4038 et
3133 3990 3322 4041 nuirtis
3358 3990 3474 4042 vin-

1890 4071 2026 4126 culis
2090 4071 2397 4140 ohligauiur
2468 4088 2630 4128 nunc.
2694 4072 3041 4144 Quapropter
3087 4094 3153 4132 ne
3216 4079 3475 4133 dederitis

1892 4177 2142 4215 sonitith
2197 4164 2372 4217 oculis
2408 4165 2568 4218 vestri
2607 4206 2622 4230 ,
2653 4181 2750 4225 nec
2803 4167 3075 4236 palpebris
3131 4171 3475 4224 dortiiivtallu—

1891 4254 2108 4318 nesii“,
2139 4252 2428 4320 oﬂercules
2488 4258 2846 4325 vosmetipsos
2913 4261 3236 4313 Sillil‘lill‘llllll
3284 4263 3391 4317 Deo
3427 4263 3480 4316 iu

1890 4347 2035 4398 Omni
2066 4348 2375 4410 sanctitate,
2400 4363 2559 4415 quam
2598 4366 2761 4403 nelttu
2792 4350 3116 4405 hatreditare
3152 4364 3328 4421 potest
3358 4354 3480 4407 sine

1893 4436 2277 4491 sanctimonia.
2326 4438 2485 4504 Vere,
2532 4442 2839 4495 charissiini
2886 4443 2938 4496 in
2997 4444 3244 4500 Domino.
3302 4447 3481 4499 inani-

188 4540 310 4601 iam
350 4553 453 4590 non
506 4536 696 4589 vocabo
727 4551 815 4587 vos
840 4549 1036 4591 servos,
1065 4531 1154 4585 sed
1189 4541 1235 4583 et
1270 4530 1465 4582 amicos
1495 4539 1543 4582 et
1574 4529 1787 4596 fratres;
1823 4523 1864 4576 Ο
1896 4525 2063 4580 festus
2108 4529 2181 4581 sit
2226 4530 2375 4584 vobis
2420 4530 2521 4584 iste
2566 4547 2767 4597 sermo,
2799 4547 2846 4587 et
2888 4535 2941 4589 id
2983 4536 3124 4604 quod
3174 4537 3371 4601 bonum
3398 4547 3483 4592 est

182 4632 326 4701 quia
364 4643 687 4696 qua'cunque
724 4636 844 4680 nota
901 4626 1023 4691 fecit
1078 4623 1206 4677 milii
1240 4620 1423 4687 Pater,
1457 4618 1788 4688 nianifeslavi

184 4722 348 4778 vobis
373 4721 438 4773 ".
480 4718 813 4774 Conﬁtentes
860 4717 1024 4787 igitur
1067 4724 1245 4768 mente
1276 4713 1418 4782 quod
1454 4722 1791 4780 agnoverunt

185 4812 527 4881 semetipsos
552 4808 849 4863 Secundum
896 4807 1204 4861 sensualem
1231 4822 1383 4859 suam
1409 4805 1788 4869 substantiam,

185 4907 473 4959 dederunt
508 4916 694 4955 mecm
730 4899 973 4953 dicentes
1006 4913 1020 4951 :
1051 4898 1188 4963 Quia
1237 4899 1329 4950 etsi
1370 4899 1707 4965 cognovimus
1742 4909 1790 4949 te

186 4991 494 5060 aliquando
528 4991 813 5044 secundum
861 5004 1097 5051 carnem,
1134 4988 1225 5041 sed
1256 5004 1393 5041 mute
1418 4988 1535 5056 jam
1564 5004 1667 5041 non
1697 5003 1793 5041 no-

187 5082 473 5138 rint-us".
523 5083 735 5147 Quique
807 5081 1139 5149 accipientes
1196 5080 1428 5132 lilioruiu
1488 5081 1794 5146 adoptionis

185 5178 486 5247 spiritum,
528 5174 973 5229 exclamaverunt
1013 5174 1292 5227 dicentes:
1323 5170 1444 5225 Non
1489 5172 1623 5225 enim
1648 5187 1794 5224 acce-

187 5267 381 5330 pimiis
410 5264 655 5331 spiritum
703 5264 964 5317 servitutis
1001 5264 1185 5315 iterum
1213 5263 1265 5315 in
1290 5264 1497 5326 timore,
1530 5263 1618 5315 sed
1650 5277 1795 5314 arce-

187 5362 381 5427 pimus
415 5358 658 5423 spintum
700 5355 997 5418 adeptionis
1021 5356 1087 5408 in
1116 5371 1216 5425 quo
1249 5355 1543 5408 clamamus
1585 5371 1604 5409 :
1626 5354 1791 5418 Abba,

192 5445 377 5500 Pater
397 5446 465 5503 “.
496 5444 652 5501 Nune
702 5461 856 5515 ergo,
893 5445 1057 5512 Deus,
1088 5448 1438 5517 cognovimus
1461 5461 1797 5515 quiecunque

185 5537 425 5593 donasti
456 5537 631 5603 nobis,
658 5536 939 5591 eiecimus
961 5537 1213 5604 queuiaiu
1242 5536 1332 5590 lilii
1362 5551 1569 5600 sumus,
1599 5548 1651 5590 et
1685 5536 1797 5590 lite-

296 5734 341 5766 δ’
361 5741 547 5795 Matth.
588 5757 661 5805 XI,
686 5742 773 5798 1‘2.
852 5743 896 5775 '°
926 5741 1077 5798 ilum.
1104 5759 1223 5810 wit,
1246 5742 1332 5796 5-2..

186 5825 265 5879 ν,
300 5810 382 5867 10.
462 5811 509 5844 ⁸⁸
541 5810 697 5866 Huni.
731 5828 847 5875 \‘lll,
884 5812 960 5867 15.
1010 5814 1054 5845 '7
1089 5816 1217 5868 iiiiil.
1257 5813 1334 5866 17.

1413 5742 1453 5772 ⁸³
1488 5741 1589 5794 lsa.
1626 5759 1740 5805 i.iii,
1776 5742 1821 5795 5.
1870 5744 1912 5773 ⁵²
1948 5743 2107 5797 llebr.
2135 5762 2210 5807 iv,
2245 5746 2325 5801 l5.

1407 5813 1451 5844 "
1482 5814 1671 5868 Il-Cur.
1707 5832 1764 5877 tt,
1799 5815 1886 5870 lii.

1900 4618 2134 4684 faciatis,
2171 4620 2221 4671 in
2253 4636 2362 4689 quo
2391 4630 2445 4674 et
2487 4624 2771 4678 universos
2814 4624 3071 4680 reﬁcietis
3100 4638 3341 4688 sanctos,
3371 4629 3483 4681 ala-

1897 4713 2144 4766 critatem
2180 4712 2485 4765 animorum
2536 4716 2858 4783 praibcutes,
2892 4719 3211 4785 obsequium
3263 4721 3482 4789 angelo-

1898 4818 2040 4868 rum,
2076 4814 2128 4857 et
2162 4802 2584 4859 laetiﬁcationem
2619 4804 2767 4868 Jesu,
2803 4809 3059 4875 quoniam
3105 4812 3337 4863 necdum
3395 4824 3481 4864 re-

1898 4895 2078 4961 quiem
2100 4894 2416 4949 habuerunt
2444 4906 2663 4965 propter
2686 4914 2784 4953 nos
2813 4915 2982 4967 usque
3007 4902 3073 4954 ad
3099 4902 3234 4954 hanc
3268 4903 3479 4965 horam,

1898 4987 1993 5040 sed
2020 4996 2079 5041 et
2106 4987 2235 5040 mihi
2263 4988 2867 5052 deterriiiio,liabitauti
2904 4992 2955 5045 iu
2976 4992 3083 5045 bac
3116 4992 3256 5046 lutea
3298 4994 3479 5059 domo,

1898 5082 2144 5136 eamdem
2199 5080 2440 5136 laetitiam
2492 5084 2544 5137 in
2588 5085 2779 5153 spiritu
2819 5100 2957 5139 meo.
2992 5086 3131 5139 Vere
3162 5087 3383 5154 etenim,
3418 5087 3481 5140 ti-

1900 5174 2034 5240 lioli,
2083 5173 2207 5240 quia
2248 5182 2432 5227 nostra
2475 5174 2888 5231 incommoditas
2937 5186 2990 5230 el
3037 5176 3297 5233 inutilitas
3332 5179 3483 5234 dolo-

1902 5281 2017 5319 rem
2058 5266 2134 5319 eis
2174 5265 2430 5321 omnibus
2478 5268 2703 5334 prazbct,
2759 5277 2983 5323 utuntur
3027 5269 3283 5339 lacrymis
3324 5279 3483 5340 atque

1904 5358 2199 5426 gemitibus
2233 5372 2332 5425 pro
2367 5360 2522 5413 nobis
2560 5359 2611 5411 in
2642 5372 2937 5430 conspectu
2964 5361 3304 5429 Conditoris;
3333 5373 3389 5418 et
3415 5362 3483 5417 ob

1906 5449 2009 5502 hoc
2061 5458 2381 5502 cunctorum
2428 5452 2592 5505 etiam
2646 5452 2785 5506 Deus
2831 5453 3079 5509 irascitur
3113 5470 3275 5525 super
3319 5470 3484 5525 opera

1905 5548 2089 5591 nostra
2135 5538 2365 5609 maligna
2404 5552 2623 5609 propter
2648 5543 2903 5612 gemitum
2936 5554 3246 5600 sanctorum
3279 5562 3296 5601 :
3323 5546 3483 5601 sicuti

2936 5748 2980 5779 "
3006 5749 3130 5801 ibid.
3214 5748 3257 5779 "
3286 5749 3321 5802 ll
3356 5748 3486 5802 Cor.

2975 5818 3015 5849 ⁵⁸
3044 5818 3185 5874 Psal.
3213 5834 3398 5889 cum,
3428 5815 3484 5875 ι.

2407 5748 2450 5778 ⁵³
2477 5745 2634 5799 Junii.
2668 5764 2755 5808 κν.
2796 5746 2872 5800 15.

1930 5826 1933 5829 ’
1968 5816 2009 5846 ⁵³
2047 5816 2173 5871 Lar.
2217 5834 2276 5881 tt,
2308 5819 2394 5873 δι.
2474 5818 2514 5869 ῗ⁰
2548 5819 2706 5875 Ριόν.
2737 5835 2813 5883 ιλ.
2846 5824 2895 5873 9-
