4220 6316
693 283 796 349 995

1786 297 2056 352 PATRISS
2103 297 2404 352 ΑΞΕῪΡἸἪ
2447 298 2718 356 S.ECl'Ll
2761 287 2845 354 IV.

3877 307 3972 361 995

699 409 894 461 iterum
951 407 1226 474 profectus
1272 416 1326 460 et
1372 409 1681 462 emendatio
1732 420 2039 465 nostrorum
2074 411 2284 465 aninso-
2321 422 2362 474 Α
2397 414 2573 468 bitare
2613 417 2752 482 apud
2803 412 3017 466 Patrem
3059 412 3200 466 sicut
3250 424 3501 483 oportet;
3554 431 3680 469 nam
3743 423 3973 486 quandiu

699 516 841 566 rum,
873 499 1206 554 alacritatem
1244 501 1446 568 prmbet
1476 494 1646 555 choro
1672 512 2001 556 sanctorum.
2037 502 2099 556 Et
2124 514 2286 556 utnu-

698 604 787 644 tur
821 605 983 660 prece
1012 595 1179 644 multa
1219 601 1381 659 atque
1417 590 1601 645 laetitia
1632 592 1685 646 in
1719 591 2078 654 exsultatione
2104 608 2285 645 coram

696 682 958 737 Creatore
991 692 1199 746 nostro.
1241 682 1361 750 Ipse
1394 697 1610 752 quoque
1636 695 1950 739 cunctorum
1978 682 2158 752 opifex
2193 684 2285 737 he—

697 783 853 844 tatur,
876 773 930 826 in
980 774 1234 843 operibus
1275 776 1498 836 nostris,
1523 784 1586 834 et
1627 787 1845 843 propter
1896 776 2278 829 testimonium

695 876 1008 921 sanctorum
1037 867 1202 920 donat
1237 867 1391 921 nobis
1427 866 1754 921 charismata
1783 868 2069 920 immensa.

768 956 833 1010 ll.
877 955 1047 1028 Igitur
1076 967 1137 1011 ut
1169 959 1516 1026 cognoscatis
1545 959 1687 1028 quod
1737 957 1878 1011 Deus
1911 958 2097 1028 diligat
2145 973 2287 1013 sem-

693 1061 791 1115 per
844 1048 1116 1116 propriam
1173 1059 1503 1113 creaturam,
1537 1065 1602 1104 eo
1656 1052 1796 1119 quod
1845 1050 1915 1103 sit
1969 1051 2288 1104 immortalis

692 1142 1007 1204 exstantia,
1041 1155 1147 1192 non
1183 1150 1265 1194 est
1303 1141 1615 1196 resolvenda
1647 1142 1987 1210 corporibus,
2025 1143 2289 1211 aspiciens

695 1229 1006 1284 sensualem
1058 1234 1310 1284 naturam
1340 1235 1454 1299 ipse
1491 1234 1632 1299 quod
1667 1242 1876 1285 mortua
1913 1232 2134 1285 omnino
2165 1246 2286 1300 per-

695 1325 927 1379 rexisset
946 1323 1004 1375 in
1037 1323 1316 1392 abyssum,
1348 1334 1402 1376 et
1454 1323 1582 1377 illud
1616 1327 2085 1400 testamentarium
2125 1323 2285 1377 refri-

693 1416 929 1485 guisset,
987 1425 1101 1468 tum
1149 1415 1288 1468 idem
1328 1413 1468 1468 Deus
1516 1415 1731 1484 propria
1764 1415 2006 1469 bonitate
2041 1416 2284 1470 eamdeni

696 1506 886 1561 visitat
936 1520 1002 1559 ex
1057 1514 1249 1571 morte,
1285 1519 1382 1573 per
1435 1503 1616 1559 Mosen
1664 1506 1932 1559 aediﬁcare
1987 1506 2191 1569 volens,
2236 1517 2289 1560 et

698 1611 952 1666 magnam
995 1610 1190 1649 curare
1253 1595 1488 1665 plagam,
1526 1596 1765 1661 gestiens
1808 1607 2124 1650 convertere
2167 1611 2286 1650 eam

699 1690 766 1742 ad
803 1689 1088 1758 pristinam
1135 1689 1511 1755 concordiam,
1554 1690 1646 1743 sed
1695 1699 1884 1758 potens
1930 1689 2174 1742 discessit
2221 1690 2290 1742 ab

2396 504 2701 559 fatiscimus
2754 503 2985 557 naturali
3023 503 3283 572 materizc,
3319 506 3466 560 velut
3509 507 3714 562 inimici
3765 512 3976 567 exsisti.

2393 612 2511 648 mus
2554 595 2867 664 angelorum
2904 595 2996 649 Dei
3025 604 3189 663 atque
3215 608 3524 651 sanctorum
3567 599 3705 667 ejus.

2466 684 2553 738 IV.
2597 686 2748 740 Nunc
2777 701 2904 755 ergo
2963 688 3192 742 obsecro
3225 701 3336 749 vos,
3386 688 3746 753 dilectissimi,
3784 692 3838 746 in
3872 709 3970 748 no-

2395 778 2540 832 mine
2579 779 2791 832 Domini
2830 779 3001 833 nostri
3037 778 3164 832 Jesu
3195 779 3418 843 Christi,
3455 781 3528 834 uti
3565 797 3630 834 ne
3678 781 3859 837 velitis
3892 797 3982 836 nc-

2394 870 2601 939 gligere
2659 872 2929 938 propriam
2992 873 3181 937 vitam,
3237 887 3335 925 nec
3389 873 3684 927 ennfundat
3713 875 3981 944 exiguitas

2393 960 2652 1028 temporis
2686 960 2812 1014 illud
2868 962 2985 1014 sine
3019 961 3124 1015 fine
3159 971 3390 1031 tempus,
3428 978 3494 1015 ne
3525 963 3774 1032 pellicula
3808 949 3981 1019 carnis

2392 1054 2763 1118 corruptibilis
2792 1052 3040 1108 obfuscet
3076 1069 3304 1124 regnum
3349 1053 3633 1109 ineﬂ'al:ilis
3684 1056 3842 1112 lucis.
3886 1073 3980 1109 ne-

2393 1161 2501 1215 que
2534 1147 3003 1200 condemnationis
3039 1147 3188 1201 locus
3212 1147 3449 1202 exitialis
3483 1150 3532 1202 in
3568 1151 3773 1219 angelis
3799 1162 3981 1205 exter-

2395 1239 2562 1291 tniuet
2593 1243 2767 1293 sedes.
2811 1237 2970 1302 Vere,
3009 1238 3182 1306 filioli,
3216 1239 3342 1309 quia
3389 1241 3566 1293 anima
3605 1256 3721 1294 mea
3753 1242 3982 1309 phanta-

2390 1323 2506 1384 sma
2534 1332 2753 1397 patitur,
2788 1339 2842 1383 et
2873 1331 3099 1398 spiritus
3151 1347 3302 1385 meus
3351 1333 3402 1385 in
3467 1349 3663 1400 pavore
3713 1335 3980 1399 consistit,

2392 1427 2536 1492 quod
2568 1425 2805 1478 universi
2839 1440 2934 1477 nos
2960 1424 3102 1478 velut
3145 1426 3359 1493 gurgite
3401 1425 3638 1479 immersi
3689 1441 3896 1489 sumus,
3931 1436 3986 1479 et

2395 1518 2538 1569 velut
2579 1515 2714 1570 ebrii
2772 1527 2947 1570 musto
2988 1516 3363 1582 consistimus,
3430 1531 3551 1568 cum
3609 1519 3982 1586 unusquisque

2398 1588 2645 1663 nostrum
2678 1609 2892 1677 propria
2927 1608 3247 1662 distrahitur
3287 1608 3586 1662 voluntate.
3634 1607 3803 1672 Hujus
3840 1608 3980 1660 enim

2396 1702 2631 1755 dominio
2661 1701 3034 1768 subjugamur,
3074 1701 3323 1754 nolentes
3375 1701 3622 1753 attollere
3667 1699 3855 1754 oeulos
3885 1714 3980 1750 no-

700 1782 802 1857 ,els-
837 1780 1031 1834 Αίηιυο
1079 1781 1301 1848 insuper
1353 1791 1406 1835 ει
1451 1783 1628 1835 οηηιίε
1661 1784 2045 1850 Prol’l'emm'“
2089 1783 2287 1835 "hortis
2326 1765 2363 1817 Β
2394 1803 2534 1847 stros
2569 1793 2633 1846 ad
2661 1792 2780 1846 ρωΙὶ
2812 1792 3038 1860 gloriam
3080 1791 3478 1860 inquirendam,
3508 1791 3726 1847 etillam
3771 1800 3986 1844 sancto-

701 1869 1112 1924 :edifleaveruut
1162 1886 1325 1939 supra
1388 1871 1795 1924 fundamentum
1853 1871 2036 1934 Mosis,
2068 1873 2161 1925 sed
2190 1887 2290 1925 nec

698 1963 786 2016 isti
816 1961 1104 2017 valuerunt
1135 1962 1341 2016 mederi
1378 1963 1649 2030 ingentem
1682 1963 1894 2033 plagam
1925 1951 2288 2018 membrorum

697 2070 916 2111 saorum
941 2073 953 2119 ;
979 2064 1376 2123 cernentesque
1409 2056 1549 2122 quod
1583 2065 1852 2110 cessasset
1877 2054 2048 2110 virtus
2081 2072 2289 2118 eorum,

699 2150 898 2205 iterato
926 2148 1103 2201 adhuc
1136 2147 1422 2198 universus
1449 2155 1758 2199 sanctorum
1802 2146 1998 2199 chorus
2033 2146 2292 2201 collectus

700 2259 753 2296 tn
785 2256 971 2303 unum,
1003 2238 1278 2292 orationes
1313 2237 1476 2292 refert
1511 2239 1562 2291 in
1589 2251 1884 2308 conspectu
1917 2240 2120 2308 proprii
2152 2241 2291 2294 Gon-

700 2332 912 2389 diloris.
943 2329 1132 2383 dicens
1162 2346 1172 2379 :
1206 2326 1465 2397 Nunquid
1506 2331 1677 2402 resina
1719 2345 1819 2382 non
1851 2339 1926 2382 est
1959 2331 2012 2381 in
2063 2328 2293 2393 Gulaad,

701 2435 792 2477 aut
832 2423 1067 2476 medicus
1097 2420 1226 2473 inibi
1257 2421 1278 2471 ?
1313 2419 1492 2484 Quare
1525 2437 1646 2489 ergo
1688 2437 1789 2472 nou
1818 2422 2062 2474 ascendit
2097 2423 2296 2475 sanitas

701 2515 830 2585 {ilice
853 2514 1032 2581 populi
1061 2508 1258 2567 mei"?
1290 2511 1530 2574 Domine,
1560 2514 1858 2567 curavimus
1889 2512 2229 2583 Babylonem,
2249 2523 2298 2566 et

704 2621 808 2660 non
840 2614 918 2660 est
954 2615 1145 2657 sanata
1179 2619 1358 2658 :nunc
1386 2603 1648 2672 fugiemus
1688 2607 1750 2656 ab
1793 2621 1852 2657 ea
1877 2605 1921 2635 “
1952 2624 1964 2658 :
1994 2607 2298 2674 petentibus

703 2696 919 2753 cunctis
951 2693 1340 2763 benignitatem
1370 2691 1550 2746 Pan-is
1584 2695 1647 2746 «le
1683 2693 1996 2762 Unigenito,
2025 2695 2169 2762 quod
2197 2694 2296 2746 risi

707 2791 822 2861 ipse
854 2793 908 2842 in
949 2789 1109 2841 terris
1142 2796 1378 2848 curaret,
1412 2785 1554 2838 nulla
1600 2799 1849 2840 creatura
1913 2791 2105 2839 curar‘e
2133 2785 2302 2853 possit

708 2885 983 2954 ingentem
1033 2881 1267 2949 plagam.
1322 2878 1494 2947 Hujus
1546 2877 1619 2931 rei
1679 2894 1864 2943 causa,
1905 2879 2145 2932 bonitate
2180 2893 2301 2944 pro-

711 2991 826 3046 pria
867 2989 1054 3028 vocem
1100 2973 1250 3027 dedit
1289 2970 1476 3024 (licens
1513 2990 1524 3024 ξ
1558 2969 1668 3022 Fili
1724 2971 1972 3033 hominis,
2017 2970 2156 3037 [ario
2211 2970 2303 3020 tibi

739 3084 834 3120 asa
865 3064 1184 3132 captivitatis
1201 3062 1265 3116 “.
1311 3062 1572 3115 Voluntas
1602 3063 1781 3129 itaque
1817 3061 1992 3114 Patris
2018 3059 2304 3129 Uuigenito

717 3175 824 3218 twn
857 3157 1098 3228 pepercit
1129 3171 1225 3224 pro
1259 3163 1440 3207 nostra
1471 3155 1712 3207 onmium
1761 3155 1954 3214 salute.
2007 3153 2101 3206 sed
2153 3155 2286 3205 tradi

711 3250 792 3304 dit
848 3264 969 3302 cum
1041 3262 1144 3314 pro
1207 3245 1443 3315 peccatis
1509 3245 1708 3298 nostris
1752 3245 1818 3299 “.
1883 3243 1948 3296 Et
1998 3243 2308 3311 iniquitates

715 3341 930 3409 quidem
963 3350 1162 3392 nostrae
1210 3337 1634 3392 humiliaverunt
1664 3351 1783 3389 eum
1811 3374 1824 3395 ,
1858 3336 1949 3389 sed
2002 3332 2166 3387 livore
2193 3335 2309 3402 ejus

717 3449 815 3488 nos
854 3447 1031 3485 omnes
1062 3429 1238 3483 sanati
1272 3443 1455 3480 sumus
1481 3427 1526 3457 “
1554 3443 1566 3478 :
1599 3440 1937 3496 congregans
1968 3425 2082 3493 ipse
2120 3440 2215 3478 nos
2247 3442 2307 3477 cs

713 3525 967 3578 omnibus
997 3522 1311 3590 regionibus
1340 3535 1367 3572 a
1398 3535 1612 3572 summo
1655 3527 1814 3572 terra:
1845 3531 2012 3584 usque
2039 3517 2104 3569 ad
2130 3525 2312 3569 extre-

720 3630 866 3670 mum
914 3615 1088 3680 orbis,
1141 3613 1347 3667 faciens
1393 3612 1847 3666 resurrectionem
1908 3622 2165 3662 sensuum
2221 3623 2316 3659 no-

718 3723 954 3764 strorum
993 3708 1059 3761 de
1106 3716 1270 3768 terra,
1307 3715 1363 3758 et
1392 3707 1596 3758 docens
1626 3703 1765 3761 nuo-.l
1797 3702 2115 3754 altcrutrnm
2147 3715 2318 3753 mem-

721 3802 817 3855 bra
845 3815 1054 3856 sumus.

800 3892 888 3946 Ill.
932 3892 1209 3944 Attendite
1237 3905 1390 3958 ergo.
1429 3889 1599 3951 ﬁlioli,
1634 3903 1704 3941 ne
1729 3885 1866 3940 forte
1890 3887 2016 3940 illud
2039 3884 2316 3939 oraculum

728 3984 881 4039 Pauli
913 3985 1206 4052 impleatur
1243 3982 1294 4034 in
1337 3982 1484 4034 vobis
1519 3999 1530 4035 :
1569 3980 1831 4041 Habentes
1857 3982 2064 4042 quidem
2094 3980 2318 4047 [omnem

725 4079 959 4145 pietatis,
989 4079 1228 4131 virtutem
1257 4084 1431 4127 autem
1460 4073 1573 4142 ejus
1604 4083 1847 4142 negantes
1868 4072 1931 4123 ⁵⁷.
1959 4071 2318 4136 Quamobrem

729 4170 1105 4238 umnqnisque
1136 4179 1383 4222 nostrum
1415 4168 1625 4220 scindat
1653 4166 1928 4232 proprium
1959 4179 2077 4223 cor,
2105 4161 2306 4214 deﬂens

2397 1900 2515 1937 rum
2543 1883 2782 1938 omnium
2833 1882 3204 1948 operationem
3255 1883 3555 1948 illustrem,
3612 1883 3850 1950 ipsorum
3895 1895 3983 1934 re-

2395 1976 2572 2041 stigiis
2603 1975 2950 2028 inhaerentes.
2990 1973 3057 2028 Ut
3089 1988 3216 2042 ergo
3245 1975 3433 2028 sciatis
3460 1975 3601 2041 quod
3643 1973 3765 2027 caeli
3811 1970 3985 2026 sancti

2398 2065 2576 2134 angeli
2604 2065 2718 2118 sive
2740 2065 2916 2128 sedes,
2947 2064 3062 2116 sive
3091 2064 3510 2129 dominationes,
3545 2066 3657 2118 sive
3680 2062 3986 2120 cherubim.

2397 2157 2514 2208 sive
2547 2152 2848 2221 seraphim,
2879 2153 2992 2206 sive
3018 2151 3120 2218 sol,
3170 2153 3282 2207 sive
3315 2153 3462 2217 luna,
3516 2154 3628 2208 sive
3669 2163 3840 2212 astra,
3873 2152 3989 2204 sive

2400 2245 2746 2316 patriarchae,
2784 2243 2898 2297 sive
2929 2245 3228 2313 prophetae,
3259 2246 3374 2298 sise
3422 2244 3674 2314 apostoli,
3730 2245 3845 2296 sive
3873 2243 3991 2295 dia-

2399 2337 2576 2399 bolus.
2606 2334 2721 2388 sive
2751 2333 3003 2397 Satanas,
3037 2336 3148 2388 sive
3177 2335 3402 2403 spiritus
3431 2333 3670 2403 maligni,
3706 2334 3818 2387 sive
3841 2332 3992 2402 prin-

2401 2430 2548 2495 cipes
2585 2427 2728 2481 aeris
2765 2427 2944 2494 hujus,
2973 2435 3027 2480 et
3057 2429 3146 2495 (ne
3179 2425 3330 2493 plura
3362 2425 3611 2492 dixerim)
3632 2425 3747 2479 sive
3777 2437 3994 2476 mascu-

2403 2521 2642 2586 lus,sive
2662 2519 2884 2582 femina,
2911 2519 3206 2573 secundum
3233 2518 3557 2587 principium
3589 2524 3857 2570 creaturae
3879 2527 3997 2570 sua:

2402 2628 2464 2665 ex
2502 2627 2608 2665 uno
2639 2621 2766 2665 sunt
2808 2626 3015 2674 onmes,
3049 2621 3272 2678 excepta
3306 2609 3418 2663 snla
3453 2607 3688 2678 perfecta
3733 2622 3797 2660 ac
3834 2607 3990 2660 beata

2405 2702 2673 2757 Trinitate
2705 2702 2883 2756 Patris
2941 2711 2994 2754 et
3053 2699 3172 2754 Filii
3208 2710 3263 2753 et
3287 2699 3519 2766 Spiritus
3541 2698 3736 2752 sancti.
3767 2696 3994 2766 Propter

2410 2798 2612 2848 bonum
2642 2811 2772 2849 vero
2803 2794 3162 2857 quorumdam
3206 2803 3436 2856 motum,
3467 2806 3601 2860 opus
3633 2791 3825 2853 fuit,ut
3858 2789 4007 2842 lteus‘

2408 2887 2599 2939 horum
2643 2888 2858 2938 nomina
2895 2886 3182 2946 vocitarct,
3215 2896 3269 2937 et
3301 2881 3598 2936 secundum
3640 2881 3819 2934 studia
3852 2879 3997 2948 ipso-

2410 2993 2551 3038 rum,
2583 2976 2667 3029 his
2694 2976 2784 3048 qni
2813 2974 3040 3042 amplius
3092 2972 3457 3043 proiecerunt,
3520 2972 3770 3025 attribuit
3814 2984 4003 3032 super-

2410 3064 2772 3119 excellentem
2799 3064 3028 3131 gloriam
3053 3062 3356 3132 dignitatis.

2965 3220 3296 3276 El‘lSTOLA
3363 3217 3446 3272 Vl.

2486 3338 2531 3390 l.
2576 3336 2744 3390 Debet
2784 3335 3124 3389 rationabilis
3158 3334 3319 3387 homo
3349 3343 3571 3399 paratus
3598 3347 3741 3396 esse,
3785 3340 3838 3385 ut
3866 3331 4005 3385 libe-

2417 3437 2499 3480 ret
2543 3428 2898 3495 semetipsum
2931 3427 2982 3478 in
3013 3429 3246 3478 adventu
3271 3421 3394 3477 Filii
3431 3424 3546 3484 Dei,
3589 3437 3920 3490 cognoscens
3947 3435 4010 3475 se

2417 3533 2536 3573 esse
2574 3519 2870 3572 secundum
2923 3517 3227 3571 sensualem
3276 3531 3429 3568 suam
3475 3516 3826 3568 exstantium.
3870 3513 4010 3578 Quia

2417 3613 2724 3680 quicunque
2775 3608 3092 3678 COgnoverit
3143 3607 3515 3675 semetipsum,
3551 3615 3846 3672 cognoscet
3893 3603 4007 3654 itis-

2423 3705 2794 3769 pensationem
2869 3699 3069 3770 proprii
3133 3696 3471 3760 Conditoris,
3537 3697 3618 3747 vel
3677 3690 4015 3762 quartumque

2423 3799 2552 3850 facit
2579 3800 2634 3849 in
2665 3795 2897 3864 propriis
2925 3789 3212 3845 creaturis.
3249 3786 3595 3842 Dtlectissimi
3633 3788 3787 3838 nobis
3815 3787 3866 3837 in
3907 3785 4018 3837 Do-

2425 3892 2592 3951 mino,
2626 3889 2868 3942 membra
2903 3894 3086 3938 nostra
3114 3893 3168 3937 et
3197 3881 3508 3935 cobarredes
3537 3891 3875 3939 sanetorum,
3914 3877 4017 3928 ob-

2424 3995 2578 4036 secro
2605 3995 2700 4034 vos
2729 3979 2779 4031 in
2813 3976 3032 4029 nomine
3063 3975 3189 4029 Jesu
3214 3973 3417 4028 Christi
3463 3971 3664 4033 facere,
3698 3981 3750 4022 ut
3791 3979 4016 4036 pra‘sti-t

2431 4077 2543 4144 ipse
2573 4073 2728 4126 vobis
2759 4071 3014 4123 omnibus
3043 4066 3389 4120 discretionis
3419 4066 3669 4134 Spiritum
3696 4063 3761 4113 ad
3791 4062 4017 4114 disceu-

2428 4167 2552 4220 dum
2587 4173 2640 4216 et
2670 4161 2949 4216 sciendum
2977 4158 3320 4212 dilectionem
3347 4171 3508 4224 quam
3542 4154 3712 4206 habeo
3737 4155 3791 4204 in
3826 4151 4018 4212 vobis.

2427 4259 2552 4328 quia
2594 4272 2698 4308 non
2737 4265 2818 4307 est
2845 4251 3148 4320 corporalis
3199 4248 3436 4308 dilectio,
3486 4246 3576 4299 sed
3608 4254 3684 4298 est
3718 4244 4025 4310 spiritualis

732 4357 878 4408 "tino
918 4371 1011 4422 pro
1038 4354 1281 4407 omnibus
1313 4352 1462 4404 bimis
1491 4368 1607 4419 quia
1650 4349 1889 4402 retribuit
1933 4345 2155 4399 mihi“?
2193 4344 2321 4398 For-
2432 4349 2667 4403 charitas
2702 4345 2898 4398 divi'nze
2929 4341 3176 4397 cultura).
3223 4339 3295 4392 De
3328 4339 3636 4392 nominibus
3668 4350 3791 4388 vero
3814 4350 4022 4401 corpo-

732 4444 883 4499 iuiilo
925 4444 1148 4506 iturum,
1187 4443 1357 4507 lilioli,
1392 4458 1456 4494 ne
1512 4443 1648 4494 forte
1711 4440 1837 4494 illttd
1894 4439 2165 4506 eloiptium
2219 4437 2321 4489 liu-
2362 4503 2389 4507 _
2436 4455 2555 4495 rum
2587 4448 2895 4492 nostrorum
2926 4449 3028 4488 non
3055 4447 3191 4502 opus
3218 4439 3300 4484 est
3328 4429 3593 4482 nominari
3615 4443 3707 4494 ea;
3737 4437 4026 4496 pertrans-

747 4540 956 4609 pleatnr
981 4541 1033 4590 in
1065 4538 1214 4590 vobis
1248 4554 1261 4587 :
1294 4535 1424 4600 Quae
1463 4533 1661 4587 utilitas
1681 4533 1733 4584 in
1765 4533 2016 4601 sanguine
2040 4546 2171 4590 meo,
2199 4530 2323 4580 dum
2359 4503 2401 4555 Β
2435 4538 2561 4581 eunt
2591 4529 2757 4580 enim.
2797 4526 3103 4594 (iognoscat
3158 4530 3337 4574 autem
3372 4521 3531 4572 homo
3578 4517 3628 4570 id
3661 4517 3797 4585 quod
3829 4531 4027 4567 verum

738 4608 994 4687 descendo
1025 4633 1078 4683 in
1120 4631 1506 4697 corruptionem
1527 4627 1605 4689 "i
1644 4625 1800 4690 Vere,
1835 4624 2004 4688 filioli,
2036 4623 2156 4690 quia
2190 4621 2323 4672 sicut
2433 4636 2462 4672 e
2499 4633 2515 4672 t
2552 4635 2770 4673 nomen.
2805 4616 3035 4684 PrOpter
3065 4615 3206 4684 quod
3243 4624 3298 4665 et
3339 4608 3512 4664 Iacob
3552 4609 3785 4662 luctante
3815 4621 3913 4674 per
3946 4617 4032 4660 to-

742 4722 1092 4792 prudentibus
1123 4722 1386 4792 loquor",
1407 4730 1464 4772 ut
1488 4718 1800 4787 intelligatis
1831 4732 1951 4784 quae
1978 4717 2098 4768 dico
2126 4714 2277 4766 vobis
2308 4732 2319 4764 :
2435 4725 2542 4767 tam
2574 4725 2786 4766 noctem
2814 4727 2935 4764 cum
2958 4708 3166 4775 angelo,
3197 4719 3392 4758 nomen
3423 4702 3497 4754 illi
3523 4711 3634 4753 erat
3654 4697 3836 4752 Jacob.
3861 4697 4034 4751 Ilane

743 4818 886 4886 quod
929 4816 1032 4870 nisi
1092 4814 1466 4882 unusquisque
1520 4822 1755 4865 vestrum
1825 4811 2036 4862 exiterit
2105 4820 2322 4865 omnem
2437 4819 2614 4860 autem
2647 4805 2789 4857 facto
2823 4802 3033 4857 vocavit
3083 4812 3281 4851 nomen
3333 4795 3502 4862 ipsius
3556 4789 3716 4843 Israel
3749 4789 3794 4817 τί
3825 4805 3837 4837 :
3873 4789 4031 4854 quod

747 4911 1022 4980 pulverem
1076 4915 1285 4962 natura:
1345 4904 1708 4972 hujuscemodi
1770 4903 2028 4965 materiae,
2062 4912 2114 4952 et
2168 4900 2328 4952 abre-
2438 4910 2540 4962 est,
2572 4912 2717 4949 mens
2747 4895 2927 4948 videns
2953 4891 3139 4944 Deum.
3175 4890 3310 4942 Puto
3354 4886 3554 4940 etenim
3612 4896 3715 4934 non
3774 4882 4034 4948 ignorare

749 4975 1082 5057 nuntiaverit
1119 5000 1167 5054 ei
1201 5008 1256 5052 et
1290 4998 1436 5051 omni
1481 4994 1781 5065 operationi
1815 4994 1931 5061 ejus
1972 5008 2040 5047 ex
2068 5001 2182 5044 toto
2213 5005 2333 5044 cor-
2443 5005 2560 5058 vos,
2602 4988 2743 5055 quod
2767 4983 3068 5039 adversarii
3115 4984 3330 5034 virtutis
3380 4979 3662 5030 obsideant
3711 4975 4031 5026 veritatem.

749 5095 840 5158 de,
869 5091 1302 5161 espanderitque
1337 5105 1528 5144 manus
1560 5088 1738 5143 cordis
1768 5102 1983 5141 sursum
2014 5085 2077 5137 ad
2120 5083 2335 5136 univer-
2445 5080 2597 5137 Unde
2622 5093 2721 5132 nec
2758 5090 2864 5130 uno
2887 5083 3096 5128 tantum
3133 5083 3372 5140 tempore
3404 5067 3748 5122 Densvisitat
3778 5063 4038 5132 proprias

753 5203 936 5246 sorum
989 5184 1233 5250 Patrem,
1274 5196 1327 5238 et
1365 5183 1478 5253 ipse
1531 5181 1832 5234 visceribus
1881 5189 2158 5231 moveatur
2191 5175 2333 5228 circa
2443 5179 2747 5231 creaturas,
2781 5165 2873 5219 sed
2901 5163 2968 5217 ab
2998 5162 3227 5217 exordio
3277 5157 3484 5213 mundi.
3545 5153 3795 5208 Nonnulli
3825 5153 4038 5203 ctenim

753 5279 999 5335 laborem
1055 5274 1194 5345 ejus,
1222 5246 1298 5329 vet
1338 5246 1503 5330 donet
1543 5274 1590 5327 ei
1648 5271 1973 5325 invisibilem
2025 5269 2203 5336 ignem
2246 5267 2335 5335 qui
2445 5268 2778 5332 paraverunt
2807 5271 2867 5312 se
2914 5257 3101 5310 venire
3145 5254 3211 5306 ad
3253 5251 3532 5321 proprium
3555 5246 3902 5301 Conditorem
3942 5260 4042 5310 per

756 5372 1048 5427 comburat
1080 5383 1295 5423 omnem
1327 5367 1728 5420 immunditiam
1763 5365 1831 5418 ab
1861 5378 1950 5428 eo,
1983 5378 2044 5415 ac
2075 5360 2339 5429 principa-
2449 5351 2913 5409 testamentariam
2950 5349 3119 5419 ipsius
3148 5348 3343 5418 legem,
3383 5343 3556 5399 edocti
3600 5338 3784 5393 abillo
3805 5337 4043 5389 adorare

757 5467 860 5521 lem
902 5465 1078 5534 ipsum
1127 5476 1468 5531 expurgans;
1515 5469 1641 5512 tunc
1690 5456 1949 5526 Spiritum
2007 5469 2162 5508 suum
2214 5468 2339 5505 san-
2449 5447 2699 5515 opiﬁcem
2728 5460 2882 5498 suum
2917 5443 3324 5510 sicutoportet.
3368 5436 3636 5502 Quoniam
3672 5445 3798 5534 vero
3819 5430 3886 5484 ob
3913 5445 4044 5534 pas-

767 5567 912 5613 ctutn
948 5557 1110 5608 faciat
1135 5555 1385 5607 habitare
1423 5551 1723 5612 nobiscum,
1757 5559 1808 5601 et
1831 5548 1907 5601 sic
1941 5546 2208 5613 possimus
2247 5545 2342 5596 ha-
2452 5541 2655 5592 sionem
2691 5535 3043 5598 inﬁrmitatis,
3073 5542 3128 5587 et
3153 5531 3497 5603 gravedinem
3525 5524 3788 5592 corporis,
3830 5537 3892 5576 ac
3922 5523 4036 5576 dis-

2011 5654 2054 5683 “
2086 5653 2282 5705 Ezech.

2405 5651 2492 5709 ,5.
2549 5649 2592 5679 ⁸⁸
2625 5648 2781 5701 Rom.
2820 5663 2935 5705 vni,
2963 5646 3070 5709 5'2.
3129 5643 3173 5674 “
3199 5643 3296 5695 lsa.
3327 5656 3441 5703 LIII,
3476 5638 3614 5709 5._"
3646 5636 3796 5689 Rom.
3838 5649 3905 5699 μ,
3940 5633 4044 5689 ‘20:

2395 5707 2441 5750 θ’
2483 5718 2654 5772 lCor.
2691 5734 2743 5783 κ,
2783 5718 2872 5770 l5.
2946 5717 2988 5746 "
3021 5707 3156 5768 Gen.
3203 5727 3371 5773 snit,
3429 5707 3626 5763 24-28.

732 4265 784 4318 in
820 4275 1113 4332 consilectu
1169 4262 1307 4328 ejus,
1346 4270 1398 4314 et
1457 4255 1849 4322 dicens:Quid
1899 4257 2181 4308 retribuam
2219 4253 2324 4305 Da-

1465 5661 1508 5690 ”
1541 5658 1740 5712 Jm‘i-tlt.
1782 5671 1850 5709 LI.
1881 5655 1932 5709 9.

1823 5726 1903 5779 Ps.
1929 5727 1963 5778 l.
2025 5739 2174 5784 nix,
2233 5722 2314 5775 l0.

834 5669 878 5698 ⁶²
904 5666 1104 5720 Jerem.
1141 5679 1258 5720 vni.
1294 5661 1386 5715 22.

759 5737 870 5796 Tit.
907 5753 942 5806 ι,
981 5735 1060 5789 16.
1133 5736 1182 5774 βο
1224 5733 1365 5786 Ρδειι.
1397 5747 1521 5794 ειν,
1558 5730 1619 5783 1-2.
1721 5729 1761 5758 ιθ
