4220 6316
223 326 312 385 997

1206 321 1261 374 S.
1306 317 1586 374 ANTON‘J
1624 318 1692 373 Μ.
1736 317 2032 373 ABBATIS
2071 320 2452 379 EPISTOLIE.

3380 325 3485 378 938

225 445 532 500 tinctionetn
566 443 855 514 malignam
910 442 1157 511 refriguit
1210 442 1677 496 testamentarium
1734 441 1767 494 il
1828 452 1870 505 Α
1904 458 2002 496 nos
2035 460 2098 499 ex
2130 448 2386 503 omnibus
2422 447 2731 518 regionibus
2761 448 2831 502 ab
2856 456 3101 501 extremo
3132 456 3287 501 terra:
3317 462 3486 513 usque

223 536 321 601 iud,
363 545 415 590 et
444 534 617 591 oﬂicia
676 550 868 589 sensus
924 536 1116 589 animae
1160 535 1527 595 lassaverunl,
1593 535 1794 587 idcirco

222 641 317 682 non
352 634 646 694 potuerunt
693 624 983 694 exquirere
1024 625 1242 693 pr0prie
1298 624 1599 676 secundum
1646 627 1795 675 suam

222 720 568 780 creationem,
598 717 741 786 quod
787 726 930 771 esset
964 716 1268 771 substantia
1313 715 1660 777 immortalis,
1684 732 1795 767 non

225 809 531 866 resolvenda
564 806 922 877 corporibus:
975 806 1116 862 unde
1148 821 1247 861 nec
1290 805 1574 874 prievaluit
1607 815 1800 859 semet-

224 905 386 974 ipsam
418 901 650 955 liberare
688 899 972 970 injustitia.
1017 898 1186 968 Hujus
1236 900 1312 952 rei
1346 899 1519 969 gratia
1579 911 1800 967 aggres-

222 1010 307 1051 sus
332 1004 414 1048 est
443 1006 537 1047 eos
566 993 709 1048 Deus
736 1008 831 1064 per
859 992 1118 1061 scriptam
1154 991 1355 1061 legem,
1381 1000 1441 1045 ut
1463 991 1688 1045 doceret
1707 1003 1801 1043 eos

222 1086 445 1140 adorare
474 1085 694 1140 Patrem
747 1087 889 1140 sicut
936 1095 1172 1154 oportet.
1225 1084 1332 1138 Sed
1368 1083 1626 1153 quoniam
1659 1081 1802 1135 Deus

224 1192 355 1234 unus
389 1176 624 1244 exsistit,
651 1186 706 1231 et
734 1177 1034 1232 secundum
1067 1178 1373 1231 sensualem
1420 1174 1712 1230 essentiam
1747 1173 1800 1228 iu

225 1269 450 1338 idipsum
502 1277 589 1321 est
631 1266 815 1320 unitas
846 1306 862 1329 ,
924 1264 1119 1318 sit'iste
1166 1264 1320 1317 vobis
1354 1277 1531 1315 sermo
1569 1258 1801 1314 manife-

224 1370 351 1425 stus,
377 1360 520 1429 quod
554 1360 733 1414 omnis
782 1360 933 1412 locus
992 1359 1043 1411 in
1104 1371 1430 1426 quocunque
1487 1370 1593 1409 non
1641 1351 1801 1407 fuerit

224 1452 599 1515 consmrantia,
659 1450 767 1505 illic
822 1450 961 1504 bella
1025 1462 1331 1518 congerunt
1361 1448 1487 1511 sibi,
1518 1459 1574 1502 et
1599 1446 1801 1515 judicia

223 1544 422 1599 faciunt
461 1541 595 1597 oriri
627 1544 769 1610 apud
793 1541 1137 1610 semetipsos.

288 1638 349 1693 lt.
398 1635 599 1711 Videas
627 1644 808 1690 autem
838 1635 1100 1692 Conditor
1128 1634 1271 1705 quod
1297 1633 1452 1706 plaga
1480 1650 1675 1689 eorum
1697 1648 1806 1687 ma-

223 1730 471 1802 gnificam
505 1727 671 1782 fuerit
706 1728 1082 1790 vehementer,
1122 1736 1175 1781 et
1199 1741 1337 1795 opus
1381 1726 1605 1780 haberet
1638 1740 1805 1779 reme-

1903 538 1968 590 ad
2009 538 2258 590 ultimum
2292 538 2462 601 orbis,
2500 537 2706 591 faciens
2733 537 3187 591 resurrectionem
3228 552 3484 591 sensuum

1905 640 2214 684 nostrorum
2240 641 2290 684 et
2322 630 2699 684 remissionem
2741 640 3112 699 peccatorum,
3145 632 3348 683 docens
3387 642 3487 682 nos

1902 722 2228 776 alterutrum
2259 724 2525 781 exsistere
2565 722 2827 777 membra.
2856 722 3224 792 Quapropter,
3268 721 3485 785 fratres,

1901 815 2131 870 obsecro
2193 815 2244 866 in
2298 812 2516 866 nomine
2576 811 2701 866 Jesu
2763 814 2994 878 Clu-isti,
3028 825 3086 867 ut
3140 814 3483 883 cognoscatis

1911 904 2048 957 banc
2089 914 2195 956 tam
2260 919 2511 973 magnam
2569 902 3059 975 diSpensatianm,
3112 902 3251 972 quod
3294 902 3489 955 similis

1905 995 2059 1051 nobis
2095 1012 2191 1066 per
2221 997 2401 1050 omnia
2438 994 2622 1052 fuerit.
2680 1004 2909 1061 excepto
2949 1003 3175 1063 peccato
3205 996 3273 1047 "’.
3320 995 3489 1048 Debet

1904 1097 2086 1140 autem
2119 1086 2375 1139 universa
2430 1085 2777 1143 rationabilis
2832 1097 3025 1140 natura
3078 1096 3487 1156 propterquam

1906 1177 2141 1229 maxime
2174 1174 2424 1230 Salvator
2459 1176 2699 1241 advenit,
2734 1184 2790 1229 ut
2822 1174 3080 1242 dijudicet
3113 1176 3489 1231 habitudinem

1906 1280 2059 1327 suam
2088 1273 2142 1319 et
2174 1267 2534 1336 ignorantiam
2581 1268 2783 1337 proprii
2816 1282 3029 1332 sensus,
3056 1267 3491 1322 distinctionem-

1906 1372 2011 1425 que
2038 1358 2166 1411 dare
2199 1359 2340 1412 inter
2368 1359 2602 1412 medium
2640 1358 2764 1413 mali
2802 1374 2865 1414 ac
2904 1360 3053 1421 boni,
3098 1359 3313 1415 liberari
3350 1374 3493 1427 qutc-

1908 1465 2034 1503 rens
2064 1464 2160 1518 per
2197 1449 2316 1520 ejus
2367 1453 2678 1505 adventum.
2728 1451 2941 1506 Etenim
2996 1460 3265 1521 quotquot
3322 1449 3477 1505 liberi

1909 1540 2035 1595 facti
2070 1550 2198 1612 Sunt
2232 1556 2328 1609 per
2380 1542 2524 1596 illius
2548 1542 3030 1613 dispensationem,
3078 1545 3110 1598 ii
3150 1546 3327 1599 vocati
3360 1552 3491 1598 sunt

1908 1635 2049 1689 servi
2087 1634 2199 1688 Dei.
2235 1634 2385 1701 Quod
2419 1644 2598 1688 tamen
2628 1636 2861 1689 necdum
2922 1636 3221 1703 perfeCtum
3258 1643 3362 1700 est,
3388 1633 3493 1690 nisi

1909 1727 2051 1794 quod
2084 1734 2293 1779 tantmn
2322 1727 2376 1780 in
2411 1736 2653 1795 tempore
2682 1742 2781 1780 suo
2819 1728 3025 1793 justum
3059 1726 3295 1789 exsistit,
3323 1736 3377 1780 et
3407 1728 3497 1779 de-

223 1821 364 1875 dium
396 1818 523 1873 Jesu
559 1819 755 1873 medici
791 1818 906 1876 veri
941 1818 1079 1889 (ipse
1111 1817 1254 1872 enim
1279 1816 1624 1887 Unigenitus.
1650 1830 1802 1869 crca-
1836 1802 1876 1856 Β
1907 1818 2151 1889 ducctad
2186 1818 2415 1871 filiorum
2443 1815 2820 1884 adoptionem;
2868 1832 2992 1868 nam
3027 1818 3071 1871 is
3121 1816 3371 1871 Salvator
3396 1831 3497 1867 uo-

223 1924 307 1967 tor
338 1912 552 1965 iilornm
583 1911 821 1977 exsistit,
853 1923 906 1965 et
932 1912 1043 1982 ipse
1083 1920 1237 1967 curat
1261 1910 1397 1980 eos),
1421 1910 1566 1964 misit
1598 1917 1725 1962 ante
1746 1922 1805 1962 se

222 2003 608 2056 instructorem
644 2002 872 2068 domus;
910 2016 973 2055 ac
1015 2001 1103 2056 ille
1132 2015 1480 2077 nequaquam
1511 1992 1806 2067 proficiens

218 2092 345 2147 abiit
372 2092 500 2146 sibi.
571 2088 815 2159 Itemque
876 2092 1016 2145 Deus
1093 2090 1355 2145 excitavit
1409 2088 1802 2158 prophetarum

216 2182 418 2238 choros
456 2194 551 2249 per
588 2178 851 2248 Spiritum
892 2194 1070 2242 suum,
1123 2179 1213 2247 qui
1247 2177 1655 2232 aedificaverunt
1695 2175 1810 2242 qui-

218 2270 338 2323 dem
389 2282 552 2337 supra
608 2265 1018 2319 fundamentum
1065 2263 1237 2331 Mosi;
1296 2272 1669 2318 verumtamen
1711 2276 1808 2316 nec

219 2362 306 2416 isti
334 2362 555 2429 quidem
619 2367 935 2427 potuerunt,
994 2359 1087 2413 sed
1136 2359 1324 2411 eodem
1379 2357 1541 2411 modo
1570 2355 1804 2409 derelin-

217 2458 454 2521 quentes
483 2447 730 2502 abierunt
762 2447 886 2501 sibi.
912 2446 979 2501 Et
1016 2446 1112 2514 ipsi
1160 2446 1337 2501 cuncti
1371 2445 1634 2515 Spiritum
1668 2443 1720 2495 in
1751 2457 1810 2496 se

220 2552 478 2613 gerentes
504 2540 856 2609 pervideruut
880 2538 1091 2610 plagam
1128 2540 1271 2608 quod
1294 2535 1612 2591 insanabilis
1638 2544 1807 2597 esset,

214 2647 272 2692 et
293 2634 427 2705 quia
463 2647 560 2702 per
624 2629 826 2683 nullatu
891 2638 1203 2683 creaturam
1251 2627 1430 2680 curari
1474 2624 1667 2694 possit,
1706 2622 1806 2677 nisi

213 2742 310 2798 per
346 2724 704 2796 Unigenitum
754 2720 844 2790 qui
899 2734 1095 2774 sensus
1148 2728 1232 2773 est
1288 2718 1490 2783 Patris,
1548 2726 1601 2770 et
1636 2716 1807 2784 imago

216 2818 337 2889 ejus
370 2816 594 2871 exsistit
629 2814 727 2877 ";.
756 2811 909 2880 cujus
970 2811 1135 2865 etiam
1199 2810 1455 2879 imaginis
1484 2806 1661 2876 etiigie
1702 2816 1808 2860 tota

216 2918 364 2963 tacta
430 2916 515 2962 est
576 2913 850 2960 creatura.
886 2902 1264 2971 Agnoscentes
1299 2897 1501 2966 liquido
1530 2898 1672 2966 quod
1726 2896 1813 2949 bie

212 3000 476 3057 Salvator
500 3007 556 3053 et
574 2996 818 3050 medicus
848 2993 1136 3047 exsisteret
1165 3007 1415 3062 magnus,
1438 2989 1647 3043 collecti
1685 2998 1813 3041 sunt

210 3093 265 3147 in
340 3092 581 3160 idipsum
637 3101 849 3150 omnes,
913 3095 968 3139 et
1023 3082 1325 3138 retulerunt
1396 3082 1673 3135 orationes
1715 3095 1811 3148 pro

208 3180 615 3240 commembris
650 3181 799 3244 suis,
836 3176 927 3245 qui
964 3188 1152 3229 sumus
1222 3188 1344 3233 nos.
1409 3172 1814 3241 proclamantes

207 3289 275 3331 ac
305 3275 565 3329 dicentes
592 3286 607 3322 :
641 3268 893 3338 Nunquid
930 3271 1102 3322 resina
1134 3284 1235 3320 non
1276 3278 1351 3320 est
1381 3268 1434 3320 in
1466 3266 1698 3329 Galaad,
1722 3273 1812 3316 aut

211 3370 462 3424 medicus
490 3380 593 3417 non
623 3372 699 3416 est
755 3362 879 3416 ibi?
910 3360 1085 3424 Quare
1115 3375 1236 3429 ergo
1264 3374 1367 3413 non
1407 3358 1640 3412 ascendit
1669 3356 1814 3409 sani-

205 3474 292 3518 tas
316 3462 457 3530 filim
486 3456 665 3528 populi
700 3455 801 3508 mei
830 3453 915 3506 7"t
951 3452 1088 3518 Quia
1120 3451 1421 3505 curauimus
1452 3465 1588 3513 eam,
1637 3459 1681 3501 et
1710 3463 1812 3500 non

201 3568 280 3613 est
338 3550 586 3609 sanata:
647 3565 784 3602 nuuc
842 3562 965 3616 ergo
1015 3545 1207 3598 ibimus
1241 3542 1304 3595 ab
1333 3542 1462 3611 ipsis
1494 3540 1564 3593 “.
1607 3538 1672 3592 At
1700 3539 1813 3607 ipse

204 3651 356 3705 Deus
398 3642 833 3714 snpereminenti
884 3650 938 3691 et
974 3653 1080 3692 non
1118 3633 1370 3691 simulata
1406 3632 1695 3687 dilectione
1728 3631 1816 3682 ad-

202 3741 308 3796 fuit
340 3736 512 3793 nnbis
540 3751 633 3805 per
654 3745 875 3787 sanctos
900 3744 1051 3792 suos,
1074 3728 1292 3782 dicens:
1323 3723 1428 3778 Fili
1458 3722 1704 3786 horninis,
1731 3721 1816 3788 fa-

198 3836 311 3887 cito
352 3830 457 3884 tibi
491 3826 813 3897 captivitatis
845 3839 969 3877 vasa
1017 3821 1084 3873 ⁷⁵.
1134 3821 1249 3888 Ipse
1287 3829 1504 3886 quoque
1561 3813 1812 3877 informa

198 3925 302 3983 Dei
333 3923 735 3980 exsistensmon
762 3915 1002 3981 rapinam
1034 3911 1321 3965 arbitratus
1344 3923 1453 3962 esse
1480 3922 1535 3960 se
1559 3905 1812 3975 mqualem

204 4016 341 4082 Deo,
368 4019 712 4077 semetipsum
772 4004 1059 4061 exinanivit
1088 3995 1313 4071 formeim
1362 3999 1494 4052 serui
1518 3997 1811 4063 accipiens;

194 4120 245 4163 et
292 4104 558 4161 obediens
590 4101 762 4170 factus
790 4108 863 4151 est
896 4112 1057 4166 usque
1081 4096 1148 4146 ad
1192 4103 1433 4155 mortem,
1465 4099 1679 4142 mortem
1716 4103 1815 4140 au-

195 4211 304 4255 tem
338 4196 529 4251 erucis
556 4211 575 4249 :
600 4200 809 4259 propter
836 4187 975 4259 quod
1007 4196 1054 4239 et
1102 4184 1243 4238 Deus
1284 4183 1435 4235 illum
1462 4180 1735 4240 exultavit,
1764 4188 1812 4231 et

192 4289 428 4345 donat-it
463 4285 548 4339 illi
578 4299 762 4337 nomen
812 4280 950 4350 quod
982 4287 1055 4331 est
1108 4290 1263 4332 super
1296 4290 1447 4328 omne
1496 4288 1681 4325 nomen
1707 4286 1724 4323 :
1758 4281 1810 4321 ut

192 4386 249 4439 in
300 4381 534 4438 nomine
576 4375 706 4430 Jesu
754 4373 953 4429 Christi
1012 4385 1160 4425 omne
1199 4384 1332 4438 genu
1370 4374 1614 4420 curvetur
1662 4363 1811 4416 coele-

1908 1917 2020 1959 ster
2043 1907 2234 1960 .Scieus
2258 1907 2401 1975 quod
2433 1907 2898 1975 appropinquaret
2955 1908 3207 1974 accipere
3237 1906 3494 1974 Spiritum

1910 1993 2143 2049 ﬁliorum
2203 1995 2534 2063 adoptionis,
2592 1995 2738 2049 dedit
2782 2005 2840 2049 ut
2891 1996 3052 2049 etiam
3103 2005 3497 2065 cognoscerent

1910 2102 2032 2140 emn
2068 2086 2211 2140 docti
2248 2101 2274 2139 a
2306 2084 2513 2155 Spiritu
2545 2095 2761 2152 sancto,
2790 2091 2932 2154 quod
2972 2088 3237 2141 adventus
3272 2088 3397 2143 Jesn
3425 2090 3495 2141 fa-

1910 2188 2028 2231 ctus
2063 2179 2134 2232 sit
2164 2178 2475 2233 hominibus
2506 2177 2793 2247 judicium.
2833 2176 2988 2231 Unde
3036 2191 3091 2232 et
3138 2194 3251 2242 vos,
3286 2181 3497 2232 charis-

1908 2268 2029 2322 simi
2070 2268 2120 2321 in
2162 2268 2406 2333 Domino,
2445 2269 2753 2338 cognoscite
2786 2271 3165 2337 vosmetipsos,
3210 2284 3266 2323 ιιι
3301 2271 3366 2321 ad
3387 2272 3498 2323 luec

1909 2373 1961 2415 et
1998 2375 2210 2429 tempus
2250 2363 2468 2431 possitis
2487 2376 2837 2430 cognoseere,
2869 2372 2920 2415 et
2952 2364 3123 2431 parati
3148 2364 3266 2416 sitis
3295 2361 3497 2416 offerre

1912 2450 2272 2518 vosmetipsos
2306 2450 2638 2505 sacrificium
2680 2450 2808 2504 Deo.

1982 2540 2074 2596 IV.
2122 2541 2282 2605 Vere,
2320 2543 2629 2613 cltatissinii
2682 2543 2735 2594 in
2778 2543 3028 2608 Domino,
3060 2544 3201 2611 quod
3241 2551 3495 2611 tanqnan‘

1916 2631 2333 2686 rationabilibus
2395 2633 2546 2694 vobis
2587 2632 2789 2695 scribo,
2832 2642 2886 2685 et
2931 2633 3023 2701 qui
3092 2632 3348 2701 potuistis
3408 2648 3502 2688 co-

1913 2740 2177 2793 gnoscere
2230 2724 2608 2794 vosmetipsos.
2648 2723 2772 2777 Seio
2822 2726 2966 2777 t-nim
3001 2725 3143 2794 quod
3185 2726 3503 2793 quicunque

1913 2818 2227 2884 cognoverit
2298 2818 2674 2885 semetipsum,
2719 2826 2975 2885 agnosret
3026 2826 3080 2870 et
3132 2816 3319 2870 Deum.
3400 2817 3501 2883 Qui

1916 2924 2045 2960 vero
2068 2908 2388 2975 cognoverit
2427 2908 2615 2972 Deum,
2658 2916 2914 2977 agnoscet
2965 2918 3019 2961 et
3068 2908 3504 2978 dispensationes

1922 2997 2091 3063 illius,
2132 3012 2266 3065 quas
2292 2996 2454 3052 efﬁcit
2488 2998 2538 3050 in
2582 2998 2818 3067 propriis
2850 2998 3135 3052 creaturis.
3176 2987 3503 3053 Manifestus

1916 3104 2132 3159 quoque
2159 3090 2231 3142 sit
2272 3088 2426 3143 vobis
2454 3089 2558 3142 iste
2609 3102 2812 3151 sermo,
2864 3092 3006 3157 quod
3037 3106 3142 3142 non
3174 3102 3492 3158 Corporcam

1920 3182 2264 3235 dilectionem
2302 3179 2478 3233 babeo
2501 3179 2554 3232 in
2581 3179 2759 3241 vobis,
2797 3181 2889 3233 sed
2925 3182 3247 3235 cbaritatem
3283 3182 3507 3248 spiritus

1916 3273 2142 3326 culturae
2172 3270 2287 3331 Dei,
2310 3269 2431 3339 ejus
2459 3269 2706 3323 videlicet
2743 3269 2858 3335 Dei,
2882 3272 2973 3339 qui
3015 3271 3278 3340 gloriatur
3302 3272 3414 3342 (16)
3450 3274 3505 3324 in

1918 3363 2139 3418 concilio
2155 3361 2426 3431 justornm
2453 3359 2520 3412 "°.
2541 3358 2733 3413 Parate
2764 3375 2894 3430 ergo
2910 3376 3003 3413 vos
3036 3362 3180 3428 ipsos
3194 3363 3505 3415 dumbabe-

1920 3455 1988 3507 tis
2019 3456 2109 3522 qui
2144 3467 2243 3521 pro
2274 3452 2432 3505 Vobis
2460 3465 2709 3514 exorent,
2752 3462 2810 3507 et
2832 3454 3169 3522 postulantes
3204 3470 3299 3523 pro
3326 3466 3503 3509 vestra

1920 3546 2119 3611 salute,
2147 3555 2202 3598 ut
2231 3542 2407 3615 ignem
2436 3558 2598 3612 quem
2639 3545 2787 3600 venit
2816 3545 2931 3614 ipse
2962 3545 3180 3600 mittere
3213 3559 3374 3613 super
3395 3557 3505 3599 ter-

1921 3654 2033 3691 ram
2058 3637 2126 3700 5‘,
2153 3638 2413 3689 immittat
2440 3636 2697 3691 cordibus
2732 3636 2948 3699 vestris,
2986 3645 3041 3689 ut
3101 3635 3319 3704 possitis
3351 3649 3505 3691 exer-

1917 3744 2043 3801 cere
2078 3727 2424 3782 habitudines
2448 3735 2667 3780 vestras
2695 3742 2709 3791 ;
2746 3735 2799 3780 et
2823 3728 2913 3780 det
2948 3741 3204 3780 sensuum
3232 3725 3406 3780 oﬂicia
3438 3729 3504 3780 ad

1916 3819 2357 3890 cognoscendum
2399 3819 2715 3873 discernere
2745 3817 3041 3888 malignum
3081 3833 3109 3870 a
3154 3818 3327 3880 bene,
3369 3835 3397 3871 ιι
3436 3819 3506 3873 si-

1918 3916 2092 3967 nistra
2120 3914 2469 3974 dexteram,a
2507 3909 2814 3963 substantia
2840 3910 3281 3971 insubstantiam.
3313 3907 3503 3964 Stiens

1916 4006 2059 4057 enim
2090 4002 2249 4057 Jesos
2270 4004 2413 4072 quod
2443 4002 2731 4070 imperium
2756 4000 2959 4055 diaboli
2990 4003 3217 4057 materia
3247 4003 3395 4064 facit,
3417 4006 3505 4055 ad-

1918 4111 2119 4151 vocans
2148 4095 2446 4164 discipulos
2464 4094 2600 4148 dixit
2627 4094 2706 4147 eis
2735 4111 2747 4145 :
2774 4094 2950 4146 Nolite
2972 4094 3333 4147 thesaurisare
3362 4095 3502 4149 vobis

1916 4205 2072 4257 super
2102 4199 2293 4241 terram
2319 4187 2364 4219 ”
2396 4203 2526 4240 :nec
2548 4186 2769 4239 solliciti
2818 4185 2934 4238 s‘tis
2976 4186 3039 4237 de
3078 4187 3340 4246 crastino;
3378 4205 3501 4239 cra«

1916 4280 2086 4333 stinus
2115 4279 2250 4331 enim
2279 4278 2391 4331 dies
2423 4276 2683 4331 sollicitus
2708 4276 2806 4328 ei'it
2836 4277 2899 4328 de
2930 4276 3060 4329 se”.
3103 4276 3255 4334 Vere,
3281 4274 3501 4340 fratres,

1917 4374 2068 4427 scitis
2099 4370 2240 4439 quod
2273 4382 2515 4436 tempore
2554 4377 2840 4421 ventorum
2894 4366 3290 4434 prosperitatis,
3324 4370 3503 4422 multis

188 4480 391 4541 uiam,
424 4473 762 4528 terrestrium
808 4479 852 4521 et
890 4466 1260 4534 infernarum:
1311 4460 1577 4529 "vinisque
1630 4457 1809 4525 lingua
1846 4484 1886 4539 ι)
1917 4469 2249 4535 gubernator
2275 4461 2480 4529 plaudit
2518 4459 2644 4523 sibi,
2695 4458 2748 4512 in
2803 4458 3077 4511 contraria
3117 4473 3243 4511 vero
3267 4477 3496 4530 qua-que

190 4567 562 4637 conﬁteatur,
591 4562 714 4631 quia
764 4558 1025 4611 Dominus
1060 4553 1220 4609 Jesus
1254 4550 1495 4607 Christus
1542 4551 1595 4602 in
1640 4548 1810 4617 gloria

187 4672 266 4716 est
302 4658 413 4713 Dei
442 4655 630 4710 Patris
647 4652 714 4705 ⁷⁸.

262 4752 362 4808 III.
415 4747 584 4803 Nunc
620 4760 750 4815 ergo
784 4785 799 4811 ,
834 4740 1169 4803 ebarissirnt,
1219 4752 1396 4793 sermo
1426 4741 1525 4790 iste
1558 4734 1629 4789 sit
1664 4732 1815 4786 vobis

185 4844 566 4901 manifestus,
590 4837 732 4906 quod
758 4834 1066 4902 benignitas
1093 4830 1275 4885 Patris
1300 4846 1402 4883 non
1432 4829 1657 4895 pepercit
1687 4822 1812 4878 Uni-

184 4935 379 5007 genito
408 4940 638 5000 propter
660 4940 790 4989 nos;
820 4926 907 4978 sed
941 4922 1163 4976 tradidit
1190 4938 1307 4973 eum
1341 4932 1550 4988 prapter
1578 4927 1810 4970 nostram

183 5026 447 5081 omnium
493 5018 746 5082 salutem,
787 5019 1007 5070 tradens
1068 5016 1178 5083 ipse
1222 5014 1556 5073 semetipsum
1606 5020 1813 5077 prapter

182 5129 418 5184 pet-cata
447 5119 640 5165 nostra
667 5109 733 5162 ⁷⁷.
770 5109 835 5162 Et
876 5107 1193 5177 iniquitates
1225 5105 1440 5172 quidem
1482 5111 1679 5156 nostra“
1712 5100 1811 5152 liu-

183 5208 573 5265 tniliavcrnnt
631 5216 795 5265 eum;
852 5204 948 5254 sed
1007 5201 1167 5252 livore
1206 5195 1319 5267 ejus
1366 5212 1460 5248 nos
1506 5194 1679 5249 sanati
1727 5210 1813 5245 su-

182 5317 307 5356 mus
338 5298 420 5351 ⁷⁸.
451 5296 583 5365 Ipse
613 5307 831 5362 quoque
867 5291 1034 5345 verbo
1064 5290 1285 5345 virtutis
1317 5305 1426 5344 suae
1461 5287 1808 5357 congregavit

260 5485 311 5515 τ’
333 5481 529 5536 Hebr.
555 5490 596 5536 1,
626 5476 681 5529 ’5.

176 5554 225 5588 ⁷⁸
275 5552 391 5608 lsa.
428 5563 563 5609 LIII,
602 5546 653 5600 5.

175 5625 228 5658 ⁸⁸
258 5625 441 5681 Prov.
495 5634 579 5682 sx,
613 5616 666 5671 9.

748 5546 794 5579 "
836 5548 997 5601 ilebr.
1026 5562 1096 5611 tv,
1130 5547 1218 5600 15.

252 5758 379 5837 (16)
428 5749 742 5812 Gloriatur.
771 5751 931 5806 Forte
953 5748 1308 5821 gloriﬁcatur.

1918 4565 2230 4620 ventorum,
2264 4554 2444 4609 omnis
2482 4554 2817 4625 gubernator
2858 4550 3257 4605 manifestatur.
3308 4552 3501 4605 intelli-

1915 4652 2025 4720 gite
2064 4662 2193 4719 ergo
2224 4656 2432 4715 tempus
2468 4646 2519 4699 in
2552 4644 2693 4714 quod
2729 4645 3080 4706 advenimus,
3114 4647 3272 4713 quale
3295 4646 3383 4698 sit.
3428 4645 3502 4699 De

1921 4742 2147 4796 minutia
2177 4748 2356 4794 autem
2387 4739 2534 4793 verbi
2564 4737 2853 4801 libertatis,
2904 4745 3060 4789 erant
3117 4737 3346 4804 plurima
3382 4752 3502 4807 qua:

1917 4834 2231 4887 dicerentur
2277 4829 2461 4895 vobis;
2508 4830 2599 4882 sed
2683 4828 2727 4880 si
2778 4830 2975 4881 dedero
3037 4832 3359 4880 mensionem
3414 4847 3501 4881 sa-

1914 4922 2098 4989 pietai,
2134 4920 2539 4988 sapientiorerit
2561 4918 2627 4970 ⁸⁸.
2682 4916 2868 4972 Saluto
2902 4932 2991 4969 vos
3027 4935 3052 4968 ει
3083 4918 3303 4969 minimo
3330 4934 3500 4988 usque

1914 5015 1979 5065 ad
2006 5012 2298 5065 maximum

2457 5101 2795 5157 smsrom
2838 5101 2943 5171 vn.

1984 5196 2271 5260 Antonius,
2304 5196 2557 5249 omnibus
2592 5194 2968 5249 dileCIissimis
2996 5196 3260 5247 fratribus
3310 5192 3363 5246 in
3396 5192 3496 5246 Dn-

1911 5290 2082 5358 mino,
2114 5290 2366 5345 salutem.
2421 5287 2535 5341 Non
2592 5288 2787 5341 delicio
2834 5302 3145 5342 memorans
3180 5287 3365 5349 vestri,
3404 5286 3496 5353 qui

757 5476 801 5507 ⁷³
826 5477 1027 5533 Jerem.
1052 5492 1168 5538 vttt,
1198 5475 1268 5528 22
1320 5476 1365 5506 ⁷⁸
1403 5474 1603 5528 Jerem.
1652 5477 1797 5534 Lt.9.
1839 5475 1885 5506 ⁷⁵
1924 5474 2121 5530 Ezeclr.
2165 5490 2264 5532 xu.
2295 5473 2349 5527 5.
2382 5472 2427 5503 ⁷⁸
2465 5470 2692 5539 Philipp.
2728 5485 2787 5535 ιι,
2814 5470 2966 5526 ὄνΗ.
3006 5469 3049 5539 ’ξ
3093 5464 3494 5539 Bonnvttl,

1320 5547 1364 5577 "°
1404 5544 1546 5600 Psal.
1594 5545 1932 5606 Lsxxvttt,8.

2031 5548 2071 5575 ¹¹²
2098 5546 2228 5601 Luc.
2260 5560 2355 5609 sn,
2390 5542 2479 5597 49.
2554 5535 2619 5572 δ”
2643 5535 2832 5596 Matth.
2866 5556 2915 5594 vt
2942 5577 2957 5602 ,
2986 5536 3073 5592 t9.
3148 5537 3195 5570 ³³
3239 5537 3370 5591 ibid.
3402 5535 3499 5588 59.
