3988 6316
124 44 144 197 ι
1868 142 1881 158 Ι

1634 212 1683 218 ’⁷ο
1705 212 1775 217 H“
1810 212 1861 217 w‘
1876 212 1949 217 ’πί
1978 209 2530 218 ‘Mm_‘."m-
2554 211 2563 218 '
2584 213 3297 227 ww.

166 212 3444 269 ww

998 403 1147 502 IN
1322 397 1961 503 SEXTUM
2075 396 2623 502 TOMUM

1502 626 2129 811 aﬂmfatio
2148 731 2178 759 .

1596 884 2067 940 -ο-ἒέὤβεδπείὲἓο-

240 1043 596 1101 Exhibentur
621 1042 723 1098 hoc
750 1050 903 1099 sexto
926 1040 1193 1097 volumine
1207 1031 1472 1112 Opuscula
1502 1036 1648 1094 varia
1668 1033 1969 1106 Augustini,
1999 1046 2116 1104 qua:
2136 1030 2437 1088 conducunt
2471 1030 2539 1086 ad
2561 1031 2921 1087 informandos
2941 1046 3154 1088 mores:
3186 1031 3443 1104 praeclara

169 1137 401 1210 quidem
424 1136 538 1203 illa,
566 1145 619 1191 et
640 1134 871 1206 ingentis
898 1149 991 1206 per
1010 1149 1069 1190 se
1094 1134 1275 1204 pretii,
1298 1132 1393 1189 sed
1412 1131 1617 1188 ordinis
1645 1128 1883 1185 melioris
1901 1127 2206 1182 accessione
2219 1124 2463 1181 habitura
2485 1125 2823 1195 splendorem
2853 1125 2941 1181 hic
2964 1141 3162 1182 novum
3182 1141 3244 1181 ac
3260 1126 3457 1182 lucem.

169 1222 388 1301 Nempe
425 1231 545 1287 ista:
590 1229 981 1284 lucubrationes
1008 1229 1059 1282 in
1088 1226 1410 1284 editionibus
1435 1233 1559 1280 ante
1584 1222 1812 1294 vulgatis
1857 1220 1935 1274 sic
1959 1218 2227 1274 distracta:
2267 1226 2437 1283 erant,
2463 1225 2519 1271 ut
2547 1217 2788 1288 quaedam
2826 1218 2878 1272 in
2926 1226 3071 1273 tomo
3123 1218 3358 1274 secundo
3387 1234 3451 1274 ac

170 1327 337 1381 tertio
380 1326 522 1380 inter
563 1324 866 1394 exegcticos
889 1322 1072 1386 libros,
1103 1318 1347 1390 quaedam
1376 1332 1503 1373 vero
1538 1317 1681 1371 inter
1726 1312 2015 1385 polemicos
2039 1320 2183 1367 tomo
2228 1318 2401 1375 sexto,
2437 1319 2579 1365 tomo
2609 1324 2751 1364 nono
2791 1309 2909 1364 alias
2935 1318 3057 1380 post
3081 1310 3357 1367 Tractatus
3404 1311 3459 1365 in

171 1416 444 1472 Joannem
474 1416 779 1486 legerentur
808 1433 822 1470 :
847 1428 1004 1485 quam
1030 1412 1435 1482 dispositionem
1460 1408 1671 1464 Erasmi
1687 1406 1817 1462 olim
1840 1420 1967 1461 cura
1986 1404 2301 1471 institutam,
2321 1403 2532 1458 tametsi
2559 1412 2741 1473 postea
2761 1412 2973 1473 recepta
2998 1413 3081 1460 est
3108 1419 3138 1459 a
3163 1403 3461 1461 Lovanien-

173 1509 333 1565 sibus
365 1507 679 1579 Theologis,
705 1515 913 1563 mutare
935 1506 1036 1562 bac
1052 1520 1186 1560 nova
1213 1504 1445 1560 editione
1474 1501 1807 1558 decrevimus
1837 1517 1851 1567 ;
1898 1507 1955 1554 ut
1974 1513 2091 1569 qua:
2118 1497 2355 1567 ejusdem
2395 1497 2605 1567 generis
2628 1506 2717 1552 aut
2747 1498 2937 1552 similis
2966 1500 3262 1570 argumenti
3314 1507 3458 1566 sunt,

174 1618 235 1658 ea
268 1602 623 1669 continenter
650 1615 715 1656 ac
736 1599 980 1654 ordinate
1005 1597 1240 1669 perlecta
1266 1604 1320 1651 et
1367 1593 1732 1666 intelligantur
1778 1591 1972 1646 melius
2000 1605 2031 1643 a
2076 1588 2347 1655 studiosis,
2397 1596 2653 1642 eteorum
2689 1588 2846 1644 altius
2873 1590 3064 1645 animis
3090 1590 3462 1662 mentibusque

173 1694 529 1749 mandentur.

247 1784 528 1854 Principio
561 1783 753 1838 damus
778 1782 1140 1851 Quaestionum
1173 1776 1336 1835 libros
1355 1776 1634 1849 quosdam,
1669 1776 1723 1831 in
1744 1775 1935 1846 quibus
1960 1783 2083 1829 sunt
2102 1772 2412 1829 nominandi
2440 1789 2547 1843 pra:
2570 1773 2779 1828 caeteris
2800 1773 2923 1828 libri
2948 1774 3013 1829 ad
3040 1775 3461 1846 Simpliciauum,

177 1874 487 1947 Augustino
511 1874 623 1944 iam
647 1874 899 1944 episcopo
943 1887 1063 1927 cum
1095 1872 1214 1926 illos
1244 1870 1430 1936 edidit,
1461 1884 1616 1940 quam
1653 1867 1966 1939 dignissimi.
2009 1866 2138 1921 Nam
2172 1866 2264 1936 qui
2295 1867 2441 1935 prius
2467 1865 2532 1920 de
2562 1864 2684 1920 ﬁdei
2711 1875 2765 1920 et
2791 1867 2974 1937 gratiae
2999 1867 3154 1923 donis
3183 1886 3287 1925 non
3318 1879 3466 1926 recte

179 1979 439 2026 senserat
467 1969 521 2024 in
554 1967 933 2039 scriptionibus
956 1969 1159 2039 aliquot
1186 1968 1320 2035 suis,
1353 1967 1454 2021 hoc
1493 1966 1546 2021 in
1568 1980 1732 2035 opere
1757 1965 1855 2019 sub
1884 1963 2160 2018 exordium
2176 1962 2514 2033 episcopatus
2534 1963 2615 2017 sui
2646 1962 2845 2032 scripto
2864 1964 3187 2034 resipiscens
3216 1966 3467 2021 emenda-

177 2063 283 2131 vit,
315 2063 617 2133 abiecitque
644 2077 882 2118 errorem
911 2077 1087 2127 suum,
1116 2062 1391 2131 apostolico
1420 2061 1691 2133 praecipue,
1735 2060 1889 2114 sicuti
1914 2060 1965 2114 in
1996 2059 2131 2115 libro
2173 2058 2242 2115 de
2284 2058 2756 2115 Prwdestinatione
2802 2068 3108 2115 sanctorum
3151 2060 3460 2132 prolitetur,

178 2155 444 2209 convictus
473 2156 770 2219 testimonio,
799 2170 867 2210 ex
898 2154 916 2207 ι
944 2153 1071 2209 Cor.
1098 2170 1171 2220 tv,
1190 2155 1221 2208 7
1246 2172 1259 2207 :
1292 2154 1431 2225 quod
1461 2153 1807 2208 nihilominus
1833 2152 2012 2207 divino
2051 2151 2261 2208 muneri
2289 2167 2352 2207 ac
2385 2153 2693 2209 revelationi
2744 2153 3085 2209 tribuendum
3110 2153 3206 2210 Vir
3245 2164 3463 2212 sanctus

181 2243 389 2300 ibidem
416 2245 670 2314 agnoscit.
698 2246 1009 2315 Quanquam
1035 2259 1163 2315 ergo
1200 2244 1287 2299 illa
1315 2244 1382 2299 ad
1411 2244 1820 2314 Simplicianum
1842 2243 2200 2314 disputatione
2228 2260 2341 2299 rem
2390 2245 2582 2300 alicubi
2626 2254 2804 2302 verset
2852 2246 2905 2301 iu
2932 2256 3208 2318 utramque
3235 2258 3463 2319 partem.

181 2336 462 2392 dubitanti
505 2352 687 2407 parum
716 2336 1033 2407 dissimilis(
1065 2335 1205 2406 quod
1248 2336 1482 2405 profecto
1524 2334 1829 2405 diSputandi
1879 2349 2045 2405 genus
2093 2334 2347 2392 lectorem
2393 2336 2628 2407 postulat
2671 2352 2914 2409 sagacem
2969 2337 3463 2413 vigilantemquc);

183 2437 431 2482 attamen
456 2428 630 2497 seiam
653 2434 759 2481 tum
788 2438 1058 2498 antequam
1083 2424 1361 2496 Pelagiana
1388 2425 1591 2479 heresis
1602 2433 1885 2495 appareret,
1913 2424 1992 2480 sic
2016 2423 2331 2481 disseruisse
2347 2424 2476 2481 dicit
2503 2426 2571 2481 de
2593 2426 2735 2482 dono
2760 2431 3167 2498 perseverantia:
3190 2432 3453 2499 scribens,

179 2526 251 2571 ut
278 2532 456 2588 neque
484 2520 773 2573 remanserit
810 2518 1005 2589 aliquid
1032 2533 1131 2588 quo
1174 2526 1373 2571 vocetur
1392 2517 1444 2571 in
1473 2517 1679 2571 dubium
1707 2517 1924 2588 gratiam
1952 2516 2048 2572 Dei
2085 2534 2186 2573 non
2213 2518 2487 2574 secundum
2512 2522 2687 2575 merita
2716 2534 2886 2577 nostra
2914 2524 3047 2591 dari,
3080 2534 3126 2581 et
3163 2527 3286 2581 satis
3314 2531 3470 2599 egerit

186 2609 348 2662 etiam
369 2610 567 2664 initium
607 2612 730 2681 fidei
756 2628 860 2666 esse
888 2612 1077 2665 donum
1121 2610 1248 2675 Dei,
1274 2620 1435 2680 utque
1462 2627 1522 2665 ea:
1545 2611 1607 2665 iis
1642 2626 1757 2681 qua:
1785 2610 1853 2665 ibi
1878 2610 2017 2665 dicta
2042 2620 2180 2679 sunt,
2229 2623 2583 2682 consequenter
2623 2615 2832 2683 eluceat,
2864 2619 3015 2671 etiam
3044 2634 3200 2689 usque
3237 2621 3291 2674 in
3318 2621 3473 2691 ﬁnem

188 2703 615 2769 perseverantiam
642 2703 841 2756 nonnisi
867 2702 927 2756 ab
955 2719 1012 2757 eo
1054 2703 1258 2771 donari,
1281 2703 1366 2773 qui
1384 2719 1478 2757 nor
1506 2702 1878 2773 praedestinavit
1902 2703 1955 2757 in
1982 2719 2130 2757 suum
2154 2720 2363 2774 regnum
2391 2713 2439 2757 et
2452 2704 2692 2774 gloriam.

261 2790 456 2847 Finitis
486 2793 912 2861 Quaestionibus,
940 2796 1104 2850 series
1133 2794 1316 2863 incipit
1342 2793 1728 2864 Opusculorum
1754 2808 1874 2865 quae
1898 2793 1963 2849 ad
1992 2807 2170 2849 mores
2208 2794 2377 2864 magis
2420 2795 2666 2850 attinent.
2698 2796 2934 2853 Primum
2964 2813 3031 2854 ex
3057 2799 3141 2856 bis
3180 2801 3373 2859 librum
3402 2806 3473 2864 de

184 2885 324 2941 Fide
351 2901 532 2941 rerum
558 2902 679 2957 qua:
705 2899 809 2941 non
842 2887 1101 2953 videntur,
1135 2888 1437 2944 restitutum
1488 2888 1625 2943 imus
1676 2886 1993 2958 Augustino,
2044 2887 2129 2940 cui
2185 2900 2467 2957 perperam
2524 2886 2696 2942 fuerat
2746 2888 2955 2943 Erasmi
2983 2891 3471 2953 etLovaniensium

185 2978 589 3048 Theologorum
635 2980 897 3034 sententia
930 2988 1169 3050 ereptus.
1206 2979 1560 3050 Subsequitur
1599 2980 1916 3048 opusculum
1965 2977 2033 3033 dc
2073 2977 2205 3033 Fide
2252 2986 2307 3033 et
2335 2977 2615 3050 Symbolo,
2666 2980 2808 3050 quod
2859 2981 3216 3053 Hipponensis
3262 2990 3474 3048 consilii

187 3070 464 3141 episcopis
488 3080 758 3141 acceptum
795 3068 994 3127 referre
1013 3071 1293 3138 debemus,
1313 3086 1537 3141 quorum
1561 3070 1804 3140 iussione
1843 3070 2177 3140 Augustinus
2208 3070 2603 3140 episcOpalibus
2631 3072 2864 3127 nondum
2891 3074 3073 3130 infulis
3106 3089 3399 3136 exornatus
3419 3083 3473 3137 id

187 3161 491 3232 argumenti
540 3157 782 3216 tractavit
814 3162 866 3217 in
920 3162 1011 3217 illo
1058 3161 1220 3217 totius
1249 3161 1443 3216 Africae
1485 3161 1727 3231 plenario
1770 3174 2073 3226 consessu;
2118 3175 2278 3229 quem
2310 3160 2469 3214 etiam
2515 3168 2794 3214 tractatum
2849 3163 3035 3218 amicis
3081 3167 3472 3227 studiosissime

188 3255 514 3312 instantibus
533 3257 585 3310 in
613 3256 809 3311 librum
835 3256 1080 3326 redigere
1101 3256 1409 3325 compulsus
1432 3262 1532 3310 est.
1566 3254 1817 3308 Proxime
1841 3253 2144 3323 adiungitur
2162 3252 2295 3307 liber
2320 3252 2388 3307 de
2418 3251 2548 3307 Fide
2575 3260 2630 3308 et
2650 3251 2933 3323 Operibus,
2959 3256 3010 3310 in
3032 3271 3129 3313 eos
3146 3260 3463 3331 publicatus,

189 3350 285 3420 qui
304 3349 603 3403 sentiebant
621 3357 676 3404 et
696 3364 882 3403 omnes
920 3350 1052 3403 citra
1082 3349 1369 3405 discrimen
1396 3344 1752 3401 admittendos
1780 3346 1848 3401 ad
1876 3346 2224 3413 Baptismum,
2252 3351 2307 3398 et
2336 3350 2601 3413 praecepta
2647 3357 2856 3399 morum
2888 3348 3099 3402 nonnisi
3138 3361 3257 3418 post
3287 3329 3472 3423 Bapti-

190 3456 376 3495 smum
406 3439 678 3506 tradenda,
709 3449 762 3496 et
789 3441 1007 3496 demum
1058 3440 1352 3509 baptizatos
1402 3437 1706 3494 Christianae
1757 3436 1880 3492 ﬁdei
1916 3437 2108 3490 merito
2138 3434 2423 3490 salvandos
2471 3449 2611 3500 esse,
2638 3435 2850 3491 etiamsi
2878 3452 3057 3494 mores
3083 3443 3473 3510 quantumlibet

192 3534 411 3605 iniquos
438 3544 707 3603 nunquam
737 3533 1010 3587 mutarint.
1036 3532 1207 3598 Quam
1232 3531 1442 3586 tertiam
1481 3530 1786 3599 opinionem
1832 3544 1953 3583 cum
1984 3526 2486 3595 perniciosissimam
2513 3526 2778 3596 iudicaret
2830 3528 2889 3584 S.
2922 3530 3135 3599 Doctor,
3164 3537 3473 3592 convellen-

190 3624 319 3679 dam
355 3625 585 3694 suscepit
611 3639 717 3678 non
752 3623 940 3689 semel,
986 3623 1082 3678 sed
1126 3637 1285 3676 manu
1326 3621 1497 3677 amica
1547 3635 1763 3689 semper
1804 3628 1856 3674 et
1886 3617 2104 3689 paciﬁca
2139 3632 2155 3682 ;
2185 3616 2307 3687 quia
2350 3614 2641 3687 profectam
2676 3618 2744 3672 ab
2788 3620 3092 3676 auctoribus
3132 3621 3270 3678 haud
3310 3624 3473 3683 dubie

191 3715 472 3771 catholicis
494 3731 556 3771 ac
582 3716 681 3785 piis
714 3716 942 3786 :quibus
965 3715 1090 3770 dum
1122 3714 1352 3769 occurrit
1376 3714 1428 3767 in
1457 3713 1551 3768 lib.
1581 3710 1646 3766 2|
1679 3711 1746 3767 de
1786 3710 2011 3766 Civitate
2055 3709 2169 3775 Dei,
2200 3724 2319 3779 cap.
2349 3709 2435 3774 17,
2471 3707 2623 3763 Nunc
2634 3709 2768 3779 jam,
2802 3710 2895 3777 ait,
2925 3728 3042 3766 cum
3068 3714 3471 3775 misericordibus

193 3805 381 3859 nostris
407 3806 656 3875 agendum
684 3822 791 3860 esse
818 3804 961 3859 video
986 3813 1033 3858 et
1060 3804 1270 3874 paci/tce
1294 3802 1678 3872 disputandum.
1710 3800 1846 3855 Hinc
1874 3801 2031 3870 longe
2060 3798 2249 3854 abesse
2285 3812 2391 3853 non
2416 3798 2653 3868 oportuit
2680 3798 3048 3868 Eucbiridion,
3095 3820 3201 3875 quo
3227 3807 3470 3864 doctrina

194 3897 425 3952 traditur
450 3898 519 3953 de
540 3895 692 3961 Fide,
722 3896 827 3968 Spe
848 3906 902 3953 et
925 3896 1199 3953 Cbaritate
1230 3914 1243 3951 :
1290 3911 1423 3965 Opus
1443 3910 1568 3950 vere
1584 3909 1821 3959 aureum,
1850 3903 2106 3949 nocturna
2132 3900 2186 3948 et
2211 3892 2397 3946 diurna
2435 3907 2597 3947 manu
2625 3893 2965 3950 versandum.
2990 3896 3148 3953 Liber
3170 3899 3238 3955 de
3280 3902 3468 3975 Agone

193 3987 504 4043 Christiano
529 3988 719 4043 eodem
765 3987 875 4044 fere
897 3997 1121 4059 spectat,
1154 3987 1274 4042 ﬁdei
1304 3984 1561 4057 Regulam
1588 3986 1867 4041 continens
1892 3994 1946 4040 et
1973 3993 2236 4055 praecepta
2275 3984 2510 4040 vivendi.
2539 3985 2647 4040 Hos
2689 3985 2757 4041 de
2786 3986 2917 4042 Fide
2936 3988 3100 4044 libros
3120 3994 3314 4063 excipit
3333 4010 3468 4065 opus

193 4081 260 4136 de
280 4081 689 4137 Catechizandis
720 4082 959 4148 rudibus,
987 4082 1185 4136 editum
1210 4090 1393 4151 rogatu
1427 4081 1636 4135 diaconi
1665 4078 2097 4149 Carthaginensis
2131 4078 2460 4148 Deogratias,
2487 4077 2553 4132 ad
2588 4093 2745 4149 quem
2773 4080 2967 4148 sapius
2995 4084 3179 4150 primis
3209 4085 3329 4141 ﬁdei
3358 4089 3469 4145 ele-

195 4173 396 4226 mentis
436 4172 703 4228 imbuendi
733 4173 1134 4228 deducebantur
1180 4187 1451 4227 sacrarum
1493 4171 1792 4226 litterarum
1833 4170 2011 4224 rudes.
2039 4168 2345 4224 Succedunt
2387 4169 2544 4223 simul
2572 4185 2691 4223 cum
2739 4178 2963 4224 tractatu
3004 4173 3071 4226 de
3099 4173 3464 4251 Continentia,

194 4281 321 4336 quae
354 4269 583 4322 materiae
604 4276 657 4323 et
697 4266 999 4337 argumenti
1027 4267 1105 4320 sui
1129 4265 1385 4320 afﬁnitate
1410 4264 1708 4334 conjunctae
1733 4273 1857 4319 sunt
1900 4264 2039 4319 inter
2060 4278 2119 4318 se
2145 4263 2563 4327 lucubrationes,
2598 4263 2665 4317 de
2682 4263 2829 4317 Bono
2868 4265 3155 4335 conjugali,
3180 4269 3247 4325 de
3275 4283 3462 4332 sancta

197 4358 533 4428 Virginitate,
563 4360 630 4414 de
656 4360 805 4415 Bono
835 4358 1136 4424 Viduitatis,
1164 4358 1233 4414 de
1276 4356 1551 4427 Coniugiis
1575 4355 1909 4411 adulterinis.
1949 4355 2140 4409 Postea
2161 4354 2229 4409 de
2254 4353 2547 4420 Mendacio,
2574 4364 2628 4409 et
2667 4363 2849 4410 contra
2881 4355 3210 4414 Mendacium
3246 4381 3261 4417 :
3288 4378 3368 4431 ac,
3395 4382 3465 4423 ne

194 4448 403 4520 singula
430 4464 832 4519 persequamur,
857 4448 1042 4504 ordine
1067 4449 1245 4503 omnia
1269 4454 1419 4503 certo
1447 4446 1766 4517 proprioque
1790 4453 1915 4501 sunt
1934 4446 2212 4501 collocata.

268 4541 491 4611 Verum,
520 4544 660 4613 quod
688 4544 763 4599 rei
789 4551 944 4613 caput
972 4542 1357 4606 existimamus,
1406 4542 1711 4596 criticorum
1744 4539 1797 4594 in
1834 4539 1947 4609 ipsa
1976 4538 2239 4609 Opuscula
2262 4539 2541 4610 judicium,
2575 4541 2618 4595 si
2649 4541 2766 4611 quis
2791 4541 2923 4598 forte
2954 4543 3132 4613 iniecit
3155 4546 3220 4601 de
3240 4558 3460 4609 auctore

192 4635 524 4703 scrupulum,
557 4635 623 4690 ad
644 4650 869 4690 examen
908 4642 1128 4689 vocatur
1162 4652 1174 4687 :
1201 4633 1441 4703 quaedam
1469 4648 1588 4703 quae
1610 4646 1709 4703 pro
1735 4632 1911 4686 nothis
1954 4631 2136 4686 haberi
2164 4632 2432 4699 volebant,
2459 4633 2683 4702 genuina
2710 4648 2830 4689 esse
2873 4645 3272 4706 monstrantur;
3304 4644 3406 4699 alia
3433 4662 3463 4699 e

195 4727 473 4783 contrario
500 4743 617 4796 qua:
635 4727 880 4783 solebant
909 4725 1155 4797 genuinis
1203 4725 1514 4794 adiungere,
1539 4724 1625 4779 vel
1677 4724 2021 4793 repudiantur
2061 4731 2120 4777 ut
2167 4723 2351 4788 notha,
2399 4724 2483 4778 vel
2525 4725 2705 4795 aliquo
2724 4725 3031 4784 discrimine
3070 4741 3383 4800 separantur
3410 4748 3468 4791 ut

193 4819 380 4876 dubia.
408 4819 576 4889 Hujus
601 4821 913 4889 posterioris
935 4820 1145 4891 generis
1191 4826 1316 4873 sunt
1361 4825 1614 4873 tractatus
1641 4816 1709 4871 de
1737 4816 1991 4887 Symbolo
2019 4815 2550 4901 adﬂCatechutnenos,
2593 4827 2647 4872 ct
2670 4817 2758 4871 alii
2784 4819 2999 4889 quidam
3049 4838 3112 4876 ex
3147 4833 3290 4880 tomo
3319 4843 3463 4884 nono

194 4913 438 4969 translati
465 4913 568 4967 huc
578 4913 742 4968 libelli
766 4914 879 4969 sive
898 4912 1205 4978 Sermones,
1227 4927 1361 4982 quos
1380 4912 1432 4966 in
1458 4919 1695 4967 extrema
1717 4909 1997 4965 voluminis
2016 4918 2167 4979 parte
2206 4909 2576 4965 minutioribus
2599 4912 2738 4983 typis
2756 4910 2980 4969 excuses
2994 4928 3439 4985 repraesentamus
3453 4964 3470 4979 .

244 5026 321 5126 ιῐη
339 5025 647 5081 adornanda
674 5041 883 5097 quoque
916 5025 1223 5097 Appendice
1248 5041 1347 5081 nec
1372 5030 1561 5097 exigua
1605 5039 1731 5080 cura
1762 5067 1774 5091 ,
1801 5040 1899 5079 nec
1952 5024 2125 5078 inanis
2169 5024 2322 5080 labor
2370 5025 2642 5095 impensus
2679 5036 2780 5083 est.
2812 5028 3197 5100 Opusculorum
3245 5037 3470 5094 subditi.

195 5114 387 5173 tio‘rum
417 5118 625 5187 quaesiti
653 5126 777 5173 sunt
815 5126 869 5173 et
893 5118 1091 5188 reperti
1117 5118 1427 5188 plerumque
1451 5124 1717 5171 auctores.
1747 5114 1950 5185 Hugoni
1980 5115 2252 5170 Victorino
2301 5116 2599 5172 vindicatur
2627 5119 2837 5175 libellus
2879 5120 2948 5176 de
2995 5121 3299 5182 Substantia
3331 5128 3468 5187 dile-

194 5208 387 5264 ctionis
417 5225 432 5274 ;
465 5208 745 5279 eidemque
771 5209 873 5280 ipsi
899 5209 1137 5264 redditur
1166 5223 1302 5279 opus
1331 5206 1398 5263 de
1417 5215 1620 5278 septem
1651 5204 1826 5271 Vitiis,
1870 5214 1925 5261 et
1948 5213 2151 5275 septem
2184 5205 2347 5260 Donis
2366 5206 2593 5277 Spiritus
2615 5208 2802 5263 sancti.
2832 5208 2991 5266 Liber
3017 5211 3086 5267 de
3112 5213 3261 5269 Scala
3301 5216 3466 5273 Para-

195 5298 289 5354 tlisi
319 5296 617 5353 restituitur
636 5298 865 5369 Guigoni
897 5299 1250 5355 Cartbusiano
1282 5315 1296 5353 :
1327 5298 1393 5354 de
1422 5295 1735 5367 Cognitionc
1760 5312 1905 5353 vera:
1927 5297 2067 5362 vitae,
2099 5296 2332 5351 Honorio
2356 5298 2824 5367 Augustodunensi
2851 5317 2864 5355 :
2894 5300 2961 5357 de
3004 5303 3119 5358 Vita
3148 5300 3458 5376 christiana,

196 5386 435 5444 Fastidio
470 5389 672 5445 Britoni
702 5408 715 5443 :
748 5389 969 5445 Paulino
1006 5389 1367 5460 Aquileiensi,
1410 5388 1478 5445 de
1528 5387 1847 5443 salutaribus
1903 5387 2243 5442 Documentis
2271 5428 2285 5453 ,
2333 5386 2401 5443 de
2455 5389 2717 5444 Conﬂicttt
2765 5392 3013 5447 vitiorum
3049 5403 3103 5449 et
3154 5398 3407 5451 virtutum
3441 5442 3459 5467 ,

194 5479 474 5537 Ambrosio
515 5480 902 5552 Autperto:de
957 5481 1290 5537 Rectitudine
1317 5479 1593 5536 catholicae
1625 5478 2061 5544 conversationis,
2094 5494 2158 5535 ac
2205 5479 2427 5550 proinde
2479 5481 2637 5535 etiam
2685 5481 2753 5537 de
2798 5481 3041 5539 Vanitate
3086 5484 3312 5549 saeculi,
3348 5486 3468 5543 Eli-

194 5576 271 5643 gio
301 5571 642 5627 Noviomensi
674 5592 685 5626 :
719 5574 788 5629 de
812 5574 961 5628 Bono
987 5573 1281 5642 disciplinae
1304 5613 1321 5643 ,
1346 5570 1629 5628 Valeriano
1660 5570 1960 5642 Cymelensi
2006 5571 2257 5643 episcopo
2283 5614 2297 5639 ,
2348 5580 2449 5627 etc.
2478 5572 2709 5627 Libellus
2730 5573 2797 5628 de
2831 5575 3076 5631 Amicitia
3116 5593 3180 5633 ex
3228 5577 3465 5637 Aelredo

508 5664 732 5725 Smcr.
764 5666 1039 5725 Aususr.
1078 5663 1185 5724 VI.
2903 5667 3136 5748 {Una}

18 6268 262 6316 Lai-tl“.
