3996 6282
358 182 420 238 tt
1030 169 1117 223 ns
1158 164 1474 223 DIVERSIS
1498 154 2047 232 ‘QUAISTIONIBUS
2068 154 2348 222 LXXXIII,
2384 156 2444 213 s.
2485 128 2850 214 suousrmt
3550 55 3638 213 πεῖ

359 296 550 351 abbate
590 287 971 349 Rhievallensi,
1003 285 1275 355 Expositio
1297 280 1488 337 cantici
1514 275 1814 349 Magniﬁeat
1840 289 1904 328 ex
1932 269 2155 342 ilugone
2181 270 2470 340 Victorino,
2498 287 2562 327 ex
2591 267 2848 326 Anselmo
2886 269 3021 324 liber
3042 268 3111 325 de
3133 268 3464 325 Contritione
3491 283 3622 325 cor-

353 387 456 452 dis,
478 389 804 441 ettractatus
829 378 896 434 de
922 376 1248 433 Antichristo
1267 390 1334 429 ex
1358 372 1585 431 Alauiuo
1608 370 1892 439 decerptus
1920 363 2221 420 ostenditur
2250 382 2265 420 :
2298 379 2369 421 ne
2407 364 2537 434 quid
2584 363 2669 419 hic
2704 362 2961 418 addamus
2989 360 3055 415 de
3081 362 3146 416 iis
3188 361 3460 452 opusculis
3490 377 3615 431 qua:

352 450 453 535 suo
471 477 591 533 loco
614 476 959 530 observamus
986 484 1049 524 ex
1072 466 1366 537 Augustino
1386 463 1611 534 aliisque
1648 460 1996 529 scriptoribus
2035 457 2270 514 delibata
2317 454 2682 525 conliataque;
2726 452 2969 523 qua-dam
3010 460 3228 507 auctore
3252 450 3393 507 forte
3420 452 3627 507 Joanne

355 569 548 624 abbate
575 560 944 627 Fiscanuensi,
978 567 1101 630 puta
1124 555 1510 618 Meditationes,
1541 560 1671 617 etc.;
1700 549 1943 621 quadam
1969 556 2152 603 autem
2189 547 2419 603 Alehero
2443 543 2706 600 monacho
2731 540 3090 608 Cisterciensi,
3122 551 3213 596 aut
3252 557 3358 596 non
3397 542 3627 596 multum

353 659 648 730 antiquiore
666 653 1114 715 consarcinatore,
1146 647 1347 703 scilicet
1373 645 1441 700 de
1469 643 1668 714 Spiritu
1697 652 1754 738 et
1769 642 1978 738 anima,
2014 638 2385 738 Manuale-ac,
2424 633 2953 738 de.Di|igendo.Deo,
2983 641 3086 688 etc.
3138 632 3380 687 Praeﬁxis
3407 633 3622 687 demum

355 723 819 808 Adnionitionibus
844 745 895 800 in
924 740 1209 812 Opuscula,
1242 736 1370 809 quid
1400 736 1646 806 probum,
1667 731 1796 804 quid
1821 730 2111 797 eruditum,
2141 727 2272 799 quid
2289 728 2430 783 lectu
2456 725 2677 796 dignum
2707 723 2778 778 sit
2802 723 3122 777 indicamus.

364 836 3484 879 ἐμά-

366 917 519 981 Vide
550 921 847 995 prwterea
879 909 1107 973 librum
1149 864 1221 979 1,
1249 921 1383 984 cap.
1432 901 1535 975 26,
1586 907 1633 962 t.
1676 900 1735 973 1,
1769 864 2362 1004 -Rel-r:actati'o.nu.m,
2406 890 2526 954 σοι.
2554 888 2697 1004 ϐξῐι,
2742 910 2780 950 a
2835 888 3057 1002 verbis,
3087 889 3201 1004 Est
3238 887 3431 1004 etiam
3458 887 3631 947 inter

624 1014 736 1075 illa
768 1028 913 1090 quae
946 1006 1344 1086 scripsimus,
1369 1018 1558 1082 usque
1583 997 1663 1061 ad
1687 996 1805 1060 col.
1840 996 1983 1070 630,
2014 992 2237 1061 verbis,
2266 993 2491 1054 Utrum
2523 990 2741 1051 anima
2774 1004 2811 1049 a
2839 1006 2907 1049 se
2934 988 3073 1067 ipsa
3104 987 3209 1048 sit.
3271 984 3359 1046 M.

2116 1121 2302 1129 ____———

549 1124 2099 1153 _-_.__——_————_———————————-——I———-—'———-——lll_l_-

357 1132 2363 1198 ψ-
1525 1168 1652 1177 __.
1666 1132 2363 1175 :__._________

1525 1168 1652 1177 .—_—

884 1276 1040 1421 s.
1141 1220 1936 1415 AURELII

1666 1163 1989 1175 .___.._-_—-—-—

2944 1116 2969 1123 ..
2986 1116 3056 1121 --η
3231 1116 3255 1121 -.
3298 1114 3555 1122 μη...

2308 1113 3605 1161 Μ

2043 1250 3025 1400 AUGUSTIN

1320 1498 2078 1587 HIPPONENSIS
2132 1491 2659 1580 EPISCOPI

366 1665 608 1781 nn
642 1654 1490 1777 νινε-κως
1525 1648 2878 1800 coms-noman
2914 1651 3628 1765 Lxxxm

1697 1853 1968 1949 imiter
2012 1870 2231 1951 unus
2260 1871 2366 1948 (α).

1775 2022 2191 2074 ηκοωουοοκβ

511 2137 759 2204 thsrto
792 2145 970 2188 ratu.
1016 2127 1198 2185 Utrum
1232 2126 1401 2180 anima
1434 2142 1466 2177 a
1494 2140 1547 2178 se
1582 2125 1694 2193 ipsa
1722 2122 1804 2176 sit.

442 2229 611 2286 Omne
636 2239 821 2281 verum
847 2236 876 2276 a
903 2220 1129 2275 veritate
1147 2232 1332 2272 verum
1355 2222 1468 2279 est;
1497 2220 1550 2269 et
1574 2210 1747 2267 omnis
1771 2209 1945 2264 anima

372 2338 440 2380 eo
484 2323 661 2376 anima
706 2324 822 2380 est,
871 2328 976 2384 quo
1021 2325 1145 2365 vera
1191 2308 1365 2364 anima
1410 2314 1513 2361 est.
1556 2302 1740 2359 Omnis
1788 2301 1950 2371 igitur

372 2414 553 2469 anima
573 2425 601 2465 a
622 2408 842 2464 veritate
866 2402 1025 2459 habet
1044 2409 1099 2455 ut
1114 2399 1332 2455 omnino
1359 2397 1532 2452 anima
1558 2396 1646 2449 sit.
1676 2392 1831 2449 Aliud
1857 2406 1952 2445 au-

376 2513 484 2561 tem
514 2500 692 2557 anima
719 2504 823 2564 est,
850 2493 994 2550 aliud
1021 2492 1231 2547 veritas.
1270 2489 1401 2545 Nam
1429 2487 1626 2543 veritas
1668 2484 1947 2539 falsitatem

376 2605 646 2664 nunquam
664 2588 881 2660 patitur,
895 2584 1070 2639 anima
1088 2596 1216 2637 vero
1236 2594 1380 2651 ωερε
1399 2577 1619 2632 fallitur.
1635 2575 1747 2631 Non
1767 2574 1946 2644 igitur,

376 2698 499 2739 cum
538 2696 570 2736 a
599 2678 821 2736 veritate
847 2675 1021 2731 anima
1050 2679 1153 2737 est,
1192 2685 1224 2725 a
1265 2685 1324 2725 se
1359 2669 1473 2739 ipsa
1519 2676 1622 2723 est.
1653 2666 1749 2721 Est
1772 2673 1948 2719 autem

374 2772 576 2829 veritas
618 2769 759 2825 Deus
798 2781 814 2821 :
855 2765 1023 2820 Deum
1066 2761 1225 2832 igitur
1260 2758 1416 2814 habet
1471 2767 1740 2813 auctorem
1779 2765 1837 2809 ut
1883 2754 1951 2810 sit

372 2861 577 2918 extima.

837 2943 901 2999 ll.
942 2939 1023 2996 De
1060 2940 1216 2997 libero
1253 2936 1482 2992 arbitrio.

442 3039 619 3097 Omne
638 3034 781 3109 quod
806 3036 888 3101 tit,
917 3032 967 3088 ei
1004 3046 1033 3085 a
1071 3043 1180 3101 quo
1223 3028 1282 3083 tit
1322 3041 1421 3098 par
1459 3040 1580 3081 esse
1606 3039 1712 3080 non
1756 3030 1949 3094 potest.

380 3133 626 3206 Alioquin
653 3128 877 3202 justitia,
904 3142 1024 3198 quae
1056 3138 1151 3178 sua
1190 3121 1383 3192 cuique
1418 3119 1654 3175 tribuere
1678 3117 1856 3183 debet,
1886 3114 1953 3171 de

380 3226 541 3285 rebus
559 3221 831 3281 auferatur
850 3230 1070 3274 necesse
1093 3221 1193 3270 est.
1217 3210 1495 3267 Hominem
1524 3224 1650 3280 ergo
1670 3209 1811 3264 Deus
1831 3223 1950 3263 cum

382 3286 529 3384 rosa,
549 3329 846 3388 quanquam
875 3310 1135 3379 optimum
1168 3305 1382 3370 iecerit;
1415 3317 1518 3357 non
1550 3312 1724 3357 tamen
1751 3300 1802 3355 id
1831 3298 1955 3355 fecit

381 3410 521 3484 quod
546 3417 661 3465 erat
680 3407 814 3476 ipse.
838 3400 1025 3458 Melior
1055 3406 1235 3454 autem
1262 3396 1424 3484 homo
1442 3401 1523 3449 est
1544 3392 1635 3484 qui
1661 3392 1951 3484 voluntate,

376 3479 539 3571 qnam
560 3497 647 3569 qui
670 3492 985 3550 necessitate
1008 3488 1184 3544 bonus
1206 3492 1308 3542 est.
1326 3482 1581 3575 Voluntas
1609 3480 1767 3552 igitur
1786 3479 1953 3535 libera

377 3590 555 3650 danda
584 3583 788 3644 homini
814 3582 933 3639 fuit.

538 3679 627 3735 Ill.
671 3675 856 3734 Utrum
896 3672 1000 3727 Deo
1036 3676 1245 3725 arietare
1278 3665 1343 3722 sit
1381 3664 1530 3719 homo
1568 3661 1804 3718 deterior.

451 3769 608 3827 Nullo
648 3766 889 3837 sapiente
925 3758 1143 3815 homine
1181 3764 1399 3813 auctore
1429 3754 1486 3809 lit
1514 3752 1675 3808 homo
1701 3750 1954 3808 deterior.

382 3858 501 3920 Non
524 3859 668 3916 enim
692 3870 853 3929 parva
877 3853 976 3909 ista
1003 3852 1161 3922 culpa
1190 3857 1296 3915 est,
1324 3847 1434 3902 imo
1456 3853 1600 3900 tanta
1630 3851 1732 3911 est,
1760 3856 1879 3913 qua:
1902 3843 1956 3896 in

385 3952 678 4022 sapientem
714 3943 958 4018 quemvis
985 3942 1004 3976 ι
1053 3939 1322 3996 hominem
1347 3936 1540 3992 cadere
1587 3943 1834 4004 nequeat.
1866 3933 1955 3987 Est

384 4052 563 4098 autem
581 4040 721 4094 Deus
742 4035 886 4095 omni
913 4032 1136 4089 homine
1157 4030 1398 4100 sapiente
1426 4025 1781 4099 praestantior.
1797 4023 1958 4079 Multo

386 4133 561 4190 minus
601 4128 762 4202 igitur
800 4126 910 4181 Deo
949 4131 1170 4178 auctore
1208 4120 1269 4174 ﬁt
1309 4118 1470 4172 homo
1505 4115 1760 4172 deterior.
1794 4114 1960 4169 Multo

385 4224 528 4281 enim
582 4215 918 4291 praestantior
965 4212 1058 4267 Dei
1103 4210 1372 4275 voluntas,
1399 4221 1559 4278 quam
1606 4204 1836 4260 hominis
1871 4217 1959 4259 sa-

387 4317 595 4390 pientis;
616 4324 717 4368 est.
753 4311 849 4367 illo
877 4317 1053 4362 autem
1099 4311 1318 4359 auctore
1340 4315 1463 4356 cum
1491 4298 1704 4364 dicitur,
1732 4296 1824 4390 illo
1865 4311 1960 4351 vo-

387 4388 532 4466 lente
550 4404 763 4462 dicitur.
793 4403 886 4456 Est
911 4412 1040 4468 ergo
1066 4395 1251 4450 vitium
1277 4391 1560 4446 voluntatis
1574 4396 1780 4458 quaest
1802 4388 1962 4442 homo

389 4498 660 4557 deterior:
684 4491 828 4564 quod
855 4489 1048 4544 vitium
1073 4486 1118 4541 si
1146 4485 1303 4554 longe
1328 4482 1480 4537 abest
1503 4495 1535 4535 a
1556 4479 1651 4535 Dei
1669 4477 1960 4543 voluntate,

390 4599 451 4647 ut
473 4588 611 4646 ratio
633 4585 813 4667 docet.
838 4579 891 4639 in
922 4592 1028 4649 quo
1053 4575 1125 4631 sit
1147 4571 1492 4646 quaerendum
1519 4578 1622 4625 est.

452 4707 471 4739 ι
504 4700 745 4754 satum.
768 4700 846 4745 er.
871 4678 924 4744 et
964 4690 1077 4741 libri
1098 4687 1281 4753 aliquot
1314 4692 1447 4748 Mss,
1464 4679 1693 4750 quamvis.
1726 4679 1801 4732 sic
1821 4682 1966 4732 etiam

393 4774 525 4890 war.)
559 4768 810 4872 tzeboatus
828 4786 921 4868 sub
939 4811 1087 4865 linem
1106 4811 1219 4862 anni
1238 4808 1350 4861 388.

2226 2121 2315 2176 iV.
2375 2122 2502 2190 Qua:
2536 2124 2600 2177 sit
2637 2139 2793 2179 causa
2829 2135 2884 2178 ut
2921 2124 2985 2180 sit
3024 2126 3173 2181 homo
3216 2127 3455 2183 deterior.

2124 2209 2192 2267 Ut
2219 2210 2288 2266 sit
2309 2211 2477 2266 homo
2504 2212 2739 2269 deterior
2768 2221 2860 2269 aut
2896 2215 2949 2269 in
2978 2216 3093 2286 ipso
3123 2231 3283 2271 causa
3311 2229 3414 2285 est,
3441 2225 3533 2273 aut
3571 2216 3624 2273 in

2052 2302 2157 2359 alio
2183 2302 2381 2374 aliquo,
2408 2314 2499 2359 aut
2528 2306 2580 2361 in
2624 2306 2812 2363 nihilo.
2861 2307 2917 2364 Si
2960 2308 3012 2362 in
3063 2307 3253 2377 nihilo,
3282 2311 3427 2387 nulla
3473 2325 3628 2366 causa

2052 2403 2153 2449 est.
2200 2397 2305 2450 Aut
2346 2396 2389 2451 si
2436 2397 2507 2451 ita
2554 2397 2811 2469 accipitur
2855 2400 2908 2453 in
2951 2398 3141 2469 nihilo,
3187 2402 3328 2472 quod
3380 2401 3539 2458 homo
3568 2417 3624 2458 ex

2054 2483 2221 2539 nihilo
2249 2483 2419 2540 factus
2443 2494 2546 2553 est,
2576 2488 2662 2542 vel
2688 2503 2753 2543 ex
2785 2488 2848 2542 iis
2869 2504 2986 2558 quae
3012 2505 3077 2545 ex
3111 2489 3278 2545 nihilo
3314 2489 3451 2546 facta
3477 2500 3601 2546 sunt

2053 2588 2264 2628 rursum
2310 2576 2362 2629 ln
2400 2574 2519 2644 ipso
2545 2577 2649 2631 erit
2676 2592 2857 2645 causa,
2884 2579 3027 2650 quod
3054 2579 3172 2645 ejus
3209 2582 3360 2651 quasi
3390 2582 3634 2637 materies

2054 2673 2136 2719 est
2176 2666 2417 2721 nihilum.
2449 2665 2504 2722 Si
2542 2667 2597 2722 in
2634 2668 2740 2723 alio
2768 2668 2968 2741 aliquo,
3001 2679 3183 2726 utrum
3223 2672 3276 2727 in
3318 2674 3447 2740 Deo,
3475 2688 3543 2729 an
3583 2673 3635 2728 in

2054 2754 2290 2825 quolibet
2326 2756 2432 2811 alio
2477 2756 2722 2822 homine;
2752 2774 2819 2814 an
2868 2761 2920 2815 in
2963 2776 3031 2816 eo
3073 2760 3214 2833 quod
3258 2777 3434 2834 neque
3473 2763 3634 2831 Deus,

2034 2859 2228 2915 .neque
2270 2846 2432 2901 homo
2474 2849 2563 2902 sit.
2601 2848 2707 2903 Sed
2752 2865 2856 2904 non
2901 2852 2953 2905 in
2996 2851 3140 2918 Deo;
3189 2852 3449 2907 bonorum
3494 2855 3633 2909 enim

2056 2933 2196 2989 Deus
2218 2950 2377 2990 causa
2413 2945 2515 2991 est.
2545 2936 2603 2992 Si
2629 2952 2756 3009 ergo
2794 2939 2847 2993 in
2885 2939 3122 3009 homine,
3155 2952 3246 2997 aut
3273 2942 3346 3010 vi,
3377 2953 3471 2999 aut
3511 2959 3632 2999 sua-

2056 3025 2228 3081 sione.
2278 3025 2384 3083 Sed
2430 3026 2484 3082 vi
2530 3028 2675 3083 nullo
2724 3030 2912 3098 modo,
2962 3047 3029 3087 ne
3077 3032 3147 3087 sit
3195 3032 3306 3089 Deo
3351 3034 3630 3090 valentior.

2054 3104 2328 3185 Siquidem
2366 3118 2505 3173 Deus
2536 3121 2605 3173 ita
2627 3120 2826 3191 optime
2849 3121 3119 3179 hominem
3163 3123 3309 3191 fecit,
3351 3134 3408 3181 ut
3435 3122 3482 3181 si
3528 3127 3633 3182 vel-

2058 3206 2131 3260 let
2177 3222 2391 3264 manere
2441 3208 2691 3279 optimus,
2747 3212 2892 3266 nullo
2932 3214 3219 3270 resistente
3266 3214 3638 3286 impediretur.

2056 3300 2314 3357 Suasione
2350 3311 2529 3357 autem
2567 3303 2784 3359 alterius
2831 3305 3059 3363 hominis
3094 3308 3139 3363 si
3169 3308 3513 3365 concedimus
3538 3309 3639 3364 ho—

2057 3394 2255 3450 minem
2300 3394 2601 3467 depravari,
2648 3412 2860 3454 rursum
2890 3401 3236 3470 quaerendum
3276 3402 3398 3468 erit,
3449 3417 3641 3457 suasor

2056 3484 2173 3556 ipse
2209 3500 2240 3539 a
2271 3500 2376 3556 quo
2405 3486 2720 3557 depravatus
2747 3490 2835 3543 sit.
2876 3488 2992 3545 Non
3041 3493 3182 3545 enim
3227 3499 3403 3560 potest
3440 3506 3642 3561 pravus

2058 3590 2165 3631 non
2199 3590 2319 3633 esse
2362 3578 2544 3633 talium
2592 3594 2800 3635 suasor.
2851 3580 3034 3636 Restat
3084 3583 3267 3638 nescio
3305 3583 3453 3655 quid,
3497 3584 3642 3655 quod

2060 3683 2159 3724 nec
2197 3669 2360 3735 Deus,
2405 3686 2504 3725 nec
2540 3671 2704 3725 homo
2744 3671 2851 3727 sit:
2884 3674 2980 3729 sed
3028 3681 3205 3728 tamen
3244 3674 3350 3730 hoc
3389 3674 3643 3747 quidquid

2059 3760 2194 3827 est‘,
2236 3768 2328 3816 aut
2355 3764 2461 3816 vim
2493 3762 2699 3830 intulit,
2738 3770 2830 3818 aut
2864 3763 3051 3818 suasit.
3095 3763 3170 3820 De
3196 3764 3247 3820 vi
3277 3765 3381 3822 hoc
3419 3779 3643 3835 respon-

2061 3849 2216 3908 detur
2239 3853 2389 3933 quod
2407 3867 2565 3925 supra
2604 3873 2618 3910 :
2660 3854 2726 3911 de
2751 3856 3000 3912 suasione
3040 3852 3217 3911 autem
3247 3854 3504 3926 quidquid
3537 3864 3640 3923 est,

2062 3943 2182 4014 quia
2217 3944 2396 4000 suasio
2434 3959 2539 4000 non
2567 3946 2707 4017 cogit
2749 3946 2991 4014 invitum,
3023 3946 3090 4002 ad
3129 3946 3367 4018 ejusdem
3412 3946 3645 4004 hominis

2060 4035 2386 4092 voluntatem
2407 4051 2566 4093 causa
2582 4037 2808 4109 deprava
2817 4038 2976 4095 tionis
2997 4039 3113 4109 ejus
3135 4039 3293 4107 redit,
3312 4040 3425 4096 sive
3442 4039 3643 4111 aliquo,

2063 4128 2176 4185 sive
2195 4128 2343 4184 nullo
2367 4128 2624 4185 suadente
2650 4130 2971 4199 depravatus
2996 4130 3089 4185 sit.

2165 4219 2231 4278 Υ.
2274 4219 2456 4276 Utrum
2475 4222 2666 4277 animal
2689 4221 2982 4276 irrationale
3000 4219 3199 4277 beatum
3224 4237 3334 4277 esse
3361 4220 3536 4291 possit.

2136 4310 2344 4366 Animal
2372 4310 2512 4381 quod
2548 4318 2694 4366 caret
2730 4310 2957 4374 ratione,
2984 4318 3132 4364 caret
3158 4311 3400 4366 scientia.
3430 4310 3646 4373 Nullum

2066 4409 2242 4455 autem
2263 4400 2458 4454 animal
2482 4399 2620 4469 quod
2642 4400 2862 4454 scientia
2880 4408 3044 4464 caret,
3068 4398 3280 4455 beatum
3305 4415 3425 4456 esse
3449 4412 3645 4472 potest.

2067 4490 2181 4546 Non
2208 4490 2368 4562 igitur
2389 4490 2530 4547 cadit
2548 4491 2603 4545 in
2622 4490 2871 4546 animalia
2905 4490 3128 4547 rationis
3147 4494 3386 4563 expertia
3412 4504 3469 4549 ut
3492 4495 3647 4552 beata

2067 4582 2195 4638 sint.

2070 4807 2086 4850 l
2120 4740 2641 4850 ιῗνιιΐπίῗιροαοδιω’
2679 4740 2766 4791 ω
2802 4737 3059 4791 mm
3102 4739 3342 4806 maid
3383 4748 3471 4796 θα·
3497 4745 3637 4793 *δὴ

2093 4815 2167 4850 ,ιλ
2207 4814 2259 4848 ,Ο
2363 4816 2420 4849 -υι
2531 4837 2542 4849 ο

2093 4814 2216 4863 .ugu.
2231 4814 2282 4850 et
2306 4814 2420 4849 ven.
2487 4814 2542 4849 ill.

1590 4924 1873 4967 ADIONITIO
1897 4923 1978 4962 PP.
2001 4921 2428 4962 BENEDICTORUI.

454 5015 740 5080 ηεοοερίιιμε
769 5017 843 5063 εει
859 5009 923 5061 de
940 5020 1067 5080 ηονο
1088 5004 1337 5080 (rimae
1344 5001 1579 5080 913.9249.
1590 5000 1800 5080 ﬁt???

1818 4998 2169 5060 Quaestionibus
2197 4997 2421 5060 LXXXIII)
2435 4998 2492 5047 ad
2525 4996 2716 5060 eodices
2740 5007 2844 5048 MSS.

2878 5000 3168 5073 quindecim,
3182 5001 3379 5073 scilicet
3495 4998 3634 5054 Roma

393 5057 843 5132 miiﬁﬁfﬁeéé'
865 5057 1125 5121 immane"
1136 5068 1285 5127 duos,
1317 5065 1377 5115 ad
1410 5064 1705 5132 Parisienses
1734 5057 1894 5132 hegjte
1922 5059 2230 5132 bibliothecae
2261 5057 2412 5107 unum
2428 5094 2452 5132 ε
2486 5057 2680 5122 collegii
2716 5057 2955 5132 patarrici
2987 5062 3133 5132 duos,
3151 5057 3424 5132 _'_Sorbonici
3442 5076 3642 5132 unum,

394 5140 846 5206 Αυειιειίξιξξιυοωω

880 5119 1074 5197 rhetoris
1092 5119 1571 5197 o'aveyitqsﬁwm.’
1593 5119 2379 5197 amaseicseavstemeseue.
2399 5119 2759 5197 ,βετιηψδιιξίβ
2789 5124 2958 5197 ειοεινὲ.
2977 5119 3183 5197 wsb“
3224 5135 3406 5197 ιιηυειξν
3440 5126 3559 5197 item
3590 5119 3645 5176 ³ο

393 5181 973 5252 ἕῖῗιεῖἶιῆἷοέἓξιῖἆιείἐ,’
997 5181 1041 5243 ε.
1067 5189 1265 5252 Benigni
1287 5181 1614 5252 Divionensi's,
1641 5182 1955 5252 _S.Jblichaelis
1979 5183 2026 5252 in
2049 5181 2275 5252 Pericula,
2296 5183 2440 5233 maris
2472 5195 2619 5252 unum
2636 5215 2651 5240 ,
2686 5183 2743 5231 ad
2767 5184 2895 5252 duos
2914 5185 3289 5252 Cistercienses,
3325 5192 3376 5235 ct
3407 5184 3472 5252 ad.
3498 5198 3647 5252 unum

940 5227 2063 5319 b.“a;“s".'°6ép?gjé;‘éa's§obrhmanas;
2087 5227 2661 5319 xaaitgggmsaa‘s
2681 5227 3388 5319 ξέξήῑιδῑξεεᾟῖείίδῐέξζίειηξιέ
3407 5227 3648 5319 augeas.

394 5304 908 5389 ὂῑιᾶὖῖῖέεῐίέῐιὲᾇί
940 5316 1097 5367 studio
1126 5304 1363 5389 τιιεοιοιτξῑ
1402 5304 2178 5389 merassas'lsssﬂesa
2455 5304 3649 5389 ‘i‘ﬂ‘lﬂi.“§§--ii"§iﬁf’m93‘i“?i§.

394 5365 1002 5441 éﬁiiiSBEsﬂii’f‘iaest
1026 5387 1136 5441 qute
1169 5365 1417 5441 Augustini
1449 5367 1803 5441 Batiswnensis
1832 5365 1947 5441 cura
1968 5366 2181 5441 Lugduni
2203 5379 2291 5441 per
2311 5365 2446 5441 ioan.
2473 5365 2709 5441 τηρ-ξριθί
2743 5376 3040 5441 exaugeat,
3075 5381 3203 5419 anno
3223 5369 3342 5419 1497
3358 5365 3485 5441 ;_ErI
3505 5381 3650 5439 quam

394 5419 1611 5501 ιῗξὸἓξιῖὶῖὐέίὶῶιιῖὲῶξιῖιυξἴιῖέιέοβοςιίειῲ
1641 5428 1779 5493 prelo
1813 5429 1891 5501 edi
1922 5419 2123 5501 ereavit
2139 5419 2361 5501 Basileee,
2404 5441 2483 5478 an.
2533 5427 2683 5501 1518A,
2730 5436 2785 5479 et
2816 5430 2963 5481 editio
2994 5419 3106 5481 hev.
3139 5443 3251 5494 qua:
3284 5419 3649 5480 ex'Lovaﬁien-

394 5489 903 5568 iiiiﬁﬁiédidédmm
934 5498 1225 5550 recensione
1255 5493 1529 5555 Antuerpize
1560 5489 1793 5554 impressa
1824 5498 1900 5540 est
1930 5489 2236 5539 Plantinianis
2265 5491 2412 5553 typis,
2444 5503 2525 5540 an.
2564 5489 2700 5542 1576.

482 5589 783 5661 Praeterea
818 5582 1303 5666 comparavimus
1337 5596 1435 5640 eas
1465 5593 1669 5639 omnes
1698 5574 1996 5638 editiones
2026 5574 2207 5638 initio
2238 5575 2408 5638 Retr.
2425 5582 2487 5637 et
2502 5575 2789 5641 Confess.
2841 5584 2889 5636 t.
2923 5575 2981 5652 1,
3008 5583 3404 5641 memoratas.
3480 5572 3570 5638 Μ.
3623 5636 3627 5663 ᾖ
