3988 6396
190 0 409 13 ἢ

936 329 1017 383 γι.
1061 327 1130 382 De
1179 324 1329 379 malo.

394 426 571 480 Omne
608 424 755 495 quod
795 432 903 490 est,
930 430 1017 476 aut
1056 428 1135 473 est
1177 429 1514 486 corporeum,
1544 419 1634 465 aut
1664 412 1910 478 incorpo-

308 532 502 572 reum.
531 516 874 585 Corporeum
913 509 1163 575 sensibili,
1207 509 1577 576 incorporeum
1608 508 1785 556 autem
1832 500 1911 554 in-

314 606 590 677 telligihili
635 604 822 675 specie
867 603 1182 657 continetur.
1224 598 1394 654 Omne
1434 595 1589 665 igitur
1620 591 1759 662 quod
1804 598 1908 656 est,

312 700 441 754 sine
473 698 652 767 aliqua
683 695 868 765 specie
888 710 993 749 non
1023 701 1121 748 est.
1151 690 1253 746 Ubi
1279 697 1454 744 autem
1478 687 1655 755 aliqua
1683 683 1908 754 species,

313 789 635 844 necessario
660 796 745 841 est
776 785 965 855 aliquis
994 782 1200 848 modus,
1234 788 1287 835 et
1323 780 1513 833 modus
1550 774 1746 845 aliquid
1784 772 1911 828 boni

311 889 421 934 est.
453 878 736 934 Summum
765 891 893 946 ergo
920 875 1115 928 malum
1140 872 1338 926 nullum
1366 869 1581 923 modum
1604 866 1797 927 habet;
1824 879 1911 919 ca.

312 984 404 1028 ret
427 973 569 1026 enim
591 969 738 1024 omni
771 967 933 1022 bono.
953 966 1065 1020 Non
1089 974 1168 1019 est
1195 964 1377 1033 igitur;
1410 961 1531 1030 quia
1564 958 1707 1012 nulla
1734 956 1910 1026 specie

314 1064 653 1128 continetur,
705 1070 981 1129 totumque
1032 1058 1133 1112 hoc
1186 1071 1379 1111 nomen
1432 1052 1555 1108 mali
1600 1050 1667 1106 de
1710 1048 1908 1120 speciei

315 1155 625 1224 privatione
657 1160 927 1222 repertum
955 1158 1054 1203 est.

431 1243 544 1299 VII.
593 1244 718 1311 ρυω
765 1242 971 1311 praprie
1006 1241 1061 1293 in
1095 1239 1350 1291 animante
1383 1234 1553 1288 anima
1583 1232 1800 1286 dicatur.

398 1339 589 1393 Anima
616 1334 902 1405 aliquando
928 1334 999 1387 ita
1032 1332 1245 1393 dicitur,
1268 1337 1324 1382 ιιι
1357 1342 1477 1382 cum
1507 1333 1688 1381 mente
1716 1323 1909 1377 intelli-

312 1439 519 1500 gatur;
549 1428 700 1481 veluti
726 1442 848 1481 cum
877 1425 1101 1479 dicimus
1130 1421 1397 1476 hominem
1425 1434 1492 1474 ex
1519 1418 1692 1472 anima
1717 1424 1772 1470 et
1791 1430 1908 1469 cor-

314 1536 460 1591 pore
506 1527 785 1574 constare:
820 1515 1103 1586 aliquando
1144 1514 1235 1577 ita,
1268 1521 1325 1566 ut
1361 1518 1579 1580 execpta
1623 1516 1802 1563 mente
1830 1505 1907 1560 di-

308 1621 495 1666 catur.
517 1609 619 1665 Sed
640 1624 762 1663 cum
785 1616 1007 1677 excepta
1034 1613 1211 1659 mente
1237 1604 1450 1668 dicitur,
1469 1618 1533 1657 ex
1572 1600 1635 1654 iis
1656 1598 1906 1668 operibus

315 1702 635 1773 intelligitur
659 1716 777 1771 quae
806 1699 1064 1753 habemus
1089 1712 1211 1752 cum
1241 1695 1425 1749 bestiis
1452 1692 1774 1747 communia.
1809 1691 1908 1745 Be-

306 1796 435 1850 Stize
471 1810 703 1864 namque
726 1801 909 1847 carent
952 1791 1177 1855 ratione,
1201 1803 1320 1858 qum
1360 1786 1550 1840 mentis
1588 1798 1799 1853 semper
1825 1789 1908 1837 est

310 1887 535 1957 propria
546 1925 558 1937 .

550 1976 683 2031 VIII.
743 1976 927 2031 Utrum
964 1990 1054 2042 per
1089 1988 1144 2025 se
1180 1970 1350 2023 anima
1389 1976 1664 2021 moveatur.

392 2067 593 2122 Moveri
624 2082 720 2137 per
749 2082 806 2120 se
831 2066 1061 2119 animam
1089 2062 1278 2125 sentit,
1308 2058 1399 2129 qui
1434 2057 1595 2113 sentit
1616 2055 1669 2110 in
1700 2070 1759 2110 se
1787 2068 1905 2109 esse

211 2217 216 2220 _
306 2160 672 2214 voluntatem.
701 2152 831 2210 Nam
859 2156 903 2209 si
927 2154 1191 2219 volumus,
1216 2166 1320 2205 non
1351 2147 1488 2203 alius
1507 2146 1574 2202 de
1596 2145 1750 2200 nobis
1772 2143 1902 2199 vult.

306 2251 383 2305 Et
426 2251 529 2304 iste
569 2259 748 2302 motus
776 2247 964 2300 anima:
1003 2251 1327 2312 spontaneus
1373 2247 1488 2303 est;
1529 2236 1631 2291 hoc
1670 2234 1812 2290 enim
1854 2233 1903 2288 ei

309 2343 580 2397 tributum
604 2350 688 2395 est
712 2356 740 2393 a
775 2340 883 2393 Deo
913 2357 923 2390 :
955 2337 1041 2406 qui
1075 2344 1251 2389 tamen
1297 2340 1492 2396 motus,
1538 2343 1642 2383 non
1682 2326 1750 2381 de
1787 2326 1905 2380 loco

313 2442 376 2494 in
421 2438 597 2492 locum
624 2443 721 2497 est,
754 2442 1003 2500 tanquam
1035 2425 1294 2496 corporis.
1324 2422 1589 2478 Localiter
1615 2418 1757 2474 enim
1785 2431 1903 2470 mo-

309 2529 432 2584 veri
462 2525 696 2595 corporis
727 2520 1006 2593 proprium
1035 2526 1133 2572 est.
1169 2516 1233 2569 Et
1259 2528 1377 2569 cum
1406 2513 1581 2565 anima
1610 2509 1899 2572 voluntate,

310 2620 371 2676 id
400 2627 504 2681 est,
538 2616 627 2670 illo
656 2625 802 2670 mow
828 2612 917 2682 qui
956 2608 1135 2663 loralis
1166 2621 1271 2660 non
1294 2612 1394 2669 est,
1426 2617 1620 2671 corpus
1645 2615 1797 2653 suum
1824 2607 1905 2652 ta-

317 2724 447 2764 men
488 2707 729 2761 localiter
774 2710 974 2767 movet,
1006 2714 1111 2753 non
1156 2712 1219 2752 ex
1253 2695 1437 2750 eodem
1483 2698 1809 2745 monstratur
1848 2696 1904 2743 et

314 2803 439 2873 ipsa
480 2800 715 2855 localiter
751 2793 971 2849 moveri.
1015 2791 1161 2846 Sicut
1203 2786 1440 2840 videmus
1477 2798 1506 2835 a
1542 2781 1757 2836 cardine
1783 2794 1902 2834 mo-

310 2894 429 2949 veri
450 2889 646 2962 aliquid
672 2904 768 2958 per
794 2899 1036 2955 magnum
1063 2878 1292 2950 spatium
1313 2875 1436 2943 loci,
1458 2882 1511 2929 et
1533 2884 1706 2927 tamen
1725 2873 1901 2941 ipsum

301 2981 624 3038 cardinem‘
669 2994 774 3033 non
801 2974 999 3029 moveri
1029 2973 1168 3025 loco.

350 3072 448 3127 IX.
501 3069 685 3125 Utrum
717 3066 973 3137 corporeis
1011 3061 1236 3117 sensibus
1265 3054 1454 3129 percipi
1477 3055 1659 3109 veritas
1687 3052 1862 3123 possit.

384 3164 557 3221 Omne
581 3160 721 3233 quod
744 3170 1034 3228 corporeus
1059 3166 1248 3209 sensus
1286 3150 1513 3219 attingit,
1538 3146 1678 3218 quod
1701 3154 1754 3201 et
1778 3159 1903 3200 sen-

304 3256 471 3314 sibile
501 3254 715 3320 dicitur,
743 3251 859 3305 sine
885 3248 992 3303 ulla
1033 3241 1428 3300 intermissione
1464 3238 1717 3307 temporis
1754 3250 1901 3291 com-

304 3354 551 3405 mutatur
572 3344 651 3417 (a)
674 3361 688 3397 :
713 3339 861 3397 velut
882 3353 1005 3394 cum
1027 3332 1204 3405 capilli
1224 3333 1415 3403 capitis
1444 3331 1606 3385 nostri
1630 3337 1895 3393 crescunt,

308 3439 404 3494 vel
430 3449 624 3505 corpus
656 3432 826 3502 vergit
852 3431 904 3484 in
932 3435 1283 3489 senectutem,
1310 3430 1405 3477 aut
1437 3422 1489 3475 in
1514 3419 1785 3489 juventam
1815 3419 1896 3472 ef-

304 3527 570 3589 florescit,
588 3531 849 3596 perpetuo
879 3519 931 3575 id
957 3519 1035 3582 fit,
1064 3531 1166 3571 nec
1191 3515 1407 3568 omnino
1433 3509 1734 3566 intermittit
1758 3508 1893 3563 ficri.

302 3618 466 3687 Quod
503 3595 679 3671 autem
733 3626 836 3667 non
889 3616 1087 3674 manet,
1119 3604 1318 3676 percipi
1362 3618 1468 3656 non
1522 3609 1736 3670 potest:
1769 3595 1897 3653 illud

304 3712 454 3768 enim
490 3707 785 3779 percipitur
806 3701 947 3774 quod
977 3698 1197 3756 scientia
1222 3691 1706 3764 comprehenditur.
1737 3688 1896 3744 Com-

309 3801 574 3875 prehendi
588 3808 765 3854 autem
784 3811 887 3851 non
902 3788 1226 3865 potestquod
1242 3788 1356 3842 sine
1370 3783 1759 3839 intermissione
1774 3796 1895 3835 mu-

310 3870 475 3951 tatur.
506 3891 626 3947 Non
644 3899 727 3944 est
747 3887 903 3956 igitur
920 3877 1276 3952 exspectanda
1303 3875 1581 3931 sinceritas
1606 3870 1843 3927 veritatis
1863 3885 1893 3924 a

310 3985 562 4044 sensibus
584 3980 848 4050 corporis.
872 3975 980 4032 Sed
1013 3989 1082 4029 ne
1110 3971 1231 4042 quis
1256 3967 1396 4024 dicat
1424 3980 1544 4021 esse
1575 3965 1747 4035 aliqua
1768 3976 1895 4017 sen-

307 4078 485 4134 sibilia
512 4047 704 4131 eodem
732 4069 891 4125 modo
918 4080 1130 4136 semper
1158 4060 1444 4122 manentia,
1469 4047 1523 4113 ά
1548 4056 1893 4127 ηυωειίοηοιη

308 4169 469 4225 nobis
497 4167 564 4220 de
600 4165 712 4220 sole
753 4170 913 4230 atque
952 4154 1120 4213 stellis
1159 4153 1363 4216 afferat,
1411 4152 1462 4203 in
1505 4147 1695 4218 quibus
1741 4146 1895 4202 facile

304 4258 562 4317 convinci
609 4271 710 4310 non
749 4260 960 4325 potest;
1004 4248 1130 4304 illud
1174 4253 1317 4301 certe
1360 4257 1519 4297 nemo
1558 4250 1641 4295 est
1668 4238 1755 4309 qui
1787 4254 1892 4293 non

305 4358 537 4423 cogatur
565 4346 735 4412 fateri,
768 4342 900 4399 nihil
930 4355 1049 4396 esse
1090 4336 1343 4393 sensibile
1368 4331 1508 4404 quod
1550 4346 1659 4423 non
1704 4328 1895 4385 habeat

306 4421 485 4500 simile
512 4439 673 4505 falso,
703 4439 773 4492 ita
802 4442 862 4490 ut
887 4430 1173 4488 internosci
1199 4444 1307 4484 non
1332 4424 1516 4497 possit.
1548 4421 1679 4478 Nam
1708 4431 1766 4477 ut
1791 4422 1893 4476 alia

308 4534 739 4608 pratermittam,
757 4528 935 4585 omnia
961 4539 1078 4597 quae
1103 4539 1199 4595 per
1220 4534 1413 4592 corpus
1439 4519 1715 4582 sentimus,
1733 4516 1891 4571 etiam

304 4644 428 4684 cum
460 4642 525 4681 ea
563 4639 671 4679 non
701 4621 894 4675 adsunt
919 4616 1184 4678 sensibus,
1213 4613 1469 4682 imagines
1497 4619 1675 4665 tamen
1707 4622 1891 4664 eorum

307 4718 541 4789 patimur
571 4725 822 4782 tanquam
848 4722 1062 4781 prorsus
1090 4705 1283 4768 adsint,
1310 4703 1392 4757 vel
1418 4702 1469 4756 in
1492 4715 1700 4766 somno,
1726 4698 1811 4754 vel
1837 4699 1891 4753 in

306 4810 512 4865 furore.
545 4805 698 4875 Quod
726 4818 845 4858 cum
889 4803 1139 4871 patimur,
1181 4798 1399 4851 omnino
1427 4803 1605 4850 utrum
1648 4804 1709 4846 ea
1765 4789 1892 4860 ipsis

304 4902 557 4961 sensibus
600 4898 913 4962 sentiamus,
956 4903 1048 4949 aut
1087 4891 1344 4961 imagines
1391 4886 1719 4943 sensibilium
1762 4883 1889 4949 sint,

303 4994 617 5049 discernere
646 5003 753 5043 non
775 4988 1031 5041 valemus.
1060 4983 1116 5039 Si
1146 4983 1302 5052 igitur
1330 4988 1453 5033 sunt
1491 4977 1746 5046 imagines
1772 4986 1891 5027 sen-

304 5084 544 5141 sibilium
575 5081 745 5144 falsae,
773 5093 889 5148 qua:
910 5074 1138 5130 discerni
1170 5072 1297 5143 ipsis
1327 5069 1569 5124 sensibus
1600 5072 1887 5136 nequeunt,

302 5184 363 5233 et
392 5173 526 5230 nihil
567 5170 771 5244 percipi
802 5177 976 5240 potest
1005 5166 1105 5221 nisi
1144 5162 1284 5235 quod
1321 5177 1351 5217 a
1382 5160 1512 5215 falso
1552 5157 1888 5223 discernitur,

306 5281 419 5324 non
446 5276 528 5323 est
548 5265 808 5338 judicium
850 5261 1089 5316 veritatis
1142 5257 1485 5312 constitutum
1530 5253 1581 5308 in
1624 5250 1887 5307 sensibus.

301 5353 665 5428 Quamobrem
709 5353 1063 5409 saluberrime
1102 5348 1452 5405 admonemur
1487 5342 1654 5400 averti
1688 5341 1754 5397 ab
1791 5340 1890 5396 hoc

365 5516 441 5580 (a)
471 5520 491 5565 ι
524 5521 729 5567 semet.
754 5523 866 5574 cap.
887 5508 968 5559 se.

376 5604 392 5633 ⁸
426 5601 508 5651 Hic
533 5608 629 5651 ttat.
658 5604 712 5650 et
732 5604 841 5648 tres
863 5602 967 5642 Vss.
994 5589 1189 5649 addunt,
1216 5586 1451 5651 siquidem
1473 5582 1824 5648 imperabilem.

220 202 227 215 ”
316 222 392 279 13
1756 205 1898 262 una

2017 204 2192 262 JNUS.
3518 208 3555 262 vi
3574 206 3602 261 ι

2021 311 2242 379 mundo,
2274 312 2363 382 qui
2405 312 2645 383 profecto
2671 327 2962 383 corporeus
3002 323 3085 371 est
3125 325 3182 373 et
3208 317 3509 385 sensibilis,
3549 335 3603 376 et

2016 401 2085 456 ad
2116 403 2305 469 Deum,
2330 403 2382 458 id
2407 412 2491 459 est
2516 406 2814 472 veritatem,
2835 422 2951 475 quae
2976 406 3249 464 intellectu
3271 419 3326 465 et
3350 410 3603 467 interiore

2015 501 2195 550 mente
2219 495 2449 565 capitur,
2478 510 2599 566 quae
2640 510 2852 565 semper
2881 506 3059 553 manet
3090 505 3146 553 et
3180 498 3419 569 ejusdem
3456 501 3601 556 modi

2017 594 2126 651 est,
2159 602 2278 655 quae
2325 601 2430 642 non
2470 587 2631 643 habet
2670 588 2953 658 imaginem
2992 590 3133 657 falsi,
3161 605 3192 645 a
3218 606 3324 661 qua
3364 592 3599 648 discerni

2017 690 2124 730 non
2154 677 2344 747 possit,
2375 686 2483 733 tota
2510 679 2784 735 alacritate
2812 679 3070 736 converti.

2377 788 2446 847 Χ.
2494 792 2675 849 Utrum
2713 811 2898 867 corpus
2934 814 2966 850 a
3002 797 3111 852 Deo
3147 799 3233 852 sit.

2084 881 2256 936 Omne
2283 882 2481 937 bonum
2521 898 2551 938 a
2593 884 2702 940 Deo
2731 904 2745 941 :
2772 901 2933 942 omne
2959 889 3255 958 speciosum
3295 890 3514 958 bonum,
3546 893 3595 946 in

2015 980 2271 1040 quantum
2298 973 2599 1042 specioSum
2639 982 2756 1039 est;
2802 984 2855 1031 et
2880 992 3038 1032 omne
3061 978 3203 1048 quod
3230 979 3439 1048 species
3465 994 3595 1034 con-

2005 1062 2163 1144 tinet,
2186 1063 2483 1133 Speeiosum
2501 1073 2601 1120 est.
2620 1065 2791 1122 Omne
2808 1080 2981 1122 autem
2997 1084 3208 1139 corpus,
3228 1078 3286 1124 ut
3300 1086 3493 1141 corpus
3507 1073 3595 1139 sit,

2013 1154 2194 1223 specie
2231 1155 2403 1225 aliqua
2444 1158 2766 1213 continetur.
2797 1160 2966 1215 Omne
2994 1160 3154 1231 igitur
3178 1176 3373 1232 corpus
3402 1178 3431 1216 a
3464 1163 3596 1218 Deo.

2224 1268 2316 1325 XI.
2360 1268 2531 1338 Quare
2568 1271 2793 1327 Christus
2831 1274 2893 1327 de
2929 1274 3119 1343 fmina
3144 1284 3292 1330 natus
3327 1276 3412 1331 sit.

2086 1362 2227 1416 Deus
2277 1378 2399 1417 cum
2452 1363 2659 1431 liberat,
2702 1379 2806 1419 non
2859 1374 3061 1433 partem
3114 1367 3343 1436 aliquam
3374 1367 3591 1434 liberat;

2014 1452 2107 1507 sed
2159 1460 2327 1507 totum
2377 1454 2586 1520 liberat,
2619 1456 2760 1525 quod
2808 1454 2946 1512 forte
2981 1458 3033 1511 in
3081 1458 3319 1529 periculo
3362 1468 3467 1514 est.
3497 1460 3596 1516 Sa-

2014 1544 2208 1614 pientia
2233 1560 2361 1614 ergo
2390 1554 2445 1601 et
2470 1545 2650 1600 Virtus
2690 1547 2804 1614 Dei,
2837 1549 2924 1618 qui
2955 1549 3147 1604 dicitur
3171 1550 3478 1621 unigenitus
3508 1550 3595 1606 Fi-

2014 1634 2136 1696 lius,
2159 1633 2376 1691 homine
2399 1646 2647 1706 suscepto
2668 1638 3033 1694 liberationem
3061 1640 3291 1695 hominis
3320 1641 3593 1697 indicavit.

2012 1726 2255 1783 Hominis
2294 1738 2469 1785 autem
2506 1730 2749 1786 liberatio
2778 1732 2831 1785 in
2861 1740 3084 1802 utroque
3114 1747 3249 1788 sexu
3286 1732 3469 1788 debuit
3501 1749 3595 1804 ap-

2011 1835 2219 1889 parere.
2248 1821 2406 1891 Ergo,
2441 1822 2564 1892 quia
2606 1823 2777 1877 virum
2823 1824 3141 1894 Opportebat
3182 1825 3472 1894 suscipere,
3503 1824 3595 1895 qui

2011 1925 2173 1965 sexus
2216 1911 2583 1967 honorabilior
2607 1921 2708 1981 est,
2741 1928 3072 1984 consequens
3115 1924 3230 1971 erat
3273 1922 3333 1970 ut
3376 1914 3594 1971 feminei

2010 2015 2172 2056 sexus
2200 2001 2441 2057 liberatio
2467 2002 2591 2058 hinc
2617 2013 2918 2075 appareret,
2936 2004 3077 2077 quod
3102 2005 3189 2061 ille
3210 2004 3290 2061 vir
3304 2004 3371 2063 de
3395 2006 3591 2062 femina

2012 2101 2168 2147 natus
2197 2102 2297 2149 θςι.

2258 2183 2371 2238 XII.
2414 2183 2677 2240 Sententia
2700 2187 2962 2258 cujusdam
2988 2187 3227 2258 sapientis
3253 2188 3350 2259 (a).

2082 2275 2256 2347 Agite,
2290 2291 2344 2342 ο,
2376 2276 2563 2346 inquit,
2596 2278 2779 2332 miseri
2810 2278 3082 2343 mortales,
3110 2278 3212 2334 hoc
3239 2278 3378 2349 agite
3400 2294 3468 2335 ne
3493 2296 3596 2336 un-

2009 2383 2166 2438 quam
2200 2368 2401 2439 polluat
2436 2370 2539 2423 hoc
2590 2368 2915 2423 domicilium
2955 2370 3217 2440 malignus
3241 2372 3494 2441 spiritus;
3525 2388 3594 2428 ne

2008 2458 2255 2512 sensibus
2274 2458 2544 2513 immixtus
2560 2458 2785 2514 incestet
2803 2459 2993 2513 animae
3013 2460 3370 2528 sanctitatem,
3384 2460 3591 2516 lucem~

2007 2565 2112 2620 que
2142 2551 2335 2605 mentis
2373 2549 2668 2605 obnubilet.
2703 2550 2882 2641 Serpit
2920 2550 3021 2606 hoc
3057 2552 3253 2606 malum
3282 2567 3378 2621 per
3404 2568 3593 2610 omnes
3662 2566 3669 2575 ‘

2007 2641 2183 2697 aditus
2222 2642 2529 2708 sensuales;
2562 2642 2653 2696 dat
2680 2657 2739 2696 se
2770 2642 2972 2712 ﬁguris,
2999 2643 3365 2699 accommodat
3393 2645 3591 2701 colori-

2006 2734 2126 2801 bus,
2153 2713 2400 2788 adhaera
2414 2734 2580 2801 sonis,
2614 2734 2740 2788 latet
2761 2735 2813 2788 in
2842 2734 3042 2801 ira,'in
3065 2734 3270 2791 fallacia
3295 2738 3588 2805 sermonis,

2006 2827 2260 2882 odoribus
2291 2841 2349 2881 se
2387 2825 2629 2895 subjicit,
2670 2825 2902 2880 infundit
2928 2826 3240 2897 saporibus,
3288 2842 3353 2882 ac
3392 2830 3591 2885 turbidi

2006 2927 2181 2973 motus
2210 2917 2391 2972 illuvie
2428 2915 2725 2971 tenebrosis
2750 2915 3023 2971 affectibus
3057 2916 3301 2973 tenebrat
3328 2932 3518 2974 sensus
3545 2922 3585 2988 ί,

2005 3011 2327 3081 quibusdam
2366 3011 2575 3068 nebulis
2615 3010 2801 3080 implet
2842 3026 3028 3065 omnes
3055 3019 3261 3066 meatus
3290 3012 3589 3082 intelligem

2006 3105 2114 3171 tim,
2143 3120 2238 3173 per
2262 3120 2394 3173 quos
2417 3102 2718 3173 expandere
2747 3102 2927 3157 lumen
2950 3101 3170 3156 rationis
3192 3103 3371 3157 radius
3391 3106 3586 3159 mentis

2004 3198 2163 3253 solet.
2197 3198 2264 3251 Et
2292 3198 2417 3267 quia
2438 3196 2619 3251 radius
2640 3195 2887 3251 :ethereae
2907 3195 3042 3249 lucis
3063 3202 3164 3260 est,
3192 3194 3247 3248 in
3273 3210 3444 3265 eoque
3467 3210 3589 3265 spe-

2001 3290 2180 3347 culum
2225 3289 2416 3345 divinae
2470 3288 2807 3360 praesentiae:
2852 3287 2909 3343 in
2961 3286 3066 3343 hoc
3109 3288 3249 3342 enim
3300 3288 3472 3356 Deus,
3524 3290 3586 3344 in

2004 3382 2105 3437 hoc
2136 3382 2377 3437 voluntas
2401 3380 2645 3448 innoxia,
2674 3380 2726 3434 in
2758 3382 2860 3435 hoc
2893 3386 3039 3435 recte
3076 3378 3201 3435 facti
3227 3380 3472 3435 meritum
3499 3396 3589 3436 re-

2005 3475 2182 3529 lucet:
2218 3474 2359 3528 Deus
2396 3471 2591 3542 ubique
2636 3484 2874 3543 praesens
2919 3479 3037 3537 est;
3092 3478 3218 3525 tunc
3251 3478 3427 3525 autem
3466 3472 3587 3526 uni-

2002 3568 2193 3637 cuique
2234 3574 2472 3620 nostrum
2515 3564 2674 3619 simul
2704 3572 2816 3631 est,
2848 3578 2969 3619 cum
3010 3563 3206 3619 mentis
3244 3571 3441 3617 nostrze
3477 3562 3584 3617 illi-

2001 3658 2122 3713 bata
2150 3656 2352 3727 puritas
2394 3656 2447 3711 in
2475 3654 2591 3725 ejus
2619 3654 2903 3725 prmsentia
2931 3668 2990 3709 se
3030 3668 3151 3709 esse
3190 3653 3472 3723 putaverit.
3517 3652 3586 3711 Ut

2000 3748 2144 3804 enim
2176 3748 2323 3802 visus
2349 3747 2647 3811 oculorum,
2690 3746 2734 3800 si
2756 3743 2916 3800 fuerit
2942 3744 3174 3810 vitiatus,
3205 3742 3461 3814 quidquid
3498 3744 3582 3799 vi-

1999 3839 2128 3894 dere
2158 3853 2264 3892 non
2307 3836 2574 3907 potuerit,
2603 3835 2793 3890 adesse
2835 3850 2940 3890 non
2979 3842 3157 3904 putat;
3203 3831 3395 3887 frustra
3436 3833 3582 3888 enim

2000 3932 2309 3986 circumstat
2330 3927 2511 3983 oculos
2538 3940 2775 3996 praesens
2802 3925 2976 3995 imago
3002 3940 3203 3993 rerum,
3234 3924 3279 3979 si
3305 3923 3475 3979 oculis
3500 3924 3581 3980 in-

2001 4024 2220 4096 tegritas
2263 4019 2439 4075 desit:
2470 4020 2541 4072 ita
2578 4018 2738 4072 etiam
2776 4016 2915 4071 Deus
2959 4016 3051 4086 qui
3095 4030 3353 4086 nusquam
3392 4014 3578 4083 deest,

2002 4116 2195 4171 frustra
2238 4110 2449 4182 pollutis
2493 4109 2686 4163 animis
2735 4123 2975 4178 praesens
3023 4116 3141 4175 est,
3192 4123 3351 4178 quem
3395 4107 3581 4165 videre

1999 4206 2193 4261 mentis
2217 4202 2430 4259 caecitas
2456 4216 2562 4254 non
2595 4208 2785 4269 potest.

1998 4317 2136 4373 XIII.
2163 4316 2275 4384 Quo
2293 4314 2588 4369 documento
2618 4320 2804 4365 constet
2825 4310 3051 4364 homines
3070 4309 3237 4364 bestiis
3261 4309 3577 4365 antecellere.

2071 4430 2215 4485 Inter
2242 4428 2404 4482 multa
2445 4424 2638 4494 quibus
2664 4421 2870 4478 ostendi
2900 4430 3073 4492 potest
3104 4420 3372 4475 hominem
3401 4421 3571 4475 ratio-

2001 4536 2066 4575 ne
2090 4519 2276 4576 bestiis
2310 4515 2651 4579 antecellere,
2686 4513 2786 4567 hoc
2825 4511 3068 4566 omnibus
3096 4510 3431 4564 manifestum
3474 4521 3575 4573 est,

1997 4614 2140 4685 quod
2193 4612 2384 4668 bellum
2426 4610 2493 4663 ab
2536 4606 2840 4662 hominibus
2885 4605 3088 4661 domari
3138 4615 3192 4660 et
3237 4604 3577 4660 mansuefieri

1997 4714 2240 4776 possunt,
2275 4702 2517 4757 homines
2562 4714 2591 4753 a
2632 4698 2822 4755 belluis
2846 4697 2993 4752 nullo
3017 4696 3197 4751 modo.

2142 4816 2280 4872 XIV.
2324 4814 2444 4869 Non
2488 4813 2651 4885 fuisse
2692 4827 2877 4881 corpus
2913 4809 3099 4866 Christi
3121 4810 3440 4882 phantasma.

2067 4909 2121 4964 Si
2151 4908 2463 4978 phantasma
2496 4904 2593 4958 fuit
2620 4918 2812 4972 corpus
2841 4901 3057 4968 Christi,
3079 4901 3257 4956 fefellit
3284 4899 3528 4956 Christus
3560 4920 3574 4956 :

1996 5010 2050 5057 et
2077 5002 2122 5055 si
2171 4999 2373 5065 fefellit,
2430 4997 2627 5052 veritas
2682 5010 2788 5049 non
2839 5003 2940 5049 est.
2997 4994 3092 5048 Est
3149 5002 3329 5047 autem
3383 4992 3578 5047 veritas

1995 5092 2255 5146 Christus.
2292 5089 2405 5143 Non
2435 5088 2591 5158 igitur
2612 5087 2922 5157 phantasma
2944 5083 3041 5139 fuit
3065 5097 3258 5153 corpus
3272 5082 3406 5152 ejus.

2561 5199 2674 5255 XV.
2702 5198 2782 5253 De
2810 5199 3079 5252 intellectu.

2071 5298 2239 5352 Omne
2269 5294 2412 5365 quod
2438 5308 2499 5349 se
2548 5291 2815 5362 intelligit,
2862 5287 3264 5359 comprehendit
3312 5302 3389 5342 se.
3424 5286 3574 5354 Quod

2060 5498 2075 5529 ι
2100 5502 2171 5544 Er.
2199 5494 2252 5542 et
2268 5496 2462 5550 septem
2483 5493 2612 5544 Mss,
2632 5478 2865 5550 tenebrat“
2894 5487 3056 5550 sensus

2057 5529 3079 5631 Ade
3112 5540 3278 5583 mente
3312 5529 3581 5577 mundaan

1998 5597 2338 5670 afﬁni-{tuuis
2360 5597 2524 5659 ﬁcum.
2553 5616 2566 5656 t
2591 5597 2794 5654 neti-ad.
2821 5614 2924 5663 cap.
2948 5597 3024 5647 ‘26.
