3996 6282
427 131 495 186 15
1173 124 1260 180 DE
1305 121 1616 182 υιγειιειε
1652 115 2172 192 ΩυᾸΞΒΤΙΟΝΙΒυδ
2211 120 2490 186 LXXXIII,
2530 121 2586 177 S.
2629 116 2991 180 AUGUSTINI

428 252 605 300 autem
637 253 696 295 se
743 234 1173 307 comprehendit,
1207 236 1416 290 ﬁnitum
1443 245 1526 291 est
1553 235 1674 290 sibi.
1707 234 1774 288 Et
1803 233 2005 288 intelle—

427 343 545 390 ctus
574 327 819 400 intelligit
851 341 928 382 se.
967 325 1110 396 Ergo
1156 324 1337 379 ﬁnitus
1357 335 1439 380 est
1475 325 1598 379 sibi.
1638 324 1746 379 Nec
1774 323 2008 378 intinitus

424 437 544 480 esse
569 422 698 485 vult,
723 419 964 490 quamvis
989 415 1158 487 possit
1182 432 1197 482 ;
1226 417 1349 485 quia
1393 426 1548 472 notus
1581 415 1682 472 sibi
1707 429 1827 471 esse
1873 415 2003 480 vult,

425 521 568 570 amat
583 512 724 570 enim
744 525 825 566 εε.

918 598 1058 654 XVI.
1100 597 1178 652 De
1218 597 1356 652 Filio
1393 596 1510 652 Dei.

500 699 642 754 Deus
683 693 920 750 omnium
966 707 1086 761 quae
1129 699 1288 754 sunt,
1320 705 1476 746 causa
1513 697 1614 745 est.
1655 689 1803 757 Quod
1833 697 2006 744 autem

428 789 663 844 omnium
691 799 870 842 rerum
896 797 1053 838 causa
1082 792 1182 848 est,
1211 782 1373 836 etiam
1402 782 1673 852 sapientia:
1711 796 1820 836 sua:
1849 794 2007 836 causa

427 889 510 936 est
536 897 548 934 :
578 893 676 934 nec
703 889 932 946 unquam
957 875 1097 928 Deus
1123 872 1238 928 sine
1265 872 1520 942 sapientia
1551 886 1665 926 sua.
1688 871 1848 941 Igitur
1867 887 2008 926 sem-

429 969 650 1038 piternae
670 963 943 1035 sapientia:
963 977 1074 1017 sua:
1093 974 1252 1015 causa
1277 970 1358 1014 est
1376 960 1694 1028 sempiterna
1721 977 1734 1012 :
1759 975 1856 1014 nec
1877 968 2009 1014 tem-

429 1075 560 1130 pore
591 1058 732 1127 prior
759 1064 841 1110 est
869 1068 1026 1124 quant
1056 1066 1151 1106 sua
1185 1050 1462 1120 sapientia.
1489 1049 1689 1104 Deinde
1722 1050 1764 1104 si
1799 1049 2006 1104 Patrem

429 1154 810 1218 sempiternum
837 1158 954 1198 esse
985 1142 1123 1196 inest
1148 1140 1279 1203 Deo,
1313 1154 1410 1194 nec
1451 1137 1546 1192 fuit
1584 1138 1862 1208 aliquando
1899 1153 2006 1193 non

431 1243 605 1308 Pater,
636 1250 902 1306 nunquam
930 1233 1045 1288 sine
1074 1231 1209 1286 Filio
1238 1229 1354 1284 fuit.

887 1323 1048 1379 XVII.
1095 1321 1167 1374 De
1199 1321 1406 1375 scientia
1432 1319 1545 1373 Dei.

500 1422 671 1477 Omne
722 1414 1048 1489 praeteritum
1097 1411 1204 1481 jam
1253 1424 1360 1464 non
1404 1417 1519 1472 cst;
1566 1424 1724 1464 omne
1773 1409 2004 1464 futurum

429 1511 664 1568 nondum
692 1516 771 1563 est
801 1524 813 1558 :
843 1517 1002 1559 omne
1043 1501 1198 1570 igitur
1230 1509 1284 1554 et
1317 1499 1639 1568 praeteritum
1681 1507 1732 1552 et
1773 1497 2005 1552 futurum

431 1606 601 1661 deest.
627 1599 775 1670 Apud
802 1599 964 1652 Deum
989 1601 1166 1648 autem
1194 1591 1325 1645 nihil
1349 1590 1497 1645 deest
1525 1608 1536 1643 :
1567 1605 1664 1646 nec
1683 1593 2006 1659 praeteritum

432 1697 591 1766 igitur
613 1705 710 1746 nec
731 1687 983 1750 futurum,
1011 1683 1102 1737 sed
1129 1696 1286 1737 omne
1309 1696 1540 1750 praesens
1560 1690 1635 1736 est
1659 1681 1794 1750 apud
1819 1681 2002 1735 Deum.

927 1775 1111 1832 XVIII.
1146 1773 1222 1828 De
1251 1773 1513 1828 Trinitate.

498 1877 675 1932 Omne
727 1869 865 1942 quod
919 1875 1034 1932 cst,
1087 1865 1231 1920 aliud
1282 1872 1366 1920 est
1413 1881 1519 1935 quo
1571 1874 1811 1932 constat,
1869 1867 2009 1922 aliud

435 1982 540 2039 quo
581 1961 930 2021 discernitur,
973 1955 1114 2011 aliud
1142 1969 1246 2025 quo
1275 1956 1534 2026 congruit.
1568 1955 1821 2011 Universa
1853 1956 2012 2028 igitur

433 2066 672 2114 creatura
702 2052 744 2106 si
786 2059 839 2106 ει
865 2057 946 2103 εει
974 2061 1186 2117 quoquo
1222 2045 1382 2102 modo
1401 2086 1415 2111 ,
1443 2055 1495 2100 et
1523 2047 1590 2101 ab
1629 2063 1694 2102 eo
1726 2048 1865 2117 quod
1896 2064 2012 2103 om-

436 2150 564 2204 nino
593 2143 724 2200 nihil
751 2149 834 2198 est
863 2139 1146 2210 plurimum
1172 2136 1366 2204 distat,
1395 2146 1448 2190 et
1469 2138 1578 2192 suis
1609 2138 1844 2208 partibus
1886 2139 2014 2194 sibi-

436 2246 549 2294 met
575 2231 838 2305 congruit,
860 2242 1074 2285 cansam
1104 2241 1315 2297 quoque
1348 2226 1464 2297 ejus
1491 2227 1677 2281 trinam
1705 2243 1825 2283 esse
1851 2243 2014 2298 opor-

436 2337 550 2394 tet;
580 2339 682 2396 qua
722 2323 823 2387 sit,
856 2334 958 2390 qua
988 2318 1091 2372 hoc
1124 2317 1224 2383 sit,
1253 2331 1355 2386 qua
1393 2316 1494 2371 sibi
1523 2317 1692 2371 amica
1740 2319 1826 2372 sit.
1855 2317 2016 2374 Crea-

439 2429 572 2474 tnrae
593 2423 768 2470 autem
793 2424 1029 2471 causam,
1071 2406 1122 2461 id
1148 2415 1249 2471 est,
1275 2414 1547 2462 auctorem
1575 2409 1740 2462 Deum
1765 2407 2012 2463 dicimus.

439 2509 663 2579 Oportet
695 2517 822 2573 ergo
852 2515 971 2556 esse
995 2497 1305 2554 Trinitatem
1325 2537 1339 2559 ,
1369 2511 1471 2566 qua
1503 2497 1631 2551 nihil
1661 2498 2013 2568 prarstantius,

440 2594 818 2668 intelligentius
847 2599 902 2647 et
923 2589 1126 2644 beatius
1152 2587 1388 2642 invenire
1407 2587 1637 2657 perfecta
1660 2589 1796 2645 ratio
1821 2598 2012 2660 potest.

423 2691 670 2759 Ideoque
704 2685 861 2740 etiam
891 2696 1011 2737 cum
1041 2678 1237 2732 veritas
1275 2679 1548 2747 quaeritur,
1589 2681 1709 2750 plus
1733 2697 1889 2751 quam
1918 2683 2017 2736 tria

439 2793 636 2852 genera
665 2773 1016 2847 quaestionum
1043 2783 1162 2823 esse
1184 2783 1289 2822 non
1320 2778 1572 2838 possunt;
1604 2779 1778 2825 utrum
1803 2773 2020 2826 omnino

443 2873 532 2939 sit,
563 2879 740 2924 utrum
779 2866 883 2919 hoc
910 2877 977 2916 an
1005 2858 1152 2914 aliud
1177 2858 1267 2924 sit,
1298 2867 1472 2914 utrum
1497 2860 1895 2931 approbandum
1923 2863 2021 2917 im-

444 2957 842 3031 probandumve
869 2956 954 3005 sit.

857 3047 1001 3103 XIX.
1041 3046 1122 3101 De
1152 3045 1258 3101 Deo
1283 3055 1328 3100 et
1356 3053 1602 3098 creatura.

517 3145 669 3216 Quod
719 3144 1150 3200 incommutabile
1198 3151 1314 3208 est,
1359 3150 1615 3196 aeternum
1660 3147 1780 3194 est:
1814 3152 2024 3208 semper

438 3239 589 3295 enim
617 3237 855 3308 ejusdem
903 3236 1050 3293 modi
1091 3245 1192 3292 est.
1240 3232 1392 3302 Quod
1435 3241 1610 3286 autem
1652 3229 2025 3286 commutabile

449 3338 550 3392 est,
576 3327 796 3397 tempori
817 3327 1104 3381 obnoxium
1127 3333 1208 3379 est
1232 3341 1244 3377 :
1275 3340 1379 3379 non
1399 3323 1537 3377 enim
1560 3337 1769 3390 semper
1788 3319 2025 3389 ejusdem

451 3418 592 3473 modi
622 3426 734 3481 est,
759 3425 819 3471 et
862 3415 982 3470 ideo
1023 3424 1281 3470 arternum
1314 3427 1418 3468 non
1460 3421 1604 3467 recte
1631 3412 1844 3467 dicitur.
1875 3409 2025 3477 Quod

450 3507 592 3563 enim
621 3514 872 3572 mutatur,
910 3521 1016 3559 non
1046 3515 1261 3559 manet:
1292 3501 1431 3573 quod
1460 3518 1561 3557 non
1594 3511 1788 3567 manet,
1819 3517 1920 3556 non
1946 3511 2029 3557 cst

451 3605 727 3652 aeternum.
761 3595 924 3666 quue
949 3596 1087 3650 inter
1111 3594 1408 3648 immortale
1432 3600 1485 3646 ct
1503 3602 1756 3647 tuter-num
1785 3593 2024 3659 interest,

452 3687 593 3760 quod
627 3702 786 3743 omne
823 3696 1082 3742 azternum
1125 3685 1420 3740 immortale
1461 3693 1572 3748 est,
1615 3701 1718 3738 non
1749 3699 1906 3739 omne
1934 3685 2028 3738 im-

451 3778 678 3834 mortale
723 3777 854 3832 satis
898 3776 1163 3833 subtiliter
1203 3785 1459 3830 aeternum
1500 3775 1693 3829 dicitur
1721 3793 1734 3828 :
1766 3775 1886 3845 quia
1931 3774 2028 3828 etsi

454 3885 666 3940 semper
691 3867 888 3939 aliquid
923 3869 1096 3933 vivat,
1137 3877 1314 3921 tamen
1353 3866 1396 3920 si
1439 3867 1837 3920 mutabilitatem
1869 3866 2032 3935 patia-

451 3969 560 4026 tur,
597 3976 701 4014 non
730 3959 943 4028 proprie
969 3967 1225 4013 arternum
1252 3957 1567 4026 appellatur,
1598 3957 1716 4024 quia
1749 3971 1855 4009 non
1888 3969 2030 4010 sem-

457 4065 555 4120 per
600 4049 837 4120 ejusdem
884 4049 1026 4104 modi
1071 4056 1186 4111 est;
1237 4049 1477 4118 quamvis
1526 4047 1858 4113 immortale,
1910 4050 2030 4116 quia

457 4157 670 4211 semper
697 4141 842 4206 vivit,
872 4149 1016 4196 recte
1043 4139 1148 4194 dici
1187 4139 1372 4210 possit.
1406 4139 1639 4193 Vocatur
1677 4148 1851 4194 autem
1880 4151 2032 4195 teter-

459 4250 586 4288 num
630 4233 894 4288 interdum
931 4232 1092 4287 etiam
1121 4233 1259 4300 quod
1289 4231 1586 4285 immortale
1615 4242 1714 4286 cst.
1747 4231 1879 4287 Illud
1907 4248 2035 4288 vero

459 4324 599 4394 quod
625 4332 678 4378 et
700 4323 1046 4378 mutationem
1067 4322 1283 4391 patitur,
1309 4331 1358 4375 et
1379 4323 1569 4375 animm
1593 4325 1889 4391 praesentia,
1915 4340 2034 4380 cum

461 4415 635 4471 anima
677 4430 782 4469 non
827 4413 926 4477 sit,
955 4413 1133 4465 vivere
1159 4411 1372 4477 dicitur,
1403 4427 1572 4481 neque
1606 4413 1904 4468 immortale
1927 4415 2037 4468 ullo

462 4508 655 4574 modo,
685 4515 740 4562 et
767 4505 935 4560 multo
980 4503 1159 4558 minus
1198 4510 1454 4557 aeternum
1499 4503 1717 4572 intelligi
1755 4513 1948 4572 potest.
1981 4505 2036 4560 In

462 4609 663 4659 tctcrno
689 4598 861 4664 enim,
907 4612 1030 4651 cum
1055 4595 1272 4664 proprie
1310 4594 1520 4661 dicitur,
1560 4610 1730 4665 neque
1753 4595 2038 4666 quidquam

463 4690 795 4760 prmteritum
840 4688 990 4757 quasi
1036 4686 1334 4749 transierit,
1366 4701 1536 4755 neque
1580 4686 1863 4756 quidquam
1903 4687 2040 4742 futu—

465 4799 581 4838 rum
619 4781 770 4854 quasi
816 4778 1049 4835 nondum
1092 4779 1194 4845 sit,
1243 4777 1337 4834 sed
1367 4777 1617 4849 quidquid
1659 4786 1773 4847 est,
1814 4787 2040 4834 tantum-

465 4875 625 4931 modo
651 4881 752 4928 est.

989 4958 1108 5014 XX.
1152 4959 1226 5013 De
1255 4959 1364 5014 loco
1392 4959 1506 5014 Dei.

540 5055 684 5110 Deus
705 5067 812 5107 nuit
841 5049 1041 5106 alicubi
1077 5059 1180 5106 εει.
1209 5050 1360 5118 Quod
1388 5051 1528 5106 enim
1555 5051 1746 5107 alicubi
1771 5060 1852 5108 est
1870 5095 1885 5120 ,
1914 5067 2044 5109 con-

471 5144 666 5200 tinetur
694 5142 850 5197 loco:
881 5140 1022 5211 quod
1045 5141 1348 5195 continetur
1380 5139 1518 5204 loco,
1557 5156 1749 5212 corpus
1775 5151 1875 5198 est.
1909 5144 2046 5199 Deus

470 5244 648 5294 autem
678 5249 784 5289 non
823 5241 906 5290 est
941 5247 1174 5303 corpus:
1202 5249 1307 5287 non
1335 5232 1496 5302 igitur
1533 5234 1724 5289 alicubi
1749 5245 1845 5291 est.
1879 5238 1945 5292 Et
1972 5247 2049 5292 ta-

471 5346 594 5387 men
625 5328 748 5399 quia
778 5336 860 5382 est
879 5368 893 5392 ,
924 5336 978 5381 ει
1006 5326 1058 5380 in
1085 5325 1203 5380 loco
1243 5341 1350 5380 non
1383 5334 1498 5392 εει,
1532 5325 1583 5380 in
1612 5327 1701 5381 illo
1729 5337 1850 5384 sunt
1877 5332 2048 5400 potius

472 5422 685 5490 omnia,
713 5435 869 5492 quam
912 5421 1026 5490 ipse
1063 5420 1274 5475 alicubi.
1322 5420 1430 5475 Nec
1457 5429 1631 5478 tamen
1662 5424 1735 5478 ita
1773 5426 1824 5480 in
1852 5428 1958 5492 illo,
1995 5439 2050 5486 ut

476 5514 594 5587 ipse
617 5515 688 5570 sit
710 5515 858 5572 locus
883 5531 896 5568 :
923 5513 1072 5570 locus
1097 5514 1237 5570 enim
1269 5514 1320 5569 in
1348 5515 1518 5585 spatio
1544 5526 1619 5570 est
1651 5520 1790 5588 quod
1821 5522 2041 5593 Iungitur

2121 231 2245 285 dine
2271 240 2324 285 et
2363 231 2636 288 latitudine
2679 243 2733 288 et
2772 235 3048 292 altitudine
3091 239 3330 306 corporis
3376 254 3665 311 occupatur
3693 263 3720 310 ;

2121 335 2218 374 nec
2243 320 2382 375 Deus
2402 322 2507 375 tale
2527 323 2724 393 aliquid
2750 333 2848 377 εει.
2876 326 2940 378 Et
2959 327 3134 381 omnia
3161 327 3318 396 igitur
3339 329 3389 382 in
3413 330 3529 399 ipso
3550 343 3719 400 sunt,

2118 420 2170 465 et
2199 411 2347 466 locus
2390 428 2492 466 non
2537 425 2638 467 cst.
2690 414 2862 469 Locus
2909 427 3084 471 tamen
3127 417 3222 473 Dei
3259 421 3477 475 abusive
3505 420 3724 477 dicitur

2118 503 2368 572 templum
2400 503 2517 571 Dei,
2559 520 2664 559 non
2695 506 2835 574 quod
2866 521 2933 561 eo
2966 507 3319 575 contineatur,
3352 509 3445 565 sed
3474 511 3614 581 quod
3647 511 3718 566 ei

2115 611 2349 666 praesens
2373 597 2460 651 sit.
2483 597 2538 652 ld
2559 605 2733 653 autem
2757 599 2887 652 nihil
2913 601 3100 654 melius
3123 616 3275 669 quam
3300 602 3473 656 anima
3497 604 3716 658 munda

2115 687 2444 758 intelligitur.

2345 801 2486 856 XXI.
2533 802 2716 858 Utrum
2739 802 2878 856 Deus
2905 813 3080 857 auctor
3108 805 3231 859 mali
3250 822 3349 859 non
3378 807 3462 859 sit.

2188 889 2438 961 Quisquis
2457 893 2695 946 omnium
2722 908 2840 963 qua:
2865 902 2991 947 sunt
3032 903 3216 948 auctor
3245 905 3347 958 est,
3376 904 3430 948 et
3452 895 3517 949 ad
3545 897 3716 964 cujus

2117 979 2406 1036 bonitatem
2453 983 2503 1036 id
2535 991 2734 1036 tantum
2778 983 3009 1052 pertinet
3047 993 3102 1037 ut
3127 984 3196 1038 sit
3225 1000 3383 1039 omne
3413 985 3552 1055 quod
3581 995 3708 1049 est,

2117 1085 2220 1124 non
2253 1087 2372 1126 esse
2397 1071 2461 1126 ad
2492 1087 2610 1125 eum
2641 1073 2906 1141 pertinere
2938 1073 3084 1128 nullo
3113 1086 3264 1143 pacto
3290 1084 3482 1145 potest.
3526 1076 3715 1131 Omne

2116 1170 2290 1215 autem
2320 1161 2458 1228 quod
2498 1162 2709 1228 deﬁcit,
2755 1163 2822 1218 ab
2850 1178 2917 1218 eo
2943 1165 3082 1234 quod
3122 1175 3205 1220 εει
3247 1181 3367 1221 εεεε
3396 1167 3601 1229 deﬁcit,
3645 1178 3716 1222 et;

2114 1250 2283 1303 tendit
2313 1250 2364 1303 in
2397 1265 2501 1304 non
2538 1265 2675 1306 esse.
2723 1253 2855 1308 Esse
2904 1263 3079 1309 autem
3119 1265 3174 1310 et
3209 1257 3260 1310 in
3293 1257 3435 1310 nullo
3469 1258 3714 1314 deﬁcere

2115 1341 2311 1394 bonum
2354 1351 2468 1406 est,
2501 1353 2552 1398 et
2594 1345 2791 1398 malum
2820 1355 2902 1400 cst
2942 1347 3192 1402 deﬁcere.
3227 1350 3293 1402 At
3323 1349 3412 1404 ille
3444 1351 3509 1404 ad
3538 1367 3710 1421 quem

2115 1447 2222 1486 non
2248 1448 2364 1486 esse
2384 1449 2487 1487 non
2515 1434 2743 1505 pertinet
2771 1451 2874 1490 non
2895 1446 3154 1492 estcausa
3182 1438 3482 1506 deﬁciendi,
3513 1440 3564 1495 id
3589 1449 3707 1506 est,

2115 1523 2362 1577 tendcudi
2393 1525 2458 1577 ad
2501 1540 2604 1579 non
2649 1540 2800 1591 esse;
2845 1527 3001 1596 quia,
3045 1535 3102 1581 ut
3144 1528 3213 1582 ita
3243 1529 3451 1603 dicam,
3482 1532 3710 1588 essendi

2113 1627 2269 1666 causa
2297 1622 2395 1666 est.
2431 1614 2557 1667 Boni
2583 1616 2740 1685 igitur
2771 1618 3137 1673 tantummodo
3163 1633 3319 1675 causa
3345 1631 3463 1676 est:
3497 1632 3548 1676 et
3577 1639 3714 1692 pro-

2114 1713 2293 1772 pterea
2324 1704 2435 1771 ipse
2455 1719 2716 1758 summum
2742 1705 2938 1760 bonum
2961 1716 3067 1763 est.
3089 1707 3342 1774 Quocirca
3366 1711 3490 1764 mali
3510 1721 3711 1766 auctor

2115 1805 2220 1846 non
2249 1801 2360 1858 εει,
2400 1793 2490 1862 qui
2529 1795 2765 1848 omnium
2807 1812 2926 1865 quae
2967 1805 3090 1852 sunt
3133 1807 3318 1854 auctor
3346 1809 3463 1855 est:
3492 1803 3611 1870 quia
3641 1804 3709 1856 in

2118 1892 2368 1952 quantum
2400 1892 2543 1948 sunt,
2578 1885 2628 1938 in
2658 1893 2859 1941 tantum
2899 1887 3035 1941 bona
3065 1900 3187 1942 sunt
3213 1890 3310 1959 (α).

2385 1998 2552 2052 XXII.
2593 2000 2756 2054 Deum
2794 2017 2893 2054 non
2928 2002 3033 2070 pati
3060 2002 3422 2056 necessitatem.

2185 2087 2286 2143 Ubi
2325 2088 2466 2142 nulla
2508 2089 2830 2159 indigentia,
2862 2091 3000 2144 nulla
3033 2091 3356 2148 necessitas:
3401 2093 3490 2148 ubi
3520 2095 3708 2151 nullus

2115 2177 2373 2247 defectus,
2409 2181 2554 2236 nulla
2600 2181 2904 2252 indigentia.
2946 2182 3129 2238 Nullus
3155 2193 3332 2239 autem
3374 2184 3616 2242 defectus
3642 2189 3704 2243 in

2123 2271 2266 2326 Deo:
2294 2273 2436 2327 nulla
2465 2288 2593 2344 ergo
2615 2274 2922 2329 necessitas.

2525 2384 2714 2440 XXIII.
2759 2384 2838 2440 De
2872 2385 3028 2441 Patre
3055 2396 3100 2440 et
3133 2386 3290 2442 Filio.

2191 2474 2360 2530 Omne
2385 2484 2587 2530 castum
2627 2477 2872 2532 castitate
2898 2487 3102 2532 castum
3133 2487 3233 2543 est,
3265 2487 3316 2533 et
3358 2493 3516 2535 omne
3539 2490 3705 2536 aeter-

2121 2580 2245 2620 num
2272 2565 2567 2622 aeternitate
2598 2575 2855 2622 arternum
2881 2576 2984 2635 est,
3015 2576 3070 2623 et
3097 2583 3253 2624 omne
3279 2569 3555 2639 pulchrum
3582 2574 3706 2642 pul-

2121 2656 2442 2722 chritudine,
2485 2666 2540 2712 et
2567 2673 2726 2715 omne
2750 2660 2950 2716 bouum
2992 2661 3250 2718 bonitate.
3302 2663 3440 2734 Ergo
3466 2674 3519 2718 et
3543 2679 3706 2720 omne

2122 2748 2337 2818 sapiens
2361 2749 2638 2818 sapientia,
2681 2759 2737 2806 et
2773 2767 2934 2808 omne
2977 2753 3149 2808 simile
3189 2753 3551 2808 similitudine.
3593 2753 3703 2810 Sed

2122 2837 2331 2893 duobus
2355 2837 2529 2894 modis
2548 2849 2752 2895 castum
2777 2841 3020 2896 castitate
3043 2841 3239 2896 dicitur
3263 2858 3275 2894 :
3304 2841 3390 2894 vel
3415 2841 3554 2910 quod
3582 2856 3702 2896 eam

2123 2929 2322 3000 gignat,
2350 2939 2408 2984 ut
2433 2945 2495 2984 ea
2525 2930 2596 2986 sit
2616 2940 2820 2986 castum
2851 2931 3094 2985 castitate
3117 2945 3276 3000 quam
3317 2931 3508 3002 gignit,
3535 2940 3590 2987 et
3615 2933 3702 2988 cui

2124 3020 2438 3090 principium
2467 3029 2624 3090 atque
2650 3035 2809 3076 causa
2839 3030 2921 3076 est
2957 3029 3013 3074 ut
3039 3021 3142 3086 sit;
3189 3021 3344 3077 aliter
3370 3031 3545 3078 autem
3579 3039 3701 3079 cum

2126 3112 2527 3181 participatione
2569 3112 2827 3166 castitatis
2874 3111 3106 3182 quidque
3151 3121 3358 3168 castum
3408 3124 3521 3181 cst,
3561 3115 3702 3184 quod

2127 3212 2299 3274 potest
2325 3202 2608 3273 aliquando
2647 3217 2766 3258 esse
2813 3217 2920 3257 non
2947 3211 3186 3268 castum;
3215 3212 3375 3273 atque
3402 3204 3472 3258 ita
3508 3204 3575 3259 de
3602 3220 3706 3260 cae-

2126 3295 2255 3349 teris
2291 3293 2684 3364 intelligendum
2727 3302 2827 3348 est.
2858 3293 2990 3348 Nam
3035 3303 3086 3350 ει
3133 3295 3310 3349 anima
3352 3297 3702 3351 azternitatem

2130 3383 2215 3438 vel
2259 3383 2568 3454 intelligitur
2609 3383 2690 3437 vel
2740 3382 2971 3438 creditur
3021 3385 3307 3454 consequi,
3363 3385 3456 3439 sed
3507 3396 3702 3440 aeterna

2128 3473 2442 3529 aeternitatis
2474 3474 2874 3545 participatione
2912 3473 2986 3528 ﬁt.
3029 3474 3144 3529 Non
3173 3484 3349 3530 autem
3381 3476 3447 3529 ita
3478 3483 3706 3531 aeternus

2131 3567 2289 3632 Deus,
2319 3566 2412 3621 sed
2441 3565 2581 3636 quod
2613 3566 2780 3636 ipsius
2823 3567 3134 3621 arternitatis
3162 3575 3245 3621 est
3267 3576 3473 3622 auctor.
3515 3569 3626 3622 Hoc
3653 3578 3706 3624 et

2133 3656 2202 3712 de
2228 3655 2619 3727 pulchritudine
2659 3656 2804 3712 etde
2845 3657 3080 3712 bonitate
3102 3658 3222 3714 licet
3250 3659 3488 3728 intelligi.
3511 3658 3705 3727 Quam~

2132 3748 2313 3803 obrem
2343 3763 2462 3803 cum
2501 3748 2713 3818 sapiens
2742 3749 2880 3804 Deus
2921 3748 3133 3816 dicitur,
3157 3761 3211 3805 et
3234 3766 3296 3806 ea
3336 3751 3593 3821 sapientia
3620 3764 3704 3804 sa-

2133 3839 2285 3908 piens
2309 3839 2523 3905 dicitur,
2551 3839 2667 3895 sine
2687 3854 2790 3910 qua
2815 3855 2937 3894 eum
2979 3841 3060 3894 vel
3090 3841 3269 3904 fuisse,
3298 3843 3597 3912 aliquando,
3624 3843 3705 3898 vel

2133 3944 2253 3984 esse
2279 3944 2436 3998 posse
2467 3928 2616 3986 nefas
2654 3939 2737 3984 est
2765 3927 3005 3996 credere,
3052 3945 3155 3984 non
3199 3932 3594 4000 participatione
3620 3946 3705 3986 sa-

2137 4018 2348 4087 pientia:
2377 4019 2591 4090 sapiens
2619 4019 2829 4087 dicitur,
2863 4021 3016 4076 sicuti
3046 4021 3243 4088 anima,
3271 4037 3387 4091 qua:
3419 4032 3473 4076 et
3509 4037 3627 4076 esse
3656 4031 3708 4077 et

2137 4128 2242 4168 non
2273 4128 2393 4169 esse
2422 4114 2634 4183 sapiens
2658 4121 2834 4184 potest
2865 4130 2878 4167 :
2926 4113 3022 4168 sed
3050 4113 3188 4184 quod
3218 4114 3329 4184 ipse
3355 4129 3470 4169 eam
3513 4129 3705 4184 genue-

2137 4204 2225 4268 rit,
2253 4219 2355 4274 qua
2381 4204 2592 4275 sapiens
2620 4204 2833 4271 dicitur,
2851 4204 3165 4274 sapientiam
3193 4202 3285 4274 (ὁ).
3321 4204 3448 4258 Item
3478 4204 3563 4256 illa
3594 4217 3706 4270 qute

2138 4295 2543 4365 participatione
2567 4304 2691 4349 sunt
2714 4295 2795 4349 vel
2825 4303 2989 4358 casta,
3012 4294 3096 4347 vel
3123 4303 3341 4357 mterna,
3365 4293 3444 4346 vel
3471 4292 3706 4361 pulchra,

2144 4386 2228 4440 vel
2270 4385 2428 4452 bona,
2469 4387 2551 4439 vel
2594 4385 2872 4453 sapientia,
2904 4385 3183 4452 recipiunt,
3211 4392 3267 4437 ut
3307 4383 3503 4438 dictum
3530 4395 3631 4452 est,
3658 4398 3710 4440 ut

2149 4475 2354 4544 possint
2388 4490 2487 4529 nec
2513 4483 2655 4530 casta
2679 4489 2817 4541 esse,
2848 4489 2946 4528 nec
2971 4481 3188 4540 aeterna,
3222 4488 3321 4528 nec
3348 4475 3586 4543 pulchra,
3619 4492 3711 4531 nec

2142 4566 2301 4630 bona,
2333 4579 2432 4619 nec
2461 4563 2714 4633 sapientia
2742 4580 2754 4614 :
2784 4571 2840 4616 at
2868 4562 2980 4632 ipsa
3011 4562 3244 4629 castitas,
3269 4565 3560 4631 tetcruitas,
3603 4566 3713 4634 pul-

2143 4654 2410 4723 chritudo,
2461 4653 2689 4718 bonitas,
2739 4654 3020 4722 sapientia,
3066 4655 3212 4708 nullo
3260 4654 3418 4708 modo
3463 4657 3714 4726 recipiunt

2144 4757 2236 4802 aut
2260 4747 2680 4817 corruptionem,
2705 4754 2812 4810 aut,
2848 4755 2906 4799 ut
2936 4746 3005 4798 ita
3033 4744 3227 4812 dicam,
3260 4747 3711 4815 temporaiitatem,

2146 4847 2237 4892 aut
2267 4837 2666 4906 turpitudinem,
2694 4845 2785 4891 aut
2821 4837 3098 4891 malitiam.
3145 4837 3284 4907 Ergo
3310 4837 3469 4892 etiam
3498 4839 3582 4892 illa
3607 4854 3715 4907 qua:

2149 4928 2553 5000 participatione
2595 4927 2786 4982 similia
2836 4936 2996 4992 sunt,
3027 4927 3286 4992 recipiunt
3335 4927 3715 4983 dissimilitudi-

2152 5038 2274 5078 nem
2309 5039 2321 5076 :
2363 5031 2417 5082 at
2439 5021 2550 5091 ipsa
2576 5021 2866 5075 similitudo
2910 5019 3054 5074 nullo
3080 5020 3239 5074 modo
3277 5034 3342 5074 ex
3368 5019 3539 5088 aliqua
3582 5028 3717 5088 parte

2151 5119 2326 5182 potest
2351 5125 2469 5165 esse
2505 5109 2802 5165 dissimilis.
2829 5108 2983 5165 Unde
3008 5109 3064 5162 ﬁt
3091 5117 3146 5162 ut
3172 5124 3291 5163 cum
3317 5107 3605 5163 similitudo
3632 5108 3719 5162 Pa-

2153 5205 2248 5260 tris
2271 5204 2438 5259 Filius
2462 5203 2675 5269 dicitur,
2693 5204 2812 5273 quia
2834 5205 2951 5272 ejus
2975 5203 3375 5272 participatione
3397 5202 3586 5257 similia
3608 5211 3720 5256 sunt

2153 5310 2502 5369 quaecumque
2529 5303 2653 5351 sunt
2677 5296 2762 5350 vel
2782 5295 2920 5350 inter
2947 5309 3008 5349 se
3032 5295 3118 5348 vel
3144 5294 3257 5350 Deo
3281 5294 3472 5350 similia
3499 5293 3630 5366 (ipsa
3651 5302 3720 5349 est

2214 5473 2290 5598 E8
2312 5469 2834 5594 ¹ι“κθέῖῗξέἑ.⁰³οξξέ⁶ἑδ,
2858 5536 2912 5582 ει
2945 5528 3030 5581 lib.
3070 5529 3102 5580 6
3125 5563 3141 5592 ,
3171 5528 3237 5580 de
3289 5530 3455 5579 Trinit.
3480 5541 3584 5590 cap.
3603 5529 3646 5577 2.
