3988 6404
135 467 194 523 I7
1514 456 1685 511 LIBEI

1801 454 1952 512 NUS.
3317 455 3380 509 18

135 584 269 638 enim
295 582 489 652 Species
515 580 700 649 prima,
722 593 820 649 qua
848 585 989 642 sunt,
1026 584 1081 630 ut
1108 577 1179 630 ita
1206 575 1401 641 dicam,
1431 575 1685 644 spcciata,

147 685 183 728 et
210 672 368 727 forma
418 688 517 741 qua
562 670 779 725 formata
820 678 942 723 sunt
967 668 1207 737 omnia);
1239 666 1489 745 ex,.nulla
1535 672 1685 735 parte

139 766 266 821 Patri
295 774 462 834 potest
500 777 618 817 esse
641 761 927 817 dissimilis.
966 759 1109 813 Idem
1141 758 1300 829 igitur
1330 745 1471 826 quod
1508 756 1683 819 Pater,

132 858 192 911 ita
214 866 265 909 ιιι
289 857 381 908 iste
407 853 570 907 Filius
596 852 679 918 sit,
703 851 789 905 ille
829 850 1006 913 Pater,
1032 848 1084 903 id
1111 857 1211 914 est,
1241 847 1342 901 iste
1370 844 1683 910 similitudo,

134 949 211 1001 ille
251 946 394 1015 cujus
433 943 715 999 similitudo
757 953 869 1006 est;
913 942 1013 996 iste
1060 940 1376 1005 substantia,
1419 938 1509 992 ille
1556 938 1684 992 sub-

131 1038 352 1100 stantia‘,
385 1052 448 1090 ex
476 1050 583 1104 quo
611 1048 709 1088 una
735 1032 1049 1087 substantia.
1082 1030 1212 1085 Nam
1237 1031 1279 1084 si
1312 1045 1419 1083 non
1452 1045 1555 1083 una
1576 1036 1681 1094 est,

130 1131 297 1198 recipit
351 1128 740 1182 similitudinem
798 1125 1127 1190 similitudo;
1172 1123 1313 1194 quod
1364 1121 1477 1177 ﬁeri
1527 1136 1684 1191 posse

127 1220 281 1273 omnis
307 1219 575 1273 verissima
604 1226 759 1288 negat
784 1216 941 1271 ratio.

163 1308 333 1363 XXIV.
369 1307 546 1363 Utrum
575 1316 831 1377 peccatum
858 1316 904 1359 et
929 1314 1061 1359 recte
1098 1308 1285 1377 factum
1311 1304 1362 1357 in
1392 1303 1545 1357 libero
1587 1303 1651 1355 sit

626 1397 900 1454 voluntatis
929 1397 1158 1450 arbitrio.

197 1489 431 1559 Quidquid
457 1504 580 1544 casu
611 1488 692 1554 ﬁt,
729 1496 929 1542 temere
957 1486 1015 1540 ﬁt
1046 1504 1059 1540 :
1089 1485 1342 1557 quidquid
1373 1494 1571 1540 temere
1604 1484 1681 1549 ﬁt,

137 1597 227 1635 non
249 1579 301 1647 ﬁt
316 1580 656 1651 providentia.
679 1578 878 1647 Siergo
895 1593 1020 1633 casu
1038 1577 1211 1646 aliqua
1239 1575 1367 1630 ﬁunt
1390 1576 1443 1629 in
1460 1574 1681 1639 mundo,

135 1688 225 1727 non
246 1672 557 1742 providentia
601 1671 884 1725 universus
914 1667 1143 1722 mundus
1172 1668 1595 1721 administratur.
1627 1664 1683 1720 Si

135 1779 223 1818 non
248 1763 565 1833 providentia
587 1762 872 1817 universus
898 1760 1127 1815 mundus
1154 1758 1580 1820 administratur,
1605 1764 1687 1810 cst

134 1869 241 1924 ergo
262 1855 421 1924 aliqua
449 1864 637 1908 natura
662 1862 819 1921 atque
851 1850 1147 1906 substantia
1175 1866 1293 1920 qum
1313 1848 1379 1902 ad
1409 1862 1541 1917 opus
1563 1862 1685 1918 pro-

134 1944 350 2000 videntia:
390 1962 489 1999 non
523 1944 809 2015 pertineat.
856 1943 1029 1997 Omne
1072 1949 1249 1995 autem
1294 1940 1435 2010 quod
1466 1947 1582 2003 est,
1631 1938 1682 1992 in

132 2045 352 2103 quantum
380 2046 493 2102 est,
526 2037 727 2090 bonum
755 2043 858 2088 est.
899 2033 1118 2089 Summe
1146 2032 1287 2087 enim
1316 2039 1399 2086 est
1436 2030 1563 2085 illud
1590 2030 1686 2085 bo-

130 2141 256 2193 num,
280 2130 420 2197 cujus
446 2128 853 2198 participatione
879 2134 1003 2181 sunt
1033 2125 1169 2179 bona
1198 2133 1410 2179 caetera.
1436 2122 1505 2177 Et
1524 2137 1684 2177 omne

128 2218 248 2286 quod
286 2220 529 2275 mutabile
552 2230 637 2275 est
657 2261 672 2285 ,
704 2234 807 2273 non
840 2234 936 2288 per
959 2232 1020 2272 se
1051 2217 1221 2286 ipsum
1246 2257 1261 2282 ,
1290 2215 1384 2270 sed
1426 2215 1549 2270 boni
1580 2214 1681 2268 im-

129 2309 365 2365 mutabilis
393 2311 820 2380 participatione,
857 2310 912 2362 in
942 2316 1195 2378 quantum
1222 2317 1321 2371 est,
1351 2308 1548 2361 bonum
1575 2314 1677 2360 est.

127 2397 275 2454 Porro
314 2402 434 2456 illud
465 2402 667 2457 bonum
690 2442 704 2467 ,
745 2401 899 2471 cujus
938 2399 1343 2470 participatione
1382 2407 1505 2453 sunt
1546 2398 1682 2453 bona

126 2498 293 2545 extera
335 2507 680 2563 quaecumque
724 2499 848 2546 sunt
884 2493 941 2557 ³,
973 2506 1079 2546 non
1120 2504 1217 2559 per
1245 2488 1421 2555 aliud,
1454 2488 1548 2543 sed
1589 2503 1685 2558 per

123 2594 175 2635 se
196 2582 347 2651 ipsum
385 2584 587 2638 bonum
620 2592 737 2649 est,
768 2597 925 2653 qnam
953 2581 1185 2636 divinam
1212 2580 1371 2635 etiam
1398 2578 1682 2650 providen-

127 2668 235 2722 tiam
279 2687 543 2727 vocamus.
577 2671 718 2727 Nihil
760 2671 919 2742 igitur
947 2686 1074 2727 casu
1118 2670 1175 2724 ﬁt
1219 2670 1270 2723 in
1304 2668 1521 2723 mundo.
1571 2668 1685 2724 Iloc

120 2760 403 2828 constituto,
428 2778 770 2832 consequens
799 2761 1009 2816 videtur
1034 2768 1095 2814 ut
1120 2758 1374 2831 quidquid
1406 2758 1459 2812 in
1486 2757 1686 2813 mundo

120 2851 322 2920 geritur,
363 2854 553 2923 partim
609 2853 862 2909 divinitus
890 2860 1123 2922 geratur,
1158 2850 1347 2920 partim
1379 2858 1559 2904 nostra
1588 2864 1684 2905 vo-

122 2939 319 2997 luntate.
348 2943 481 2999 Deus
517 2944 664 2998 enim
708 2943 897 3014 quovis
939 2942 1154 2996 homine
1183 2942 1384 3011 optimo
1426 2948 1481 2996 et
1501 2939 1687 3010 justis-

120 3031 241 3087 simo
278 3034 425 3104 longe
452 3044 619 3104 atque
668 3031 1175 3103 imcomparabiliter
1202 3030 1390 3086 melior
1418 3040 1472 3085 et
1494 3031 1687 3100 justior

118 3131 208 3176 est.
232 3122 404 3179 Justus
423 3136 609 3180 autem
641 3138 833 3194 regens
856 3133 908 3197 et
936 3122 1241 3193 gubernans
1270 3122 1536 3187 universa,
1566 3120 1687 3175 nul-

119 3212 211 3266 lam
247 3228 444 3282 pmnam
494 3215 743 3283 cuiquam
788 3214 915 3268 sinit
954 3212 1219 3266 immerito
1259 3211 1453 3281 inlligi,
1480 3210 1684 3265 nullum

117 3303 367 3371 pra-mium
397 3305 672 3360 immerito
703 3303 835 3357 dari.
864 3302 1105 3357 Meritum
1134 3309 1308 3355 autem
1334 3316 1526 3370 prauae,
1561 3314 1685 3370 pec-

116 3402 307 3458 catum;
348 3404 400 3450 et
438 3394 693 3449 meritum
740 3392 977 3462 prmmii,
1024 3400 1172 3447 recte
1217 3389 1413 3444 factum
1445 3399 1546 3444 est.
1578 3388 1687 3443 Nec

116 3494 367 3552 peccatum
415 3495 640 3551 autem,
699 3499 799 3539 nec
842 3491 993 3538 recte
1036 3481 1233 3537 factum
1281 3481 1532 3550 imputari
1576 3480 1686 3535 cni-

116 3592 257 3645 quam
294 3580 429 3648 jnste
478 3585 693 3649 potest,
742 3577 831 3646 qui
862 3575 992 3630 nihil
1037 3574 1221 3629 fecerit
1250 3574 1461 3644 prepria
1496 3573 1685 3627 volun-

116 3678 230 3725 tate.
260 3672 345 3725 Est
370 3673 534 3742 igitur
561 3677 619 3725 et
660 3677 935 3739 peccatum
962 3675 1017 3723 et
1045 3674 1189 3723 recte
1214 3664 1407 3721 factum
1438 3665 1489 3719 in
1521 3664 1685 3721 libero

112 3761 380 3817 voluntatis
413 3761 660 3817 arbitrio.

541 3852 712 3908 XXV.
750 3851 830 3907 De
856 3868 1001 3906 cruce
1028 3850 1234 3905 Christi.

176 3944 435 4013 Sapientia
459 3944 557 3999 Dei
582 3942 853 3999 hominem
878 3941 945 3996 ad
970 3940 1291 4009 exemplum,
1315 3953 1420 4009 quo
1446 3946 1590 3993 recte
1611 3938 1685 3992 vi-

111 4050 375 4102 veremus,
405 4033 662 4103 suscepit.
693 4032 927 4086 Pertinet
955 4038 1131 4085 autem
1156 4029 1221 4083 ad
1257 4029 1416 4083 vitam
1447 4036 1642 4083 rectam
1669 4069 1684 4094 ,

108 4143 164 4181 ea
188 4142 303 4197 quae
326 4141 433 4182 non
461 4133 588 4180 sunt
613 4123 894 4179 metuenda
923 4138 1029 4178 non
1060 4130 1317 4176 metuere.
1346 4121 1487 4177 Mors
1510 4128 1686 4175 autem

110 4218 394 4273 metuenda
424 4233 531 4271 non
558 4225 658 4271 est.
703 4214 947 4285 Oportuit
984 4228 1112 4284 ergo
1141 4211 1368 4282 idipsum
1404 4212 1544 4265 illius
1588 4211 1686 4263 ho-

108 4310 260 4364 minis
288 4323 450 4379 quem
478 4307 571 4361 Dei
599 4306 863 4376 Sapientia
892 4302 1146 4373 suscepit,
1179 4312 1349 4356 morte
1378 4301 1685 4355 monstrari.

111 4402 240 4455 Sunt
265 4410 444 4456 autem
476 4399 721 4454 homines
748 4399 837 4468 qui
869 4395 1110 4467 quamvis
1134 4404 1359 4450 mortem
1391 4394 1557 4463 ipsam
1582 4407 1686 4445 non

110 4496 365 4558 timeant,
402 4507 571 4563 genus
611 4500 788 4545 tamen
829 4488 1045 4558 aliquod
1086 4487 1252 4557 ipsius
1290 4486 1478 4540 mortis
1506 4484 1690 4539 horre-

108 4594 275 4641 scunt.
313 4586 675 4641 Nihilominus
705 4591 880 4637 autem
905 4624 919 4648 ,
966 4591 1023 4636 ut
1061 4581 1173 4652 ipsa
1219 4594 1364 4634 mors
1404 4578 1688 4633 metuenda

106 4694 205 4732 non
228 4687 332 4744 est,
364 4678 435 4731 ita
463 4677 667 4731 nullum
691 4689 857 4745 genus
881 4673 1068 4727 mortis
1088 4673 1226 4727 bene
1251 4679 1305 4725 et
1326 4679 1471 4725 recte
1493 4670 1691 4725 viventi

108 4769 302 4822 homini
335 4766 683 4823 metuendum
716 4773 815 4819 est.
845 4764 1197 4818 Nihilominus
1237 4762 1394 4831 igitur
1429 4761 1528 4816 hoc
1556 4775 1687 4832 quo-

103 4871 204 4926 que
228 4857 370 4911 illius
398 4856 632 4910 hominis
653 4870 812 4909 cruce
832 4852 1221 4908 ostendendum
1249 4850 1362 4906 fuit.
1390 4850 1527 4905 Nihil
1548 4851 1688 4905 enim

105 4956 217 5000 erat
240 4946 383 5001 inter
415 4946 594 4999 omnia
626 4958 821 5014 genera
844 4943 1028 4998 mortis
1057 4943 1149 4997 illo
1169 4956 1363 5013 genere
1391 4941 1692 4997 exsecrabi-

101 5036 197 5092 lius
228 5046 283 5094 et
313 5034 740 5091 formidolosius.

401 5125 595 5182 XXVI.
636 5124 710 5179 De
746 5124 1029 5193 (li/ferentia
1056 5134 1393 5194 peccatorum.

164 5219 288 5274 Alia
317 5228 446 5274 sunt
473 5226 690 5288 peccata
720 5217 1071 5283 inﬁrmitatis,
1102 5216 1204 5271 alia
1230 5215 1509 5286 imperitia:
1532 5225 1568 5283 ,'
1588 5215 1689 5270 alia

97 5310 344 5365 malitiae.
400 5308 684 5363 Inﬁrmitas
726 5307 991 5363 contraria
1036 5315 1119 5361 est
1164 5305 1385 5373 virtuti,
1427 5305 1689 5376 imperitia

95 5401 378 5457 contraria
403 5410 487 5457 est
513 5401 805 5471 sapientiae,
838 5400 1035 5455 malitia
1059 5399 1325 5455 contraria
1346 5407 1428 5453 est
1449 5399 1688 5454 bonitati.

93 5493 364 5563 Quisquis
395 5492 552 5562 igitur
581 5491 729 5546 novit
757 5490 880 5561 quid
913 5491 982 5545 sit
1008 5491 1176 5543 virtus
1203 5497 1257 5544 et
1277 5488 1531 5558 sapientia
1562 5488 1689 5554 Dei,

94 5592 283 5653 potest
308 5582 622 5638 existimare
648 5597 767 5652 quae
797 5583 903 5637 sint
933 5591 1146 5653 peccata
1176 5581 1421 5637 venialia.
1449 5580 1517 5635 Et
1542 5582 1689 5651 quis-

153 5698 170 5729 ι
209 5695 399 5745 Isthmo
416 5694 569 5745 verba
586 5730 600 5756 ,
621 5693 711 5744 iste
736 5692 1027 5755 substantia,
1055 5691 1137 5743 ille
1168 5690 1447 5753 substantia,
1471 5693 1645 5741 absunt
1664 5703 1693 5741 a

89 5762 538 5866 ωέῗιὲιῗιέῗόεω
561 5822 1138 5881 Μεεηηιιωιιιαηεωηφιε
1180 5822 1303 5867 sunt.
1346 5814 1429 5867 Alii
1453 5820 1687 5881 quatuor,

86 5886 487 5941 animataque
509 5884 637 5929 sunt.

1800 573 1919 643 quis
1945 571 2091 626 novit
2114 571 2239 641 quid
2269 571 2337 626 sit
2366 571 2573 627 bonitas
2602 571 2715 638 Dei,
2744 579 2919 642 potest
2937 570 3238 627 existimare
3263 574 3379 643 qui-

1796 663 1895 718 bus
1921 662 2152 733 peccatis
2179 671 2322 718 certa
2352 678 2509 734 paena
2552 663 2810 719 debeatur
2847 670 2902 718 et
2930 662 3016 718 hic
3040 671 3093 717 et
3118 663 3171 717 in
3201 662 3378 718 futuro

1797 756 2012 810 smculo.
2051 755 2256 823 Quibus
2293 755 2428 810 bene
2464 754 2698 809 tractatis
2724 794 2738 818 ,
2772 753 3115 824 probabiliter
3151 752 3379 824 judieari

1795 855 1995 915 potest,
2036 846 2124 916 qui
2156 860 2259 900 non
2290 847 2395 900 sint
2420 845 2641 916 cogendi
2667 845 2732 900 ad
2762 845 3128 914 paenitentiam
3170 845 3379 898 luctuo-

1798 953 1910 992 sam
1936 946 1988 993 et
2016 938 2439 1003 lamentabilem,
2480 939 2722 1007 quamvis
2747 945 2964 1007 peccata
2994 935 3295 1002 fateantur;
3326 946 3380 990 et

1793 1027 1986 1098 quibus
2014 1028 2151 1081 nulla
2182 1029 2401 1083 omnino
2427 1026 2690 1096 speranda
2732 1027 2801 1081 sit
2825 1027 2969 1081 salus
2994 1069 3008 1093 ,
3039 1027 3141 1081 nisi
3169 1026 3371 1082 sacriﬁ-

1793 1120 1932 1175 cium
1968 1120 2254 1176 obtulerint
2280 1120 2390 1175 Deo
2424 1120 2666 1190 Spiritum
2692 1120 3102 1175 contribulatum
3130 1135 3223 1189 per
3266 1136 3377 1189 poe-

1793 1212 2090 1266 nitentiam.

2239 1301 2451 1357 XXVII.
2484 1301 2560 1357 De
2590 1302 2919 1373 providentia.

1866 1393 2010 1448 Fieri
2036 1402 2209 1462 potest
2239 1403 2298 1448 ut
2326 1410 2419 1463 per
2445 1394 2643 1448 malum
2683 1394 2957 1450 hominem
2983 1394 3160 1449 divina
3199 1396 3377 1465 provi-

1791 1485 1969 1540 dentia
1999 1494 2052 1539 ct
2083 1486 2265 1555 puniat
2290 1494 2344 1539 et
2364 1485 2673 1555 Opituletur.
2701 1484 2832 1540 Nam
2857 1485 3160 1541 Iudaeorum
3186 1486 3375 1555 impie-

1792 1587 1873 1631 tas
1897 1584 1951 1630 et
1976 1576 2189 1631 Iudaeos
2214 1576 2571 1646 supplantavit
2602 1578 2618 1607 ¹
2641 1618 2656 1642 ,
2687 1585 2742 1631 ει
2769 1577 3026 1634 Gentibus
3058 1577 3215 1633 saluti
3254 1579 3370 1634 fuit.

1790 1666 1920 1721 Item
1950 1666 2061 1721 ﬁeri
2107 1674 2280 1735 potest
2310 1675 2368 1720 ut
2410 1666 2587 1721 divina
2614 1667 2940 1736 providentia
2972 1683 3067 1739 per
3086 1668 3371 1725 hominem

1790 1759 1989 1813 bonum
2032 1766 2087 1813 et
2114 1758 2331 1813 damnet
2370 1767 2425 1814 et
2467 1758 2712 1828 adjuvet,
2753 1758 2890 1814 sicut
2930 1760 3006 1815 ait
3040 1760 3368 1831 Apostolus:

1789 1849 1919 1903 Aliis
1945 1866 2117 1903 sumus
2146 1849 2273 1903 odor
2298 1851 2412 1904 vita:
2433 1850 2487 1903 in
2512 1851 2686 1916 vitam,
2716 1850 2832 1905 aliis
2860 1860 3027 1904 autem
3050 1852 3175 1905 odor
3200 1851 3374 1906 mortis

1788 1939 1842 1993 in
1868 1948 2077 1993 mortem
2102 1939 2172 2010 (Il
2199 1938 2315 1993 Cor.
2350 1956 2417 2007 ιι,
2455 1939 2569 2012 16).
2597 1939 2700 1996 Sed
2733 1955 2854 1995 cum
2898 1941 3072 1996 omnis
3099 1941 3371 1996 tribulatio

1789 2040 1875 2084 aut
1915 2046 2074 2101 pinna
2121 2032 2402 2101 impiorum
2442 2034 2543 2099 sit,
2592 2043 2682 2087 aut
2722 2034 3032 2089 exercitatio
3064 2034 3364 2104 justorum;

1788 2121 1908 2190 quia
1937 2120 2122 2177 eadem
2152 2123 2341 2177 tribula
2392 2134 2446 2177 et
2493 2124 2670 2192 paleas
2707 2124 2976 2193 concidit,
3017 2134 3070 2181 et
3107 2124 3370 2181 frumenta

1790 2212 1954 2281 paleis
1995 2213 2181 2280 exuit,
2224 2213 2365 2268 unde
2411 2214 2682 2269 tribulatio
2724 2230 2917 2270 nomen
2965 2217 3204 2285 accepit;
3249 2232 3370 2271 rur-

1790 2316 1902 2364 sus,
1933 2315 2053 2356 cum
2077 2317 2174 2372 pax
2204 2313 2257 2357 et
2285 2302 2436 2372 quies
2462 2318 2492 2355 a
2521 2303 2776 2358 molestiis
2804 2305 3182 2374 temporalibus
3202 2313 3255 2359 et
3278 2306 3374 2361 bo-

1788 2407 1886 2447 nos
1917 2392 2167 2460 lueretur,
2197 2402 2250 2448 et
2277 2402 2583 2463 corrumpat
2607 2394 2775 2449 malos
2806 2410 2819 2448 :
2851 2396 3028 2451 omnia
3058 2395 3169 2451 luce
3195 2396 3372 2452 divina

1790 2484 2116 2552 providentia
2149 2499 2245 2554 pro
2267 2486 2466 2541 meritis
2498 2485 2801 2541 moderatur
2824 2490 3144 2542 animarum.
3168 2487 3271 2544 Sed
3294 2497 3361 2543 ta-

1790 2591 1913 2629 men
1945 2591 2048 2631 non
2088 2576 2191 2632 sibi
2220 2577 2421 2647 eligunt
2450 2577 2575 2632 boni
2605 2578 2957 2634 ministerium
2987 2580 3375 2645 tribulationis.

1789 2681 1888 2721 nec
1918 2668 2041 2721 mali
2069 2677 2249 2722 amant
2274 2682 2475 2737 pacem.
2518 2667 2693 2737 Quare
2720 2670 2817 2740 ipsi
2849 2686 3092 2741 quoque,
3122 2687 3215 2741 per
3236 2688 3372 2742 quos

1789 2758 1839 2812 id
1865 2759 2039 2828 agitur
2061 2759 2201 2828 quod
2232 2759 2495 2829 ignorant,
2529 2776 2633 2814 non
2656 2761 2877 2831 iustitiae
2904 2778 3021 2833 qua:
3049 2763 3275 2818 refertur
3303 2766 3370 2819 ad

1791 2848 1989 2913 Deum,
2018 2847 2112 2903 sed
2151 2848 2538 2904 malevolentiae
2578 2865 2689 2905 suae
2734 2851 3037 2907 mercedem
3079 2853 3367 2924 accipiunt.

1788 2938 2242 3006 Quemadmodum
2269 2955 2370 2996 nec
2393 2939 2547 2996 bonis
2575 2940 2885 3011 imputatur,
2898 2942 3039 3013 quod
3068 2943 3195 3013 ipsis
3208 2944 3370 3014 prodz-

1788 3045 1909 3086 esse
1960 3031 2262 3087 volentibus
2298 3041 2519 3087 nocetur
2543 3034 2699 3088 alicui
2724 3076 2738 3101 ,
2780 3034 2875 3089 sed
2902 3034 3043 3089 bono
3068 3037 3249 3091 animo
3277 3038 3369 3093 be-

1789 3121 2104 3177 nevolentim
2128 3123 2404 3192 prmmium
2428 3123 2708 3178 tribuitur:
2734 3124 2801 3178 ita
2824 3125 2985 3179 etiam
3006 3135 3197 3181 caetera
3221 3142 3372 3183 crea-

1793 3221 1907 3267 tura
1950 3229 2045 3283 pro
2083 3214 2288 3269 meritis
2315 3214 2609 3269 animarum
2652 3215 2987 3271 rationalium
3026 3218 3113 3272 vel
3145 3220 3373 3275 sentitur

1788 3303 1873 3358 vel
1901 3303 2047 3368 latet,
2079 3304 2162 3359 vel
2188 3304 2410 3359 molesta
2441 3304 2523 3358 vel
2548 3304 2827 3360 commoda
2858 3315 2959 3361 est.
2984 3307 3203 3363 Summo
3225 3310 3369 3364 enim

1792 3398 1900 3451 Deo
1924 3404 2113 3452 cuncta
2142 3397 2277 3452 bene
2303 3396 2709 3454 administrante
2737 3414 2854 3468 qua:
2881 3396 3027 3467 fecit,
3065 3400 3198 3455 nihil
3222 3400 3369 3456 inor-

1790 3489 2023 3545 dinatum
2071 3488 2125 3544 in
2171 3490 2457 3554 universo,
2506 3490 2741 3561 nihilque
2791 3490 3043 3559 injustum
3088 3502 3205 3559 est,
3255 3495 3371 3552 sive

1790 3580 2077 3635 scientibus
2121 3580 2233 3636 sive
2272 3580 2631 3635 nescientibus
2669 3582 2839 3636 nobis.
2873 3583 2977 3638 Sed
3021 3585 3074 3638 in
3115 3594 3260 3655 parte
3288 3586 3370 3641 of-

1790 3669 2025 3725 fenditur
2051 3671 2222 3725 anima
2256 3671 2519 3741 peccatrix
2548 3688 2561 3723 :
2596 3679 2770 3727 tamen
2797 3673 2918 3743 quia
2949 3688 3046 3745 pro
3071 3675 3272 3731 meritis
3297 3676 3367 3732 ibi

1789 3769 1890 3829 est,
1933 3761 2021 3816 ubi
2054 3761 2212 3817 talem
2241 3776 2360 3816 esse
2396 3761 2586 3828 decet,
2632 3771 2685 3817 et
2722 3778 2783 3818 ea
2814 3764 3008 3833 patitur
3051 3781 3169 3834 qna:
3210 3766 3367 3822 talem

1791 3853 1897 3922 pati
1924 3868 2133 3922 aequum
2160 3862 2263 3921 est,
2296 3852 2597 3908 universum
2624 3869 2845 3923 regnum
2870 3855 2961 3909 Dei
2989 3856 3129 3911 nulla
3150 3872 3243 3912 sua
3272 3857 3369 3914 fce-

1789 3943 1954 3999 ditate
1980 3943 2263 3999 deformat.
2308 3944 2704 4012 Quamobrem,
2748 3946 2997 4015 quoniam
3044 3962 3150 4001 non
3189 3948 3365 4003 omnia

1792 4037 2035 4091 novimus
2060 4052 2178 4106 quae
2202 4036 2268 4092 de
2295 4036 2447 4091 nobis
2472 4035 2608 4091 bene
2636 4039 2741 4107 agit
2761 4038 2892 4093 ordo
2919 4038 3146 4107 divinus,
3177 4040 3228 4094 in
3255 4041 3368 4095 sola

1791 4129 1928 4182 bona
1953 4129 2225 4183 voluntate
2264 4128 2553 4183 secundum
2585 4130 2753 4198 legem
2788 4132 3021 4200 agimus;
3064 4134 3115 4186 in
3156 4135 3368 4191 cmtcris
3418 4116 3633 4244 /V'

1791 4227 1962 4244 ,ιι-’ΛΜ
1991 4219 2277 4244 AnAn—An...
2310 4219 2476 4244 Ihm...“
2507 4219 2710 4244 ..ηε-ιι..-
2759 4235 2874 4244 An...
2904 4222 2982 4244 1,.-.
3019 4223 3125 4244 2..--
3160 4223 3328 4244 :_-__-

1790 4227 1963 4272 autem
1991 4219 2277 4273 secundum
2310 4219 2477 4288 legem
2505 4219 2728 4288 agimur,
2756 4235 2876 4273 cum
2904 4222 2987 4275 lex
3019 4223 3130 4290 ipsa
3160 4223 3366 4279 incom-

1791 4309 2058 4362 mutabilis
2079 4317 2308 4373 maneat,
2330 4317 2385 4363 et
2411 4307 2587 4363 omnia
2604 4307 2872 4363 mutabilia
2894 4309 3244 4379 pulcherrima
3270 4327 3364 4384 gn-

1758 4446 1761 4451 .
1793 4399 2101 4454 bernatione
2126 4398 2447 4454 moderetur.
2479 4397 2655 4453 Gloria
2683 4399 2840 4469 igitur
2868 4402 2921 4455 in
2951 4402 3209 4458 altissimis
3237 4402 3366 4470 Deo,

1791 4502 1838 4546 et
1864 4493 1918 4546 in
1942 4501 2074 4546 terra
2100 4509 2201 4560 pax
2225 4492 2506 4547 hominibus
2529 4494 2673 4548 bona:
2699 4495 2967 4549 voluntatis
2994 4494 3139 4568 (Luc.
3164 4513 3222 4565 ιι,
3250 4500 3367 4569 14).

1924 4581 2157 4637 XXVIII.
2193 4582 2360 4649 Quare
2386 4582 2520 4639 Deus
2549 4584 2795 4638 mundum
2823 4585 2988 4653 facere
3013 4586 3243 4644 voluerit.

1864 4672 1963 4739 Qui
2005 4673 2194 4742 quaerit
2230 4688 2393 4743 quare
2434 4673 2664 4729 voluerit
2699 4675 2837 4730 Deus
2866 4675 3119 4731 mundum
3154 4676 3327 4734 facere
3351 4720 3367 4747 ,

1794 4779 2009 4819 causam
2036 4765 2224 4834 quaerit
2252 4765 2536 4819 voluntatis
2564 4765 2678 4819 Dei.
2720 4764 2824 4820 Sed
2864 4767 3036 4821 omnis
3064 4782 3221 4823 causa
3250 4771 3367 4825 el'ti-

1794 4855 1942 4910 ciens
1968 4863 2067 4909 εει.
2112 4854 2283 4909 Omne
2310 4865 2485 4909 autem
2515 4853 2753 4910 efﬁciens
2790 4857 2960 4927 majus
3006 4867 3087 4912 est
3115 4874 3270 4928 quam
3316 4860 3370 4915 id

1795 4945 1934 5014 quod
1966 4945 2213 5001 efﬁcitur.
2254 4944 2393 4999 Nihil
2423 4952 2597 5000 autem
2636 4946 2808 5016 majus
2845 4955 2928 5002 est
2953 4950 3223 5006 voluntate
3252 4949 3368 5006 Dei.

1796 5034 1909 5090 Non
1936 5050 2063 5105 ergo
2091 5034 2204 5105 ejus
2230 5049 2386 5090 causa
2414 5035 2697 5105 quaerenda
2722 5044 2826 5092 est.
3319 5066 3322 5069 -

1871 5124 2060 5185 XXIX.
2098 5124 2281 5181 Utrum
2308 5125 2499 5195 aliquid
2528 5125 2591 5180 sit
2624 5142 2826 5181 sursum
2854 5136 2941 5181 aut
2973 5127 3207 5183 deorsum
3247 5130 3301 5185 in

2459 5217 2708 5272 universo.

1871 5308 1995 5375 Qum
2018 5325 2215 5364 sursum
2242 5316 2355 5362 sunt
2374 5308 2534 5380 sapite
2557 5306 2775 5378 (Coloss.
2800 5322 2875 5375 ιιι,
2902 5307 2980 5380 2).
3010 5309 3083 5363 Ea
3111 5324 3228 5379 qua“:
3255 5326 3373 5366 sur-

1797 5416 1913 5457 sum
1943 5410 2067 5456 sunt
2093 5416 2280 5472 sapere
2314 5400 2601 5469 jubemur,
2642 5400 2935 5469 spiritualia
2972 5400 3211 5465 scilicet,
3255 5418 3371 5471 qum

1798 5510 1903 5548 non
1936 5493 2065 5548 locis
2094 5500 2146 5546 et
2174 5489 2413 5561 partibus
2442 5490 2598 5560 hujus
2620 5489 2803 5545 mundi
2828 5504 3037 5544 sursum
3065 5504 3187 5546 esse
3216 5492 3362 5546 intel-

1800 5584 2003 5655 ligenda
2030 5591 2182 5647 sunt,
2210 5581 2305 5637 sed
2331 5582 2521 5635 merito
2544 5579 2873 5635 excellentiae
2899 5594 3048 5646 suae;
3081 5596 3149 5636 ne
3177 5581 3228 5636 in
3257 5580 3373 5650 ejus

1799 5675 1978 5730 tnundi
2011 5683 2157 5743 parte
2198 5672 2421 5744 ﬁgamus
2446 5672 2677 5726 animum
2706 5677 2967 5735 nostrum,
2994 5684 3100 5739 quo
3129 5672 3374 5726 universo

1865 5813 1989 5919 ’ἀει
2011 5807 2468 5918 1clatnndecimMss,
2493 5810 2556 5851 Ju
2574 5803 2669 5852 lum
2690 5796 3030 5861 supplantavit.
3059 5799 3201 5849 -διο
3227 5802 3377 5853 etiam

1865 5886 1895 5919 α
1932 5905 1945 5919 .
2055 5902 2066 5917 .

1801 5880 1945 5935 Lugd.
2011 5880 2066 5918 Μ.

3774 4026 3931 4161 \
