3996 6282
456 417 526 474 ω
1158 402 1248 458 nu
1289 396 1595 457 DlVERSlS
1631 384 2150 461 QUASSTIONIBUS
2188 389 2468 459 LXXXIII»,
2511 392 2566 446 ε.
2609 392 2972 450 AUGUSTINI
3646 400 3727 455 eo

452 549 553 589 nos
578 530 835 586 debemus
862 538 1079 584 exuere.
1124 522 1343 578 Sursum
1382 525 1556 570 autem
1587 529 1647 568 ac
1688 511 1936 565 deorsum
1980 504 2033 557 in

455 623 610 694 hujus
637 618 816 676 mundi
845 616 1083 690 partibus
1107 622 1208 669 est.
1235 612 1366 666 Nam
1385 609 1667 676 universus
1688 621 1784 660 nec
1805 603 1916 674 ipse
1938 603 2034 656 ha-

451 718 541 772 bet
593 729 805 770 sursum
864 719 956 767 aut
1017 708 1288 766 deorsum.
1351 706 1652 776 Corporeus
1703 707 1786 755 est
1846 697 2028 761 enim;

451 809 571 880 quia
603 822 763 863 omne
806 802 1015 860 visibile
1057 812 1371 871 corporeum
1418 804 1518 851 est.
1572 791 1712 847 Nihil
1758 799 1934 845 autem
1977 787 2029 842 in

451 879 705 956 universo
753 909 978 966 corpore
1027 906 1236 948 sursum
1287 897 1378 944 aut
1431 886 1680 942 deorsum
1740 890 1840 938 est.
1894 879 2030 934 Cum

451 992 593 1047 enim
616 991 668 1046 in
691 1004 785 1045 sex
812 993 991 1059 partes
1018 993 1194 1040 motus
1221 981 1334 1036 fieri
1357 979 1614 1041 videatur,
1640 975 1728 1045 qui
1752 982 1925 1028 rectus
1950 971 2032 1026 di-

451 1082 612 1147 citur,
645 1079 697 1134 id
726 1086 808 1133 εει
827 1119 842 1144 ,
873 1075 965 1147 qui
990 1073 1265 1129 circularis
1292 1085 1395 1124 non
1426 1077 1544 1135 est,
1587 1069 1640 1121 in
1666 1065 1938 1120 anteriora
1975 1072 2030 1117 et

398 1170 406 1244 ᾗ
453 1171 770 1244 posteriora,
799 1170 852 1224 in
873 1166 1173 1222 dexteriora
1201 1171 1258 1218 et»
1281 1160 1613 1216 sinisteriora
1634 1201 1647 1222 ,
1677 1157 1728 1210 in
1756 1155 2031 1224 superiora

452 1271 506 1317 et
534 1259 815 1323 inferiora;
850 1256 994 1311 nuila
1019 1253 1236 1308 omnino
1262 1250 1396 1305 ratio
1417 1258 1499 1303 est
1518 1261 1613 1302 cur
1640 1245 1889 1300 universo
1915 1257 2034 1296 cor—

454 1352 570 1423 pori
596 1357 720 1405 ante
744 1363 806 1403 ac
828 1354 947 1418 post
975 1344 1106 1400 nihil
1132 1344 1221 1409 sit,
1250 1350 1304 1395 ει
1328 1339 1546 1394 dextera
1573 1351 1636 1391 ac
1657 1336 1808 1399 laeva,
1841 1333 1910 1388 sit
1941 1347 2033 1385 au-

452 1421 560 1500 tem
584 1456 796 1497 sursum
825 1453 888 1494 ac
913 1437 1184 1493 deorsum.
1225 1430 1330 1487 Sed
1353 1444 1417 1484 eo
1450 1425 1851 1482 considerantes
1891 1421 2032 1476 deci-

450 1535 669 1604 piuntur
693 1573 708 1596 ,
740 1527 882 1604 quod
908 1525 1151 1582 sensibus
1175 1531 1229 1578 et
1256 1515 1624 1575 consuetudini
1652 1513 1868 1570 difficile
1891 1509 2034 1566 obsi-

451 1603 628 1681 stitur.
671 1622 785 1678 Non
812 1619 952 1674 enim
979 1625 1087 1671 tam
1128 1612 1294 1669 facilis
1318 1618 1398 1664 εει
1424 1607 1582 1663 nobis
1609 1603 1888 1661 conversio
1915 1615 2035 1656 cor-

450 1718 598 1789 poris
617 1758 631 1782 ,
661 1728 779 1786 qua:
805 1711 893 1776 ﬁt,
937 1710 982 1764 si
1010 1707 1130 1779 quis
1157 1704 1330 1774 capite
1357 1700 1607 1756 deorsum
1641 1694 1842 1751 moveri
1868 1693 2028 1756 velit,

451 1786 610 1882 quam
651 1805 818 1862 facilis
843 1810 926 1859 est
951 1816 982 1855 a
1009 1799 1195 1855 dextra
1222 1796 1275 1850 in
1303 1795 1491 1849 laevam
1515 1833 1529 1858 ,
1561 1789 1643 1844 vel
1671 1789 1737 1844 ab
1765 1786 2034 1842 anteriore

451 1877 506 1957 in
547 1897 892 1972 posteriorem
939 1900 1160 1964 partem.
1205 1885 1560 1955 Quamobrem
1596 1881 1815 1937 remotis
1859 1877 2034 1932 verbis

451 2006 635 2048 secum
665 1989 764 2060 ipsi
788 1986 966 2042 animo
986 1979 1332 2052 satagendum
1358 1987 1462 2044 est,
1491 1985 1548 2031 ut
1573 1975 1674 2030 hoc
1703 1987 1923 2028 cernere
1953 1986 2034 2025 va-

450 2085 578 2139 leat.

452 2171 626 2228 XXX.
672 2169 853 2225 Utrum
879 2165 1049 2220 omnia
1076 2164 1131 2217 in
1167 2161 1432 2214 utilitatem
1461 2156 1679 2211 hominis
1716 2162 1882 2209 creata
1908 2155 2029 2208 sint.

525 2264 597 2321 Ut
644 2263 782 2318 inter
814 2259 1095 2314 honestum
1132 2263 1184 2309 et
1221 2252 1349 2308 utile
1392 2251 1648 2315 interest,
1690 2247 1759 2302 ita
1796 2251 1868 2301 et‘
1896 2245 2035 2299 inter

453 2354 733 2412 fruendum
763 2361 816 2406 et
846 2347 1120 2405 utendum.
1151 2343 1462 2412 Quanquam
1501 2339 1644 2396 enim
1683 2351 1843 2392 omne
1868 2335 2034 2390 hone-

451 2456 594 2504 stum
620 2444 782 2511 utile,
810 2450 863 2496 et
899 2453 1059 2494 omne
1087 2435 1216 2490 utile
1255 2434 1533 2488 honestum
1562 2443 1682 2485 esse
1707 2470 1720 2494 ,
1768 2425 2034 2483 subtiliter

453 2535 664 2595 defendi
697 2539 859 2606 queat
887 2550 901 2586 :
934 2539 1110 2586 tamen
1141 2525 1265 2598 quia
1291 2525 1458 2594 magis
1495 2520 1710 2593 preprie
1735 2529 1894 2590 atque
1921 2519 2032 2573 usi-

454 2641 615 2688 tatius
642 2629 923 2682 honestum
948 2622 1140 2677 dicitur
1173 2616 1316 2689 quod
1342 2625 1558 2688 propter
1581 2629 1640 2669 se
1667 2614 1839 2682 ipsum
1868 2624 2032 2682 expe—

451 2721 674 2780 tendum
702 2725 785 2774 est
805 2757 822 2783 ,
861 2714 991 2771 utile
1015 2720 1191 2766 autem
1217 2708 1356 2780 quod
1384 2707 1450 2762 ad
1478 2705 1621 2761 aliud
1648 2701 1846 2773 aliquid
1889 2700 2032 2758 refe-

451 2812 676 2869 rendum
707 2816 820 2864 est:
847 2804 1137 2862 secundum
1170 2803 1307 2855 hanc
1325 2797 1676 2853 differentiam
1700 2809 1839 2850 nunc
1866 2792 2035 2864 loqui-

451 2913 603 2967 mur;
639 2897 770 2953 illud
796 2910 926 2950 sane
954 2891 1316 2949 custodientes
1342 2930 1355 2953 ,
1397 2896 1456 2942 ut
1491 2887 1775 2941 honestum
1810 2893 1864 2940 et
1905 2883 2034 2938 utile

449 2992 601 3048 nullo
629 2987 788 3043 modo
814 2985 1026 3041 sibimet
1049 2982 1414 3037 adversentur.
1443 2976 1726 3042 Adversari
1753 2975 1894 3031 enim
1918 2974 2035 3030 haec

451 3082 552 3138 sibi
597 3079 880 3149 aliquando
918 3074 1162 3145 imperite
1209 3087 1270 3126 ac
1313 3070 1599 3141 vnlgariter
1638 3069 2029 3123 existimantur.

451 3174 579 3230 Frui
608 3187 734 3243 ergo
763 3171 986 3226 dicimur
1015 3183 1075 3223 ea
1105 3182 1164 3221 re
1194 3165 1261 3220 de
1287 3178 1390 3234 qua
1416 3161 1656 3232 capimus
1681 3161 2027 3231 voluptatem.

450 3264 662 3321 Utimur
690 3276 750 3316 ea
777 3274 932 3329 quam
961 3251 1238 3313 referimus
1283 3253 1350 3309 ad
1389 3253 1440 3308 id
1483 3252 1628 3307 unde
1657 3253 1900 3323 voluptas
1940 3267 2028 3307 ca-

450 3354 641 3427 pienda
671 3360 771 3408 est.
798 3350 983 3406 Omnis
1011 3348 1187 3419 itaque
1211 3346 1440 3401 humana
1468 3343 1737 3415 perversio
1759 3351 1860 3407 est,
1891 3341 2031 3412 quod

449 3447 611 3503 etiam
638 3444 821 3499 vitium
847 3450 1086 3508 vocatur,
1117 3437 1358 3494 fruendis
1385 3435 1457 3490 uti
1485 3435 1622 3491 velle
1645 3477 1659 3500 ,
1692 3444 1849 3505 atque
1876 3444 2030 3489 uten-

451 3541 534 3598 dis
562 3537 684 3597 frui.
716 3537 785 3592 Et
809 3550 998 3593 rursus
1021 3534 1194 3589 omnis
1222 3532 1504 3598 ordinatio,
1536 3547 1654 3602 qua:
1682 3531 1846 3584 virtus
1872 3529 2030 3583 etiam

452 3630 756 3685 nominatur
777 3668 792 3692 ,
834 3624 1072 3682 fruendis
1099 3623 1237 3690 frui,
1276 3632 1330 3679 et
1358 3621 1567 3677 utendis
1600 3621 1697 3676 uti.
1724 3619 2032 3678 Frneudum

452 3729 535 3776 est
557 3727 734 3775 autem
765 3717 1023 3781 honestis,
1056 3714 1307 3770 utendum
1335 3728 1461 3768 vero
1501 3711 1734 3766 utilibus.
1767 3711 2031 3766 Honesta-

452 3820 559 3867 tem
586 3823 719 3865 voco
748 3805 1134 3876 intelligibilem
1175 3801 1621 3874 pulchritudinem
1645 3842 1658 3866 ,
1690 3817 1848 3871 quam
1877 3800 2034 3870 spiri-

453 3901 648 3956 tualem
677 3914 774 3954 nos
799 3897 1011 3968 proprie
1038 3896 1294 3958 dicimus;
1342 3893 1617 3948 utilitatem
1647 3902 1822 3947 autem
1843 3933 1857 3957 ,
1898 3892 2032 3946 divi-

451 4008 575 4048 nam
610 3989 1014 4064 providentiam.
1044 3987 1380 4056 Quapmpter
1405 3998 1703 4055 quanquam
1734 3983 1839 4038 sint
1867 3983 2033 4037 multa

452 4085 674 4157 pulchra
701 4082 928 4138 visibilia
951 4123 968 4150 ,
996 4096 1114 4153 qua:
1144 4079 1318 4134 minus
1344 4077 1556 4148 proprie
1594 4076 1817 4132 honesta
1849 4075 2029 4146 appel-

453 4177 662 4240 lantur;
691 4176 802 4246 ipsa
831 4182 1009 4229 tamen
1043 4170 1399 4244 pulchritudo,
1436 4185 1502 4225 ex
1530 4185 1631 4240 qua
1658 4169 1880 4243 pulchra
1911 4176 2034 4223 sunt

452 4279 800 4336 quaecumque
837 4263 1057 4333 pulchra
1099 4269 1259 4327 sunt,
1303 4260 1448 4315 nullo
1479 4259 1638 4314 modo
1675 4267 1758 4314 est
1782 4257 2031 4314 visibilis.

452 4357 582 4413 Item
611 4355 778 4411 multa
803 4353 948 4408 utilia
972 4351 1200 4406 visibilia
1225 4369 1240 4417 ;
1286 4351 1379 4405 sed
1408 4350 1520 4419 ipsa
1547 4349 1747 4403 utilitas
1767 4389 1784 4415 ,
1827 4365 1890 4404 ex
1932 4365 2034 4418 qua

454 4449 610 4508 nobis
651 4454 873 4518 prosunt
912 4457 1258 4516 quaecumque
1288 4449 1548 4511 prosunt,
1595 4455 1752 4510 quam
1801 4440 2034 4494 divinam

455 4541 844 4613 providentiam
872 4538 1097 4594 dicimus
1121 4577 1140 4604 ,
1167 4534 1389 4590 visibilis
1417 4549 1522 4588 non
1551 4541 1654 4588 est.
1685 4531 1876 4586 Notum
1907 4546 2037 4586 sane

454 4637 528 4691 sit
578 4634 862 4690 visibilium
913 4630 1128 4685 nomine
1175 4627 1352 4683 omnia
1403 4624 1700 4694 corporalia
1751 4624 2031 4678 contineri.

455 4726 680 4797 Oportet
709 4739 835 4793 ergo
868 4721 969 4777 frui
996 4718 1230 4791 pulchris
1255 4715 1628 4782 invisibilibus,
1657 4715 1709 4769 id
1737 4723 1838 4782 est,
1871 4714 2038 4769 hone-

457 4817 554 4872 stis
584 4836 596 4871 :
626 4825 806 4870 utrum
835 4821 1010 4868 autem
1037 4810 1314 4876 omnibus,
1343 4808 1444 4862 alia
1474 4806 1698 4876 quaestio
1723 4815 1840 4870 est;
1870 4820 2038 4876 quan-

457 4925 614 4979 quam
642 4909 864 4962 fortasse
888 4903 1112 4959 honcsta
1141 4916 1246 4956 non
1277 4901 1375 4954 nisi
1402 4899 1592 4971 quibus
1624 4897 1901 4952 fruendum
1933 4904 2037 4962 est,

458 5000 561 5056 dici
589 5000 792 5056 deceat.
827 4997 1054 5054 Utilibus
1082 5003 1258 5050 autem
1289 4993 1544 5048 utendum
1573 5002 1655 5047 est
1683 4991 1950 5056 omnibus,
1979 5003 2037 5045 ut

459 5107 671 5163 quoquo
691 5104 874 5146 eorum
902 5103 1034 5158 opus
1059 5096 1158 5142 est.
1189 5085 1255 5140 Et
1279 5084 1378 5139 frui
1409 5083 1621 5153 quidem
1646 5084 1766 5138 cibo
1786 5090 1837 5137 et
1866 5081 2038 5151 quali-

460 5183 551 5238 bet
573 5179 837 5250 corporali
862 5179 1131 5247 voluptate
1155 5189 1260 5229 non
1301 5173 1437 5228 adeo
1469 5172 1696 5227 absurde
1725 5172 2037 5227 existiman-

462 5288 548 5331 tur
570 5284 622 5332 ct
650 5273 830 5330 bestizu
861 5291 873 5326 :
907 5271 982 5326 uti
1008 5278 1183 5324 autem
1209 5268 1380 5338 aliqua
1403 5283 1461 5321 re
1482 5282 1587 5320 non
1614 5273 1788 5336 potest
1811 5265 1911 5319 nisi
1932 5265 2039 5318 ani-

463 5367 567 5421 mal
597 5365 734 5434 quod
763 5358 983 5418 ratiOnis
1026 5369 1109 5415 est
1149 5357 1434 5429 particeps.
1477 5357 1625 5412 Scire
1663 5370 1892 5425 namque
1933 5369 2040 5424 quo

464 5458 692 5529 quidque
715 5455 1050 5512 referendum
1081 5454 1182 5518 sit,
1215 5468 1319 5506 non
1347 5451 1525 5506 datum
1565 5457 1647 5506 εει
1685 5449 1908 5505 rationis
1941 5464 2039 5504 ex-

464 5551 728 5621 pertibus;
777 5548 870 5605 sed
915 5563 1090 5616 neque
1131 5546 1259 5616 ipsis
1298 5543 1644 5600 rationalibus
1690 5541 1885 5596 stultis.
1931 5541 2039 5598 Nec

464 5645 539 5698 uti
569 5645 786 5714 quisque
807 5649 1062 5712 potestea
1089 5655 1146 5695 re
1169 5655 1288 5709 qua:
1313 5653 1417 5708 quo
1440 5635 1712 5691 referenda
1734 5636 1804 5690 sit
1827 5637 2030 5702 nescit;

463 5750 562 5790 nec
591 5734 862 5805 quisquam
893 5739 1066 5803 potest
1107 5731 1242 5786 scire
1283 5730 1380 5784 nisi
1423 5727 1654 5799 sapiens.
1684 5727 1860 5796 Quare
1890 5727 2035 5782 abuti

463 5825 656 5883 rectius
680 5825 783 5882 dici
807 5823 975 5880 solent
995 5863 1009 5890 ,
1041 5822 1129 5893 qui
1159 5837 1261 5876 non
1293 5821 1428 5877 bene
1459 5828 1691 5876 utuntur.
1735 5819 1848 5876 Non
1895 5821 2035 5876 enim

2139 503 2382 574 cuiquam
2405 507 2619 575 prodest
2641 507 2692 562 id
2711 523 2818 591 quo
2839 510 2975 565 male
2997 512 3188 576 utitur;
3213 518 3267 566 et
3286 512 3425 581 quod
3439 529 3542 569 non
3556 517 3718 584 prod-

2137 603 2218 649 est
2237 637 2251 662 ,
2285 610 2390 650 non
2429 597 2610 665 utique
2661 598 2788 652 utile
2815 607 2914 652 est.
2949 599 3087 654 Utile
3111 609 3287 655 autem
3316 602 3567 673 quidquid
3596 613 3714 666 est,

2138 687 2334 740 utendo
2357 696 2442 742 est
2465 688 2594 743 utile
2626 706 2640 743 :
2669 689 2739 744 ita
2765 705 2922 744 nemo
2950 692 3115 745 utitur
3139 693 3240 747 nisi
3269 695 3405 748 utili.
3441 694 3556 750 Non
3587 711 3724 767 ergo

2137 776 2300 830 utitur
2323 817 2336 841 ,
2365 777 2603 847 quisquis
2643 781 2780 834 male
2807 779 2988 833 utitur.
3019 781 3256 836 Perfecta
3297 783 3456 854 igitur
3484 784 3719 841 hominis

2134 866 2272 921 ratio
2293 907 2308 932 ,
2345 883 2463 937 quae
2502 868 2669 923 virtus
2699 879 2919 924 vocatur
2945 911 2962 937 ,
3008 872 3171 926 utitur
3201 874 3375 942 primo
3416 888 3475 929 se
3505 876 3618 944 ipsa
3647 877 3718 930 ad

2136 956 2536 1025 intelligendum
2561 958 2724 1014 Deum
2744 1000 2757 1024 ,
2786 967 2844 1013 ut
2868 974 2934 1015 eo
2960 960 3166 1015 fruatur
3193 977 3221 1014 a
3253 978 3360 1032 quo
3386 964 3546 1018 etiam
3579 966 3718 1020 facta

2135 1056 2233 1104 est.
2274 1049 2447 1105 Utitur
2469 1060 2646 1105 autem
2670 1053 2878 1106 cmteris
2903 1053 3247 1108 rationalibus
3272 1055 3628 1110 animantibus
3647 1057 3718 1110 ad

2136 1145 2482 1210 societatem,
2538 1145 2930 1201 irrationalibus
2981 1145 3054 1200 ad
3103 1148 3468 1204 eminentiam.
3539 1147 3725 1204 Vitam

2137 1237 2296 1291 etiam
2335 1252 2484 1292 snam
2524 1236 2590 1291 ad
2621 1237 2672 1292 id
2701 1237 2904 1303 refert,
2932 1247 2989 1292 ut
3036 1237 3246 1292 fruatur
3281 1239 3388 1294 Deo
3421 1258 3436 1294 :
3470 1239 3540 1294 ita
3569 1240 3718 1295 enim

2136 1327 2286 1383 beata
2305 1336 2406 1382 est.
2429 1329 2568 1398 Ergo
2591 1335 2645 1382 et
2667 1343 2726 1382 se
2750 1327 2860 1397 ipsa
2883 1329 3048 1383 utitur
3071 1344 3222 1398 ;qu:e
3239 1329 3476 1398 profecto
3500 1329 3720 1384 inchoat

2136 1419 2402 1473 miseriam
2450 1433 2546 1490 per
2586 1418 2905 1488 superbiam,
2957 1418 3002 1472 si
3043 1418 3110 1472 ad
3153 1432 3212 1474 se
3259 1420 3448 1488 ipsam,
3499 1435 3601 1473 non
3646 1421 3717 1474 ad

2138 1510 2305 1564 Deum
2343 1508 2621 1564 referatur.
2653 1508 2830 1565 Utitur
2859 1510 3016 1564 etiam
3044 1511 3356 1580 corporibus
3395 1511 3716 1581 quibusdam
3753 1502 3758 1507 ’

2137 1599 2465 1655 vivifieandis
2508 1599 2574 1654 ad
2619 1599 3058 1666 beneﬁcentiam;
3098 1600 3176 1654 sic
3217 1600 3362 1655 enim
3411 1602 3574 1655 utitur
3615 1616 3726 1656 suo

2135 1707 2361 1763 corpore
2393 1709 2404 1745 :
2435 1691 2748 1762 quibusdam
2790 1691 3124 1746 assumendis
3169 1692 3259 1746 vel
3296 1692 3614 1762 respuendis
3647 1693 3725 1747 ad

2137 1782 2489 1838 valetudinem
2521 1823 2534 1846 ,
2574 1781 2888 1852 quibusdam
2933 1781 3222 1836 tolerandis
3263 1781 3329 1835 ad
3361 1783 3665 1850 patientiam
3697 1824 3716 1849 ,

2135 1876 2448 1948 quibusdam
2479 1875 2784 1930 ordinandis
2813 1874 2881 1929 ad
2914 1874 3174 1944 justitiam
3196 1917 3211 1942 ,
3243 1874 3556 1944 quibusdam
3585 1889 3720 1929 con-

2135 1967 2430 2024 siderandis
2469 1966 2536 2021 ad
2576 1965 2791 2036 aliquod
2828 1964 3068 2020 veritatis
3091 1965 3468 2020 documentum
3502 1982 3516 2018 :
3549 1966 3720 2019 utitur

2136 2061 2296 2115 etiam
2327 2060 2392 2114 iis
2415 2074 2444 2113 a
2474 2059 2668 2129 quibus
2690 2071 2748 2113 se
2781 2057 3032 2125 abstinet,
3067 2056 3135 2112 ad
3179 2056 3604 2126 temperantiam.
3639 2055 3717 2110 ita

2135 2153 2383 2208 omnibus
2421 2161 2474 2207 et
2511 2151 2683 2206 scnsis
2711 2158 2899 2204 etnon
2940 2149 3112 2204 sensis
3137 2150 3342 2215 utitur;
3383 2163 3482 2203 nec
3513 2147 3720 2216 aliquid

2138 2243 2348 2298 tertium
2377 2239 2477 2297 εει.
2521 2240 2729 2296 Judicat
2767 2249 2944 2295 autem
2983 2239 3052 2294 de
3087 2239 3336 2294 omnibus
3376 2238 3567 2309 quibus
3608 2238 3721 2292 uti-

2139 2346 2224 2389 tur
2253 2352 2266 2387 :
2299 2334 2367 2389 de
2392 2333 2508 2389 solo
2535 2333 2644 2387 Deo
2672 2346 2776 2386 non
2803 2331 3004 2402 judicat
3023 2372 3039 2398 ,
3068 2330 3188 2401 quia
3215 2329 3503 2384 secundum
3540 2329 3714 2383 Deum

2135 2429 2203 2483 de
2228 2428 2436 2484 caeteris
2456 2426 2694 2497 judicat;
2722 2441 2824 2482 nec
2847 2440 2913 2480 eo
2940 2426 3102 2480 utitur
3121 2465 3136 2490 ,
3169 2421 3263 2478 sed
3292 2422 3500 2477 fruitur.
3529 2421 3720 2490 Neque

2135 2523 2277 2577 enim
2303 2521 2368 2576 ad
2395 2519 2593 2591 aliquid
2625 2519 2769 2574 aliud
2806 2519 2948 2574 Deus
2975 2515 3284 2572 referendus
3306 2521 3409 2570 εει.
3451 2513 3716 2580 Quoniam

2134 2626 2294 2668 omne
2321 2613 2462 2684 quod
2488 2611 2553 2666 ad
2571 2609 2716 2665 aliud
2732 2607 3066 2665 referendum
3083 2614 3185 2672 est,
3207 2605 3428 2661 inferius
3448 2613 3531 2660 est
3551 2618 3713 2674 quam

2136 2705 2187 2758 id
2216 2704 2282 2759 ad
2311 2704 2453 2774 quod
2481 2701 2815 2758 referendum
2843 2709 2943 2756 est.
2973 2699 3083 2754 Nec
3120 2708 3204 2754 est
3242 2696 3438 2768 aliquid
3481 2696 3593 2751 Deo
3618 2710 3718 2750 su-

2137 2795 2352 2865 perius,
2410 2810 2518 2849 non
2563 2794 2682 2849 loco
2710 2833 2726 2859 ,
2778 2790 2874 2846 sed
2921 2788 3232 2845 excellentia
3279 2802 3388 2842 sua:
3440 2793 3644 2839 natura:
3670 2785 3712 2838 ί.

2134 2887 2324 2943 Omnia
2353 2901 2482 2957 ergo
2509 2900 2626 2956 qua:
2655 2884 2786 2937 facta
2815 2889 2937 2937 sunt
2960 2922 2976 2946 ,
3021 2880 3072 2933 in
3113 2893 3267 2932 usum
3309 2875 3538 2930 hominis
3575 2873 3720 2929 facta

2134 2986 2293 3044 sunt,
2345 2977 2468 3047 quia
2511 2974 2758 3030 omnibus
2805 2972 2971 3026 utitur
3007 2966 3293 3039 judicando
3338 2967 3548 3033 ratio',
3591 2979 3713 3035 qua:

2139 3069 2339 3126 homini
2370 3068 2490 3124 data
2526 3076 2628 3123 est;
2669 3065 2736 3121 Et
2765 3073 2889 3119 ante
2919 3064 3124 3133 lapsum
3152 3061 3367 3132 quidem
3393 3075 3498 3115 non
3531 3059 3713 3114 uteba-

2139 3172 2222 3218 tur
2249 3159 2571 3226 tolerandis,
2609 3172 2708 3213 nec
2747 3164 2870 3228 post
2910 3156 3114 3225 lapsum
3142 3153 3309 3207 utitur
3349 3153 3448 3206 nisi
3479 3165 3706 3206 conver-

2136 3268 2270 3320 sus,
2328 3259 2384 3306 et
2429 3263 2729 3321 quanquam
2785 3255 2910 3302 ante
2967 3253 3194 3300 mortem
3251 3242 3530 3312 corporis,
3599 3240 3711 3310 jam

2137 3353 2312 3398 tamen
2354 3350 2606 3412 quantum
2658 3346 2834 3408 potest
2881 3337 2974 3393 Dei
3028 3336 3270 3401 amicus,
3318 3334 3437 3404 quia
3484 3332 3715 3388 libenter

2136 3451 2342 3490 servus.

2136 3525 2329 3587 XXXI.
2385 3525 2644 3582 Sententia
2694 3524 2950 3580 Ciceronis
2974 3565 2988 3587 ,
3039 3519 3459 3586 quemadmodum
3510 3517 3715 3570 virtutes

2205 3620 2364 3675 animi
2399 3618 2460 3672 ab
2489 3618 2578 3671 illo
2603 3615 2775 3670 divisa:
2808 3632 2867 3668 ac
2895 3615 3116 3682 deﬁnita:
3141 3614 3242 3667 sint
3287 3609 3429 3682 (Cic.
3460 3608 3554 3664 lib.
3580 3607 3616 3660 2
3644 3604 3714 3660 de

2206 3707 2458 3782 lnvent.).

2209 3805 2258 3858 i.
2299 3802 2477 3858 Virtus
2502 3810 2585 3857 est
2611 3799 2774 3856 animi
2803 3799 3012 3855 habitas
3039 3807 3238 3854 naturae
3265 3795 3423 3850 modo
3447 3801 3604 3862 atque
3625 3806 3714 3846 ra-

2134 3895 2262 3950 tioni
2282 3901 2692 3950 consentaneus.
2727 3891 2901 3959 Quare
2927 3889 3173 3945 omnibus
3198 3886 3436 3958 partibus
3477 3883 3590 3952 ejus
3615 3897 3714 3936 co-

2135 3987 2315 4059 gnitis,
2339 3994 2445 4041 tota
2475 3985 2556 4041 vis
2599 3985 2700 4041 erit
2743 3983 2998 4055 simplicis
3035 3979 3327 4036 honestatis
3351 3976 3709 4033 considerata.

2136 4077 2306 4134 Habet
2347 4077 2507 4147 igitur
2541 4084 2723 4147 partes
2765 4081 3022 4146 quatuor:
3051 4069 3406 4142 prudentiam,
3429 4065 3711 4138 justitiam,

2138 4168 2520 4236 fortitudinem,
2545 4166 2968 4238 temperantiam.
2996 4162 3282 4219 Prudentia
3309 4171 3389 4217 est
3414 4175 3589 4215 rerum
3618 4157 3715 4212 bo-

2139 4279 2324 4320 uarum
2363 4270 2417 4317 et
2445 4261 2699 4316 malarum
2749 4268 3164 4326 neutrarumqne
3208 4253 3428 4310 scientia
3456 4251 3498 4302 ⁸.
3529 4250 3715 4303 Partes

2137 4357 2269 4425 ejus,
2301 4353 2577 4419 memoria,
2603 4351 2961 4419 intelligentia,
2985 4344 3334 4418 providentia.
3358 4339 3611 4395 Memoria
3633 4347 3716 4394 est

2139 4461 2234 4515 per
2259 4459 2414 4514 quam
2437 4443 2644 4496 animus
2673 4439 2863 4508 repetit
2893 4437 2979 4491 ilia
3005 4452 3122 4507 quae
3147 4434 3376 4488 fuerunt.
3415 4430 3715 4500 intelligen-

2138 4536 2230 4598 tia,
2260 4549 2355 4602 per
2380 4547 2536 4602 quam
2566 4545 2625 4585 ea
2655 4527 2904 4598 perSpicit
2928 4541 3045 4596 quae
3073 4532 3214 4580 sunt.
3244 4521 3600 4586 Providentia,
3620 4533 3718 4588 per

2139 4640 2297 4696 quam
2327 4623 2557 4678 futurum
2585 4619 2782 4690 aliquid
2813 4617 3020 4672 videtur
3057 4623 3337 4684 antequam
3384 4615 3576 4667 factum
3609 4617 3710 4664 est.

2140 4715 2352 4771 iustitia
2385 4722 2468 4768 est
2494 4710 2704 4765 habitus
2729 4709 2910 4772 animi,
2943 4706 3210 4762 communi
3239 4705 3466 4759 utilitate
3494 4715 3714 4756 conser-

2139 4813 2284 4874 vata,
2323 4819 2470 4860 suam
2497 4803 2686 4871 cuique
2712 4799 2950 4854 tribuens
2989 4796 3317 4866 dignitatem.
3352 4793 3482 4860 Ejus
3511 4791 3715 4846 initium

2140 4907 2224 4955 est
2250 4898 2318 4953 ab
2358 4905 2544 4952 natura
2572 4893 2897 4963 profectum:
2921 4889 3112 4944 deinde
3140 4885 3379 4958 quaedam
3409 4886 3459 4938 in
3485 4895 3716 4938 consue-

2143 4990 2376 5046 tudinem
2405 5003 2471 5042 ex
2499 4985 2740 5042 utilitatis
2781 4983 2987 5039 ratione
3015 4986 3275 5037 venerunt
3302 4996 3316 5033 :
3345 4985 3528 5048 postea
3553 4989 3640 5030 res
3665 4980 3720 5028 et

2141 5082 2210 5138 ab
2232 5088 2421 5137 natura
2448 5077 2712 5150 profectas
2737 5083 2793 5130 et
2817 5073 2886 5129 ab
2910 5069 3293 5129 consuetudine
3320 5066 3590 5138 probatas,
3636 5065 3717 5121 le—
3763 5118 3774 5146 μί

2141 5187 2265 5244 gum
2287 5181 2458 5226 metus
2483 5181 2538 5225 et
2566 5168 2750 5238 religio
2771 5166 2964 5220 sanxit.
2997 5163 3192 5217 Natura
3209 5161 3296 5231 jus
3322 5168 3422 5220 est,
3447 5155 3586 5226 quod
3610 5171 3718 5211 non

2142 5265 2320 5334 Opinio
2343 5260 2542 5334 genuit,
2573 5259 2666 5316 sed
2691 5258 2931 5329 qucedam
2963 5256 3142 5309 inuata
3176 5252 3254 5306 vis
3285 5251 3528 5316 inseruit,
3556 5257 3612 5301 ut
3633 5261 3724 5301 re-

2143 5356 2416 5427 ligionem,
2446 5353 2720 5425 pietatem,
2773 5346 3017 5420 gratiam,
3065 5342 3496 5404 vindicationem,
3530 5339 3718 5393 obser-

2142 5446 2396 5512 vantiam,
2424 5443 2722 5499 veritatem.
2755 5437 2958 5508 Religio
2984 5445 3066 5491 est
3093 5450 3210 5506 qua:
3231 5429 3522 5502 superioris
3543 5427 3723 5498 cujus-

2209 5583 2314 5630 ‘Er.
2355 5585 2407 5628 et
2427 5577 2595 5634 plures
2637 5583 2761 5634 Mss,
2807 5571 2894 5624 sed
2931 5566 3216 5622 excellentia
3253 5562 3545 5618 substantiis.
3570 5589 3626 5598 ρ
3651 5560 3725 5610 sic

2146 5643 2294 5694 etiam
2311 5642 2454 5703 Lugd.
2475 5644 2528 5703 et
2547 5646 2666 5703 Ven.
2708 5642 2789 5703 μ.

2209 5707 2230 5739 ³
2261 5693 2458 5754 Codices
2476 5700 2601 5760 duo,
2623 5694 2891 5763 judicandi
2905 5693 3045 5744 ratio.

2211 5768 2241 5828 '7
2265 5746 2607 5815 EBBHJiniiés'.
2623 5746 2828 5821 {iitﬁapud
2848 5757 3152 5828 (ξὶεεςοιιεηι,
3204 5760 3373 5801 Rerum
3416 5747 3646 5798 bonarum
3680 5746 3730 5795 ει

2147 5827 2383 5880 malarum
2405 5831 2451 5878 ct
2476 5830 2784 5886 utrarumque
2807 5823 3019 5870 scientia.

3994 4899 3996 5048 Ὺ
