3988 6390
158 474 214 529 ῃ
1514 452 1702 507 LlBEll

1816 451 1952 505 ωδ.
2579 491 2583 495 .
3296 441 3370 495 2‘2.

164 585 272 640 dam
296 588 496 642 naturai,
525 593 688 649 quam
724 576 945 632 divinam
983 580 1194 638 vocant,
1237 586 1419 627 curam
1464 572 1689 625 cerimo-

171 662 378 746 niamque
404 673 576 729 affert.
599 671 788 737 Pietas,
817 685 910 740 per
927 683 1083 739 quam
1112 667 1367 737 sanguine
1396 665 1694 734 conjunctis

166 767 415 838 patriisque
441 762 760 818 benevolens
784 759 1032 824 ofllcium,
1079 765 1134 814 et
1178 756 1403 826 diligens
1446 755 1696 810 tribuitur

165 859 327 913 cultus.
354 855 551 919 Gratia,
585 854 640 907 in
668 866 762 922 qua
791 850 1138 905 amicitiarum
1174 858 1230 904 et
1263 846 1584 910 ofﬁciorum,
1611 843 1694 896 al-

166 950 303 1005 terius
338 947 613 1008 memoria,
652 953 701 999 et
741 943 956 999 alterius
983 942 1001 974 ¹
1029 937 1406 996 remunerandi
1451 935 1696 992 voluntas

160 1041 442 1095 continetur.
477 1035 788 1102 Vindicatio,
831 1049 926 1102 per
961 1049 1118 1104 quam
1164 1031 1244 1086 vis
1279 1040 1369 1084 aut
1399 1030 1612 1099 injuria,
1643 1037 1697 1083 et

157 1133 346 1184 omnino
380 1144 538 1183 omne
581 1127 718 1198 quod
765 1127 1068 1182 obfuturum
1098 1133 1200 1192 est,
1244 1123 1579 1180 defendendo
1607 1130 1699 1177 aut

157 1219 426 1276 ulciscendo
456 1218 809 1288 propulsatur.
840 1215 1207 1283 Observantia,
1253 1230 1348 1285 per
1390 1229 1548 1285 quam
1597 1215 1696 1266 lto-

156 1312 304 1367 mlnes
327 1311 490 1381 aliqua
517 1310 771 1380 dignitate
793 1308 1189 1373 antecellentes,
1225 1306 1369 1362 cultu
1400 1305 1626 1376 quodam
1647 1313 1700 1360 et

157 1404 336 1458 honore
355 1402 645 1471 dignamur.
671 1401 889 1464 Veritas,
914 1415 1008 1470 per
1026 1413 1184 1468 quam
1209 1398 1483 1452 immutata
1503 1410 1564 1450 ea
1581 1409 1699 1464 quae

161 1504 268 1549 sunt
291 1503 371 1546 aut
395 1493 612 1548 fuerunt
637 1501 728 1546 aut
749 1491 921 1545 futura
957 1497 1078 1545 sunt
1109 1489 1374 1544 dicuntur.
1405 1485 1702 1542 Consuetu-

158 1585 266 1640 diue
289 1592 448 1638 autem
471 1584 564 1654 jus
590 1582 824 1652 estquod
849 1591 938 1636 aut
964 1581 1150 1637 leviter
1174 1596 1202 1634 a
1223 1589 1410 1634 natura
1438 1580 1698 1634 tractum'

157 1677 300 1741 aluit,
348 1686 398 1732 et
425 1677 597 1746 majus
623 1676 744 1730 fecit
768 1690 916 1742 usus,
943 1684 1001 1729 ut
1030 1675 1339 1744 religionem
1366 1690 1382 1740 ;
1409 1681 1463 1729 et
1501 1675 1545 1728 si
1573 1671 1701 1743 quid

158 1783 318 1822 eorum
343 1784 454 1836 qua:
480 1777 606 1822 ante
635 1767 883 1831 diximus,
914 1781 942 1818 a
975 1774 1160 1820 natura
1188 1764 1502 1835 profectum,
1531 1764 1701 1834 majus

157 1861 324 1914 factum
348 1870 566 1929 propter
583 1859 1016 1915 consuetudinem
1044 1859 1318 1914 videmus:
1349 1866 1440 1912 aut
1465 1857 1605 1928 quod
1646 1858 1700 1912 in

156 1969 333 2009 morem
372 1963 608 2008 vetustas
646 1952 781 2022 vulgi
825 1953 1203 2021 approbatione
1236 1951 1502 2022 perduxit.
1549 1949 1702 2018 Quod

152 2060 296 2115 genus
315 2055 520 2116 pactum
551 2055 652 2110 est,
681 2061 794 2114 par,
835 2045 916 2098 lex
934 2044 978 2110 ³,
1006 2044 1319 2113 iudicatum.
1363 2043 1580 2098 Pactum
1620 2051 1704 2100 est

153 2136 409 2206 quodiuter
422 2137 629 2206 aliquos
644 2135 1032 2200 convenit.Par,
1046 2135 1184 2206 quod
1203 2136 1253 2188 in
1268 2150 1451 2189 omnes
1469 2134 1670 2204 :eqnale
1683 2135 1703 2166 ’δ
1763 2175 1768 2180 -

156 2235 246 2282 est.
269 2228 577 2295 iudicatum,
631 2229 698 2283 de
726 2244 831 2299 quo
872 2229 1094 2299 alicujus
1136 2238 1226 2283 aut
1267 2229 1564 2302 aliquorum
1590 2230 1700 2299 jam

152 2320 394 2374 sententiis
421 2321 766 2374 constitutum
811 2327 911 2375 est.
954 2319 1094 2390 Lege
1128 2319 1215 2390 jus
1243 2327 1345 2386 est,
1388 2320 1530 2390 quod
1559 2321 1608 2374 in
1637 2335 1703 2376 eo

152 2410 342 2480 scripto,
371 2413 508 2481 quod
539 2413 734 2482 populo
763 2413 1058 2483 expositum
1084 2421 1166 2468 est
1187 2424 1246 2467 ut
1271 2413 1539 2478 observet,
1568 2428 1700 2468 con-

155 2501 340 2557 tinetur.
371 2503 654 2559 Fortitudo
671 2515 750 2559 est
769 2504 1100 2560 considerata
1131 2504 1486 2574 periculorum
1514 2519 1701 2560 susce-

153 2594 264 2662 ptio,
288 2605 336 2649 et
357 2596 602 2650 laborum
635 2597 922 2666 perpessio.
968 2596 1093 2664 Ejus
1121 2605 1318 2665 partes,
1361 2595 1674 2666 magniﬁcen

153 2683 231 2749 tia,
251 2685 467 2749 ﬁdentia,
489 2687 767 2756 patientia,
790 2687 1200 2755 perseverantia.
1219 2685 1604 2756 Magniﬁcentia
1623 2696 1704 2743 est

151 2789 300 2828 rerum
340 2792 648 2846 magnarum
693 2785 746 2830 et
783 2778 1106 2831 cxcelsarum
1147 2792 1266 2832 cum
1320 2776 1483 2830 animi
1528 2778 1702 2846 ampla

151 2864 346 2931 quadam
379 2875 431 2920 et
454 2865 736 2936 splendida
767 2867 1123 2936 propositione
1147 2867 1362 2937 agitatio
1379 2867 1402 2898 ⁵
1419 2875 1578 2937 atque
1605 2868 1702 2922 ad-

154 2954 454 3012 ministratio.
475 2957 722 3013 F‘identia
745 2967 825 3012 est
850 2974 945 3027 per
967 2975 1122 3028 quam
1150 2958 1355 3027 magnis
1383 2967 1437 3014 ct
1463 2958 1703 3014 honestis

155 3044 198 3098 in
219 3047 360 3102 rebus
384 3050 612 3102 multum
651 3050 761 3119 ipse
793 3051 998 3104 animus
1026 3051 1076 3105 in
1107 3067 1164 3105 se
1193 3051 1396 3106 ﬁducia:
1417 3059 1558 3107 certa
1583 3066 1702 3106 cum

153 3151 232 3204 spe
257 3138 547 3193 collocavit.
589 3139 842 3193 Patientia
887 3148 968 3194 est
1007 3139 1301 3197 honestatis
1334 3152 1425 3198 aut
1465 3147 1704 3202 utilitatis

153 3243 287 3282 causa
326 3246 500 3285 rerum
550 3231 833 3285 arduarum
870 3246 932 3286 ac
971 3231 1264 3288 difﬁcilium
1304 3236 1603 3293 voluntaria
1642 3255 1705 3295 ac

155 3318 364 3374 diuturna
389 3323 688 3391 perpessio.
722 3322 1114 3378 Perseverantia
1143 3335 1223 3379 cst
1255 3327 1304 3379 in
1333 3329 1536 3382 ratione
1566 3329 1703 3385 bene

153 3415 449 3468 considerata
472 3415 685 3470 stabilis
715 3424 768 3469 et
812 3425 1058 3484 perpetua
1104 3421 1427 3486 permansio.
1475 3421 1703 3492 Tempe-

157 3503 296 3557 rantia
323 3517 400 3559 est
427 3505 654 3560 rationis
684 3505 737 3559 in
764 3506 1035 3561 libidinem
1065 3518 1220 3578 atque
1242 3511 1295 3564 in
1323 3513 1457 3566 alios
1485 3530 1588 3568 non
1615 3531 1690 3570 re-

158 3601 252 3649 ctos
275 3596 488 3665 impetus
519 3599 681 3652 animi
711 3599 860 3652 ﬁrma
881 3609 932 3653 et
952 3601 1225 3656 moderata
1245 3602 1552 3658 dominatio.
1577 3607 1704 3676 Ejus

160 3692 328 3750 partes,
353 3687 699 3751 continentia,
727 3687 1025 3755 clementia,
1058 3689 1335 3746 modestia.
1367 3691 1702 3750 Continentia

160 3784 228 3828 est
245 3793 326 3845 per
350 3797 503 3851 quam
532 3779 794 3850 cupiditas
821 3782 1026 3837 consilii
1066 3783 1447 3853 gubernatione
1483 3788 1700 3857 regitur.

161 3864 434 3937 manentia,
462 3889 564 3944 per
584 3889 744 3944 quam
766 3873 926 3928 animi
954 3882 1152 3931 temere
1193 3877 1244 3930 in
1274 3877 1452 3933 odium
1482 3880 1704 3950 alicujus

161 3957 297 4014 illecti
317 3965 666 4033 concitatique
687 3965 932 4020 comitate
947 3965 1241 4040 retinentur
1258 3966 1298 4020 ⁸.
1317 3968 1586 4035 Modestia,
1612 3986 1706 4040 per

162 4061 296 4116 quam
323 4055 484 4122 pudor
510 4054 765 4110 honestus
797 4055 1030 4110 claram"
1061 4065 1115 4113 et
1157 4059 1399 4116 stabilem
1430 4071 1708 4132 comparat

163 4144 512 4201 auctoritatem.

217 4229 267 4284 2.
301 4235 464 4304 Atque
505 4236 628 4290 haec
668 4237 841 4290 omnia
869 4247 1090 4308 propter
1127 4253 1185 4294 se
1224 4241 1420 4309 solum,
1467 4253 1523 4297 ut
1574 4245 1708 4300 nihil

165 4320 444 4395 adiungatur
468 4326 838 4394 emolumenti,
870 4330 1094 4397 petenda
1121 4338 1266 4394 sunt.
1297 4331 1448 4400 Quod
1472 4340 1528 4386 ut
1549 4349 1704 4388 mon-

165 4419 350 4482 stretur,
379 4433 553 4488 neque
575 4415 644 4471 ad
673 4417 774 4472 hoc
801 4429 1037 4473 nostrum
1068 4419 1361 4475 institutum
1386 4422 1632 4491 pertinet,
1652 4433 1708 4478 et

167 4514 190 4551 α
215 4501 447 4562 brevitate
475 4505 820 4578 praecipiendi
853 4517 1113 4563 remotum
1141 4519 1244 4565 est.
1275 4511 1500 4580 Propter
1522 4528 1581 4568 se
1607 4527 1704 4567 au-

167 4597 257 4645 tem
276 4595 472 4651 vitanda
493 4605 640 4664 sunt,
662 4610 771 4651 non
795 4611 858 4651 ea
879 4597 1036 4654 modo
1061 4615 1178 4669 qua:
1198 4601 1262 4655 iis
1280 4605 1544 4658 contraria
1562 4613 1703 4672 sunt,

167 4690 216 4735 ut
249 4685 520 4744 fortitudini
559 4690 801 4760 ignavia,
845 4699 899 4744 et
936 4692 1151 4760 justiti-.e
1193 4693 1476 4763 injustitia;
1522 4711 1705 4750 verum

167 4773 303 4830 etiam
327 4777 411 4832 illa
437 4794 556 4848 quae
587 4779 884 4849 propinqua
920 4779 1164 4836 videntur
1206 4791 1258 4837 et
1303 4783 1520 4837 ﬁnitima
1565 4799 1705 4849 esse,

167 4863 332 4923 absunt
365 4882 538 4928 autem
572 4872 898 4942 longissime.
944 4873 1095 4941 Quod
1124 4889 1291 4944 genus
1318 4876 1547 4931 ﬁdentia:
1577 4891 1708 4931 con-

170 4959 356 5016 trarium
388 4974 467 5020 est
492 4964 809 5030 difﬁdentia,
839 4973 892 5020 et
919 4980 981 5021 ea
1012 4983 1070 5022 re
1101 4968 1282 5022 vitium
1323 4977 1438 5022 est:
1465 4969 1704 5038 audacia,

168 5063 256 5104 non
281 5058 618 5123 contrarium,
666 5057 762 5112 sed
803 5059 1100 5128 appositum
1141 5074 1202 5113 ac
1245 5060 1618 5131 propinquum,
1659 5071 1713 5117 et

169 5145 320 5196 nmen
341 5147 517 5201 vitium
543 5156 645 5203 est.
676 5147 764 5202 Sic
804 5148 1090 5219 unicuique
1118 5150 1299 5205 virtuti
1331 5151 1610 5208 ﬁnitimum
1634 5152 1712 5207 vi-

169 5327 342 5441 Ἃξοξέο
371 5335 566 5397 deerat,
600 5335 834 5399 alterum;
875 5339 1147 5390 restituitur
1187 5353 1251 5390 ex
1303 5347 1408 5392 Mss.
1451 5349 1505 5394 et
1529 5354 1595 5393 ex
1636 5344 1711 5393 ci.

172 5427 399 5562 kgrlugu,
439 5456 685 5516 iactatum.
713 5466 768 5509 At
804 5467 911 5510 Mss.
945 5461 1137 5522 quidam
1171 5470 1222 5513 et
1249 5463 1545 5516 Ciceroniaui
1568 5466 1676 5516 una
1696 5502 1712 5529 ,

867 5590 919 5633 ει
1120 5591 1222 5636 Mss-

460 5646 569 5707 llss.
595 5648 650 5707 et
668 5643 849 5701 Cicero,
881 5643 1131 5707 (aquatile.

220 5693 241 5776 ζ
685 5711 783 5776 Attat
938 5693 1157 5776 potiores
1178 5709 1432 5776 etncieero,
1449 5711 1663 5776 agitatio.

222 5753 440 5835 Eligam
592 5753 644 5814 et
678 5753 867 5835 gicero,
877 5753 956 5817 fin‘
980 5753 1152 5819 attinnt
1182 5753 1408 5833 ’ᾰιὲὲίῖῇὶέ
1418 5753 1714 5826 anteet-icui:

174 5823 366 5871 muti
385 5825 598 5877 comitate
615 5823 896 5877 retinentur.

229 5877 246 5906 '
279 5885 366 5951 nat.
389 5892 438 5938 et
455 5893 560 5939 tres
583 5887 940 5951 Mss.,charam.

337 5947 374 6208 ]

1803 565 1931 618 tium
1956 563 2266 634 reperietur,
2294 570 2384 615 aut
2406 571 2553 615 certo
2567 560 2676 630 jam
2707 561 2917 616 nomine
2945 561 3287 632 appellatum,
3317 572 3374 616 ut

1799 652 2018 708 audacia
2054 667 2173 722 qua:
2204 650 2452 716 ﬁdentius,
2487 649 2773 720 pertinacia
2805 655 2924 720 quae
2967 650 3376 721 perseverantia

1800 744 2020 798 ﬁnitima
2045 751 2142 807 est,
2177 741 2480 811 superstitio
2509 756 2626 811 quae
2655 740 2894 811 religioni
2937 739 3230 811 prepinqua
3253 747 3377 806 est;

1800 841 1891 887 aut
1919 834 2034 887 sine
2061 832 2171 886 ullo
2198 812 2625 887 certo‘nominc:
2650 848 2767 901 qua:
2797 832 2972 886 omnia
2995 831 3122 887 item
3149 832 3224 886 uti
3243 847 3376 888 con-

1802 924 1962 978 traria
1987 937 2164 979 rerum
2193 923 2454 977 bonarum
2499 922 2555 977 in
2594 923 2753 977 rebus
2779 922 3006 977 vitandis
3035 937 3378 992 reponemus.

1802 1017 1880 1070 Ac
1907 1015 1974 1070 de
2002 1030 2068 1069 eo
2097 1013 2308 1085 quidem
2337 1029 2532 1084 genere
2573 1013 2888 1081 honestatis,
2937 1013 3080 1084 quod
3123 1016 3268 1070 omni
3316 1031 3382 1070 ex

1804 1115 1950 1174 parte
1978 1114 2199 1176 prepter
2224 1119 2283 1159 se
2313 1105 2530 1174 petitur,
2562 1105 2688 1159 satis
2714 1104 2912 1160 dictum
2933 1114 3036 1161 est.
3057 1104 3210 1161 Nunc
3228 1105 3297 1160 de
3318 1119 3384 1161 co

1803 1197 1855 1250 in
1881 1211 1985 1266 quo
2011 1197 2209 1250 utilitas
2235 1209 2444 1265 quoque
2473 1194 2794 1266 adjuugitur,
2827 1195 2968 1266 quod
2997 1205 3173 1252 tamen
3214 1199 3383 1252 bone-

1802 1296 1942 1342 stum
1965 1301 2235 1353 vocamus,
2267 1286 2544 1341 dicendum
2572 1286 2800 1341 videtur.

1873 1379 1927 1434 5.
1966 1377 2100 1434 Sunt
2133 1377 2288 1446 igitur
2313 1378 2475 1431 multa
2508 1393 2622 1446 quae
2651 1392 2769 1445 nos,
2801 1393 2923 1434 cum
2964 1378 3240 1450 dignitate,
3271 1388 3382 1435 tum

1804 1469 1973 1524 fructu
1996 1484 2209 1540 quoque
2233 1486 2329 1525 suo
2354 1471 2572 1525 ducunt.
2599 1471 2716 1539 Quo
2753 1471 2806 1526 in
2845 1488 3040 1543 genere
3079 1482 3162 1529 est
3189 1473 3382 1544 gloria,

1803 1561 2053 1631 dignitas,
2085 1561 2398 1632 amplitudo,
2434 1562 2685 1616 amicitia.
2715 1563 2895 1618 Gloria
2935 1573 3016 1620 est
3042 1565 3288 1634 frequens
3317 1563 3387 1621 de

1804 1653 1984 1723 aliquo
2008 1653 2146 1707 fama
2177 1668 2296 1708 cum
2323 1652 2498 1709 laude.
2529 1654 2783 1726 Dignitas,
2812 1656 3034 1726 alicujus
3060 1655 3313 1712 honesta‘
3331 1667 3388 1713 et

1805 1743 1948 1798 cultu
1989 1751 2043 1799 et
2069 1744 2274 1799 honore
2303 1753 2356 1799 et
2380 1745 2696 1801 verecundia
2729 1746 2885 1818 digna
2915 1749 3220 1805 auctoritas.
3252 1753 3384 1805 Am-

1806 1833 2010 1904 plitudo
2052 1843 2135 1890 est
2176 1837 2433 1905 potentia,
2467 1844 2557 1891 aut
2584 1837 2832 1906 majestas
2868 1840 2909 1903 ²,
2955 1848 3046 1894 aut
3091 1840 3386 1910 aliquarum

1807 1925 2080 1994 copiarum
2106 1941 2295 1997 magna
2321 1926 2664 1981 abundantia.
2692 1928 2960 1996 Amicitia,
2988 1929 3235 1984 voluntas
3262 1945 3386 2002 erga

1805 2017 2035 2087 aliquem
2069 2033 2245 2074 rerum
2271 2019 2549 2084 bonarum,
2578 2021 2714 2075 illius
2755 2020 2918 2091 ipsius
2944 2037 3100 2077 causa
3123 2037 3280 2094 quem
3309 2024 3389 2079 di-

1807 2109 1939 2180 ligit,
1970 2124 2093 2164 cum
2134 2109 2250 2180 ejus
2291 2111 2402 2181 pari
2441 2112 2730 2168 voluntate.
2775 2113 2872 2168 Hic
2897 2115 3020 2185 quia
3047 2114 3114 2170 de
3138 2115 3388 2171 civilibus

1807 2199 1980 2254 causis
2009 2199 2294 2270 loquimur,
2324 2201 2526 2258 fructus
2549 2202 2616 2258 ad
2636 2203 2922 2258 amicitiam
2947 2205 3300 2276 adjungimus,
3333 2215 3390 2260 ut

1807 2308 1992 2348 eorum
2018 2308 2229 2364 quoque
2244 2309 2400 2349 causa
2420 2295 2644 2364 petenda
2663 2295 2927 2365 videatur,
2945 2313 3014 2352 ne
3035 2295 3169 2353 forte
3184 2298 3389 2368 quinos

1806 2382 1874 2438 de
1895 2383 2041 2437 omni
2080 2383 2310 2438 amicitia
2356 2384 2535 2440 dicere
2557 2385 2914 2440 existimarint
2937 2386 3329 2456 reprehendant
3345 2387 3386 2442 ³.

1807 2474 2119 2545 Quanquam
2149 2483 2272 2529 sunt
2300 2475 2390 2545 qui
2421 2487 2638 2546 pr0pter
2683 2477 2966 2533 utilitatem
3015 2477 3172 2532 modo
3198 2489 3388 2548 peten—

1807 2563 1928 2619 dam
1973 2571 2158 2634 putent
2186 2563 2492 2630 amicitiam,
2536 2574 2658 2620 sunt
2697 2565 2783 2636 qui
2827 2575 3044 2636 propter
3089 2582 3148 2622 se
3194 2569 3387 2635 solum,

1807 2655 2046 2726 suntqui
2077 2664 2131 2711 et
2172 2664 2391 2726 propter
2433 2672 2491 2711 se
2538 2666 2591 2711 et
2634 2667 2851 2727 propter
2893 2659 3194 2714 utilitatem.
3242 2658 3390 2727 Quo-

1806 2761 1925 2800 rum
1963 2746 2091 2816 quid
2123 2747 2398 2800 verissime
2440 2754 2720 2811 statuatur,
2750 2747 2883 2802 alius
2913 2749 3061 2802 locus
3087 2749 3188 2803 erit
3212 2751 3389 2805 consi-

1807 2835 2050 2890 derandi.

1811 2925 2025 2980 XXXII.
2072 2924 2255 2981 Utrum
2283 2941 2388 2979 rem
2405 2924 2564 2978 ullam
2581 2925 2711 2979 alius
2727 2925 2829 2979 alio
2845 2927 3005 2997 magis
3022 2926 3290 2998 intelligat,
3311 2938 3392 2983 at-

1905 3033 1999 3086 que
2023 3016 2092 3070 ita
2118 3014 2342 3087 ejusdem
2366 3016 2436 3068 rei
2464 3031 2552 3086 per
2575 3015 2830 3084 infinitum
2858 3025 2935 3070 eat
2955 3015 3307 3089 intelligentia.

1878 3107 2131 3178 Quisquis
2159 3108 2316 3162 ullam
2343 3123 2454 3162 rem
2482 3107 2636 3161 aliter
2655 3122 2810 3176 quam
2835 3121 2895 3162 ea
2919 3122 3006 3162 res
3022 3117 3103 3163 est
3129 3108 3386 3181 intelligit,

1808 3199 2039 3252 fallitur:
2069 3206 2121 3254 et
2147 3200 2318 3253 omnis
2356 3198 2446 3267 qui
2477 3196 2702 3261 fallitur,
2736 3195 2786 3250 id
2833 3197 2884 3250 in
2925 3214 3028 3267 quo
3059 3197 3257 3253 fallitur
3284 3201 3406 3255 non‘

1809 3289 2071 3357 intelligit.
2105 3287 2356 3356 Quisquis
2400 3288 2561 3356 igitur
2599 3286 2758 3340 ullam
2801 3301 2912 3341 rem
2943 3287 3097 3342 aliter
3123 3303 3278 3357 quam
3309 3299 3395 3344 est

1810 3379 2076 3449 intelligit,
2111 3394 2217 3433 non
2241 3393 2357 3433 eam
2389 3378 2655 3447 intelligit.
2705 3377 2818 3432 Non
2867 3394 2994 3449 ergo
3035 3388 3210 3449 potest
3236 3381 3394 3450 quid-

1809 3485 1965 3541 quam
1994 3470 2234 3540 intelligi,
2263 3469 2364 3523 nisi
2394 3479 2448 3523 ut
2477 3479 2575 3524 est.
2605 3468 2716 3524 Nos
2742 3480 2922 3525 autem
2949 3471 3148 3540 aliquid
3189 3488 3292 3526 non
3322 3473 3394 3527 ita

1809 3570 1867 3616 ut
1909 3569 1990 3615 est
2035 3561 2394 3630 intelligimus,
2440 3560 2585 3614 velut
2616 3559 2716 3615 hoc
2757 3561 2930 3630 ipsum
2979 3561 3108 3616 nihil
3149 3563 3392 3635 intelligi,

1809 3651 1949 3721 quod
1992 3665 2097 3705 non
2129 3651 2200 3705 ita
2228 3657 2286 3704 ut
2313 3659 2396 3705 est
2432 3650 2759 3720 intelligitur.
2790 3651 2966 3719 Quare
2996 3668 3104 3708 non
3134 3663 3214 3708 est
3239 3654 3395 3709 dubi~

1811 3743 2028 3798 tandum
2058 3757 2177 3799 esse
2202 3741 2491 3812 perfectam
2519 3742 2947 3813 intelligentiam,
2975 3759 3076 3814 qua
3129 3752 3391 3813 praestan-

1812 3835 1915 3889 tior
1951 3848 2071 3888 esse
2100 3848 2204 3887 non
2238 3833 2432 3902 possit;
2465 3841 2519 3887 et
2569 3831 2690 3887 ideo
2721 3847 2824 3887 non
2871 3848 2966 3904 per
3005 3835 3270 3890 inﬁnitum
3317 3837 3397 3893 ire

1810 3928 1950 3997 quod
1995 3941 2218 3997 qumque
2257 3941 2344 3980 res
2394 3925 2726 3996 intelligitur,
2761 3939 2859 3981 nec
2888 3940 3006 3981 eam
3049 3942 3202 3996 posse
3231 3929 3395 3984 alium

1811 4018 1914 4072 alio
1937 4018 2056 4088 plus
2083 4017 2399 4086 intelligere.

2328 4105 2567 4162 XXXi‘I’l.
2607 4106 2687 4162 De
2710 4120 2860 4162 metu.

1880 4199 2022 4255 Nulli
2048 4199 2264 4254 dubium
2291 4205 2373 4252 est
2399 4212 2506 4251 non
2529 4197 2686 4250 aliam
2717 4199 2988 4253 metuendi
3015 4214 3132 4254 esse
3153 4216 3391 4266 causam,

1813 4291 1912 4346 nisi
1941 4305 2007 4344 ne
2028 4287 2236 4359 idquod
2264 4301 2525 4353 amamus,
2556 4294 2646 4340 aut
2673 4287 2923 4357 adeptum
2951 4289 3275 4357 amittamus,
3304 4296 3412 4346 aut

1812 4397 1918 4436 non
1940 4379 2297 4448 adipiscamur
2316 4384 2605 4446 speratum.
2632 4375 2807 4445 Quare
2833 4379 3072 4448 quisquis
3099 4379 3201 4435 hoc
3221 4381 3394 4450 ipsum

1813 4487 1919 4527 non
1941 4464 2181 4526 metuere
2201 4467 2458 4523 amaverit
2485 4475 2642 4537 atque
2681 4466 2944 4533 habuerit,
2976 4468 3094 4538 quis
3118 4478 3290 4524 metus
3313 4481 3398 4526 est

1815 4577 1882 4618 ne
1903 4562 1956 4617 id
1978 4562 2143 4632 possit
2169 4557 2447 4614 amittere?
2475 4557 2635 4613 Multa
2661 4558 2804 4612 enim
2829 4573 2947 4628 quae
2967 4573 3208 4613 amamus
3233 4569 3286 4614 et
3313 4561 3404 4617 lia.

1816 4655 2024 4720 bemus,
2048 4653 2335 4708 metuimus
2361 4651 2644 4714 amittere;
2673 4649 2743 4703 ita
2771 4664 2833 4704 ea
2859 4649 3187 4706 custodimus
3211 4662 3354 4708 metu
3386 4675 3398 4710 ε

1817 4759 1925 4800 non
1953 4752 2192 4798 metuere
2214 4749 2391 4795 autem
2416 4755 2576 4794 nemo
2600 4747 2774 4808 potest
2797 4739 3064 4795 custodire
3090 4744 3400 4800 metuendo.

1817 4836 1946 4889 item
1988 4832 2225 4904 quisquis
2254 4840 2398 4886 amat
2437 4845 2542 4885 non
2583 4837 2840 4898 metuere,
2872 4840 3032 4902 atque
3067 4833 3121 4888 id
3163 4835 3400 4891 nondum

1817 4925 1995 4990 habet,
2028 4934 2312 4994 speratque
2334 4937 2394 4977 se
2418 4921 2740 4986 habiturum,
2771 4936 2876 4976 non
2906 4937 3032 4978 eum
3054 4934 3262 4994 oportet
3289 4943 3406 4982 tne-

1822 5025 1970 5070 tuere
1999 5029 2066 5069 ne
2095 5029 2200 5067 non
2229 5012 2571 5081 adipiscatur.
2601 5012 2712 5067 Hoc
2735 5014 2875 5068 enim
2910 5024 3053 5068 metu
3100 5015 3232 5070 nihil
3258 5018 3410 5076 aliud-

1823 5106 2076 5162 metuitur
2099 5119 2257 5174 quam
2287 5103 2424 5158 idem
2453 5111 2644 5158 metus.
2675 5103 2842 5160 Porro
2881 5115 3058 5161 metus
3095 5108 3273 5163 omnis
3301 5112 3404 5165 ali-

1821 5198 1946 5268 quid
1975 5198 2122 5268 fugit,
2155 5197 2209 5252 et
2235 5195 2375 5250 nulla
2401 5211 2490 5252 res
2507 5211 2568 5252 se
2591 5198 2757 5266 ipsam
2781 5197 2933 5269 fugit.
2955 5198 3071 5254 Non
3099 5201 3258 5272 igitur
3287 5219 3405 5259 me-

1823 5290 1988 5344 tuitur
2002 5295 2192 5344 metus.
2220 5287 2327 5343 Sed
2345 5287 2389 5342 si
2415 5286 2534 5358 quis
2559 5287 2826 5344 existimat
2851 5303 2956 5344 non
2983 5299 3128 5347 recte
3143 5290 3246 5346 dici
3261 5295 3405 5362 quod

1885 5468 1900 5500 ί
1936 5473 2010 5516 Er.
2035 5471 2087 5517 et
2102 5471 2227 5538 μον.
2750 5473 2806 5538 at
2815 5473 2968 5538 natet
2985 5467 3167 5538 aliqua!
3176 5476 3284 5524 Mss.
3298 5487 3409 5525 (ann

1820 5530 2067 5601 Cicerone,
2095 5527 2318 5601 honesta.
2333 5525 2660 5601 Michaeliuus
2684 5528 2874 5601 cades,
3173 5556 3234 5567 —
3255 5538 3406 5601 Lugd,

1822 5597 1874 5640 et
1905 5587 2277 5651 Ven.,’alicujus
2301 5587 2554 5639 honestatis
2572 5626 2585 5650 ,
2611 5595 2668 5639 ut
2685 5595 2761 5638 Er.
2784 5587 2965 5640 eum.
3032 5597 3089 5639 at.

1885 5653 1905 5682 ³
1939 5651 2132 5700 Alimtot
2170 5658 2277 5700 Mss.
2305 5658 2358 5700 et
2383 5651 2683 5700 cieeroniani
2718 5650 2856 5700 libri.
2890 5650 3089 5700 Min

1885 5665 1905 5682 ι
1920 5665 2074 5722 ,Διηιι

1819 5717 1973 5762 sultis.

1885 5775 2116 5844 sanates.
2145 5773 2430 5844 quibusdam
2473 5779 2523 5844 et
2561 5775 2609 5820 ia
2641 5773 2965 5844 Cicerouianis
2989 5773 3155 5844 libris,
3185 5779 3252 5829 de
3280 5781 3408 5832 omni

1820 5833 2034 5898 miticitia
2050 5831 2213 5898 dicere
2234 5833 2527 5898 existimauit,
2548 5831 2898 5882 resrehemlere
2919 5831 3151 5898 itm'pinul
3172 5852 3187 5889 :
3211 5849 3265 5892 ct
3287 5831 3408 5894 am

1823 5896 2022 5955 habent,
2041 5895 2383 5957 constituatur;
2404 5893 2526 5956 loco,
2543 5900 2795 5944 statuatur.

2079 5659 2132 5702 ot
2170 5650 2277 5701 uss.
2305 5658 2358 5700 et
2383 5651 2683 5700 cieeroniani
2718 5650 2856 5713 libri,
2890 5650 3111 5716 poteratis
3141 5659 3226 5706 aut
3258 5657 3412 5722 maje-
