3996 6282
326 3318 335 3319 ί
433 3304 737 3361 quanquam
764 3287 938 3343 omnis
966 3288 1056 3358 qui
1093 3287 1272 3352 audet,
1302 3303 1407 3343 non
1438 3297 1661 3345 metuat.
1700 3289 1830 3347 Item
1857 3292 2020 3345 cada-

442 353 511 412 23
1191 357 1274 412 DE
1317 355 1625 412 DlV’liRSYS
1663 352 2183 422 QUA‘ZSTIONIBUS
2220 354 2504 425 LXXXIII,
2545 357 2601 414 S.
2642 360 3007 422 AUGUSTINI
3642 375 3743 433 24.

432 482 607 531 metus
634 474 830 545 aliquid
863 483 1083 543 metuat,
1116 491 1235 530 cum
1265 475 1440 529 anima
1487 475 1659 544 potius
1701 472 1818 542 ipso
1864 479 2007 525 metu
2121 472 2307 541 turpis,
2333 487 2438 544 quo
2458 475 2667 532 animus
2687 493 2745 533 se
2771 479 2886 549 ipso
2906 483 3153 540 inferiora
3181 496 3432 556 sectatur,
3455 506 3573 562 quae
3597 507 3730 547 τηι-

430 572 665 631 metuat;
713 564 840 620 illud
866 566 1123 632 attendat,
1154 565 1297 637 quod
1321 566 1537 636 cognitu
1567 565 1720 620 facile
1744 572 1848 629 est,
1891 562 2009 617 nul-
2118 562 2196 632 gis
2225 566 2439 633 proprie
2480 568 2740 637 cupiditas
2784 571 2995 640 dicitur,
3041 577 3276 633 omnium
3307 581 3511 637 scilicet
3542 584 3730 638 malo-

430 655 541 711 Ium
570 666 769 713 metum
811 673 931 713 esse
962 659 1060 712 nisi
1087 659 1243 713 futuri
1275 667 1328 713 et
1366 657 1690 713 imminentis
1718 657 1864 710 mali.
1901 654 2009 711 Ne-
2117 668 2235 707 rum
2265 655 2431 709 radix.
2477 657 2543 712 Et
2583 658 2700 713 ideo
2728 676 2832 716 non
2861 666 3145 720 amandum
3172 677 3275 735 est,
3302 670 3443 741 quod
3471 673 3733 728 manenti

429 761 582 803 cesse
603 757 684 803 est
704 757 879 803 autem
908 758 966 804 ut
991 750 1078 819 qui
1105 751 1309 817 metuit,
1334 750 1529 820 aliquid
1550 749 1736 818 fugiat.
1760 747 2011 817 Quisquis
2118 750 2171 796 et
2200 742 2395 799 fritenli
2421 749 2588 803 amori
2609 750 2625 781 ¹
2653 751 2850 807 auferri
2883 764 3073 823 potest.
3107 758 3269 828 Cujus
3295 777 3423 831 ergo
3450 765 3526 818 rei
3553 780 3729 819 amor

430 841 606 909 itaque
635 850 874 895 maluere
917 841 1123 906 metu“,
1171 849 1255 895 ρει
1294 839 1537 910 βιοῖεοιο
1576 838 2007 903 amur-(tissimus,
2116 834 2374 891 amandus
2402 845 2504 903 est,
2546 839 2647 895 nisi
2686 841 2800 911 ejus
2830 859 2950 914 qua:
2989 862 3093 902 non
3138 859 3310 918 potest
3355 852 3544 909 deesse
3578 856 3724 910 dum

427 932 549 1001 quia
573 931 819 1001 fugiendo
840 931 1001 987 habet
1020 931 1246 1001 idipsum
1265 931 1407 1001 quod
1434 931 1583 1001 fugit.
1606 930 1737 984 Nam
1760 929 2011 999 quoniam
2117 926 2362 979 amatur?
2390 926 2443 981 Id
2482 939 2657 985 autem
2699 942 2802 1000 est,
2846 936 2988 1005 quod
3030 938 3162 995 nihil
3206 951 3290 996 est
3331 944 3475 999 aliud
3507 945 3730 1000 habere

430 1038 534 1076 non
562 1023 816 1078 metuitur
842 1024 941 1077 nisi
974 1038 1039 1077 ne
1060 1022 1255 1093 aliquid
1286 1023 1407 1077 mali
1430 1022 1653 1087 accidat,
1681 1029 1918 1076 metuere
1944 1035 2011 1075 ne

427 1111 634 1166 accidat
666 1119 857 1177 metus,
887 1111 1019 1165 nihil
1052 1111 1195 1165 aliud
1225 1120 1307 1166 est
1330 1112 1429 1166 nisi
1459 1111 1705 1180 amplecti
1746 1110 1886 1179 quod
1922 1124 2009 1165 re-

427 1202 594 1268 spuis.
622 1201 771 1268 Quod
794 1202 836 1255 si
859 1217 1158 1271 repugnans
1180 1212 1280 1267 est,
1307 1201 1460 1256 sicuti
1486 1210 1588 1265 est,
1620 1202 1767 1256 nullo
1795 1215 2012 1271 prorsus

430 1290 590 1345 modo
613 1291 816 1355 metuit,
841 1291 1077 1360 quisquis
1094 1292 1223 1345 nihil
1252 1290 1399 1345 aliud
1417 1301 1559 1346 amat
1587 1307 1743 1360 quam
1772 1306 1874 1345 non
1900 1305 2013 1346 me—

430 1388 599 1434 tuere.
628 1380 690 1433 Et
716 1388 995 1450 pr0pterea
1017 1396 1173 1435 nemo
1204 1389 1377 1449 potest
1406 1381 1509 1435 hoc
1536 1381 1707 1436 solum
1734 1396 1933 1447 amare,
1957 1388 2012 1436 et

427 1483 535 1524 non
581 1468 795 1525 habere.
828 1470 1019 1525 Utrum
1046 1480 1224 1525 autem
1268 1471 1369 1525 hoc
1397 1472 1568 1526 solum
1609 1471 1892 1526 amandum
1920 1472 2008 1533 sit,

428 1558 534 1612 alia
563 1560 786 1629 quaestio
809 1569 911 1614 est.
935 1560 1048 1615 Jam
1078 1576 1235 1630 quem
1262 1576 1367 1616 non
1393 1562 1659 1616 exanimat
1687 1570 1879 1629 metus,
1911 1578 2011 1618 nec

427 1648 689 1718 cupiditas
717 1664 839 1703 eum
862 1657 1052 1717 vastat,
1074 1666 1173 1705 nec
1199 1651 1460 1720 :rgritudo
1485 1661 1737 1716 macerat,
1758 1667 1856 1707 nec
1879 1668 2011 1707 vcn-

428 1737 548 1793 tilat
576 1741 809 1809 gestiens
834 1748 888 1793 ct
910 1754 1044 1794 vana
1072 1740 1274 1794 hctitia.
1303 1740 1360 1795 Si
1379 1740 1521 1795 enim
1549 1742 1713 1811 cupit,
1734 1743 1857 1812 quia
1883 1742 2012 1797 nihil

425 1830 570 1885 aliud
594 1838 676 1886 est
697 1831 957 1900 cupiditas
974 1830 1077 1886 nisi
1100 1847 1250 1886 amor
1271 1846 1447 1887 rerum
1472 1833 1878 1900 transeuntium,
1903 1849 2014 1888 mc-

427 1929 543 1975 tuat
569 1936 787 1977 necesse
815 1929 915 1985 est,
950 1937 1018 1978 ne
1043 1931 1133 1977 aut
1160 1923 1368 1977 amittat
1389 1938 1482 1979 eas
1507 1939 1629 1978 cum
1654 1924 1876 1993 adeptus
1901 1926 2014 1980 fue-

425 2012 516 2077 rit,
548 2022 639 2067 aut
672 2028 781 2067 non
801 2012 1140 2083 adipiscatur.
1169 2013 1283 2069 Non
1307 2021 1483 2069 autem
1508 2016 1726 2069 metuit:
1754 2030 1862 2070 non
1884 2032 2015 2086 ergo

427 2104 591 2173 cupit.
620 2103 754 2159 Item
773 2104 816 2158 si
838 2105 1049 2173 angitur
1074 2104 1234 2159 animi
1266 2105 1470 2172 dolore,
1497 2121 1720 2161 necesse
1748 2115 1830 2165 est
1852 2108 2012 2162 etiam

426 2203 572 2249 metu
591 2194 848 2265 agitetur:
872 2194 1121 2264 quoniam
1142 2210 1365 2265 quorum
1388 2196 1649 2251 malorum
1669 2198 2010 2266 praesentium

430 2294 512 2339 est
532 2284 840 2353 anxietudo,
860 2300 1042 2340 eorum
1070 2294 1150 2341 est
1178 2294 1233 2341 et
1256 2287 1644 2342 imminentium
1664 2297 1856 2343 metus.
1875 2289 2014 2344 Metu

428 2386 608 2432 autem
636 2385 782 2433 caret
802 2394 815 2432 :
833 2393 961 2449 ergo
979 2387 1032 2432 et
1057 2377 1415 2433 anxietudiue.
1442 2377 1570 2433 Item
1593 2379 1637 2433 si
1664 2379 1873 2434 laetetur
1897 2380 2013 2434 ina-

429 2467 589 2533 niter,
632 2467 700 2523 de
744 2468 808 2522 iis
855 2469 1014 2522 rebus
1056 2468 1279 2533 Iactatur,
1327 2485 1457 2539 quas
1503 2477 1683 2539 potest
1731 2471 2010 2526 amittere:

430 2572 596 2629 quare
624 2566 825 2613 metuat
847 2574 1065 2614 necesse
1086 2569 1168 2614 est
1200 2575 1266 2615 ne
1292 2560 1517 2616 amittat.
1548 2561 1655 2617 Sed
1683 2562 1828 2618 nullo
1856 2562 2016 2618 modo

430 2650 653 2706 metuit:
686 2651 833 2705 nullo
855 2651 1014 2706 modo
1034 2652 1191 2721 igitur
1214 2653 1422 2713 laetatur
1447 2653 1696 2713 inaniter.

427 2740 672 2799 XXXIV.
715 2741 896 2799 Utrum
936 2760 1036 2797 non
1084 2743 1226 2798 aliud
1265 2745 1537 2799 amandum
1576 2747 1660 2812 sit,
1702 2762 1854 2817 quam
1881 2755 2017 2802 metu

1130 2851 1316 2891 carere.

506 2925 563 2980 Si
594 2924 783 2981 vitium
811 2931 894 2980 est
923 2938 1028 2979 non
1051 2934 1311 2994 metuere,
1342 2940 1446 2981 non
1475 2934 1559 2982 est
1582 2927 1888 2983 amandum.
1911 2928 2018 2985 Sed

433 3030 594 3071 nemo
623 3013 961 3071 beatissimus
985 3016 1191 3083 metuit,
1218 3024 1273 3071 et
1292 3031 1449 3071 nemo
1465 3016 1802 3073 beatissimus
1819 3020 1870 3073 in
1894 3021 2018 3075 vitio

433 3116 537 3164 est.
568 3106 683 3164 Non
723 3115 807 3163 est
844 3108 1022 3177 itaque
1046 3107 1229 3162 vitium
1258 3123 1367 3164 non
1390 3116 1648 3166 metuere.
1687 3111 1758 3166 At
1798 3111 2019 3171 audacia

432 3199 618 3259 vitium
646 3205 747 3254 est.
774 3197 891 3253 Non
915 3213 1043 3268 ergo
1061 3198 1298 3269 quisquis
1318 3213 1425 3255 non
1449 3200 1655 3265 metuit,
1694 3200 1866 3257 audax
1904 3212 2016 3268 est;

2115 1200 2363 1267 quoniam
2392 1211 2568 1271 potest
2592 1205 2790 1276 aliquid
2817 1211 3004 1277 amari,
3035 1228 3133 1269 nec
3155 1214 3356 1285 haberi,
3397 1234 3503 1275 non
3530 1220 3729 1276 solum

2116 1303 2179 1343 ex
2214 1290 2294 1345 his
2322 1308 2442 1362 qua:
2478 1297 2703 1351 amanda
2734 1314 2841 1355 non
2870 1310 3012 1367 sunt,
3057 1312 3114 1359 ut
3160 1308 3439 1375 pulchrum
3487 1312 3731 1383 aliquod

2116 1394 2329 1449 corpus,
2360 1383 2452 1437 sed
2483 1386 2643 1443 etiam
2674 1403 2861 1448 eorum
2885 1408 3001 1461 qum
3025 1396 3249 1451 amanda
3280 1408 3423 1467 sunt,
3467 1410 3523 1455 ut
3550 1402 3729 1459 beata

2120 1472 2255 1537 vita;
2296 1482 2349 1529 et
2378 1492 2564 1532 rursus
2599 1490 2775 1549 potest
2815 1483 3015 1554 aliquid
3045 1486 3247 1555 haberi,
3286 1507 3383 1547 nee
3426 1496 3624 1563 amari,
3663 1506 3732 1551 ut

2116 1565 2435 1633 compedes:
2458 1568 2579 1637 jure
2619 1573 2875 1640 qumritur
2920 1586 3094 1632 utrum
3141 1582 3307 1651 possit
3342 1584 3618 1655 quispiam
3666 1588 3730 1642 id

2116 1658 2257 1728 quod
2286 1659 2483 1717 habere
2513 1663 2641 1718 nihil
2667 1674 2748 1720 est
2772 1667 2875 1722 nisi
2904 1684 3084 1737 nosse,
3119 1687 3221 1728 non
3250 1690 3430 1733 amare
3456 1694 3576 1734 cum
3614 1681 3733 1736 lia-

2117 1750 2258 1814 bcat,
2303 1752 2354 1807 id
2397 1762 2499 1819 est,
2544 1760 2770 1812 noverit.
2814 1758 2918 1815 Sed
2961 1778 3083 1820 cum
3114 1766 3386 1825 videamus
3418 1776 3730 1832 nonnullos

2117 1857 2222 1896 non
2250 1843 2319 1898 ob
2344 1843 2509 1911 aliud,
2544 1848 2689 1902 verbi
2717 1852 2905 1919 gratia,
2952 1853 3160 1910 discere
3209 1874 3481 1928 numeros,
3513 1865 3622 1920 nisi
3662 1875 3733 1921 ut

2117 1936 2304 2023 eadem
2334 1938 2612 2009 disciplina
2643 1945 2916 2013 pecuniosi
2948 1945 3094 2014 fiant,
3128 1960 3219 2005 aut
3244 1951 3546 2012 hominibus
3586 1959 3730 2028 pla-

2116 2036 2305 2094 ceant;
2334 2044 2491 2099 quam
2519 2046 2637 2086 cum
2666 2032 2967 2105 didicerint,
2996 2038 3065 2094 ad
3100 2043 3347 2098 eumdem
3374 2045 3532 2102 tinem
3559 2050 3730 2108 refe-

2117 2128 2257 2213 runt,
2290 2137 2447 2191 quem
2474 2124 2571 2179 sibi
2602 2140 2722 2181 cum
2751 2126 3039 2198 discerent,
3083 2147 3494 2205 proposuerant;
3525 2157 3731 2213 neque

2117 2208 2278 2264 ullam
2310 2210 2642 2282 disciplinam
2672 2217 2813 2273 aliud
2834 2218 2904 2274 sit
2940 2220 3136 2279 habere
3161 2241 3321 2295 quam
3366 2244 3557 2285 nosse:
3590 2208 3735 2291 fieri

2117 2311 2294 2374 potest
2320 2312 2378 2359 ut
2406 2306 2603 2365 habeat
2629 2309 2855 2381 quisque
2880 2312 3102 2384 aliquid,
3148 2319 3288 2387 quod
3334 2320 3554 2390 habere,
3603 2325 3734 2382 hoc

2118 2395 2187 2449 sit
2210 2395 2352 2465 quod
2377 2412 2553 2461 nosse.
2589 2416 2759 2472 neque
2778 2413 2920 2459 amet
2948 2414 3141 2463 tamen.
3167 2409 3475 2484 Quanquam
3504 2416 3732 2475 bonum

2119 2484 2261 2555 quod
2290 2502 2395 2541 non
2426 2498 2653 2558 amatur,
2700 2508 2859 2548 nemo
2896 2504 3072 2564 potest
3114 2500 3348 2568 perfecte
3395 2504 3593 2564 habere
3632 2512 3734 2566 vel

2120 2594 2298 2637 nosse.
2339 2581 2469 2649 Quis
2509 2584 2651 2639 enim
2697 2594 2872 2654 potest
2911 2604 3068 2645 nosse
3109 2603 3360 2661 quantum
3390 2598 3458 2652 sit
3482 2600 3731 2674 bonum,

2119 2687 2225 2743 quo
2250 2688 2355 2729 non
2382 2675 2604 2730 fruitur?
2633 2676 2747 2733 Non
2774 2687 2948 2734 autem
2980 2682 3185 2750 fruitur,
3211 2686 3255 2741 si
3287 2703 3390 2744 non
3413 2702 3589 2746 amat:
3614 2711 3739 2754 nec

2122 2762 2283 2820 habet
2314 2764 2470 2835 igitur
2493 2766 2633 2839 quod
2660 2769 2945 2826 amandum
2972 2781 3073 2840 est,
3104 2775 3191 2845 qui
3219 2792 3323 2832 non
3351 2790 3513 2847 amat,
3543 2784 3730 2841 etiam

2121 2855 2166 2909 si
2187 2870 2367 2911 amare
2392 2859 2577 2927 possit,
2609 2860 2701 2929 qui
2739 2876 2843 2917 non
2887 2862 3064 2919 habet.
3114 2867 3280 2924 Nemo
3312 2870 3473 2940 igitur
3496 2874 3735 2936 beatam

2121 2944 2282 3003 vitam
2300 2947 2465 3014 novit,
2484 2956 2538 3004 et
2563 2950 2725 3009 miser
2749 2959 2864 3006 est:
2891 2956 3141 3023 quoniam
3165 2958 3207 3012 si
3230 2961 3454 3017 amanda
3478 2975 3581 3032 est,
3608 2970 3739 3026 sic.

2124 3037 2200 3093 uti
2227 3046 2329 3103 est,
2354 3038 2456 3094 hoc
2476 3048 2557 3095 est
2582 3056 2698 3095 eam
2723 3058 2880 3099 nosse
2904 3045 3045 3114 quod
3072 3046 3271 3106 habere
3297 3050 3395 3123 (η).

2190 3129 2245 3227 ξ.
2277 3130 2407 3197 Quae
2426 3146 2548 3189 cum
2573 3132 2643 3186 ita
2680 3134 2806 3201 sint,
2834 3136 2960 3206 quid
2987 3150 3069 3193 est
3114 3141 3256 3197 aliud
3291 3143 3449 3202 beate
3473 3147 3712 3227 vivere,

2124 3219 2225 3275 nisi
2267 3228 2529 3277 azternum
2567 3222 2767 3293 aliquid
2818 3229 3197 3297 cognoscendo
3245 3232 3480 3291 habere?
3527 3219 3734 3299 Ᾰζιειῖ-

2124 3327 2249 3367 num
2272 3320 2355 3368 est
2377 3314 2542 3383 enim,
2565 3314 2631 3369 de
2651 3331 2758 3386 quo
2786 3317 2900 3373 solo
2928 3328 3075 3377 recte
3100 3322 3294 3392 fiditur,
3334 3328 3475 3397 quod
3501 3335 3726 3393 amanti

2122 3403 2319 3458 auferri
2350 3419 2456 3459 non
2506 3414 2681 3475 potest
2709 3424 2723 3460 ε
2749 3406 2907 3479 idque
2946 3409 3117 3480 ipsum
3160 3423 3243 3469 est
3280 3417 3420 3485 quod
3459 3419 3593 3475 nihil
3646 3426 3725 3486 sit

2122 3494 2266 3550 aliud
2293 3494 2491 3552 habere
2511 3512 2667 3566 quam
2696 3514 2873 3555 nosse.
2904 3500 3152 3556 Omnium
3193 3505 3335 3560 enim
3372 3523 3551 3565 rerum
3576 3527 3740 3582 pne-

430 3396 529 3437 ver
556 3394 714 3436 omne
738 3393 842 3434 non
884 3378 1091 3433 metuit.
1120 3378 1453 3450 Quapropter
1480 3395 1599 3436 cum
1637 3394 1920 3437 commune
1951 3384 2020 3437 sit

433 3487 543 3528 non
579 3480 817 3527 metuere
861 3469 1173 3526 beatissimo
1210 3480 1262 3525 ct
1300 3470 1485 3527 audaci
1528 3479 1584 3527 et
1618 3471 1884 3537 cadaveri,
1923 3474 2017 3529 sed

432 3564 774 3621 beatissimus
803 3561 857 3618 id
882 3562 1073 3619 habeat
1100 3578 1195 3633 per
1237 3564 1665 3634 tranquillitatem
1707 3565 1892 3631 animi,
1920 3581 2017 3620 au-

435 3656 541 3711 dax
566 3671 661 3726 per
686 3656 1060 3721 temeritatem,
1092 3655 1318 3711 cadaver
1337 3656 1456 3726 quia
1479 3658 1622 3712 omni
1650 3671 1808 3713 sensu
1835 3667 2017 3725 caret;

433 3762 609 3818 neque
632 3762 739 3801 non
764 3745 1045 3801 amandum
1071 3754 1153 3802 est
1181 3762 1285 3803 non
1316 3757 1575 3815 metuere,
1602 3750 1851 3819 quoniam
1878 3750 2019 3806 beati

436 3855 558 3897 esse
582 3839 857 3906 volumus;
888 3855 1058 3911 neque
1081 3841 1252 3896 solum
1284 3842 1590 3909 amandum,
1639 3842 1891 3912 quoniam
1921 3858 2018 3897 au-

437 3932 596 3989 daces
620 3941 675 3989 et
698 3930 957 3987 inanimes
985 3945 1103 3987 esse
1127 3932 1395 3987 nolumus.

824 4020 1042 4076 XXXV.
1088 4020 1222 4087 Quid
1240 4022 1517 4076 amandum
1542 4024 1623 4077 sit.

509 4114 561 4168 1.
603 4112 860 4180 Quoniam
892 4110 1144 4182 quidquid
1172 4127 1277 4167 non
1302 4112 1432 4166 vivit
1457 4127 1563 4167 non
1593 4114 1800 4180 metuit,
1846 4128 2020 4185 neque

432 4201 543 4261 vita
566 4202 854 4257 carendum
882 4202 1159 4272 quisquam
1204 4205 1547 4270 persuaserit,
1580 4211 1638 4258 ut
1672 4212 1817 4259 metu
1858 4204 2017 4260 etiam

436 4309 620 4349 carere
646 4294 942 4363 possimus;
971 4294 1257 4348 amandum
1285 4303 1366 4349 est
1397 4296 1512 4349 sine
1534 4304 1678 4351 metu
1693 4296 1892 4352 vivere.
1912 4296 2017 4353 Sed

436 4401 621 4442 rursus
651 4385 774 4456 quia
801 4385 905 4438 vita
934 4394 1075 4439 metu
1105 4399 1311 4451 carens,
1349 4388 1506 4440 etiam
1526 4429 1541 4454 ,
1582 4388 1627 4442 si
1673 4389 2018 4459 intelligentia

436 4487 636 4543 careat,
672 4494 778 4533 non
817 4484 900 4533 est
935 4477 1257 4547 appetenda;
1305 4480 1591 4534 amandum
1629 4490 1711 4536 est
1736 4483 1850 4537 sine
1876 4493 2019 4539 metu

435 4586 554 4626 cum
578 4570 847 4629 intellectu
876 4569 1073 4625 vivere.
1105 4568 1230 4625 Idne
1245 4571 1414 4625 solum
1439 4572 1763 4628 amandum?
1788 4590 1856 4630 an
1871 4591 2022 4632 amor

438 4677 648 4733 quoque
674 4662 786 4731 ipse
814 4662 1072 4716 amandus
1097 4661 1212 4716 est?
1240 4662 1311 4716 Ita
1347 4678 1493 4728 vero,
1523 4664 1734 4734 quando
1774 4667 1891 4723 sine
1919 4667 2023 4725 hoc

435 4753 526 4808 illa
555 4767 660 4809 non
689 4759 953 4807 amantur.
993 4751 1098 4809 Sed
1141 4753 1187 4809 si
1232 4764 1450 4825 propter
1490 4756 1591 4810 alia
1637 4772 1756 4826 qua:
1796 4760 2020 4815 amanda

437 4851 562 4899 sunt
602 4856 755 4897 amor
794 4852 1023 4909 amatur,
1055 4858 1163 4897 non
1206 4852 1352 4901 recte
1393 4846 1558 4900 aiuari
1597 4846 1847 4902 dicitur‘.
1879 4849 2021 4904 Nihil

436 4935 579 4992 enim
624 4934 765 4989 aliud
809 4942 893 4989 est
938 4949 1138 5001 amare,
1193 4951 1350 5006 quam
1381 4946 1598 5008 propter
1621 4953 1682 4995 se
1711 4940 1877 5009 ipsam
1908 4956 2021 4997 rem

432 5024 665 5095 aliquam
696 5033 968 5095 appetere.
992 5024 1127 5080 Num
1155 5026 1313 5097 igitur
1339 5038 1553 5098 propter
1577 5044 1638 5085 se
1670 5030 1842 5100 ipsum
1868 5047 2022 5089 amor

2124 3587 2514 3641 stantissimum
2543 3600 2626 3643 est
2650 3590 2790 3660 quod
2810 3599 3066 3647 mternum
3098 3603 3215 3649 est:
3247 3606 3299 3651 et
3335 3609 3619 3671 propterea
3664 3608 3727 3663 id

2123 3677 2323 3733 habere
2353 3696 2458 3733 non
2486 3695 2789 3749 possumus,
2838 3682 2939 3737 nisi
2980 3698 3040 3739 ea
3078 3702 3137 3742 re
3165 3703 3266 3757 qua
3312 3695 3739 3761 praestantior-es

2123 3783 2329 3837 sumus,
2363 3771 2415 3827 id
2441 3781 2522 3827 est
2546 3782 2744 3828 mente.
2769 3773 3035 3846 Quidquid
3055 3786 3229 3834 autem
3259 3790 3438 3841 mente
3462 3783 3731 3860 habetur,

2124 3862 2395 3918 noscendo
2419 3861 2666 3929 habetur;
2695 3864 3006 3936 nullumque
3039 3867 3238 3924 bonum
3267 3872 3505 3942 perfecte
3532 3880 3738 3936 nosci-

2127 3964 2231 4018 tnr,
2254 3955 2394 4025 quod
2418 3970 2525 4011 non
2556 3956 2790 4027 perfecte
2829 3969 3057 4014 amatur.
3097 3961 3282 4033 Neque
3314 3974 3371 4021 ut
3406 3967 3516 4021 sola
3560 3985 3737 4029 mens

2124 4056 2300 4118 potest
2327 4063 2673 4119 cognoscere,
2715 4050 2786 4105 ita
2820 4059 2874 4107 et
2893 4068 3073 4110 amare
3102 4055 3217 4110 sola
3243 4065 3435 4127 potest.
3471 4058 3738 4132 Namque

2123 4155 2275 4196 amor
2299 4141 2564 4211 appetitus
2592 4142 2805 4212 quidam
2828 4152 2910 4199 est
2937 4162 2951 4199 :
2980 4154 3035 4200 et
3059 4145 3298 4204 videmus
3316 4149 3474 4206 etiam
3501 4156 3737 4212 caeteris

2123 4233 2291 4289 animi
2320 4234 2556 4303 partibus
2587 4234 2764 4291 inesse
2798 4238 3114 4307 appetitum,
3169 4240 3258 4310 qui
3311 4241 3355 4295 si
3414 4244 3576 4298 menti
3625 4262 3738 4303 ra-

2125 4325 2359 4395 tionique
2388 4326 2708 4391 consentiat,
2741 4328 2791 4380 in
2826 4328 2913 4382 tali
2945 4343 3076 4397 pace
3115 4338 3169 4384 et
3206 4332 3590 4399 tranquillitate
3619 4354 3736 4395 va-

2123 4419 2265 4473 cabit
2308 4428 2487 4473 mente
2537 4420 2884 4488 contemplari
2935 4420 3079 4489 quod
3126 4430 3385 4477 aeternum
3432 4435 3533 4482 est.
3564 4429 3734 4503 Ergo

2124 4507 2281 4561 etiam
2309 4508 2518 4561 caeteris
2547 4508 2657 4564 suis
2686 4508 2925 4578 partibus
2954 4524 3137 4566 amare
3167 4513 3378 4570 animus
3403 4515 3566 4573 debet
3608 4520 3739 4581 hoc

2127 4607 2235 4653 tam
2266 4614 2511 4669 magnum
2534 4599 2675 4669 quod
2701 4609 2879 4655 monte
2903 4604 3327 4671 cognoscendum
3357 4615 3457 4663 est.
3490 4610 3557 4664 Et
3575 4627 3738 4682 quo-

2126 4690 2269 4745 niam
2296 4688 2348 4745 id
2388 4691 2530 4761 quod
2561 4698 2788 4759 amatur,
2836 4690 3036 4749 afticiat
3074 4710 3142 4750 ex
3198 4711 3258 4751 se
3302 4710 3571 4755 amantem
3619 4720 3737 4762 ne-

2125 4796 2278 4838 cesse
2303 4791 2415 4847 est;
2442 4782 2500 4838 fit
2527 4792 2582 4838 ut
2608 4784 2685 4838 sic
2705 4793 2939 4839 amatum
2958 4787 3098 4855 quod
3127 4800 3386 4844 aeternum
3417 4800 3519 4858 est,
3549 4802 3734 4853 aster-

2126 4873 2294 4929 nitate
2314 4874 2548 4928 animum
2570 4874 2781 4929 afﬁciat.
2809 4876 3066 4942 Quocirca
3086 4893 3148 4934 ea
3166 4879 3378 4935 demum
3397 4882 3500 4936 vita
3530 4883 3729 4959 beata,

2127 4980 2245 5036 qua:
2273 4974 2471 5020 aeterna
2497 4974 2597 5020 est.
2629 4964 2767 5031 Quid
2790 4981 2917 5021 vero
2947 4976 3204 5025 mternum
3236 4980 3338 5037 est,
3385 4972 3525 5042 quod
3555 4984 3732 5033 acter-

2128 5054 2290 5110 nitate
2310 5055 2546 5110 animum
2576 5054 2794 5122 efficiat,
2829 5056 2930 5110 nisi
2974 5056 3155 5113 Deus?
3206 5061 3375 5115 Amor
3402 5073 3584 5118 autem
3630 5081 3734 5125 re-

432 5114 765 5186 appetendus
798 5125 901 5182 est,
949 5131 1069 5171 cum
1114 5117 1326 5187 quando
1354 5117 1491 5175 desit
1528 5120 1671 5190 quod
1693 5132 1922 5188 amatur,
1955 5139 2020 5179 ea

432 5206 504 5262 sit
542 5204 830 5261 indubitata
871 5207 1117 5262 miseria?
1143 5208 1344 5264 Deinde
1369 5223 1489 5264 cum
1518 5226 1668 5267 amor
1695 5221 1872 5269 motus
1900 5215 2020 5284 qui-

432 5300 555 5354 dam
595 5298 682 5366 sit,
717 5312 892 5368 neque
919 5298 1059 5353 ullus
1104 5299 1173 5355 sit
1214 5309 1389 5356 motus
1415 5301 1515 5355 nisi
1541 5301 1609 5358 ad
1635 5303 1868 5375 aliquid;
1897 5321 2018 5361 cum

430 5388 723 5459 quaerimus
751 5389 877 5459 quid
910 5389 1197 5446 amandum
1221 5393 1311 5459 sit,
1339 5393 1463 5463 quid
1492 5394 1562 5449 sit
1598 5394 1728 5450 illud
1768 5396 1834 5451 ad
1875 5397 2018 5467 quod

431 5481 632 5534 moveri
678 5488 940 5551 oporteat,
983 5482 1291 5551 quaerimus.
1342 5482 1517 5552 Quare
1563 5484 1609 5539 si
1657 5487 1912 5543 amandus
1938 5497 2023 5543 est

432 5583 605 5639 amor,
659 5583 768 5626 non
815 5571 997 5642 utique
1046 5572 1221 5627 omnis
1257 5574 1518 5630 amandus
1546 5584 1646 5632 est.
1677 5576 1772 5633 Est
1797 5578 1940 5633 enim
1965 5588 2021 5636 et

494 5703 609 5778 χειε
626 5707 798 5778 ttat._et
1105 5712 1211 5755 Mss.
1237 5711 1458 5778 At_Er._et
1479 5715 1611 5778 Lov.,
1625 5724 1717 5763 non
1744 5719 1869 5764 recte
1882 5726 2017 5764 arnor

429 5765 627 5819 dicitur.
655 5789 715 5801 —
733 5765 880 5828 Lugd.
906 5772 958 5816 et
982 5773 1118 5828 ven.,
1143 5767 1316 5819 qiuari.
1385 5776 1440 5819 Μ.

2127 5162 2244 5201 rum
2274 5146 2644 5212 amandarum,
2672 5147 2907 5202 charitas
2928 5149 3008 5204 vel
3039 5150 3253 5204 dilectio
3274 5153 3465 5208 melius
3488 5153 3723 5217 dicitur.

2127 5236 2303 5305 Quare
2333 5238 2576 5292 omnibus
2621 5238 2958 5307 cogitationis
3016 5239 3218 5297 viribus
3260 5243 3724 5308 considerandum

2126 5338 2210 5386 est
2237 5329 2639 5385 saluberrimum
2671 5328 2801 5384 illud
2829 5341 3177 5401 praeceptum,
3208 5333 3406 5407 Diliges
3431 5334 3726 5398 Dominum

2192 5467 2209 5499 ι
2235 5471 2332 5513 nat.
2360 5471 2413 5513 et
2433 5470 2543 5514 octo
2557 5470 2686 5523 Mss,
2710 5468 2931 5516 curatori.

2190 5528 2210 5558 ³
2232 5532 2567 5591 ρυειιιφιχιιεε.
2592 5539 2702 5574 cum
2735 5529 2963 5591 taugypio,
2988 5540 3132 5590 quam
3164 5530 3287 5580 sicut
3313 5533 3609 5585 noscendum
3642 5544 3722 5591 es:

2124 5600 2277 5637 nosse.
2298 5593 2352 5635 Et
2367 5586 2525 5653 _infra_,
2539 5595 2693 5653 _z_\'emo
2729 5586 2881 5648 igitur
2899 5586 3087 5640 beatam
3122 5591 3268 5641 vitam
3304 5591 3427 5643 sicut

2125 5654 2227 5708 εει,
2266 5646 2414 5719 misit.
2460 5646 2839 5697 additamentum
2888 5658 3131 5713 sumptum
3181 5661 3258 5704 est
3312 5668 3375 5705 ex
3436 5662 3451 5702 ι
3502 5646 3711 5719 neti-act.

2124 5709 2539 5834 ωἵίιξῗῖιειιιεει.
2568 5783 2670 5831 cap.
2690 5769 2763 5819 26.
