3996 6282
225 365 285 424 g5
1601 350 1797 405 Ltltlitt
1843 349 2036 405 UNUS.
3398 358 3471 415 εδ

222 483 365 538 Deum
391 486 529 531 tuum
556 476 611 529 in
650 482 749 527 toto
780 472 933 525 corde
957 478 1059 535 tuo,
1090 468 1208 521 etin
1233 474 1337 520 tota
1376 464 1546 519 anima
1595 474 1702 530 tua,
1734 473 1779 518 et

222 578 262 628 in
284 581 377 627 tota
394 578 561 623 mente
587 577 672 620 tua
702 563 917 636 (Matth.
949 576 1077 627 xxu,
1124 557 1236 631 57);
1279 565 1332 612 et
1362 555 1492 611 illud
1522 554 1662 625 quod
1708 556 1779 608 ait

222 661 451 718 Dominus
478 657 659 724 Jesus,
691 654 818 708 lltec
848 661 918 707 est
936 660 1102 704 autem
1130 650 1230 703 vita
1256 656 1461 710 aeterna,
1494 649 1547 699 itt
1589 662 1778 713 cogno-

215 766 335 809 scant
363 768 409 806 te
432 752 605 805 solum
649 764 822 802 verum
875 745 1057 810 Deum,
1105 751 1151 797 et
1189 758 1333 812 quem
1382 739 1559 794 misisti
1599 737 1780 792 Iesum

216 847 443 903 Christum
465 841 521 912 (1
526 859 643 894 amt.
682 854 808 902 xv",
841 836 916 908 5).

505 929 749 987 XXXVI.
788 928 861 982 De
902 924 1167 980 nutrienda
1200 925 1461 977 charitate.

274 1030 321 1083 1.
349 1024 671 1080 Cbaritatem
718 1035 872 1082 voco,
927 1032 1030 1087 qua
1061 1018 1343 1070 ‘amantur
1388 1028 1452 1069 ea
1498 1026 1617 1083 qua:
1673 1026 1781 1066 non

212 1128 319 1175 sunt
348 1130 452 1187 pra:
482 1114 604 1184 ipso
646 1121 862 1165 amante
914 1104 1303 1162 contemnenda
1335 1120 1348 1156 :
1386 1104 1437 1158 id
1486 1111 1588 1169 est,
1637 1101 1777 1172 quod

210 1220 443 1266 atternum
470 1214 577 1271 est,
605 1214 658 1258 et
687 1200 829 1272 quod
850 1214 1033 1253 amare
1060 1198 1233 1266 ipsum
1279 1203 1535 1250 mternum
1582 1201 1775 1264 potest.

213 1302 333 1356 Deus
355 1298 508 1368 igitur
532 1304 589 1348 et
613 1294 822 1347 animus
852 1306 959 1361 quo
1000 1297 1212 1343 amatur
1234 1289 1277 1354 ’⁸,
1306 1286 1537 1341 Charitas
1566 1284 1781 1354 proprie

213 1391 379 1445 dicitur
426 1383 803 1455 purgatissima
823 1389 878 1435 et
918 1387 1311 1442 consummata,
1367 1376 1412 1432 si
1462 1375 1589 1430 nihil
1635 1373 1777 1428 aliud

212 1489 394 1536 amatur
418 1476 495 1547 (a)
530 1495 545 1531 :
574 1475 712 1529 hanc
740 1481 797 1528 et
815 1471 1157 1527 dilectionem
1186 1468 1289 1524 dici
1314 1468 1503 1537 placet.
1529 1465 1633 1521 Sed
1653 1480 1777 1520 cum

210 1572 332 1628 Deus
376 1568 547 1639 magis
596 1566 830 1635 diligitur
874 1578 1036 1633 quam
1067 1562 1299 1627 animus,
1348 1567 1405 1613 ut
1435 1558 1586 1612 malit
1617 1557 1779 1611 homo

210 1664 311 1733 ejus
327 1676 437 1717 esse
461 1675 624 1731 quam
651 1673 801 1723 suus,
835 1664 960 1711 tunc
978 1669 1101 1709 vere
1120 1652 1299 1707 animo
1319 1665 1631 1720 summeque
1651 1663 1780 1703 con-

208 1755 400 1816 sulitur,
428 1757 829 1820 consequenter
851 1756 911 1803 et
930 1745 1166 1815 corpori,
1194 1743 1348 1798 nobis
1372 1742 1423 1797 id
1458 1756 1561 1795 non
1590 1755 1779 1795 curan-

210 1847 333 1903 tibus
354 1844 531 1914 aliquo
550 1841 789 1913 appetitu
805 1846 1101 1909 satagente,
1121 1835 1215 1891 sed
1241 1843 1444 1889 tantum
1463 1842 1705 1903 prompta
1725 1841 1779 1887 et

207 1936 365 1990 oblata
391 1933 750 1989 sumentibus.
798 1929 1091 1985 Charitatis
1140 1934 1319 1982 autem
1361 1940 1628 1981 venenum
1672 1933 1773 1992 est,

209 2041 318 2096 spes
342 2023 809 2095 adipiscendorum
839 2029 929 2074 aut
956 2016 1360 2075 retinendorum
1382 2016 1774 2091 temporalium.

207 2118 584 2177 Nutrimentum
620 2116 737 2185 ejus
777 2122 879 2178 est,
915 2111 1212 2167 imminutio
1246 2108 1573 2179 cupiditatis;
1597 2106 1775 2177 perfe-

208 2212 321 2277 ctio,
345 2211 484 2267 nulla
528 2209 814 2280 cupiditas.
841 2206 1062 2278 Signum
1114 2201 1382 2273 profectus
1428 2200 1564 2271 ejus,
1596 2199 1777 2255 immi-

209 2301 342 2356 nutio
370 2301 595 2366 timoris;
651 2299 863 2369 signum
915 2293 1253 2366 perfectionis
1302 2292 1437 2363 ejus,
1482 2290 1660 2346 nullus
1707 2290 1777 2344 ti-

210 2407 313 2446 mor
340 2410 353 2445 :
382 2392 501 2462 quia
554 2399 608 2446 et
647 2388 799 2443 radia:
840 2396 912 2442 est
955 2386 1179 2440 omnium
1231 2383 1482 2437 malorum
1529 2380 1777 2451 cupiditas

211 2480 251 2548 (l
275 2481 399 2535 Tim.
424 2498 499 2547 v1,
536 2482 651 2552 10);
676 2489 753 2546 et,
782 2486 1128 2533 consummata
1154 2474 1354 2529 dilectio
1375 2475 1513 2545 foras
1540 2472 1692 2525 mittit
1713 2471 1776 2524 ti-

212 2588 377 2627 morem
404 2573 445 2644 (l
468 2573 629 2627 Joan.
658 2587 734 2639 tv,
767 2568 879 2642 18).
905 2567 1155 2637 Quisquis
1199 2566 1358 2635 igitur
1400 2578 1518 2620 eam
1572 2556 1775 2619 nutrire

212 2662 329 2729 vult,
357 2664 518 2719 instet
544 2660 849 2716 minuendis
882 2657 1281 2728 cupiditatibus.
1327 2655 1422 2709 Est
1462 2662 1639 2707 autem
1677 2667 1772 2707 cu-

212 2751 403 2821 piditas,
428 2768 586 2808 amor
610 2750 944 2822 adipiscendi
991 2757 1086 2802 aut
1113 2745 1389 2803 obtinendi
1438 2743 1770 2813 temporalia.

214 2843 360 2914 Hujus
383 2844 681 2902 minuenda:
715 2843 922 2898 initium
952 2850 1056 2908 est,
1087 2841 1255 2895 Deum
1282 2839 1489 2900 timere,
1517 2834 1606 2907 qui
1628 2835 1775 2891 solus

214 2934 367 2991 timeri
392 2938 509 2993 sine
535 2951 720 2990 amore
770 2949 878 2989 non
900 2941 1097 3004 potest.
1139 2930 1219 2985 Ad
1271 2928 1589 3000 sapientiam
1632 2928 1773 2985 enim

217 3024 445 3094 tenditur,
467 3034 521 3082 et
544 3026 675 3081 nihil
706 3024 881 3080 verius
913 3038 978 3079 eo
1020 3022 1159 3093 quod
1183 3020 1381 3077 dictum
1428 3030 1530 3089 est,
1561 3021 1775 3077 Initium

217 3116 449 3184 sapientia:
473 3119 619 3171 timor
637 3115 844 3169 Domini
869 3114 1053 3185 (Eccli.
1084 3128 1121 3179 ι,
1147 3112 1259 3182 16).
1283 3111 1451 3167 Nemo
1477 3121 1560 3167 est
1579 3114 1775 3184 quippe

219 3207 293 3275 qui
317 3224 412 3264 non
434 3210 599 3280 magis
628 3208 871 3264 dolorem
914 3206 1077 3277 fugiat
1103 3246 1120 3273 ,
1151 3220 1309 3276 quam
1363 3215 1577 3276 appetat
1619 3207 1772 3261 volu-

224 3306 401 3366 ptatem
427 3317 440 3355 :
474 3297 899 3370 quandoquidem
912 3296 1156 3350 videmus
1184 3296 1342 3350 etiam
1364 3296 1773 3351 immanissimas

221 3386 443 3446 hestiasa
492 3390 744 3447 maximis
792 3389 1150 3459 voluptatibus
1197 3388 1480 3442 absterreri
1528 3386 1772 3442 dolorum

221 3489 379 3548 metu;
409 3482 545 3553 quod
572 3496 694 3537 cum
722 3481 776 3536 in
801 3478 1113 3534 earumdem
1133 3476 1571 3533 consuetudinem
1598 3488 1772 3533 verte-

224 3567 299 3632 rit,
319 3569 521 3627 domita:
556 3578 612 3627 et
638 3578 928 3625 mansuetae
958 3576 1235 3624 vocantur.
1263 3565 1598 3636 Quapropter
1638 3582 1776 3636 quo-

227 3658 348 3715 niam
376 3664 511 3717 inest
538 3661 740 3716 homini
769 3659 926 3725 ratio,
964 3673 1083 3729 quae
1112 3672 1235 3712 cum
1290 3656 1455 3711 servit
1498 3656 1775 3727 cupiditati

227 3755 535 3818 perversione
579 3750 890 3814 miserabili,
918 3758 977 3804 ut
1030 3747 1276 3809 homines
1322 3762 1427 3802 non
1469 3748 1771 3817 timeantur,

228 3845 432 3912 suggerit
458 3844 623 3899 latere
654 3856 809 3912 posse
827 3839 1137 3905 commissa,
1166 3847 1218 3893 et
1235 3838 1301 3893 ad
1327 3838 1548 3909 tegenda
1571 3840 1774 3895 occulta

230 3944 414 4000 peccata
443 3935 793 3991 astutissimas
815 3933 1052 3987 fallacias
1084 3940 1385 4000 comparat;
1414 3945 1479 3986 eo
1510 3930 1567 3985 fit
1596 3940 1653 3985 ut
1682 3932 1775 3985 ho-

230 4023 376 4081 mines
423 4042 551 4097 quos
601 4024 835 4082 nondum
875 4023 1106 4078 delectat
1161 4020 1496 4090 pulchritudo
1542 4022 1773 4089 virtutis,

231 4112 314 4168 nisi
332 4117 534 4185 pmnisa
571 4113 843 4187 peccando
881 4112 1277 4178 deterreantur,
1335 4126 1452 4181 quae
1500 4112 1777 4167 verissime

231 4214 309 4269 per
327 4215 525 4261 sanctos
567 4214 623 4261 et
650 4204 856 4258 divinos
907 4203 1051 4257 viros
1098 4199 1471 4271 prmdicantur,
1528 4209 1583 4256 et
1635 4202 1777 4271 quod

234 4292 380 4349 celant
414 4296 732 4361 hominibus,
768 4293 876 4349 Deo
905 4292 1069 4347 celari
1101 4307 1206 4345 non
1241 4306 1397 4361 posse
1417 4291 1774 4359 consentiant,

234 4380 461 4445 difficilius
508 4389 792 4443 domentur
821 4401 977 4455 quam
1014 4385 1157 4439 ferre.
1201 4383 1269 4441 Ut
1306 4392 1481 4439 autem
1530 4384 1778 4439 timeatur

235 4473 367 4545 Deus,
403 4480 573 4536 divina
596 4479 922 4551 providentia
948 4477 1057 4547 regi
1088 4464 1333 4532 universa
1352 4476 1775 4546 persuadendum

234 4576 442 4635 est;non
468 4581 571 4626 tam
602 4569 915 4634 rationibus,
939 4584 1076 4638 quas
1117 4569 1208 4638 qui
1256 4575 1428 4636 potest
1481 4568 1635 4633 inire,
1686 4582 1780 4638 ρος-
1822 4620 1825 4623 γ

237 4664 317 4714 test
342 4662 439 4731 jam
477 4672 532 4719 et
568 4661 1014 4732 pulchritudinem
1082 4659 1287 4716 sentire
1332 4659 1561 4724 virtutis,
1619 4674 1777 4728 quam

238 4753 452 4823 exemplis
493 4754 574 4808 vel
599 4751 921 4817 recentibus,
968 4751 1011 4806 si
1038 4765 1140 4820 qua
1168 4757 1474 4817 occurrunt,
1501 4750 1582 4804 vel
1605 4749 1671 4804 de
1698 4749 1779 4804 hi-

236 4845 386 4912 storia,
418 4855 472 4903 et
493 4862 557 4903 ea
609 4846 838 4900 maxime
888 4860 1011 4915 qua:
1056 4845 1171 4913 ipsa
1215 4843 1393 4898 divina
1441 4842 1774 4913 providentia

238 4946 529 5005 procurante,
562 4938 676 4993 sive
703 4938 754 4992 in
783 4937 1004 5004 Vetere,
1031 4936 1145 4991 sive
1170 4936 1220 4989 in
1260 4934 1408 4989 Novo
1438 4934 1778 4989 Testamento

236 5028 694 5085 excellentissimam
733 5028 1104 5083 auctoritatem
1136 5025 1406 5096 religionis
1442 5024 1663 5094 recepit.
1694 5024 1780 5081 Si-

233 5116 500 5175 mulautem
524 5119 786 5189 agendum
818 5127 902 5173 est
939 5126 994 5173 et
1021 5117 1089 5173 de
1114 5117 1288 5187 poenis
1333 5124 1693 5187 peccatorum,
1725 5125 1780 5173 et

228 5203 278 5261 de
297 5212 519 5282 praamiis
546 5220 689 5267 recte
710 5213 992 5267 factorum.

276 5301 325 5357 2.
351 5302 461 5360 1am
490 5320 618 5360 vero
646 5319 767 5359 cum
801 5304 975 5373 aliqua
1004 5318 1107 5357 non
1140 5301 1393 5371 peccandi
1422 5301 1772 5368 consuetudo,

224 5394 343 5455 quod
385 5410 669 5452 onerosum
709 5396 1012 5467 putabatur,
1064 5393 1217 5449 facile
1261 5407 1380 5449 esse
1429 5391 1774 5462 persuaserit;

224 5474 417 5555 incipiat
438 5488 641 5559 gustari
662 5486 887 5543 dulcedo
916 5485 1146 5557 pietatis,
1176 5494 1231 5541 et
1257 5483 1620 5541 commendari
1656 5484 1777 5555 pul-.

230 5595 523 5711 "Lumina.
578 5603 638 5647 At.
679 5597 831 5656 editi,
885 5594 1178 5648 charitatcm
1229 5608 1342 5648 voco
1396 5600 1575 5645 motum
1627 5592 1778 5645 uitiati

275 5689 493 5782 ἴ
506 5726 614 5771 lis.
624 5755 637 5779 ,
656 5732 761 5782 quo,
771 5695 1009 5782 amantur.

280 5776 341 5837 (a)
370 5785 599 5833 Ittetract.
614 5776 721 5847 cap.
740 5780 814 5828 9.6.

1884 463 2127 518 cln'itudo
2153 464 2380 529 virtutis,
2410 472 2466 520 ut
2494 466 2768 524 eharitatis
2798 468 3015 524 libertas
3042 486 3155 541 prze
3204 475 3459 529 servitute

1889 557 2092 611 timoris
2116 557 2366 611 emineat.
2397 557 2548 613 Tunc
2562 559 2676 628 jam
2712 561 3141 629 persuadendum
3187 573 3269 616 est
3297 564 3465 619 fideli-

1883 647 1983 701 bus
2011 648 2433 716 prmcedentibus
2458 651 2878 720 regenerationis
2921 651 3308 717 Sacrainentis,
3348 671 3467 723 qua:

1884 753 2105 793 necesse
2153 749 2235 794 est
2272 740 2557 809 plurimum
2605 751 2872 809 moveant,
2915 743 3038 811 quid
3074 744 3281 797 intersit
3325 744 3463 797 inter

1883 830 2019 886 duos
2062 831 2327 896 homines,
2358 843 2591 888 veterem
2621 842 2675 889 et
2703 851 2920 899 novum,
2954 838 3278 891 exteriorem
3311 848 3363 892 et
3396 840 3468 891 in-

1886 922 2157 988 teriorcm,
2186 931 2457 978 terrenum
2502 935 2557 981 et
2584 926 2879 993 caelestem;
2929 927 2981 981 id
3026 938 3127 993 est,
3169 928 3308 982 inter
3343 944 3465 982 eum

1883 1013 1970 1082 qui
2000 1013 2135 1068 bona
2178 1016 2409 1069 carnalia
2436 1024 2490 1070 et
2518 1019 2851 1087 temporalia,
2876 1027 3073 1073 etcum
3102 1020 3189 1088 qui
3216 1019 3468 1089 spiritua-

1883 1102 1951 1157 lia
1995 1113 2050 1158 et
2088 1114 2286 1160 {eterna
2337 1114 2609 1161 sectatur:
2640 1108 3078 1178 manendumque
3118 1125 3182 1163 ne
3236 1110 3466 1179 peritura

1883 1195 2140 1251 beneficia
2169 1207 2224 1253 et
2262 1200 2587 1254 transeuntis
2621 1209 3001 1268 exspectentur
3034 1218 3061 1254 a
3096 1202 3225 1268 Deo,
3275 1201 3469 1270 quibus

1883 1296 1938 1343 et
1961 1288 2188 1358 improbi
2216 1289 2458 1345 homines
2484 1290 2755 1345 abundare
2786 1300 3048 1361 possunt;
3094 1291 3191 1345 sed
3238 1290 3387 1344 firma
3416 1299 3470 1344 et

1883 1380 2224 1448 sempiterna,
2250 1397 2347 1451 pro
2375 1381 2567 1452 quibus
2591 1382 2914 1451 accipiendis
2944 1382 3123 1436 omnia
3144 1397 3265 1451 quae
3285 1382 3338 1435 in
3365 1382 3468 1437 hoc

1882 1469 2082 1524 mundo
2112 1470 2247 1525 bona
2277 1480 2526 1540 putantur
2555 1481 2608 1527 et
2636 1473 2795 1537 mala,
2829 1472 3047 1541 penitus
3075 1472 3461 1527 contemnenda

1883 1575 2024 1620 sunt.
2055 1566 2150 1619 llic
2171 1565 2665 1633 prmstantissimum
2694 1564 2821 1618 illud
2848 1576 2899 1619 et
2923 1566 3135 1621 unicum
3164 1565 3463 1632 exemplum

1885 1656 2143 1709 Dominici
2170 1655 2399 1709 hominis
2421 1655 2823 1724 preponendum
2850 1664 2942 1709 est
2970 1656 3011 1720 ¹,
3044 1655 3282 1725 quicum
3311 1668 3369 1707 se
3387 1662 3461 1707 tot

1882 1750 2152 1804 miraculis
2180 1758 2377 1803 tantam
2406 1764 2584 1803 rerum
2616 1756 2933 1818 potestatem
2968 1746 3166 1801 habere
3195 1753 3463 1800 monstra-

1881 1854 1984 1909 ret,
2013 1852 2068 1898 et
2093 1858 2155 1898 ea
2189 1843 2389 1911 sprevit
2431 1856 2547 1909 qua:
2576 1855 2764 1910 magna
2806 1839 2967 1903 bona,
3016 1847 3073 1893 et
3119 1853 3181 1893 ea
3216 1835 3465 1891 sustinuit

1882 1951 1999 2006 quae
2024 1950 2211 2005 magna
2237 1933 2373 1988 mala
2396 1932 2627 2002 imperiti
2654 1939 2842 1999 putant
2878 1948 2890 1983 :
2915 1945 3052 2000 quos
3091 1942 3271 1984 mores
3298 1935 3353 1982 et
3378 1926 3463 1981 di-

1882 2027 2183 2098 sciplinam,
2209 2042 2274 2080 ne
2305 2033 2453 2079 tanto
2481 2024 2656 2079 minus
2687 2023 2964 2093 quisquam
2993 2019 3209 2091 aggredi
3245 2018 3463 2084 audeat,

1881 2128 2081 2189 quanto
2105 2116 2233 2171 illud
2274 2115 2445 2185 magis
2486 2114 2733 2181 honorat,
2779 2122 2833 2166 et
2880 2112 2948 2167 de
2994 2108 3462 2181 pollicitationibus

1880 2219 2041 2279 atque
2068 2206 2459 2262 hortationibus
2504 2204 2641 2273 ejus,
2673 2212 2727 2257 et
2764 2203 2831 2258 de
2858 2202 3177 2256 imitantium
3217 2200 3464 2254 multitu-

1879 2300 2005 2355 dine
2032 2298 2411 2368 Apostolorum
2434 2336 2451 2363 ,
2493 2304 2807 2365 martyrum,
2854 2303 3267 2361 sanctorumque
3305 2291 3464 2345 innu-

1880 2389 2242 2456 merabilium,
2274 2402 2432 2458 quam
2472 2401 2578 2441 non
2624 2384 2731 2439 sint
2765 2384 2852 2439 illa
2905 2382 3241 2454 desperanda
3288 2391 3466 2437 osten-

1878 2481 2109 2537 dendum
2129 2490 2233 2537 est.

1952 2577 2006 2630 5.
2046 2574 2116 2628 At
2143 2572 2230 2627 ubi
2259 2571 2458 2625 fuerint
2485 2569 2775 2625 carnalium
2818 2567 3146 2638 voluptatum
3198 2564 3465 2620 illecebrae

1878 2674 2163 2736 superatae,
2196 2664 2489 2719 cavendum
2521 2671 2604 2717 est
2636 2676 2702 2715 ne
2729 2660 2983 2728 subrepat
3010 2670 3170 2728 atque
3213 2657 3464 2711 sucCedat

1877 2758 2140 2828 cupiditas
2189 2754 2436 2825 placendi
2481 2752 2784 2819 hominibus
2835 2759 2926 2804 aut
2969 2764 3065 2818 per
3097 2749 3270 2816 aliqua
3325 2747 3463 2802 facta

1878 2849 2159 2915 mirabilia,
2200 2856 2291 2903 aut
2318 2862 2411 2918 per
2456 2845 2725 2900 difﬁcilem
2771 2843 3156 2898 continentiam
3203 2842 3316 2896 sive
3360 2856 3460 2911 pa—

1878 2942 2141 3006 tientiam,
2181 2947 2272 2995 aut
2305 2953 2403 3009 per
2434 2937 2664 3007 aliquam
2702 2934 3064 3005 largitionem,
3123 2941 3214 2988 aut
3249 2932 3464 2987 nomine

1879 3033 2116 3090 scientia:
2146 3031 2228 3086 vel
2250 3029 2567 3101 eloquentiae
2593 3044 2606 3080 :
2634 3027 2685 3081 in
2712 3042 2779 3081 eo
2798 3040 2995 3096 genere
3018 3034 3100 3080 est
3121 3034 3172 3080 et
3194 3024 3458 3095 cupiditas

1879 3124 2117 3180 honoris.
2134 3120 2329 3177 Contra
2347 3136 2466 3190 qua:
2479 3118 2657 3173 omnia
2680 3115 3026 3187 proferantur
3039 3130 3098 3170 ea
3121 3130 3239 3185 quae
3262 3115 3461 3184 scripta

1880 3225 2005 3270 sunt
2046 3214 2115 3269 de
2144 3212 2301 3268 laude
2348 3208 2641 3272 charitatis,
2685 3217 2742 3263 et
2783 3208 2852 3262 de
2881 3208 3133 3262 inanitate
3164 3207 3461 3275 jactantim;

1878 3306 2239 3374 doceaturque
2280 3317 2440 3373 quam
2474 3300 2544 3355 sit
2575 3297 2882 3369 pudendum
2922 3297 3000 3352 eis
3045 3298 3255 3366 placere
3301 3296 3460 3361 velle,

1879 3412 2013 3466 quos
2038 3396 2175 3450 nolis
2200 3392 2416 3449 imitari.
2446 3392 2550 3445 Aut
2577 3390 2720 3444 enim
2758 3388 2885 3443 bnni
2932 3403 3036 3442 non
3076 3396 3219 3452 sunt,
3246 3397 3299 3440 et
3329 3385 3460 3439 nihil

1879 3502 2125 3557 magnum
2157 3493 2238 3540 est
2265 3498 2294 3538 a
2322 3482 2476 3537 malis
2505 3482 2704 3536 laudari
2732 3498 2747 3546 ;
2804 3490 2893 3533 aut
2923 3479 3046 3534 boni
3089 3488 3231 3541 sunt,
3267 3488 3320 3533 et
3367 3493 3463 3532 eos

1878 3584 2089 3646 oportet
2118 3573 2333 3629 imitari.
2356 3571 2463 3627 Sed
2493 3572 2581 3641 qui
2612 3570 2737 3625 boni
2761 3579 2908 3636 sunt,
2931 3570 3127 3622 virtute
3154 3568 3277 3622 boni
3306 3577 3459 3621 sunt:

1879 3668 2046 3723 virtus
2070 3674 2248 3721 autem
2280 3680 2384 3719 non
2407 3663 2612 3734 appetit
2641 3662 2783 3733 quod
2824 3662 2877 3716 in
2913 3661 3143 3716 aliorum
3186 3661 3462 3716 hominum

1879 3768 2144 3833 potestate
2174 3766 2274 3813 est.
2306 3757 2405 3824 Qui
2445 3770 2573 3826 ergo
2615 3754 2857 3810 imitatur
2882 3754 3074 3818 bonos,
3129 3753 3327 3807 nullius
3366 3751 3465 3808 ho-

1880 3853 2039 3910 minis
2079 3852 2279 3921 appetit
2317 3850 2548 3915 laudem;
2598 3849 2687 3919 qui
2742 3847 2935 3913 malos,
2981 3862 3085 3901 non
3127 3845 3318 3917 dignus
3379 3853 3465 3900 est

1883 3944 2061 3999 laude.
2090 3943 2143 3998 Si
2169 3951 2347 3997 autem
2398 3942 2608 4010 placere
2655 3938 2958 3994 hominibus
3000 3938 3118 3993 ideo
3158 3937 3259 4003 vis,
3292 3944 3349 3990 ut
3386 3937 3465 3990 eis

1882 4036 2055 4107 prosis
2083 4033 2148 4088 ad
2174 4033 2500 4103 diligendum
2534 4032 2726 4094 Deum;
2755 4045 2861 4084 non
2884 4029 2994 4099 jam
3018 4027 3140 4093 hoc,
3188 4027 3282 4082 sed
3321 4026 3464 4081 aliud

1880 4127 2049 4195 cupis.
2073 4124 2174 4192 Qui
2203 4133 2381 4179 autem
2412 4124 2627 4192 placere
2664 4122 2831 4190 cupit,
2886 4120 3247 4175 necessarium
3291 4118 3465 4172 adhuc

1881 4217 2041 4272 habet
2064 4218 2308 4270 timorem
2342 4233 2354 4267 :
2384 4213 2638 4282 primum,
2682 4227 2749 4266 ne
2779 4211 2985 4265 occulte
3017 4209 3291 4280 peccando
3326 4210 3464 4263 inter

1882 4306 2187 4377 hypocritas
2234 4321 2263 4358 a
2304 4304 2530 4358 Domino
2567 4310 2925 4372 computetur;
2963 4299 3176 4369 deinde,
3219 4301 3262 4354 si
3292 4300 3459 4355 bene-

1881 4398 2032 4455 factis
2056 4397 2268 4467 placere
2310 4394 2528 4465 appetit,
2578 4409 2646 4449 ue
2686 4393 2822 4448 hanc
2852 4391 3153 4447 mercedem
3193 4405 3464 4460 aucupans

1882 4490 2069 4561 perdat
2088 4487 2229 4559 quod
2249 4488 2470 4542 daturus
2495 4494 2576 4540 cst
2607 4485 2768 4540 Deus.

1952 4584 2006 4639 4.
2036 4581 2142 4638 Sed
2168 4580 2372 4636 devicta
2417 4580 2516 4634 ista
2567 4577 2877 4647 cupiditate,
2924 4574 3163 4631 cavenda
3213 4574 3459 4644 superbia

1883 4682 1983 4729 est.
2018 4670 2243 4727 Difﬁcile
2273 4679 2355 4726 est
2374 4668 2514 4725 enim
2541 4676 2599 4722 ut
2626 4668 2875 4737 dignetur
2902 4665 3198 4720 consociari
3231 4664 3463 4719 homini-

1882 4764 1999 4829 bus,
2024 4763 2115 4833 qui
2141 4762 2219 4817 eis
2240 4763 2448 4831 placere
2482 4761 2592 4829 jam
2623 4774 2729 4813 non
2754 4757 3042 4822 desiderat,
3072 4766 3125 4813 et
3167 4758 3380 4827 plenum
3406 4773 3465 4814 se

1883 4853 2164 4908 virtutibus
2194 4859 2360 4920 putat.
2388 4850 2575 4920 Itaque
2602 4848 2782 4903 adhuc
2808 4849 3144 4903 necessarius
3170 4857 3251 4903 est
3284 4849 3463 4912 timor,

1882 4960 1950 5000 ne
1972 4942 2100 4998 illud
2128 4943 2287 4997 etiam
2318 4940 2457 5011 quod
2486 4939 2702 4995 videtur
2731 4938 2949 5003 habere,
2981 4938 3256 4993 auferatur
3293 4938 3361 4991 ab
3398 4954 3466 4993 eo

1885 5036 2097 5110 (Matth.
2127 5051 2250 5101 xxv,
2281 5034 2397 5103 29);
2426 5042 2481 5089 et
2506 5033 2758 5088 manibus
2785 5047 2848 5087 ac
2892 5031 3115 5101 pedibus
3146 5031 3320 5101 ligatis
3341 5031 3465 5085 mit-

1884 5138 2023 5183 tatur
2060 5127 2113 5180 in
2161 5124 2408 5180 tenebras
2450 5123 2751 5178 exteriores
2796 5119 2906 5194 (Id.
2931 5121 3190 5190 xxu,l'5).
3236 5120 3462 5190 Quapro-

1883 5229 2000 5290 pter
2022 5216 2117 5272 Dei
2143 5216 2303 5271 timor
2323 5229 2429 5269 non
2470 5214 2643 5268 solum
2672 5212 2907 5279 inchoat,
2934 5210 3027 5266 sed
3076 5212 3234 5265 etiam
3259 5210 3471 5280 perlicit

1883 5310 2196 5377 sapientem.
2224 5306 2274 5361 ls
2299 5313 2381 5361 est
2406 5314 2589 5360 autem
2630 5303 2721 5374 qui
2748 5319 2957 5358 summe
2983 5302 3153 5371 diligit
3194 5302 3380 5363 Deum,
3414 5309 3468 5354 et

1883 5399 2183 5471 proximum
2212 5405 2460 5468 tanquam
2484 5411 2544 5452 se
2570 5382 2765 5466 ipsum.
2797 5395 2927 5462 Quae
2947 5405 3125 5450 autem
3169 5394 3220 5446 in
3254 5392 3465 5447 110ρίιί-

1948 5593 1964 5623 ί
1984 5591 2223 5653 msypius
2242 5590 2292 5638 in
2314 5587 2502 5653 duobus
2684 5582 2959 5653 exemplum
3198 5595 3466 5653 ρνοροιιηη-

1883 5651 2000 5704 dttm
2021 5645 2131 5701 65ίὲ
2154 5649 2260 5699 loco
2282 5648 2467 5699 scilicet
2488 5648 2547 5697 ad
2572 5645 2656 5697 lih'.
2680 5649 2700 5697 1
2731 5645 2935 5708 Retraet.
2957 5658 3063 5708 cap.
3085 5645 3161 5707 19,
3188 5645 3464 5708 emendate;

1886 5715 1965 5764 ubi
1998 5714 2289 5774 Augustinus
2309 5712 2543 5759 Christum
2560 5722 2589 5757 a
2611 5722 2668 5759 se
2687 5707 2941 5769 aliquando
2963 5707 3142 5758 dictum
3175 5720 3287 5763 esse
3309 5707 3466 5757 homi-

1886 5788 1996 5825 nem
2020 5773 2311 5823 nominicum
2335 5786 2427 5821 non
2454 5773 2637 5832 pret-at.
