3996 6282
436 334 508 388 27
1219 327 1304 381 DE
1339 322 1647 380 DIVERSIS
1683 318 2206 387 QUES'I'IONIBUS
2247 318 2531 386 LXXXIII,
2576 319 2631 374 S.
2673 320 3035 377 AUGUSTINI

436 460 564 500 nere
582 444 813 515 pericula
834 441 1277 510 difﬁcultatesque
1316 437 1613 493 metuenda)
1652 436 1779 500 sint,
1819 441 1875 488 et
1897 432 2017 501 qui-

436 537 534 591 bus
558 535 812 590 remediis
837 535 912 588 uti
938 539 1202 602 oporteat,
1226 530 1325 583 alia
1357 529 1580 597 quaestio
1606 535 1707 581 est.

846 622 1109 679 XXXVII.
1140 621 1217 674 De
1238 636 1433 689 semper
1456 628 1595 673 nato.

505 717 691 771 Melior
711 722 793 771 est
816 729 1029 783 semper
1060 722 1237 778 natus,
1266 726 1425 782 quam
1465 710 1554 779 qui
1583 721 1797 775 semper
1842 704 2015 758 nasci-

434 818 539 863 tur.
565 809 702 876 Quia
726 809 817 877 qui
843 822 1058 875 semper
1079 806 1336 869 nascitur,
1364 802 1598 856 nondum
1625 810 1707 854 est
1743 809 1933 861 natus;
1958 805 2013 851 et

434 914 707 968 nunquam
738 909 891 953 natus
916 908 997 953 est
1021 905 1111 951 aut
1142 904 1299 950 natus
1315 895 1435 959 erit,
1460 893 1503 947 si
1525 906 1739 960 semper
1756 890 2012 944 nascitur.

440 992 598 1046 Aliud
624 1002 706 1047 est
729 992 870 1047 enim
899 991 1069 1056 nasci,
1110 988 1251 1042 aliud
1298 995 1481 1041 natum
1513 999 1650 1039 esse.
1683 985 1759 1038 Ac
1793 998 1889 1051 per
1915 981 2017 1037 hoc

434 1097 703 1152 nunquam
736 1082 895 1147 filius,
926 1081 969 1133 si
1005 1093 1272 1147 nunquam
1298 1086 1452 1130 natus
1480 1093 1497 1128 :
1527 1074 1669 1129 filius
1693 1082 1869 1127 autem
1893 1071 2013 1141 quia

438 1184 618 1240 natus,
643 1180 728 1228 est
749 1187 961 1241 semper
984 1171 1120 1223 filius
1145 1187 1159 1223 :
1183 1182 1397 1237 semper
1424 1167 1585 1236 igitur
1606 1174 1781 1218 natus.

694 1261 980 1317 XXXVIII.
1011 1260 1089 1314 De
1115 1258 1517 1332 conformatione
1543 1257 1748 1310 animat.

501 1354 635 1409 01m
661 1352 805 1407 aliud
828 1353 896 1407 sit
922 1360 1132 1418 natura,
1176 1350 1318 1404 aliud
1352 1348 1654 1419 disciplina,
1683 1343 1827 1400 aliud
1862 1359 2013 1410 usus,

431 1452 486 1498 et
515 1443 630 1498 haec
660 1444 714 1498 in
744 1458 845 1497 una
887 1443 1061 1497 anima
1118 1441 1479 1510 intelligantur
1516 1439 1658 1492 nulla
1705 1436 2015 1493 diversitate

431 1534 742 1589 substantias
768 1552 781 1588 :
814 1535 940 1589 item
972 1548 1093 1587 cum
1123 1531 1267 1585 aliud
1306 1531 1377 1584 sit
1407 1529 1701 1600 ingenium,
1724 1526 1867 1581 aliud
1904 1527 2015 1581 vir-

436 1634 542 1687 tns,
566 1624 711 1678 aliud
754 1623 1126 1693 tranquillitas,
1170 1622 1417 1677 similiter
1469 1621 1626 1674 unius
1669 1618 2015 1689 ejusdemque

430 1716 784 1770 substantim:
827 1723 882 1769 et
931 1730 1051 1769 cum
1094 1713 1270 1768 anima
1312 1712 1383 1767 sit
1417 1712 1638 1768 alterius
1679 1711 2012 1774 substantiae,

432 1792 591 1875 quam
624 1808 784 1870 Deus,
820 1821 1119 1876 quanquam
1151 1805 1219 1859 ab
1241 1806 1331 1859 illo
1353 1805 1508 1869 facta;
1539 1804 1652 1874 ipse
1673 1812 1849 1859 autem
1875 1804 2013 1858 Deus

429 1898 500 1950 sit
521 1898 881 1953 sacratissima
930 1896 1042 1962 illa,
1074 1905 1126 1952 et
1172 1896 1352 1950 multis
1378 1896 1564 1961 verbo,
1614 1911 1675 1951 re
1716 1896 1899 1964 paucis
1922 1909 2015 1949 co-

431 1989 577 2057 gnita
636 1987 1352 2056 Trinitaszdiligentissime
1416 1986 1843 2057 investigandum
1892 1993 2010 2052 est,

432 2077 577 2146 quod
597 2077 671 2132 ait
695 2078 953 2133 Dominus
975 2076 1156 2143 Iesus,
1185 2076 1347 2131 Nemo
1376 2077 1505 2130 venit
1532 2075 1602 2130 ad
1626 2094 1722 2142 tne,
1747 2077 1845 2131 nisi
1865 2092 2014 2146 quem

430 2165 588 2220 Pater
615 2168 876 2221 attraxerit
910 2166 1086 2240 (lacn.
1120 2183 1193 2234 γι,
1222 2165 1335 2239 44);
1368 2175 1441 2231 et,
1469 2164 1636 2220 Nemo
1661 2169 1791 2222 venit
1817 2168 1885 2221 ad
1912 2166 2008 2220 Pa-

429 2271 578 2322 trenr,
600 2261 696 2314 nisi
723 2278 813 2331 per
844 2277 922 2314 nu
954 2259 1063 2331 (Id.
1092 2276 1201 2326 11v,
1229 2260 1306 2329 6);
1334 2269 1410 2327 et,
1440 2258 1561 2330 Ipse
1586 2276 1670 2314 vos
1726 2261 1779 2314 in
1817 2276 2016 2315 omnem

428 2356 684 2409 veritatem
710 2355 909 2409 inducet
931 2351 1041 2427 (Id.
1064 2370 1169 2419 xvr,
1196 2354 1307 2423 I5),

891 2441 1130 2497 XXXIX.
1177 2441 1249 2495 De
1276 2442 1546 2495 alimentis.

497 2534 636 2602 Quid
662 2542 746 2590 est
770 2533 912 2604 quod
936 2533 1127 2602 accipit
1167 2547 1284 2586 eam
1322 2547 1458 2596 rem,
1486 2547 1644 2601 quam
1675 2534 2015 2588 cumulat?

426 2635 486 2681 ut
527 2626 721 2681 animal
765 2626 962 2681 cibum.
1002 2623 1138 2692 Quid
1168 2633 1251 2679 est
1276 2623 1423 2693 quod
1466 2624 1744 2693 accipitur.
1776 2632 1829 2679 et
1865 2639 2015 2680 com-

426 2719 699 2774 mutatur?
743 2725 800 2774 ut
825 2718 966 2773 idem
991 2718 1163 2773 cibus.
1202 2716 1338 2782 Quid
1367 2724 1450 2771 est
1473 2716 1613 2787 quod
1642 2717 1919 2786 accipitur,
1961 2727 2015 2772 et

426 2828 532 2866 non
554 2812 953 2867 commutatur?
978 2820 1035 2864 ut
1058 2810 1227 2865 oculis
1252 2810 1363 2873 lux,
1390 2817 1446 2863 et
1468 2825 1631 2865 sonus
1651 2810 1888 2865 auribus.
1908 2809 2015 2865 Sed

427 2902 545 2959 hmo
570 2919 664 2973 per
704 2918 899 2973 corpus
933 2903 1127 2972 accipit
1153 2903 1331 2957 anima
1363 2919 1377 2954 :
1406 2902 1532 2971 quid
1558 2911 1643 2957 est
1667 2912 1843 2958 autem
1873 2902 2015 2972 quod

430 3009 524 3064 per
563 3010 624 3049 se
652 2994 817 3063 ipsam
857 2994 1068 3062 accipit,
1112 3002 1168 3049 et
1195 3001 1487 3048 commutat
1531 2993 1584 3046 in
1628 2993 1729 3047 se?
1774 3002 1831 3046 ut
1857 2992 2015 3047 aliam

426 3087 679 3147 annnam,
725 3100 884 3153 quam
928 3083 1232 3153 recipiendo
1270 3085 1323 3137 in
1349 3082 1634 3138 amicitiam
1666 3083 1750 3137 sui
1788 3083 2013 3138 similem

428 3173 574 3229 facit.
614 3174 681 3229 Et
705 3174 829 3244 quid
860 3182 946 3229 est
981 3174 1124 3242 quod
1149 3189 1243 3243 per
1280 3188 1339 3228 se
1370 3173 1539 3242 ipsam
1564 3174 1775 3243 accipit,
1811 3181 1867 3228 et
1908 3189 2014 3228 non

428 3265 753 3321 commutat?
800 3272 854 3318 ut
895 3265 1192 3318 veritatem.
1234 3264 1411 3331 Quare
1459 3264 1885 3333 cognoscendum
1933 3274 2016 3320 est

429 3363 486 3411 et
509 3356 633 3427 quid
660 3357 729 3411 sit
766 3356 925 3411 Petro
948 3355 1169 3421 dictum,
1202 3354 1375 3409 Macta
1411 3365 1457 3410 et
1486 3356 1736 3409 manduca
1761 3355 1914 3429 (Act.
1942 3374 1975 3412 ι
1995 3398 2010 3423 ,

430 3445 499 3499 15
520 3444 577 3513 );
609 3454 665 3501 et
698 3444 825 3514 quid
850 3446 903 3500 in
946 3445 1254 3515 Evangelia,
1289 3445 1357 3499 Et
1381 3446 1482 3500 uita
1506 3455 1613 3499 erat
1641 3446 1731 3500 lux
1754 3446 2015 3502 hominum

430 3535 609 3608 (Joan.
637 3553 674 3601 ι,
701 3536 779 3607 ι).
820 3552 821 3557 ι

431 3628 544 3685 XL.
585 3628 712 3683 Cum
762 3630 1045 3683 animarum
1092 3638 1276 3683 natura
1323 3644 1426 3685 una
1466 3631 1552 3697 sit,
1585 3632 1720 3686 unde
1755 3632 2016 3687 hominum

943 3720 1151 3775 diversa
1176 3721 1455 3776 voluntates
1471 3722 1497 3776 ?

505 3813 585 3870 Ex
649 3810 879 3869 diversis
934 3812 1065 3868 visis
1110 3812 1352 3868 diversus
1405 3814 1671 3883 appetitus
1715 3814 2015 3871 animarum

432 3913 543 3969 est,
589 3917 654 3958 ex
701 3902 912 3958 diverso
947 3902 1186 3973 appetitu
1230 3902 1477 3958 diversus
1518 3904 1845 3973 adipiscendi
1890 3920 2014 3961 suc-

432 4007 634 4060 cessus,
657 4008 719 4049 ex
751 3992 961 4048 diverso
1006 4008 1257 4049 successu
1291 3993 1501 4049 diversa
1547 3996 1895 4062 consuetudo,
1945 4013 2014 4053 ex

431 4086 647 4143 diversa
679 4086 1062 4142 consuetudine
1108 4085 1319 4141 diversa
1364 4097 1449 4143 est
1489 4088 1752 4143 voluntas.
1792 4089 2013 4145 Diversa

432 4188 611 4235 autem
636 4179 749 4233 visa
788 4177 921 4235 ordo
963 4193 1141 4233 rerum
1172 4177 1297 4233 facit
1329 4196 1341 4231 :
1374 4180 1610 4234 occultus
1637 4180 1872 4250 quidem,
1917 4182 2013 4237 sed

431 4272 535 4327 sub
559 4270 734 4326 divina
769 4269 1098 4340 providentia
1124 4279 1303 4325 certus
1345 4279 1541 4326 tamen.
1579 4270 1695 4326 Non
1737 4272 1915 4343 itaque
1943 4274 2013 4329 ob

437 4362 539 4418 hoc
566 4361 854 4431 putandum
898 4370 980 4415 est
1005 4361 1241 4417 diversas
1271 4377 1389 4417 esse
1431 4373 1644 4419 naturas
1677 4366 1973 4421 animarum
1994 4408 2009 4433 ,

434 4453 555 4522 quia
582 4452 806 4507 diversa:
848 4459 970 4505 sunt
999 4453 1334 4518 voluntates;
1365 4468 1484 4509 cum
1528 4456 1687 4509 etiam
1719 4456 1871 4511 unius
1895 4457 2012 4511 ani-

434 4559 537 4598 mae
562 4543 804 4597 voluntas
844 4559 940 4611 pro
966 4552 1265 4613 temporum
1306 4545 1613 4602 diversitate
1640 4548 1893 4603 varietur.
1925 4549 2012 4603 Si-

434 4633 646 4705 quidem
673 4635 785 4688 alio
831 4642 1068 4704 tempore
1096 4636 1243 4701 dives
1271 4652 1388 4693 esse
1428 4640 1593 4709 cupit,
1616 4640 1721 4696 alio
1750 4650 2010 4712 tempore,

433 4725 753 4793 contemptis
792 4724 995 4780 divitiis
1020 4728 1235 4797 sapiens
1262 4744 1382 4784 esse
1401 4728 1669 4785 desiderat
1699 4751 1713 4786 :
1741 4743 1796 4786 et
1820 4733 1875 4787 in
1899 4736 2017 4802 ipso

435 4812 803 4884 temporalium
817 4816 1049 4885 appetitu
1072 4818 1173 4871 alio
1190 4826 1429 4889 tempore
1450 4821 1538 4875 uni
1562 4822 1761 4879 homini
1778 4825 2009 4893 negotia-

435 4908 530 4972 tio,
553 4914 607 4960 et
631 4907 736 4961 alio
763 4915 1006 4977 tempore
1031 4909 1216 4964 militia
1239 4911 1434 4981 placet.

436 4996 569 5053 XLI.
595 4997 724 5052 Cum
736 5000 904 5055 omnia
927 4999 1062 5056 Deus
1090 5002 1285 5072 fecerit,
1310 5019 1466 5072 quare
1481 5005 1809 5069 nomequolia
1818 5008 2010 5077 fecerit.

505 5088 637 5155 Quia
681 5104 787 5143 non
831 5101 1008 5146 essent
1057 5092 1250 5157 ornnia,
1296 5094 1340 5147 si
1387 5104 1568 5149 essent
1609 5098 1830 5165 aequalia
1865 5115 1878 5150 :
1908 5114 2015 5153 non

432 5179 575 5235 enim
616 5190 797 5236 essent
834 5182 1000 5237 multa
1046 5199 1222 5238 rerum
1265 5199 1483 5254 genera,
1514 5186 1709 5256 quibus
1734 5189 2016 5245 conficitur

434 5272 767 5338 universitas,
810 5274 1009 5343 primas
1039 5284 1093 5331 et
1119 5276 1401 5344 secundas,
1449 5286 1504 5332 et
1549 5279 1803 5350 deinceps
1849 5297 2017 5353 usque

431 5362 498 5417 ad
548 5364 758 5418 ultimas
786 5365 1055 5421 ordinatas
1098 5367 1299 5423 habens
1344 5377 1615 5426 creaturas
1660 5388 1674 5424 :
1709 5381 1764 5427 et
1805 5375 1907 5431 hoc
1935 5385 2017 5431 est

435 5458 574 5525 quod
600 5457 814 5528 dicitur,
843 5462 1042 5515 omnia.

468 5548 631 5605 XLII.
672 5550 937 5617 Quomodo
974 5553 1201 5609 Christus
1228 5564 1276 5609 et
1302 5554 1357 5610 in
1384 5562 1522 5611 utero
1549 5559 1725 5614 nostris
1752 5562 1912 5633 fuerit
1935 5573 1982 5617 et

1098 5645 1149 5699 in
1185 5646 1340 5702 cretis.

504 5731 778 5795 Quomodo
807 5733 1022 5788 verbum
1040 5734 1290 5805 hominis,
1309 5738 1447 5808 quod
1474 5742 1571 5797 etsi
1590 5743 1735 5799 multi
1763 5745 2003 5818 audiunt,

3667 324 3754 382 28

2131 438 2297 483 totum
2329 431 2548 485 audiunt
2578 432 2785 502 singuli.

2124 517 2305 573 XLIII.
2349 522 2519 588 Quare
2543 522 2593 575 F
2592 524 2709 577 ilius
2741 523 2832 579 Dei
2858 527 2912 579 in
2952 528 3154 583 homine
3178 534 3437 601 apparuit,
3467 544 3512 587 et
3543 534 3748 603 Spiri-

2543 624 2622 669 tus
2651 627 2854 670 sanctus
2891 619 2943 672 in
2985 620 3259 676 columba?

2192 701 2323 769 Quia
2353 704 2439 758 ille
2468 706 2629 769 venit,
2664 715 2719 761 ut
2747 709 3051 778 exemplum
3082 712 3288 767 vivendi
3316 713 3743 772 demonstraret

2122 794 2459 861 hominibus;
2488 797 2607 864 iste,
2651 808 2706 852 ut
2734 800 2931 855 donum
2961 802 3152 872 ipsum,
3185 821 3293 876 quo
3316 807 3452 863 bene
3480 809 3741 865 vivendo

2120 886 2444 953 pervenitur,
2495 887 2835 956 significaret,
2888 895 3151 961 apparuit.
3197 894 3487 968 Utrumque
3525 908 3732 955 autem

2120 972 2396 1029 visibiliter
2422 974 2613 1029 factum
2637 986 2719 1031 est
2744 988 2963 1048 prepter
2980 984 3243 1050 carnales,
3269 986 3338 1041 ab
3360 986 3423 1040 iis
3446 1003 3565 1058 qure
3587 1002 3735 1043 ocu-

2120 1062 2186 1117 lis
2212 1065 2482 1134 corporeis
2509 1078 2818 1135 cernuntur,
2855 1070 2922 1124 ad
2947 1086 3009 1125 ea
3040 1088 3160 1143 qua:
3189 1085 3367 1131 mente
3395 1078 3736 1150 intelligun—

2122 1164 2225 1221 tur,
2256 1167 2713 1214 sacramentorum
2744 1161 2994 1229 gradibus
3036 1166 3453 1224 transferendos.
3492 1170 3637 1225 Nam
3673 1180 3738 1226 et

2120 1246 2279 1301 verba
2304 1256 2499 1302 sonant
2520 1257 2575 1304 et
2603 1257 2914 1318 transeunt;
2947 1268 3046 1310 nec
3075 1264 3248 1313 tamen
3279 1274 3341 1313 ea
3378 1276 3498 1330 quze
3528 1263 3732 1318 verbis

2118 1337 2519 1407 significantur,
2552 1356 2674 1395 cum
2721 1344 2923 1413 aliquid
2965 1346 3200 1402 divinum
3244 1359 3404 1421 atque
3444 1362 3731 1409 aaternum

2120 1427 2385 1498 loquendo
2417 1436 2718 1502 exponitur,
2746 1437 2993 1493 similiter
3018 1449 3313 1497 transeunt.

2118 1518 2299 1575 XLIV.
2345 1521 2513 1588 Quare
2555 1532 2693 1579 tanto
2732 1537 2847 1596 post
2895 1531 3027 1583 venit
3067 1530 3317 1588 Dominus
3356 1534 3508 1592 Iesus
3551 1537 3725 1593 Chri-

2320 1622 2448 1681 stus,
2477 1625 2644 1670 etnon
2673 1618 2725 1671 in
2749 1620 2997 1690 principio
3024 1625 3216 1691 peccati
3236 1625 3452 1681 hominis
3469 1629 3498 1682 .’

2188 1705 2319 1770 Quia
2348 1721 2507 1761 omne
2550 1708 2829 1777 pulchrum
2857 1726 2889 1765 a
2915 1727 3122 1768 summa
3162 1716 3558 1784 pulchritudine
3584 1731 3682 1777 est
3707 1764 3726 1791 ,

2118 1794 2258 1862 quod
2308 1795 2451 1851 Deus
2475 1806 2558 1852 est
2590 1815 2603 1851 :
2637 1802 2949 1868 temporalis
2974 1811 3151 1859 autem
3182 1806 3519 1875 pulchritudo
3548 1814 3730 1870 rebus

2116 1884 2498 1942 decedentibus
2536 1889 3051 1962 succedentibusque
3080 1897 3367 1966 peragitur.
3395 1900 3567 1957 Habet
3611 1919 3726 1960 au-

2120 1983 2224 2030 tem
2250 1976 2501 2032 decorem
2544 1993 2701 2034 suum
2729 1979 2780 2034 in
2811 1981 3032 2052 singulis
3060 1986 3360 2058 quibusque
3401 1990 3727 2053 hominibus
3821 2012 3827 2019 ‘

2116 2069 2321 2139 singula
2339 2086 2565 2140 qumque
2586 2082 2719 2128 mtas
2731 2073 2800 2129 ab
2819 2074 3036 2130 infantia
3063 2092 3233 2149 usque
3254 2083 3321 2136 ad
3348 2097 3721 2144 senectutem.

2118 2158 2267 2214 Sicut
2293 2176 2421 2231 ergo
2448 2162 2712 2218 absurdus
2741 2174 2845 2233 est,
2891 2168 2983 2236 qui
3007 2167 3299 2237 juvenilem
3329 2182 3534 2232 tantum
3579 2189 3725 2238 aeta-

2121 2260 2223 2306 tem
2262 2253 2420 2308 vellet
2443 2269 2565 2309 esse
2590 2257 2643 2309 in
2674 2255 2889 2314 homine
2931 2264 3258 2332 temporibus
3289 2268 3537 2336 subdito;
3572 2273 3727 2329 invi-

2118 2341 2269 2396 deret
2316 2343 2459 2398 enim
2505 2348 2716 2401 exteris
2765 2347 3277 2423 pulchritudinibus,
3324 2373 3444 2427 quae
3495 2364 3725 2420 caeteris

2117 2434 2359 2490 aetatibus
2380 2449 2505 2490 suas
2531 2437 2671 2492 vices
2699 2447 2857 2507 atque
2878 2441 3119 2498 ordinem
3147 2458 3375 2516 gerunt:
3400 2451 3481 2507 sic
3500 2453 3716 2511 absur-

2118 2523 2217 2578 dus
2252 2532 2353 2589 est,
2381 2528 2472 2597 qui
2508 2528 2561 2582 in
2591 2529 2707 2598 ipso
2734 2531 2980 2586 universo
3020 2549 3217 2605 genere
3261 2540 3493 2598 humano
3538 2561 3715 2603 unam

2117 2623 2328 2670 aetatem
2348 2616 2652 2685 desiderat;
2686 2636 2806 2675 nam
2831 2631 2886 2677 et
2912 2625 3085 2693 ipsum
3103 2635 3349 2698 tanquam
3374 2648 3510 2689 unus
3539 2636 3717 2694 homo

2116 2715 2303 2761 (elatas
2330 2722 2454 2767 suas
2496 2710 2623 2780 agit.
2662 2711 2772 2767 Nec
2796 2716 3034 2783 oportuit
3061 2719 3243 2773 venire
3283 2721 3539 2779 divinitus
3583 2742 3719 2781 ma-

2117 2797 2361 2866 gistrum,
2387 2800 2537 2869 cujus
2576 2801 2869 2859 imitatione
2896 2806 2949 2859 in
2981 2822 3158 2862 mores
3185 2811 3417 2880 optimos
3444 2814 3721 2875 formare-

2119 2898 2223 2955 tur,
2250 2890 2350 2944 nisi
2395 2900 2633 2961 tempore
2660 2894 2956 2962 juventutis
3004 2897 3103 2971 (α).
3144 2901 3227 2955 Ad
3257 2902 3358 2959 hoc
3383 2907 3526 2962 valet
3561 2911 3720 2980 quod

2118 2982 2409 3050 Apostolus
2447 2984 2607 3050 dicit,
2653 2988 2752 3042 sub
2798 2989 2915 3059 lege
2964 2998 3211 3061 tanquam
3261 2997 3361 3052 sub
3414 3000 3718 3074 padagogo

2116 3074 2363 3142 parvulos
2388 3075 2679 3130 custoditos
2705 3076 2897 3149 (Galat.
2944 3097 3028 3149 ιιι,
3058 3084 3152 3150 23,
3187 3086 3304 3158 24),
3350 3089 3519 3147 donec
3549 3099 3717 3152 veni-

2117 3173 2202 3217 ret
2223 3164 2308 3219 cui
2334 3167 2661 3234 servabatur,
2689 3172 2776 3239 qui
2806 3187 2902 3241 per
2925 3173 3219 3242 Prophetas
3245 3182 3537 3247 promissus
3564 3199 3712 3245 erat.

2117 3256 2273 3310 Aliud
2301 3258 2440 3311 enim
2462 3261 2698 3329 estquod
2720 3263 2894 3319 divina
2913 3268 3247 3335 providentia
3276 3274 3426 3341 quasi
3453 3277 3711 3345 privatim

2116 3362 2237 3439 cum
2256 3349 2476 3418 singulis
2494 3351 2621 3420 agit,
2648 3352 2788 3407 aliud
2806 3356 2945 3424 quod
2975 3364 3157 3426 generi
3181 3364 3425 3419 universo
3449 3375 3712 3439 tauquam

2117 3438 2326 3507 publice
2349 3441 2641 3496 consulit‘.
2692 3444 2822 3499 Nam
2849 3456 2902 3500 et
2926 3450 3249 3522 quicumque
3281 3455 3473 3528 singuli
3493 3438 3715 3517 adicer-

2118 3538 2224 3582 tam
2252 3531 2564 3599 sapientiam
2607 3548 2979 3604 pervenerunt,
3017 3543 3227 3597 nonnisi
3258 3545 3446 3601 eadem
3473 3552 3711 3609 veritate

2116 3635 2328 3675 suarum
2376 3622 2679 3693 singillatim
2735 3636 2951 3682 aetatum
3005 3635 3401 3701 opportunitate
3452 3639 3712 3698 illustrati

2115 3720 2240 3766 sunt
2268 3729 2281 3765 :
2312 3727 2343 3766 a
2369 3729 2471 3783 qua
2499 3714 2739 3781 veritate,
2774 3729 2829 3771 ut
2854 3720 3081 3789 populus
3099 3725 3313 3794 sapiens
3336 3730 3509 3798 ﬁeret,
3535 3732 3709 3802 ipsius

2113 3805 2325 3875 generis
2350 3806 2564 3862 humani
2593 3820 2885 3877 opportuna
2910 3820 3069 3868 aetate
3096 3813 3255 3870 homo
3293 3830 3567 3890 susceptus
3594 3834 3706 3880 est.

2469 3898 2631 3954 XLV.
2670 3901 2921 3955 Adversus
2950 3904 3343 3962 mathematicos.

2189 3990 2240 4044 I.
2278 3988 2396 4043 Non
2421 4004 2514 4044 eos
2542 3991 2879 4061 appellarunt
2906 3994 3312 4053 mathematicos
3351 4011 3581 4070 veteres,
3612 4008 3707 4075 qui

2116 4093 2258 4135 nunc
2284 4080 2651 4149 appellantur;
2687 4082 2781 4137 sed
2823 4082 2941 4138 illos
2967 4086 3057 4155 qui
3105 4096 3401 4158 temporum
3448 4109 3708 4153 numeros

2116 4178 2264 4224 motu
2288 4170 2410 4225 cmli
2437 4185 2500 4225 ac
2543 4171 2777 4226 siderum
2824 4176 3266 4246 pervestigarent,
3299 4180 3365 4234 de
3390 4183 3579 4250 quibus
3611 4201 3704 4241 re-

2116 4258 2353 4313 ctissime
2378 4259 2572 4315 dicitur
2609 4261 2662 4315 in
2692 4261 2979 4332 Scripturis
3008 4268 3206 4322 sanetis
3237 4286 3250 4321 :
3280 4268 3474 4324 Iterum
3503 4290 3593 4326 nec
3619 4277 3705 4331 his

2116 4351 2258 4407 debet
2280 4353 2489 4423 ignosci.
2533 4354 2594 4408 Si
2620 4355 2753 4407 enim
2786 4365 2979 4409 tantum
3017 4368 3284 4427 potuerunt
3310 4362 3454 4429 scire,
3484 4374 3538 4418 ut
3575 4385 3704 4437 ροε-

2115 4445 2490 4498 δεηιωειίιηανθ
2516 4445 2794 4508 siccatam;
2822 4448 3071 4515 quomodo
3101 4449 3251 4520 hujus
3290 4450 3564 4511 Dominum
3597 4477 3701 4517 ηοη

2117 4534 2319 4604 facilius
2353 4534 2645 4588 invenerunt
2686 4534 2837 4606 (Sep.
2880 4552 2990 4604 xui,
3026 4538 3079 4603 8,
3111 4538 3211 4612 9)?
3252 4542 3396 4598 Mens
3424 4549 3565 4603 enim
3595 4550 3702 4606 hu-

2116 4641 2273 4680 mana
2299 4625 2366 4680 de
2387 4627 2679 4683 visibilibus
2702 4628 2966 4697 judicans,
2996 4641 3171 4700 potest
3207 4650 3495 4705 agnoscere
3518 4646 3695 4700 omni-

2117 4716 2218 4771 bus
2244 4717 2539 4773 visihilibus
2582 4732 2639 4773 se
2674 4720 2845 4789 ipsam
2873 4736 2991 4777 esse
3026 4725 3321 4783 meliorem.
3366 4731 3495 4800 Quae
3523 4744 3699 4793 tamen

2118 4822 2239 4862 cum
2268 4808 2427 4862 etiam
2454 4824 2511 4864 se
2552 4819 2767 4880 propter
2791 4811 3056 4869 defectum
3101 4818 3497 4894 profectumque
3526 4828 3578 4882 in
3609 4844 3700 4884 sa-

2119 4900 2314 4971 pientia
2341 4901 2530 4955 fatetur
2548 4916 2688 4969 esse,
2723 4904 3050 4972 mutabilem,
3076 4909 3275 4967 invenit
3300 4928 3457 4984 supra
3488 4932 3547 4973 se
3581 4935 3702 4977 esse

2119 4991 2602 5048 incommutabilem
2637 4995 2913 5052 veritatem
2945 5016 2958 5052 :
2989 5008 3146 5071 atque
3174 5002 3245 5056 ita
3276 5006 3555 5066 adhaarens
3580 5024 3703 5083 post

2120 5084 2309 5173 ipsam,
2340 5084 2474 5139 sicut
2499 5085 2696 5141 dictum
2725 5097 2831 5155 est,
2878 5091 3102 5146 Adhaesit
3138 5096 3308 5150 anima
3346 5115 3456 5155 mea
3502 5115 3612 5173 post
3658 5113 3704 5157 te

2124 5172 2292 5245 (Psal.
2323 5191 2449 5241 an,
2477 5174 2531 5247 9)
2557 5194 2571 5242 ;
2601 5178 2751 5234 beata
2792 5181 3037 5250 efficitur,
3068 5184 3387 5244 intrinsecus
3426 5192 3702 5251 inveniens

2120 5267 2279 5321 etiam
2304 5268 2540 5321 omnium
2563 5269 2845 5325 visibilium
2869 5270 3177 5330 Creatorem
3203 5285 3362 5347 atque
3384 5281 3698 5351 Dominum;

2120 5375 2224 5413 non
2250 5374 2494 5428 quarens
2521 5363 2851 5419 extrinsecus
2879 5364 3122 5433 visibilia,
3164 5373 3403 5438 quamvis
3426 5375 3699 5432 coelestia:

2120 5466 2238 5520 quae
2255 5460 2345 5505 aut
2359 5466 2463 5505 non
2483 5452 2840 5522 inveniuntur,
2853 5464 2946 5510 aut
2959 5471 3081 5512 cum
3100 5474 3289 5530 magno
3308 5462 3491 5520 labore
3504 5466 3699 5522 frustra

2121 5540 2481 5610 inveniuntur,
2495 5543 2596 5597 nisi
2612 5559 2677 5599 ex
2688 5559 2872 5600 eumn
2884 5562 3003 5617 quas
3018 5547 3145 5606 foris
3159 5561 3282 5607 sunt
3292 5555 3703 5627 pulchritudine,

2186 5696 2200 5727 ¹
2223 5702 2321 5743 Duo
2338 5701 2465 5753 Mss,
2488 5698 2937 5808 tanquamggublicis
2970 5701 3246 5755 utilitatibus
3266 5706 3481 5758 consulit.

2188 5755 2257 5808 (al
2292 5762 2325 5805 ll
2350 5763 2551 5808 nett'act.
2572 5769 2675 5808 can.
2763 5793 2778 5808 .

2188 5755 2257 5817 (α)
2292 5762 2325 5805 ll
2350 5763 2551 5808 Beiram.
2572 5755 2675 5822 cap.
2703 5755 2778 5809 ΞΒ.
