3988 6436
190 470 247 524 ei
1553 454 1755 509 LIBER
1793 454 1988 511 usus.
3319 432 3413 516 so

200 592 436 647 inveniatur
460 589 660 644 artifex
718 586 811 656 qui
852 584 979 637 intus
1024 588 1127 643 est,
1171 587 1225 635 et
1278 578 1422 650 prius
1450 577 1501 630 in
1544 578 1720 631 anima

202 683 459 755 superiores,
476 679 677 737 deinde
690 679 749 734 in
774 690 984 745 corpore
1009 672 1287 728 inferiores
1306 668 1725 742 pulchritudines

203 780 418 843 speratur.

249 865 291 917 2.
327 864 568 917 Adversus
612 875 714 915 eos
744 867 916 913 autem
945 856 1031 926 qui
1076 869 1215 908 nunc
1247 852 1582 922 appellantur
1612 866 1726 905 ma-

197 954 681 1021 tbematici,rolentes
698 958 850 1004 actus
868 956 1071 1002 nostros
1087 944 1401 1013 corporibus
1416 941 1723 998 caelestibus

196 1044 400 1110 subdere,
437 1055 487 1100 et
516 1058 614 1098 nos
655 1040 889 1097 vendere
925 1038 1113 1104 stellis,
1147 1036 1426 1106 ipsumque
1454 1033 1681 1103 pretium
1706 1074 1720 1097 ,

194 1153 281 1205 quo
298 1138 566 1202 vendimur,
600 1151 631 1189 a
660 1132 820 1189 nobis
856 1131 1111 1200 accipere,
1147 1126 1280 1181 nihil
1310 1126 1487 1180 verius
1526 1134 1579 1178 et
1606 1123 1723 1177 bre-

196 1229 290 1282 vius
312 1229 396 1283 dici
420 1235 596 1298 potest,
629 1240 793 1295 quam
817 1237 908 1278 eos
933 1237 1036 1275 non
1066 1217 1418 1291 respondere,
1445 1215 1549 1269 nisi
1573 1228 1726 1269 acce-

197 1320 282 1390 ptis
330 1317 822 1375 constellationibns.
891 1313 947 1368 In
1001 1308 1496 1367 constellationibus
1547 1313 1722 1359 autem

199 1411 343 1465 notari
384 1419 556 1480 partes,
609 1407 845 1476 qualcs’
898 1412 1162 1459 trecentas
1214 1400 1486 1470 sexaginta
1539 1398 1723 1452 dicunt

202 1499 367 1555 habere
396 1498 682 1569 signiferum
714 1496 967 1549 circulum
1002 1512 1016 1547 :
1048 1499 1249 1546 motum
1276 1500 1451 1543 autem
1479 1488 1601 1543 caeli
1628 1501 1724 1555 per

201 1606 326 1644 unam
368 1590 532 1644 horam
576 1588 691 1643 lieri
738 1586 790 1639 in
821 1583 1119 1655 quindecim
1164 1579 1421 1651 partibus,
1472 1586 1533 1632 ut
1581 1585 1724 1631 tanta

198 1697 315 1734 mora
337 1680 608 1749 quindecim
655 1686 834 1748 partes
874 1675 1130 1738 oriantur,
1165 1678 1415 1741 quantam
1446 1676 1590 1722 tenet
1615 1682 1721 1721 una

197 1771 317 1825 hora.
352 1772 467 1839 Quae
492 1779 663 1842 partes
705 1768 926 1837 singulae
958 1764 1228 1833 sexaginta
1258 1763 1487 1816 minutas
1533 1760 1725 1814 habere

195 1863 413 1916 dicuntur.
442 1863 656 1916 Minutas
695 1867 876 1916 autem
909 1857 1230 1911 minutarum
1271 1854 1380 1925 jam
1413 1854 1462 1907 in
1495 1851 1727 1908 constel-

197 1954 457 2019 lationibus,
489 1954 551 2008 de
577 1952 770 2023 quibus
798 1950 973 2005 futura
1003 1947 1289 2018 praedicere
1310 1960 1368 2000 se
1392 1944 1592 2009 dicunt,
1622 1959 1728 1997 non

195 2044 458 2107 inveniunt;
480 2049 765 2111 conceptus
789 2046 965 2094 autem
996 2038 1329 2108 geminorum
1350 2034 1599 2104 quoniam
1619 2047 1724 2087 uno

192 2134 428 2188 concubitu
471 2132 730 2194 efficitur,
778 2129 1149 2185 attestantibus
1195 2126 1455 2192 medicis,
1502 2140 1725 2196 quorum

193 2223 423 2292 disciplina
466 2225 624 2278 multo
670 2232 755 2277 est
796 2221 991 2276 certior
1034 2228 1192 2289 atque
1238 2217 1584 2280 manifestior,
1621 2225 1725 2269 tam

195 2328 330 2382 parvo
365 2323 545 2384 puncto
573 2313 831 2383 temporis
858 2310 1139 2380 contingit,
1169 2319 1226 2363 ut
1256 2309 1310 2362 in
1336 2308 1468 2362 duas
1499 2308 1732 2361 minutas

194 2403 470 2459 minutarum
498 2420 598 2459 non
627 2402 896 2458 tendatur.
928 2399 1079 2455 Unde
1103 2414 1229 2470 ergo
1257 2400 1307 2452 in
1335 2398 1558 2468 geminis
1584 2405 1728 2449 tanta

194 2492 433 2549 diversitas
471 2496 757 2560 actionum,
811 2501 865 2546 et
908 2499 1216 2554 eventuum,
1263 2496 1317 2543 et
1346 2489 1674 2543 voluntatum
1710 2529 1725 2552 ,

196 2597 307 2651 quos
325 2598 524 2640 necesse
550 2592 631 2639 est
651 2581 897 2637 eamdem
927 2579 1390 2635 constellationem
1419 2577 1727 2645 conceptio-

196 2673 337 2726 nalem
360 2675 556 2736 habere,
580 2681 633 2729 et
652 2672 931 2726 amborum
955 2684 1111 2723 unam
1134 2669 1591 2722 constellationem
1616 2666 1726 2720 dari

198 2763 522 2821 mathematice
544 2768 583 2830 ³,
611 2773 865 2834 tanquam
895 2763 1055 2817 unius
1081 2759 1349 2814 hominis?
1374 2758 1429 2814 Si
1455 2767 1629 2811 autem
1659 2758 1727 2811 ad

199 2856 413 2923 genitales
442 2857 462 2887 ³
503 2855 932 2911 constellationes
956 2868 1015 2908 se
1056 2861 1238 2906 tenere
1277 2850 1557 2913 voluerint,
1604 2849 1731 2920 ipsis

199 2945 384 3012 geminis
405 2947 768 3011 exeluduntur,
799 2947 889 3015 qui
922 2944 1233 3013 plerumque
1261 2941 1331 2995 ita
1364 2949 1482 3009 post
1507 2940 1731 2993 invicem

200 3032 451 3091 funduntur
492 3053 551 3092 ex
598 3047 772 3100 utero,
824 3042 882 3088 ut
930 3033 1033 3088 hoc
1085 3032 1339 3101 temporis
1393 3030 1729 3085 intervallum

200 3139 355 3181 rursus
391 3128 453 3183 ad
478 3130 696 3184 minutas
738 3128 1061 3181 minutarum
1094 3130 1408 3189 revertatur,
1449 3138 1581 3193 quas
1626 3131 1729 3177 tra-

200 3218 384 3274 claudas
416 3222 463 3274 in
485 3218 973 3276 eonstellationibus
1002 3231 1270 3285 nunquam
1314 3214 1599 3283 accipiunt,
1634 3228 1731 3268 nec

202 3320 386 3375 possunt
413 3319 642 3367 tractare.
685 3310 822 3366 Cum
851 3316 1026 3363 autem
1060 3307 1224 3360 multa
1264 3320 1388 3360 vera
1420 3319 1511 3359 eos
1536 3304 1732 3373 praedi-

204 3395 319 3453 xisse
338 3400 539 3467 dicatur,
580 3403 702 3457 ideo
744 3401 820 3465 fit,
849 3401 971 3469 quia
997 3412 1102 3451 non
1132 3406 1314 3452 tenent
1345 3396 1587 3449 homines
1615 3411 1729 3450 meo

203 3490 341 3545 moria
364 3491 593 3550 falsitates
619 3506 938 3561 erroresque
959 3505 1141 3545 eorum
1169 3506 1191 3543 τη
1230 3487 1323 3543 sed
1352 3503 1458 3540 non
1500 3487 1687 3540 intenti
1714 3527 1729 3552 ,

206 3579 286 3633 nisi
310 3581 354 3635 in
376 3598 430 3638 ea
458 3601 562 3655 qua:
592 3586 804 3639 illorum
829 3580 1102 3651 responsis
1132 3580 1491 3649 provenerint,
1521 3593 1581 3632 ea
1610 3592 1729 3647 qua:

205 3682 290 3723 non
314 3678 620 3739 provenerint
643 3674 1025 3730 obliviscuntur
1057 3689 1070 3724 :
1100 3678 1153 3724 et
1182 3684 1242 3723 ea
1288 3673 1729 3733 commemorant,

207 3773 303 3826 quae
324 3778 415 3818 non
440 3777 541 3823 arte
562 3767 669 3833 illa,
698 3781 818 3835 qua:
844 3764 984 3817 nulla
1008 3770 1111 3827 est,
1143 3761 1234 3816 sed
1256 3760 1480 3831 quadam
1508 3760 1733 3813 obscura

208 3861 350 3905 rerum
378 3865 502 3912 sorte
528 3858 859 3926 contingunt.
901 3853 1055 3921 Quod
1084 3852 1128 3906 si
1162 3851 1363 3921 peritiae
1394 3851 1602 3904 illorum
1635 3865 1731 3904 vo-

211 3935 300 3993 lunt
317 3943 533 4012 tribucre,
556 3947 737 4002 dicant
756 3943 1040 3999 artificiose
1060 3940 1298 3996 divinare
1319 3940 1475 3994 etiam
1497 3949 1733 3993 mortuas

211 4037 490 4096 membranas
511 4046 731 4114 scriptas
772 4039 1051 4109 quaslibet,
1085 4037 1153 4091 de
1190 4035 1381 4105 quibus
1422 4035 1731 4103 plerumque

214 4139 289 4191 pro
301 4130 528 4189 voluntate
554 4150 671 4190 sors
692 4133 819 4187 exit.
852 4130 1004 4197 Quod
1033 4130 1075 4184 si
1099 4143 1203 4183 non
1231 4135 1343 4181 arte
1371 4126 1436 4181 de
1457 4124 1729 4179 codicibus

214 4216 299 4268 exit
321 4234 443 4290 sepe
466 4240 641 4280 versus
683 4224 854 4277 futura
884 4220 1270 4291 praenuntians,
1312 4216 1437 4286 quid
1467 4216 1657 4269 mirum
1687 4215 1729 4268 si

215 4303 341 4359 etiam
366 4325 422 4364 ex
458 4315 624 4370 animo
667 4296 950 4383 loquentis,
999 4324 1105 4364 non
1148 4318 1282 4373 arte,
1317 4307 1410 4362 sed
1454 4313 1596 4360 sorte
1624 4303 1731 4358 exit

215 4393 352 4466 aliqua
380 4406 623 4471 prtedictio
652 4401 991 4461 futurorum?

698 4494 882 4550 XLVI.
924 4492 1000 4547 De
1026 4492 1171 4546 ideis.

272 4574 314 4628 l.
347 4577 474 4638 [deas
510 4588 656 4642 Plato
683 4588 883 4656 primus
912 4584 1207 4654 appellasse
1254 4580 1564 4651 perhibetur
1603 4578 1680 4650 (α)
1714 4597 1727 4633 :
1762 4642 1765 4645 η

218 4676 468 4727 nontamen
505 4680 548 4732 si
576 4679 675 4733 hoc
700 4691 892 4732 nomen
919 4683 1200 4744 antequam
1238 4674 1351 4742 ipse
1392 4671 1726 4736 institueret,

222 4762 300 4805 non
322 4769 433 4824 erat,
460 4764 568 4822 ideo
593 4768 675 4822 vel
698 4780 784 4820 res
814 4766 939 4835 ipsa:
968 4780 1071 4818 non
1100 4770 1270 4827 erant,
1302 4776 1431 4830 quas
1463 4761 1606 4814 ideas
1632 4775 1729 4814 vo-

221 4845 343 4909 mit,
367 4854 481 4911 vela
522 4860 668 4914 nullo
698 4867 849 4913 erant
891 4857 1209 4919 intellectae;
1240 4852 1331 4908 sed
1359 4853 1463 4907 alio
1509 4853 1730 4907 fortasse

222 4940 342 5017 ἒιίῐυε
362 4941 447 4996 alio
463 4952 671 5004 nomine
692 4950 758 5004 ab
782 4948 898 5002 aliis
923 4955 1079 5017 atque
1109 4945 1226 4999 aliis
1253 4955 1565 5013 nuncupata:
1586 4951 1727 4997 sunt.

223 5016 335 5109 licet
365 5032 480 5090 enim
508 5041 698 5109 cuique
735 5040 812 5093 rei
850 5016 1128 5107 incognite
1159 5034 1200 5100 ⁸,
1232 5050 1348 5104 qua:
1388 5034 1586 5087 nullum
1631 5032 1728 5087 ha-

224 5105 313 5197 beat
348 5121 564 5185 usitatum
613 5144 833 5191 nomen,
873 5127 1144 5197 quodlibet.
1190 5140 1382 5179 nomen
1431 5124 1725 5193 imponere.

219 5196 317 5257 Nam
341 5224 426 5266 "0"
460 5234 537 5278 est
579 5222 888 5285 verisimile,
920 5220 1183 5288 sapientes
1226 5227 1315 5271 aut
1365 5216 1537 5269 nullos
1568 5216 1729 5269 fuisse

220 5299 308 5383 ᾗξηθ
327 5295 567 5369 Platonem
592 5330 609 5380 ;
652 5322 744 5366 aut
773 5311 903 5364 istas
930 5324 1059 5381 quas
1087 5307 1256 5374 Plato,
1290 5315 1347 5358 ut
1376 5305 1573 5359 dictum
1605 5314 1684 5359 est
1709 5345 1725 5370 ,

216 5375 492 5474 demeat,
542 5416 889 5473 quaecumque
932 5375 1017 5453 res
1046 5400 1171 5464 sint,
1201 5412 1306 5450 non
1361 5394 1723 5449 intellexisse:

216 5472 405 5535 sim
432 5472 575 5550 tanta
617 5494 674 5548 in
700 5492 778 5551 eis
808 5492 886 5547 vis
924 5488 1283 5553 constituitur,
1310 5495 1367 5541 ut
1395 5485 1497 5539 nisi
1525 5484 1609 5539 his
1648 5485 1730 5537 irr-

214 5557 375 5654 lellcctis
393 5587 605 5654 sapiens
624 5599 745 5639 esse
771 5598 925 5636 nemo
947 5581 1132 5650 possit.
1170 5577 1437 5633 Credibile
1459 5584 1540 5633 est
1567 5574 1727 5631 etiam

156 5691 159 5694 ⁴
254 5648 585 5766 ἰεΔὶίί
604 5687 748 5747 γεω,
772 5677 933 5744 parm
951 5648 1180 5730 mortales,
1206 5676 1312 5739 etet

431 5744 487 5766 Ωε
533 5743 575 5766 Δο
602 5749 649 5766 ιη
672 5746 866 5766 nvnncuc
903 5730 1023 5766 dum
1038 5730 1310 5766 malimman

251 5727 507 5828 ᾸΒἚΟΨΜηδε.
528 5743 581 5786 At
602 5737 651 5785 in
672 5727 884 5805 excusis,
902 5727 1023 5784 dare
1038 5727 1407 5782 mathematicos.

255 5796 500 5857 tmbkssq
519 5797 582 5847 ad
608 5805 808 5857 nativas.

254 5838 466 5961 (αῗῗιίἓῗοῖ
482 5863 944 5977 δῗῗῖίὲἷίῗῃῐξὲξέεμ
970 5915 1046 5964 23-

1831 590 2022 650 praeter
2051 580 2307 636 Gra'ciam
2354 576 2517 638 fuisse
2563 583 2617 637 in
2647 583 2764 637 aliis
2802 583 3048 654 gentibus
3093 585 3412 654 sapientes:

1828 673 1967 742 quod
2011 673 2168 727 etiam
2199 673 2347 729 Plato
2392 674 2506 744 ipse
2551 689 2656 729 non
2698 675 2869 729 solum
2912 674 3294 746 peregrinando
3321 689 3413 730 sa-

1828 767 2039 835 pientiae
2062 766 2396 836 perﬁciendae
2420 769 2585 838 gratia
2610 768 2738 823 satis
2761 777 2982 825 testatus
3008 778 3109 831 est.
3142 767 3233 825 sed
3253 768 3416 824 etiam

1830 859 1881 912 in
1907 858 2055 914 libris
2081 860 2189 913 suis
2230 866 2631 915 commemorat.
2663 860 2770 915 Hos
2797 876 2944 930 ergo,
2974 861 3020 917 si
3047 862 3136 931 qui
3177 860 3412 922 fuerunt,

1830 964 1932 1003 non
1965 948 2370 1004 existimandum
2402 959 2484 1004 est
2514 951 2657 1005 ideas
2687 952 2979 1021 ignorasse,
3024 950 3265 1022 quamvis
3312 952 3416 1005 alio

1831 1040 2050 1095 fortasse
2076 1056 2166 1096 cas
2189 1042 2400 1095 nomine
2418 1042 2739 1096 vocaverint.
2771 1042 2873 1097 Sed
2902 1043 2966 1097 de
2990 1043 3203 1097 nomine
3228 1042 3414 1098 hacte-

1831 1147 1930 1185 nus
1969 1132 2166 1187 dictum
2198 1132 2268 1186 sit
2300 1151 2312 1186 :
2344 1148 2459 1187 rem
2498 1133 2788 1196 videamus,
2838 1148 2956 1203 quae
2985 1133 3215 1188 maxime
3240 1133 3417 1188 consi-

1829 1223 2060 1278 deranda
2087 1232 2245 1294 atque
2284 1222 2551 1279 noscenda
2577 1233 2678 1286 est,
2720 1224 2771 1278 in
2811 1232 3071 1293 potestate
3114 1224 3416 1279 constitutis

1829 1313 2117 1378 vocabulis,
2148 1324 2202 1369 ut
2228 1314 2371 1385 quod
2400 1314 2540 1369 volet
2573 1315 2816 1385 quisque,
2846 1315 3074 1385 appellet
3117 1330 3227 1370 rem
3255 1329 3412 1385 quam

1830 1405 2155 1474 cognoverit.

1900 1494 1955 1548 2.
1996 1494 2145 1549 [deas
2204 1496 2361 1565 igitur
2406 1494 2568 1550 latine
2622 1510 2903 1564 possumus
2951 1496 3030 1550 vel
3083 1494 3280 1548 formas
3330 1497 3414 1550 vel

1830 1588 2035 1657 species
2062 1587 2258 1651 dicere,
2295 1594 2349 1641 ut
2390 1587 2608 1641 verbum
2640 1600 2671 1640 e
2698 1587 2859 1641 verbo
2901 1586 3189 1641 transferre
3234 1586 3415 1641 videa-

1833 1693 1967 1730 mur.
2001 1677 2054 1732 Si
2079 1685 2252 1731 autem
2278 1678 2511 1731 rationes
2531 1691 2621 1732 eas
2642 1691 2912 1739 vocemus,
2939 1678 3005 1731 ab
3028 1678 3408 1746 interpretandi

1832 1767 2045 1837 quidem
2076 1768 2399 1837 proprietate
2424 1768 2747 1823 discedimus
2771 1786 2785 1834 ;
2817 1769 3048 1822 rationes
3074 1769 3212 1823 enim
3240 1784 3415 1838 grasee

1833 1868 1959 1925 λόγοι
1993 1859 2345 1928 appellantur,
2374 1874 2479 1913 non
2522 1859 2655 1913 idem
2684 1876 2698 1913 :
2724 1859 2817 1913 sed
2847 1868 3021 1913 tamen
3049 1859 3285 1928 quisquis
3314 1859 3415 1914 hoc

1834 1951 2086 2004 vocabulo
2110 1950 2184 2003 uti
2210 1950 2452 2014 voluerit,
2486 1964 2514 2003 a
2543 1965 2605 2005 re
2631 1950 2741 2018 ipsa
2784 1965 2887 2004 non
2909 1948 3173 2004 aberrabit
3198 1951 3236 2003 ί.
3278 1949 3417 2005 Sunt

1832 2054 2063 2109 namque
2102 2039 2235 2094 ideae
2264 2040 2580 2109 principales
2620 2040 2803 2094 formae
2828 2040 3090 2109 quaedam,
3122 2040 3203 2094 vel
3246 2040 3415 2095 ratio-

1834 2144 1931 2184 nes
1976 2145 2155 2183 rerum
2184 2130 2400 2185 stabiles
2429 2137 2589 2198 atque
2616 2128 3091 2195 incommutabiles,
3138 2144 3257 2199 quae
3287 2131 3418 2198 ipsa:

1833 2219 2071 2274 formatae
2088 2234 2190 2274 non
2208 2228 2349 2287 sunt,
2363 2234 2425 2275 ac
2443 2236 2537 2290 per
2557 2220 2657 2275 hoc
2677 2229 2892 2274 aeternae
2911 2235 2973 2274 ac
2992 2235 3203 2288 semper
3226 2219 3418 2275 eodem

1834 2312 1996 2365 modo
2019 2325 2137 2365 sese
2164 2311 2444 2377 habentes,
2475 2326 2593 2380 quae
2629 2311 2680 2364 in
2707 2310 2883 2365 divina
2915 2310 3257 2379 intelligentia
3283 2325 3417 2364 con-

1834 2403 2086 2457 tinentur.
2139 2400 2349 2456 Etcum
2378 2402 2505 2472 ipsa:
2544 2414 2715 2469 neque
2757 2402 3014 2465 oriantur,
3047 2415 3219 2469 neque
3248 2400 3416 2454 inter-

1835 2501 1956 2548 eant
1979 2508 1994 2557 ;
2022 2492 2311 2547 secundum
2335 2507 2428 2547 eas
2449 2501 2626 2546 tamen
2652 2490 2871 2545 formari
2891 2490 3083 2545 dicitur
3096 2505 3254 2545 omne
3269 2490 3413 2561 quod

1834 2583 1959 2638 oriri
1990 2592 2043 2637 et
2073 2584 2290 2638 interire
2307 2592 2497 2653 potest,
2526 2591 2579 2638 ct
2605 2597 2764 2638 omne
2783 2583 2928 2653 quod
2942 2583 3109 2637 oritur
3133 2592 3186 2638 et
3217 2584 3417 2638 interit.

1834 2674 2024 2728 Anima
2055 2689 2179 2729 vero
2206 2682 2425 2744 negatur
2449 2688 2539 2729 eas
2569 2674 2759 2728 intueri
2789 2688 2965 2742 posse,
2998 2673 3100 2728 nisi
3122 2674 3418 2740 rationalis,

1835 2779 1899 2819 ea
1943 2765 2025 2818 sui
2065 2773 2213 2833 parte
2241 2781 2343 2834 qua
2386 2765 2617 2828 excellit,
2668 2765 2719 2818 id
2766 2773 2848 2819 est
2888 2766 3002 2833 ipsa
3041 2775 3220 2819 mente
3260 2775 3423 2833 atque

1835 2856 2059 2919 ratione,
2090 2858 2237 2926 quasi
2286 2856 2510 2926 quadam
2556 2856 2690 2912 [acie
2725 2857 2809 2911 vel
2849 2858 3004 2911 oculo
3042 2872 3141 2911 suo
3168 2857 3422 2913 interiore

1835 2957 1992 3019 atque
2018 2949 2348 3020 intelligibili.
2391 2949 2459 3003 Et
2483 2964 2546 3003 ea
2565 2948 2779 3018 quidem
2809 2951 2919 3021 ipsa
2941 2950 3213 3005 rationalis
3236 2950 3416 3005 anima

1837 3055 1941 3094 non
1968 3040 2143 3094 omnis
2164 3048 2217 3094 et
2243 3040 2509 3109 quaelibet,
2531 3038 2623 3095 sed
2649 3055 2767 3109 qua:
2791 3047 2972 3094 saneta
3000 3048 3055 3094 et
3075 3053 3206 3109 pura
3232 3038 3412 3105 fuerit,

1838 3130 1951 3186 haec
1979 3130 2232 3184 asset-itur
2274 3131 2349 3183 illi
2396 3130 2582 3185 visioni
2632 3145 2753 3185 esse
2798 3129 3030 3185 idonea:
3064 3130 3115 3184 id
3160 3140 3257 3194 est,
3300 3146 3425 3200 quas

1838 3223 1985 3278 illum
2030 3224 2199 3292 ipsum
2248 3223 2456 3277 oculum
2498 3238 2602 3292 quo
2647 3222 2893 3278 videntur
2942 3223 3061 3289 ista,
3110 3238 3319 3288 sanum,
3366 3232 3424 3278 et

1837 3318 2122 3380 sincerum,
2168 3324 2221 3371 et
2266 3331 2535 3382 serenum,
2585 3325 2638 3369 et
2679 3315 2902 3370 similem
2955 3314 3039 3368 his
3085 3316 3245 3369 rebus
3289 3330 3429 3385 quas

1837 3407 2018 3462 videre
2060 3406 2300 3469 intendit,
2340 3406 2600 3461 habuerit.
2651 3405 2783 3473 Quis
2822 3414 2997 3460 autem
3044 3406 3325 3475 religiosus
3367 3417 3423 3460 et

1839 3513 1964 3552 vera
2006 3498 2256 3567 religione
2283 3498 2534 3563 imbutus,
2566 3498 2806 3567 quamvis
2837 3497 3073 3552 nondum
3112 3498 3279 3567 possit
3305 3498 3427 3555 hac

1837 3590 2051 3655 intueri,
2094 3603 2287 3658 negare
2333 3598 2507 3642 tamen
2536 3587 2744 3649 audeat,
2781 3588 2889 3641 imo
2926 3603 3030 3641 non
3058 3588 3216 3643 etiam
3258 3588 3422 3655 profi-

1839 3690 2029 3747 teatur,
2060 3683 2235 3735 omnia
2279 3696 2396 3750 qua:
2434 3687 2577 3740 sunt,
2626 3679 2676 3732 id
2717 3688 2818 3744 est,
2848 3694 3194 3750 qnzeeumque
3237 3679 3289 3732 in
3320 3694 3424 3735 suo

1837 3786 2031 3840 genere
2064 3771 2272 3839 prepria
2306 3768 2527 3838 quadam
2560 3778 2748 3822 natura
2779 3769 3137 3834 continentur,
3173 3776 3226 3821 nt
3266 3767 3371 3822 sint
3398 3810 3415 3835 ,

1839 3861 1947 3915 Deo
1967 3869 2180 3914 auctore
2205 3876 2323 3915 esse
2350 3868 2644 3928 procreata,
2667 3873 2835 3929 eoque
2860 3868 3074 3914 auclore
3100 3860 3275 3913 omnia
3297 3874 3418 3928 qua:

1838 3951 2021 4005 vivunt
2055 3951 2251 4013 vivere,
2285 3959 2442 4020 atque
2468 3949 2825 4003 universalem
2863 3965 3040 4003 rerum
3086 3948 3424 4003 incolumita-

1838 4051 1964 4108 tem,
2005 4042 2352 4111 ordinemque
2394 4042 2565 4110 ipsum
2596 4056 2701 4110 quo
2730 4055 2791 4094 ea
2821 4056 2940 4109 qua:
2970 4050 3259 4101 mutantur.
3292 4055 3420 4096 suos

1838 4127 2156 4195 temporales
2170 4139 2359 4180 cursus
2374 4133 2520 4178 certo
2536 4125 2897 4178 moderamine
2913 4125 3201 4188 celebrant,
3218 4125 3413 4177 summi

1837 4217 1929 4271 Dei
1961 4216 2162 4285 legibus
2206 4215 2467 4269 contineri
2509 4226 2563 4268 et
2604 4214 2929 4283 gubernari?
2977 4213 3092 4279 Quo
3133 4214 3420 4269 constituto

1835 4316 1991 4376 atque
2016 4320 2290 4369 concesso,
2321 4305 2437 4373 quis
2462 4304 2653 4358 audeat
2678 4303 2856 4356 dicere
2884 4303 3045 4356 Deum
3078 4303 3417 4356 irrationabi-

1835 4401 1957 4455 liter
1993 4398 2170 4453 omnia
2211 4396 2557 4452 condidisse?
2585 4395 2737 4462 Quod
2782 4396 2824 4448 si
2853 4404 3000 4449 recte
3027 4394 3130 4449 dici
3159 4395 3242 4449 vel
3268 4394 3417 4450 credi

1836 4508 1941 4548 non
1970 4499 2161 4561 potest,
2193 4499 2359 4545 restat
2385 4497 2442 4544 ut
2463 4489 2638 4543 omnia
2666 4488 2871 4543 ratione
2895 4489 3001 4542 sint
3038 4487 3267 4541 condita.
3307 4486 3418 4542 Nec

1835 4584 2020 4639 eadem
2048 4584 2252 4637 ratione
2269 4582 2449 4647 homo,
2476 4596 2578 4651 qua
2604 4596 2772 4651 equus
2800 4598 2812 4633 :
2841 4581 2942 4635 hoc
2961 4580 3099 4634 enim
3124 4579 3412 4633 absurdum

1836 4686 1918 4732 est
1964 4675 2287 4732 existimare.
2330 4674 2545 4743 Singula
2589 4673 2749 4743 igitur
2795 4671 3019 4740 propriis
3068 4679 3190 4723 sunt
3234 4678 3415 4724 creata

1836 4768 2145 4823 rationibus.
2189 4767 2294 4820 llas
2334 4773 2508 4819 autem
2537 4765 2772 4817 rationes
2799 4762 2887 4815 ubi
2931 4760 3293 4815 arhitrandnm
3333 4770 3415 4814 est

1835 4876 1973 4927 esse,
2006 4860 2109 4914 nisi
2151 4860 2206 4913 in
2235 4859 2344 4928 ipsa
2376 4865 2555 4911 mente
2585 4855 2894 4910 Creatoris?
2940 4854 3053 4908 Non
3097 4854 3236 4907 enim
3266 4863 3412 4907 extra

1835 4966 1895 5006 se
1936 4951 2220 5020 quidquam
2266 4949 2495 5017 positum
2549 4944 2869 5010 intuebatur,
2917 4953 2974 4998 ut
3019 4942 3311 4999 secundum
3360 4942 3417 4995 id

1834 5043 2176 5097 constitueret
2202 5038 2341 5109 quod
2386 5035 2740 5093 constituebat
2771 5054 2784 5090 :
2818 5050 2938 5091 utin
2971 5036 3069 5089 hoc
3094 5033 3296 5103 opinari
3328 5047 3416 5086 sa-

1834 5134 2083 5203 crilegum
2110 5140 2211 5187 est.
2239 5130 2392 5198 Quod
2422 5129 2465 5184 si
2491 5128 2574 5183 ba:
2600 5144 2779 5183 rerum
2804 5127 3038 5181 omnium
3060 5125 3411 5181 creandarum

1834 5232 2195 5279 creatarumvc
2238 5221 2470 5276 rationes
2515 5219 2567 5274 in
2597 5218 2771 5274 divina
2818 5226 2997 5272 mente
3031 5217 3371 5273 continentur
3393 5255 3411 5281 ,

1834 5328 2007 5384 neque
2032 5314 2083 5367 in
2114 5312 2288 5365 divina
2316 5320 2491 5366 mente
2517 5309 2804 5382 quidquam
2837 5308 2935 5362 nisi
2965 5318 3223 5362 aeternum
3252 5315 3412 5373 atque

1833 5403 2259 5460 incommutabile
2284 5410 2457 5472 potest
2485 5415 2605 5455 esse
2630 5416 2645 5464 ;
2672 5409 2833 5469 atque
2858 5399 2952 5452 has
2973 5412 3149 5452 rerum
3174 5396 3411 5450 rationes

1834 5496 2153 5568 principales
2205 5495 2438 5565 appellat
2492 5493 2637 5547 ideas
2681 5492 2831 5546 Plato
2862 5508 2875 5543 :
2906 5505 3010 5543 non
3056 5487 3233 5542 solum
3284 5494 3411 5539 sunt

1831 5587 1985 5650 idem,
2014 5585 2107 5640 sed
2133 5586 2259 5655 ipsa:
2285 5598 2424 5638 verre
2448 5590 2590 5645 sunt,
2620 5581 2741 5650 quia
2769 5590 2987 5633 :eternze
3011 5582 3155 5639 sum,
3186 5582 3240 5627 et
3260 5572 3411 5641 ejus-

1831 5678 1975 5733 modi
1999 5686 2157 5747 atque
2184 5672 2642 5729 incommutabiles
2670 5677 2917 5732 manent;
2950 5681 3179 5739 quarum
3206 5664 3411 5735 μω·ιίοι

1832 5771 2044 5841 patione
2070 5771 2128 5822 lit
2151 5776 2207 5821 ut
2233 5766 2302 5821 sit
2325 5762 2579 5835 quidquid
2620 5770 2722 5827 est,
2750 5756 3122 5830 quoquomdo
3150 5766 3252 5814 est.
3298 5753 3408 5809 Sed

1899 5905 1913 5935 ¹
1940 5914 2115 5953 omnes
2135 5913 2284 5964 prope
2302 5908 2427 5959 Mss,
2452 5893 2738 5946 abhorrebit.
