3996 6282
336 342 409 403 ω
1077 334 1163 389 DE
1207 332 1518 390 DIVERSIS
1554 326 2074 401 QUIESTIONIBUS
2114 328 2396 395 LXXXIII,
2427 330 2485 385 S.
2527 329 2888 388 AUGUSTINI

345 455 519 509 anima
566 449 839 506 rationalis
882 448 1021 503 inter
1046 462 1139 503 eas
1167 463 1252 502 res
1277 462 1395 517 quae
1440 454 1566 500 sunt
1590 459 1623 499 a
1650 444 1763 499 Deo
1796 457 1924 498 con-

347 543 493 609 ditae,
526 540 700 596 omnia
745 549 998 611 superat;
1044 546 1096 592 et
1135 538 1246 592 Deo
1291 536 1527 606 proxima
1570 541 1671 599 est,
1717 531 1930 604 quando

348 647 477 702 pura
508 639 626 695 est;
660 630 813 701 eique
860 629 915 683 in
955 634 1210 699 quantum
1249 625 1505 680 charitate
1546 622 1846 688 cohaeserit,
1876 621 1930 674 in

350 732 555 778 tanmm
581 722 649 777 ab
676 736 741 777 eo
766 720 967 775 lumine
996 718 1087 773 illo
1112 715 1428 787 intelligibili
1467 713 1677 785 perfusa
1703 711 1931 784 quodam

348 812 507 867 modo
551 822 603 866 et
632 811 886 866 illustrata
921 808 1114 875 cernit,
1162 824 1263 863 non
1292 822 1388 878 per
1415 819 1699 876 corporeos
1727 802 1929 870 oculos,

349 902 443 958 sed
487 918 580 972 per
608 902 774 973 ipsius
802 901 882 956 sui
913 899 1224 970 principale,
1254 914 1359 967 quo
1384 896 1622 963 excellit,
1650 894 1702 950 id
1731 902 1816 949 est
1838 909 1934 963 per

350 992 751 1063 intelligentiam
801 1006 970 1057 suam,
1023 991 1150 1044 istas
1191 988 1447 1052 rationes,
1479 1000 1704 1056 quarum
1728 984 1934 1040 visione

353 1086 411 1141 fit
432 1086 757 1142 beatissima.
780 1086 921 1153 Quas
942 1084 1194 1149 rationes,
1220 1090 1279 1139 ut
1297 1080 1496 1135 dictum
1513 1086 1616 1151 est,
1634 1077 1745 1132 sive
1762 1076 1930 1144 ideas,

351 1177 462 1231 sive
491 1177 706 1242 formas,
736 1176 847 1231 sive
878 1173 1105 1245 species,
1147 1173 1260 1228 sive
1289 1174 1521 1227 rationes
1548 1168 1674 1223 licet
1699 1182 1891 1222 vocare
1916 1206 1931 1230 ,

351 1278 407 1325 et
437 1268 615 1322 multis
641 1267 949 1323 conceditur
975 1265 1245 1336 appellare
1274 1263 1413 1336 quod
1442 1262 1571 1318 libet
1598 1263 1639 1331 ί,
1667 1261 1760 1318 sed
1805 1275 1935 1331 pau-

351 1360 580 1416 cissimis
608 1358 789 1414 videre
825 1358 964 1429 quod
996 1372 1179 1413 verum
1207 1367 1308 1411 est.

346 1462 561 1529 XLVII.
622 1470 803 1528 Utrum
849 1468 1119 1540 aliquando
1161 1468 1483 1539 cogitationes
1533 1475 1729 1521 nostras
1772 1464 1938 1520 uidere

1010 1561 1279 1631 possimus.

423 1656 600 1726 Quaeri
649 1654 785 1710 solet
820 1652 1087 1723 quomodo
1130 1660 1249 1722 post
1288 1652 1732 1707 resurrectionem
1778 1657 1937 1719 atque

353 1746 778 1804 immutationem
829 1744 1105 1814 corporis,
1155 1758 1276 1813 quae
1328 1743 1528 1798 sanctis
1578 1740 1934 1812 promittitur,

354 1840 706 1912 cogitationes
732 1846 941 1894 nostras
971 1836 1152 1892 videre
1177 1836 1460 1905 possimus.
1490 1836 1804 1904 Conjectura
1836 1834 1937 1887 ita-

354 1949 459 2004 que
499 1931 755 2002 capienda
793 1939 959 1986 estex
1004 1945 1068 1986 ea
1115 1939 1265 1998 parte
1304 1926 1544 1997 corporis
1588 1926 1788 1988 nostri,
1818 1939 1938 1994 qua:

357 2025 477 2094 plus
511 2023 672 2081 habet
709 2022 874 2087 lucis;
905 2022 1154 2092 quoniam
1195 2020 1431 2090 angelica
1463 2032 1719 2086 corpora,
1764 2015 1938 2086 qualia

357 2130 458 2170 nos
497 2115 767 2169 habituros
802 2127 1113 2182 speramus,
1153 2110 1472 2165 lucidissima
1512 2117 1669 2178 atque
1707 2106 1937 2162 aetherea

357 2220 478 2260 esse
519 2203 840 2261 credendum
878 2210 961 2259 est
989 2202 1102 2275 (a):
1152 2203 1196 2257 si
1222 2217 1350 2271 ergo
1376 2200 1525 2255 multi
1569 2208 1742 2254 motus
1776 2198 1941 2254 animi

358 2296 525 2350 nostri
551 2309 694 2350 nunc
709 2301 1070 2364 agnoscuntur
1094 2294 1145 2347 in
1173 2292 1363 2359 oculis,
1391 2291 1665 2361 probabile
1689 2300 1771 2344 est
1798 2289 1939 2359 quod

360 2388 538 2443 nullus
564 2397 740 2443 motus
774 2386 937 2441 animi
965 2385 1149 2441 latebit
1170 2426 1185 2448 ,
1214 2400 1337 2441 cum
1368 2392 1534 2439 totum
1565 2382 1719 2438 fuerit
1744 2396 1941 2451 corpus

360 2477 671 2544 arthercum,
702 2476 756 2532 in
778 2476 932 2546 cujus
953 2475 1350 2545 comparatione
1376 2475 1460 2529 isti
1485 2474 1625 2530 oculi
1650 2488 1776 2530 caro
1795 2481 1938 2528 sunt.

799 2586 1025 2642 XLVIII.
1066 2584 1142 2640 De
1165 2584 1503 2640 crcdibilibus.

435 2680 774 2737 Credibilium
798 2681 895 2735 tria
921 2690 1043 2735 sunt
1063 2695 1278 2751 genera.
1302 2679 1415 2733 Alia
1442 2689 1563 2734 sunt
1589 2694 1706 2749 qua:
1728 2693 1941 2748 semper

362 2771 672 2837 creduntur,
700 2780 755 2826 et
775 2784 1041 2841 nunquam
1072 2770 1471 2839 intelliguntur:
1503 2770 1638 2824 sicut
1666 2779 1750 2824 est
1767 2768 1942 2825 omnis

364 2861 620 2927 historia,
670 2860 979 2930 temporalia
1025 2868 1080 2914 et
1127 2859 1356 2913 humana
1409 2868 1556 2928 gesta
1601 2873 1938 2930 percurrens.

366 2954 482 3011 Alia
504 2966 624 3025 qua}
647 2966 788 3016 mox,
818 2960 877 3007 ut
897 2951 1208 3018 creduntur,
1230 2951 1631 3021 intelliguntur:
1664 2952 1799 3006 sicut
1819 2960 1943 3006 sunt

365 3056 556 3102 omnes
579 3044 813 3099 rationes
841 3044 1108 3106 humanae,
1140 3044 1221 3098 vel
1247 3043 1315 3098 de
1344 3044 1599 3109 numeris,
1632 3043 1713 3097 vel
1737 3042 1803 3098 de
1828 3043 1945 3113 qni-

368 3137 602 3194 buslibet
624 3135 936 3205 disciplinis.
969 3135 1204 3191 Tertium
1227 3176 1242 3201 ,
1278 3150 1397 3205 qum.
1424 3134 1593 3204 primo
1620 3133 1909 3189 creduntur
1928 3175 1943 3195 ,

368 3236 424 3285 et
453 3236 634 3298 postea
660 3227 1059 3297 intelliguntur:
1089 3226 1262 3296 qualia
1287 3234 1409 3279 sunt
1433 3239 1494 3279 ea
1522 3239 1643 3295 quae
1665 3224 1731 3279 de
1753 3223 1945 3278 divinis

369 3320 530 3376 rebus
566 3334 674 3374 non
709 3328 928 3389 possunt
964 3318 1217 3388 intelligi,
1247 3317 1345 3371 nisi
1385 3317 1453 3372 ab
1497 3316 1579 3371 his
1619 3317 1705 3386 qui
1747 3315 1945 3371 mundo

370 3420 496 3469 sunt
521 3412 715 3478 corde;
743 3411 884 3481 quod
913 3411 970 3466 lit
997 3410 1275 3482 prmccptis
1300 3409 1545 3475 servatis,
1573 3424 1692 3480 qum
1719 3409 1787 3465 de
1813 3409 1947 3464 bene

371 3505 599 3560 vivendo
623 3504 971 3572 accipiuntur.

372 3639 559 3696 XLIX.
602 3640 769 3710 Quare
796 3639 892 3708 ﬁlii
928 3637 1093 3693 Israel
1117 3637 1466 3708 sacriﬁcabant
1508 3638 1762 3693 risibiliter
1798 3652 1946 3708 pero-

960 3748 1069 3785 rum
1096 3732 1364 3787 victimas?

445 3843 576 3911 Quia
600 3852 724 3899 sunt
747 3843 903 3897 etiam
931 3857 1078 3898 sacra
1104 3842 1416 3912 spiritualia,
1448 3856 1672 3912 quorum
1698 3841 1953 3911 imagines

374 3934 641 3990 carnalem
667 3933 917 4004 populum
941 3934 1213 3989 celebrare
1240 3934 1537 4003 oportebat,
1570 3942 1628 3988 nt
1645 3932 1951 4002 praefigura-

377 4023 453 4078 tio
482 4024 603 4079 novi
652 4023 829 4094 populi
873 4025 1127 4079 servitute
1165 4025 1361 4079 veteris
1407 4024 1557 4078 fleret
1586 4024 1683 4093 (ὁ).
1716 4024 1950 4089 Quorum

376 4114 601 4170 duorum
640 4114 953 4184 populorum
976 4113 1327 4169 differentiam
1364 4115 1521 4168 etiam
1551 4114 1602 4167 in
1637 4126 1954 4182 unoquoque

378 4215 617 4261 nostrum
645 4207 767 4261 licet
791 4206 1087 4270 advertere,
1116 4223 1234 4261 cum
1260 4207 1483 4277 quisque
1503 4206 1571 4261 ab
1598 4216 1747 4262 utero
1771 4209 1955 4262 matris

376 4305 609 4354 veterem
648 4297 914 4353 hominem
952 4312 1170 4353 necesse
1195 4306 1278 4352 est
1301 4306 1458 4367 agat,
1481 4297 1651 4352 donec
1685 4298 1863 4353 veniat
1890 4299 1956 4354 ad

378 4386 663 4458 juvenilem
684 4396 928 4453 aetatem;
961 4387 1047 4441 ubi
1071 4387 1179 4457 jam
1207 4401 1311 4441 non
1337 4394 1420 4440 est
1439 4401 1656 4442 necesse
1678 4388 1958 4442 carnaliter

381 4491 591 4548 sapere,
621 4477 713 4533 sed
751 4483 926 4547 potest
970 4477 1037 4531 ad
1065 4475 1356 4547 spiritualia
1391 4475 1662 4530 voluntate
1684 4481 1918 4530 converti
1938 4518 1954 4543 ,

382 4578 437 4624 et
461 4568 781 4624 intrinsecus
822 4568 1144 4639 regenerari.
1177 4566 1327 4633 Quod
1353 4581 1483 4635 ergo
1526 4567 1581 4620 in
1608 4581 1714 4621 uno
1742 4566 1958 4623 homine

381 4667 528 4715 recte
547 4658 790 4725 educato,
813 4659 999 4714 ordine
1014 4666 1214 4713 natura:
1233 4656 1615 4727 disciplinaque
1639 4657 1956 4727 contingit‘,

386 4749 487 4805 Ιιοε
517 4752 857 4820 proportione
884 4750 936 4805 in
972 4748 1220 4804 universo
1246 4761 1442 4817 genere
1468 4745 1698 4801 humano
1723 4745 1836 4801 ﬁeri
1867 4762 1961 4817 per

382 4840 616 4897 divinam
644 4840 1029 4913 providentiam
1050 4882 1065 4903 ,
1098 4839 1381 4908 peragiqne
1404 4837 1816 4907 pulcherrimum
1856 4845 1958 4892 est.

843 4951 903 5006 L.
944 4950 1022 5004 De
1046 4949 1327 5021 aequalitate
1350 4928 1498 5004 'Fitii.

455 5067 618 5132 Deus,
647 5079 803 5135 quem
830 5062 1030 5133 genuit,
1054 5060 1303 5131 quoniam
1329 5060 1603 5116 meliorem
1625 5074 1683 5115 se
1711 5074 1964 5131 generare

385 5175 492 5216 non
514 5157 684 5229 potuit
711 5154 732 5223 (
753 5153 882 5208 nihil
910 5152 1053 5209 enim
1083 5152 1190 5208 Deo
1219 5150 1479 5221 melius),
1508 5165 1765 5222 generare
1784 5149 1967 5205 debuit

386 5250 668 5322 aqualem.
693 5246 748 5302 Si
775 5245 917 5300 enim
947 5244 1134 5311 voluit,
1163 5252 1216 5300 et
1240 5258 1344 5298 non
1371 5243 1559 5314 potuit,
1588 5242 1830 5297 inﬁmus
1850 5250 1962 5297 est:

449 5424 567 5493 1[Isle
583 5420 808 5493 plerique
829 5427 937 5471 uss.
962 5419 1081 5493 lfdltl
1103 5427 1286 5482 autem,
1317 5423 1364 5471 et
1380 5418 1545 5471 multis
1573 5416 1849 5470 conceditur
1880 5429 1968 5483 ap-

455 5483 573 5535 llare
586 5482 878 5540 nutrimus.
900 5482 1007 5542 sed,
1030 5488 1126 5531 etc.
1914 5482 1917 5483 ⁷

455 5548 475 5579 ³
498 5544 989 5616 Fossatensiqudex,
1024 5539 1577 5616 natura
1607 5539 1722 5607 agit.
1757 5540 1844 5592 Alii
1863 5543 1970 5606 qui-

389 5608 519 5665 dam,
542 5610 732 5657 natum
747 5604 1107 5670 disciplinaque
1121 5604 1361 5670 contingit;

452 5690 503 5751 (η
556 5695 574 5738 ι
597 5695 801 5741 Retraet.
825 5687 1035 5763 mp.'26,
1061 5693 1113 5739 et
1133 5687 1218 5739 lib.
1235 5687 1403 5748 22,de
1417 5689 1551 5741 Civit.
1577 5689 1693 5749 Dei,
1719 5700 1824 5750 esp.
1846 5687 1924 5738 29.

453 5691 527 5815 (ag
557 5751 657 5802 Lib.
684 5752 743 5802 10
762 5751 827 5802 de
847 5755 982 5802 Cmt.
1008 5751 1110 5811 Dei,
1136 5764 1272 5815 capp.
1293 5751 1339 5812 5,
1355 5748 1401 5797 6.

453 5748 525 5815 (α)
557 5751 657 5802 ω).
684 5752 743 5802 10
762 5751 827 5802 de
847 5748 982 5802 Civil.
1008 5748 1110 5811 Dei,
1136 5764 1272 5816 capp.
1293 5751 1339 5812 5,
1355 5748 1401 5797 6.

2040 531 2302 600 :rqnalem
2331 533 2579 602 genuisse
2595 533 2821 588 Filium.

2039 622 2122 676 LI.
2165 621 2240 676 De
2265 622 2464 678 homibe
2487 628 2622 693 [acto
2646 622 2715 676 ad
2739 625 3007 695 imaginem
3028 633 3075 678 et
3099 625 3476 680 similitudinem
3500 622 3640 682 Dei.

2110 714 2159 767 l.
2191 713 2322 770 Cum
2355 716 2671 774 exteriorem
2711 723 2768 770 et
2795 715 3102 771 interiorem
3134 716 3403 774 hominem
3442 717 3645 775 divina

2037 804 2304 873 Scriptura
2346 815 2726 860 commemoret
2747 845 2764 873 ,
2794 815 2849 861 et
2879 808 2928 859 in
2959 791 3162 861 tantum
3197 822 3290 864 eos
3314 808 3583 866 discernat
3612 851 3637 878 ,

2039 904 2097 948 ut
2121 895 2188 949 ab
2211 896 2469 964 Apostolo
2509 895 2706 951 dictum
2732 897 2830 960 sit,
2861 896 2925 950 Et
2951 897 2995 951 si
3022 899 3237 952 exterior
3278 898 3427 954 homo
3455 909 3643 955 noster

2038 984 2413 1055 corrumpitur,
2466 986 2556 1040 sed
2599 988 2807 1041 interior
2852 999 3118 1042 renovatur
3165 990 3229 1043 de
3276 991 3358 1045 die
3382 993 3436 1046 in
3491 994 3642 1048 diem

2040 1073 2105 1144 (II
2134 1073 2250 1129 Cor.
2295 1091 2367 1140 ιν,
2414 1075 2540 1147 16);
2589 1077 2753 1147 (μιαιτί
2799 1085 2972 1147 potest
3021 1088 3195 1133 utrum
3247 1095 3380 1135 unus
3429 1082 3638 1137 horum

2040 1164 2210 1219 factus
2256 1166 2325 1219 sit
2365 1166 2431 1220 ad
2462 1166 2741 1237 imaginem
2784 1175 2837 1221 et
2880 1168 3281 1224 similitudinem
3328 1171 3440 1227 Dei.
3488 1171 3632 1227 Nam

2042 1254 2167 1310 illud
2190 1256 2405 1310 stultum
2432 1264 2513 1311 est
2539 1272 2801 1327 quaerere,
2830 1258 2874 1313 si
2903 1273 3058 1323 uinus,
3091 1260 3211 1329 quis
3241 1260 3429 1316 horum
3449 1262 3473 1315 ?
3493 1264 3636 1330 Quis

2040 1344 2181 1400 enim
2227 1344 2430 1399 dubitat
2467 1360 2588 1401 eum
2627 1348 2799 1416 potius
2827 1348 2913 1418 qui
2952 1357 3259 1417 renovatur,
3300 1366 3458 1421 quam
3497 1367 3630 1407 eum

2039 1435 2129 1504 qui
2154 1436 2527 1506 corrumpitur,
2563 1436 2785 1492 dicere?
2813 1437 2997 1494 Utrum
3027 1448 3201 1494 autem
3229 1442 3406 1506 ambo,
3431 1458 3630 1512 magna

2040 1527 2263 1596 qumstio
2286 1536 2369 1583 est
2397 1528 2498 1601 (a).
2528 1528 2660 1584 Nam
2686 1529 2729 1583 si
2768 1530 3001 1585 exterior
3029 1531 3188 1586 homo
3214 1540 3297 1587 est
3328 1533 3498 1588 Adam
3523 1574 3537 1598 ,
3571 1544 3634 1589 et

2042 1617 2265 1672 interior
2289 1615 2561 1685 Christus,
2592 1620 2729 1674 bene
2758 1620 2917 1674 ambo
2950 1620 3335 1691 intelliguntur.
3366 1623 3472 1679 Sed
3500 1640 3629 1680 cum

2042 1705 2233 1771 Adam,
2266 1706 2404 1761 sicut
2429 1722 2457 1760 a
2482 1708 2591 1762 Deo
2618 1707 2785 1763 factus
2813 1718 2913 1775 est,
2941 1708 3114 1764 bonus
3141 1725 3244 1765 non
3270 1713 3542 1779 manserit,
3569 1724 3633 1770 et

2042 1796 2308 1868 diligendo
2334 1801 2564 1854 carnalia
2603 1801 2830 1855 carnalis
2858 1800 3078 1856 ell‘ectns
3106 1802 3174 1857 sit
3198 1844 3212 1867 ,
3257 1820 3362 1859 non
3391 1803 3631 1863 absurde

2042 1889 2207 1944 videri
2236 1898 2435 1958 potest,
2469 1890 2569 1945 hoc
2597 1891 2768 1959 ipsum
2797 1891 2844 1946 ei
2877 1890 3041 1947 fuisse
3074 1892 3266 1948 cadere
3289 1935 3305 1960 ,
3337 1895 3628 1965 imaginem

2044 1978 2138 2034 Dei
2168 1980 2182 2010 ί
2211 1989 2265 2034 ει
2305 1981 2700 2035 similitudinem
2729 1983 2990 2037 amittere.
3024 1985 3100 2037 Ac
3129 1998 3222 2054 per
3250 1984 3350 2039 hoc
3379 1985 3493 2055 ipse
3532 2001 3626 2042 re-

2044 2077 2269 2123 novatur
2287 2111 2301 2135 ,
2331 2078 2385 2123 et
2419 2071 2531 2140 ipse
2558 2082 2640 2126 est
2669 2071 2888 2127 interior
2913 2057 3222 2142 {quomodo
3247 2089 3374 2146 ergo
3401 2085 3483 2131 est
3510 2077 3653 2150 ipse.

2043 2167 2097 2214 et
2119 2159 2390 2216 exterior?
2420 2162 2502 2218 An
2534 2161 2827 2215 secundum
2853 2175 3085 2231 corpus;
3111 2172 3167 2217 ut
3196 2164 3416 2220 interior
3439 2166 3509 2221 sit
3533 2182 3630 2222 se-

2043 2251 2271 2306 cundum
2297 2254 2525 2308 animam
2545 2295 2561 2320 ,
2590 2264 2643 2308 et
2672 2255 2938 2312 interioris
2965 2259 3035 2313 sit
3064 2260 3085 2291 ¹
3117 2259 3433 2314 resurrectio
3460 2269 3514 2313 et
3540 2275 3630 2313 re-_-

2045 2344 2279 2409 novatio,
2301 2360 2419 2425 qua;
2447 2359 2586 2399 nunc
2611 2344 2670 2400 fit
2695 2348 2986 2402 secundum
3013 2359 3237 2421 mortem
3262 2350 3454 2420 prioris
3477 2350 3623 2415 vita},

2048 2430 2100 2487 id
2135 2442 2217 2486 est
2258 2433 2490 2501 peccati,
2537 2443 2593 2489 et
2637 2435 2928 2491 secundum
2976 2440 3431 2509 regenerationem
3471 2456 3627 2495 ιιονιε

2047 2523 2188 2589 vitm,
2218 2523 2268 2577 id
2292 2531 2375 2578 est
2395 2526 2612 2593 justitia:
2633 2526 2657 2578 ‘i
2679 2525 2825 2593 Quos
2851 2528 2973 2582 item
2995 2528 3131 2583 duos
3156 2528 3399 2587 homines
3425 2528 3505 2583 sic
3530 2545 3631 2600 ap—

2046 2613 2227 2683 pellat,
2253 2623 2310 2667 ut
2330 2629 2490 2668 unum
2521 2623 2775 2679 veterem,
2794 2632 2951 2686 quem
2973 2617 3228 2673 debemus
3251 2633 3472 2685 exuere,
3496 2620 3631 2677 alte-

2046 2718 2165 2760 rum
2192 2720 2407 2771 novum,
2433 2716 2485 2761 et
2508 2721 2630 2762 eum
2658 2708 2978 2763 induendum
3001 2720 3383 2765 commemoret
3402 2708 3626 2780 (Colon.

2047 2811 2125 2862 Ill,
2148 2795 2202 2863 9,
2222 2794 2339 2867 10):
2362 2811 2585 2866 quorum
2606 2813 2792 2853 rursus
2812 2798 2956 2853 illum
2976 2800 3207 2868 appellat
3226 2800 3505 2870 imaginem
3527 2809 3630 2856 ter-

2049 2885 2163 2941 reni
2186 2885 2435 2952 hominis,
2461 2888 2582 2956 quia
2607 2887 2895 2943 secundum
2917 2897 3192 2959 peccatum
3214 2889 3369 2958 primi
3394 2889 3630 2947 hominis

2047 2977 2266 3047 geritur,
2312 2977 2402 3048 qui
2443 2985 2525 3032 est
2563 2976 2767 3045 Adam;
2807 2978 3028 3033 alterum
3069 2979 3351 3048 imaginem
3391 2980 3630 3038 caelestis

2051 3056 2280 3123 hominis
2302 3068 2341 3140 (l
2371 3067 2488 3122 Cor.
2518 3084 2623 3136 xv,
2654 3068 2766 3141 49),
2794 3069 2918 3140 quia
2944 3070 3239 3124 secundum
3260 3070 3517 3139 justitiam
3543 3087 3630 3127 se-

2050 3159 2206 3215 cundi
2235 3159 2462 3217 hominis
2485 3163 2719 3230 geritur,
2752 3160 2842 3230 qui
2871 3169 2952 3214 est
2979 3160 3138 3216 Jesus
3162 3159 3426 3229 Christus.
3470 3162 3629 3217 Exte-

2051 3250 2161 3306 rior
2183 3260 2358 3307 autem
2381 3250 2558 3313 homo,
2581 3249 2670 3320 qui
2697 3264 2836 3306 nunc
2857 3236 3233 3320 corrumpitur,
3256 3249 3430 3309 futura
3453 3265 3631 3307 resur-

2050 3340 2290 3398 rectione
2318 3340 2672 3416 renovabiuq,
2704 3355 2824 3395 eum
2854 3341 3007 3396 istam
3038 3350 3264 3396 mortem
3292 3342 3628 3410 persolverit,

2052 3449 2209 3505 quam
2247 3443 2451 3491 natura:
2484 3433 2663 3497 debet,
2696 3434 2812 3504 lege
2850 3433 2938 3488 illa
2986 3449 3105 3503 qua:
3148 3434 3198 3486 in
3228 3433 3473 3502 paradiso
3509 3433 3631 3489 data

2053 3532 2135 3580 est
2163 3524 2203 3578 ³.

2123 3614 2177 3669 2.
2210 3614 2488 3683 Quomodo
2511 3621 2688 3671 autem
2721 3627 2825 3668 non
2851 3612 2920 3668 sit
2942 3612 3312 3683 incongruum,
3339 3615 3481 3684 quod
3500 3615 3630 3671 dici-

2059 3714 2146 3760 tur
2172 3706 2331 3760 etiam
2359 3719 2551 3776 corpus
2580 3703 2772 3759 factum
2799 3703 2868 3759 ad
2903 3703 3297 3760 similitudinem
3329 3705 3458 3769 Dei,
3481 3705 3635 3762 facile

2056 3795 2299 3865 intelligit
2333 3796 2424 3865 qui
2473 3794 2751 3865 diligenter
2777 3793 3002 3849 attendit
3024 3793 3165 3865 quod
3193 3795 3389 3851 dictum
3413 3804 3523 3864 est,
3570 3796 3635 3851 Et

2058 3885 2174 3956 fecit
2207 3882 2340 3939 Deus
2367 3883 2534 3939 omnia
2559 3884 2688 3938 bona
2724 3884 2870 3939 valde
2899 3883 3047 3954 (Gen.
3075 3900 3129 3953 ι,
3159 3885 3269 3955 5i).
3298 3885 3465 3940 Nemo
3491 3886 3633 3940 enim

2057 3974 2262 4031 dubitat
2284 3975 2425 4045 quod
2449 3975 2517 4030 sit
2543 3975 2654 4044 ipse
2678 3975 2920 4044 primitus
2945 3975 3132 4029 bonus.
3160 3975 3335 4030 Multis
3359 3974 3499 4031 enim
3520 3990 3636 4031 mo-

2058 4067 2142 4122 dis
2167 4066 2269 4122 dici
2300 4081 2387 4122 res
2413 4075 2632 4137 possunt
2656 4067 2857 4121 similes
2886 4065 2996 4122 Deo
3027 4084 3039 4120 :
3071 4065 3189 4121 alize
3213 4065 3503 4121 secundum
3531 4068 3639 4123 vir-

2061 4166 2225 4213 tutem
2249 4164 2305 4214 et
2339 4154 2648 4226 sapientiam
2681 4156 2831 4212 facta:
2855 4197 2869 4222 ,
2893 4157 3013 4227 quia
3049 4157 3103 4211 in
3133 4156 3248 4227 ipso
3273 4165 3356 4212 est
3381 4157 3548 4212 virtus
3584 4166 3640 4213 et

2060 4247 2315 4317 sapientia
2345 4262 2449 4302 non
2488 4245 2659 4312 facta;
2697 4247 2817 4301 alite
2841 4246 2893 4301 in
2926 4257 3178 4317 quantum
3211 4247 3383 4300 solum
3421 4248 3635 4313 vivunt,

2061 4338 2183 4408 quia
2223 4339 2310 4394 ille
2351 4352 2558 4392 summe
2590 4344 2645 4391 et
2672 4336 2915 4405 primitus
2957 4335 3119 4399 vivit;
3150 4334 3266 4388 alia:
3293 4335 3347 4388 in
3382 4344 3636 4404 quantum

2062 4435 2217 4493 sunt,
2248 4427 2368 4496 quia
2408 4426 2496 4479 ille
2520 4439 2725 4479 summe
2766 4432 2818 4478 et
2848 4423 3088 4493 primitus
3114 4431 3216 4478 est.
3257 4423 3324 4479 Et
3364 4424 3485 4481 ideo
3522 4441 3642 4496 qua:

2063 4514 2428 4571 tantummodo
2451 4523 2591 4580 sunt,
2621 4530 2719 4571 nec
2749 4524 2921 4569 tamen
2953 4514 3135 4567 vivunt
3160 4523 3249 4569 aut
3274 4515 3505 4585 sapiunt,
3536 4532 3640 4572 non

2064 4604 2315 4675 perfecte,
2342 4604 2436 4660 sed
2461 4604 2650 4675 exigue
2676 4612 2799 4659 sunt
2825 4603 2889 4658 ad
2917 4603 3318 4663 similitudinem
3345 4606 3487 4675 ejus;
3520 4608 3643 4678 quia

2064 4707 2119 4753 et
2162 4697 2274 4768 ipsa
2303 4697 2440 4752 bona
2474 4706 2598 4751 sunt
2638 4697 2690 4750 in
2728 4696 2913 4751 ordine
2950 4711 3081 4761 suo,
3115 4712 3234 4751 cum
3261 4698 3330 4752 sit
3367 4698 3454 4753 ille
3482 4712 3644 4768 super

2066 4789 2242 4847 omnia
2281 4789 2481 4854 bonus,
2510 4804 2538 4842 a
2576 4803 2683 4858 quo
2720 4788 2898 4843 omnia
2934 4789 3070 4844 bona
3102 4789 3412 4859 procedunt.
3455 4788 3643 4844 Omnia

2070 4895 2198 4937 vero
2223 4896 2341 4950 quae
2366 4880 2548 4935 vivunt
2567 4888 2620 4935 et
2646 4895 2753 4934 non
2778 4880 3009 4949 sapiunt,
3040 4881 3197 4950 paulo
3221 4879 3448 4949 amplius
3476 4882 3645 4950 parti-

2067 4972 2245 5042 cipant
2263 4970 2678 5027 similitudinem.
2700 4970 2850 5039 Quod
2872 4966 3013 5026 enim
3035 4971 3186 5037 vivit,
3210 4972 3369 5028 etiam
3396 4982 3511 5027 est:
3541 4988 3647 5028 non

2069 5071 2245 5117 autem
2282 5060 2532 5131 quidquid
2567 5070 2683 5126 est,
2709 5062 2868 5116 etiam
2894 5061 3041 5116 vivit.
3074 5060 3190 5116 1am
3216 5076 3377 5131 porro
3404 5077 3523 5132 quae
3560 5076 3647 5117 sa-

2073 5154 2244 5224 piunt,
2268 5154 2338 5209 ita
2369 5154 2442 5209 illi
2470 5152 2814 5209 similitudine
2838 5161 2961 5208 sunt
2990 5153 3248 5224 proxima,
3277 5163 3332 5207 nt
3356 5154 3411 5208 in
3438 5161 3648 5208 creatu-

2076 5245 2153 5303 ris
2179 5244 2313 5301 nihil
2346 5245 2416 5301 sit
2456 5245 2822 5317 propinquius.
2864 5244 3017 5314 Quod
3057 5246 3199 5300 enim
3239 5245 3521 5316 participat
3563 5259 3652 5299 sa-

2139 5378 2260 5449 {sic
2289 5383 2393 5427 uss.
2429 5381 2485 5428 Αι
2516 5376 2654 5437 editi,
2686 5375 2775 5427 hoc
2805 5374 2966 5440 ipsum
2994 5375 3044 5427 ei
3070 5374 3216 5440 ficisse
3247 5387 3416 5426 carere
3446 5373 3656 5437 diiungitur

2076 5446 2257 5548 mitur.
2284 5506 2337 5550 et
2359 5506 2494 5559 ιον..
2517 5496 2719 5550 interior
2735 5497 2814 5550 sit.
2840 5499 3010 5550 Melius
3032 5505 3131 5549 ttat.
3161 5505 3213 5548 et
3240 5504 3368 5557 Mss,
3394 5493 3654 5548 uiterieris.

2302 5596 2315 5609 .
2339 5568 2547 5619 etven.,
2569 5559 2769 5612 irtterior
2790 5559 2869 5620 sit,
2898 5568 2956 5611 ut
2977 5566 3051 5609 Er.
3073 5566 3126 5610 et
3145 5565 3255 5608 Iov.
3323 5567 3377 5608 Μ.

2246 5617 2274 5672 δ
2312 5621 2429 5672 editi
2466 5617 2673 5685 addunt,
2712 5633 2801 5685 per
2823 5617 3131 5685 prmceptum.
3167 5622 3445 5685 naval-ﬁcus
3481 5617 3656 5679 codex.

2138 5624 2161 5655 ³
2190 5624 2274 5672 Hic
2312 5624 2429 5672 editi
2466 5624 2663 5681 addunt,
2712 5633 2801 5685 per
2823 5627 3131 5731 praeerant.
3167 5624 3387 5669 navarrie

2076 5688 2519 5750 pmtprtgceptum;
2548 5683 2676 5750 quod
2699 5695 2728 5731 a
2747 5683 2939 5750 caeteris
2980 5696 3066 5733 ere
3103 5689 3209 5732 Mss.
3232 5683 3387 5732 abest.

2139 5744 2209 5807 ia)
2242 5745 2337 5793 Lib.
2355 5744 2417 5794 'it
2444 5744 2508 5822 de
2530 5744 2697 5795 'l‘i'init.
2724 5756 2830 5807 cap.
2860 5746 2901 5795 ι.

3549 332 3649 389 3-3

2043 441 2090 495 si
2115 441 2306 510 potuit,
2329 450 2383 495 et
2409 456 2513 496 non
2539 441 2737 507 voluit,
2752 442 2960 498 invidus
2980 450 3080 498 est.
3109 440 3189 497 Ex
3213 456 3319 514 quo
3343 443 3654 521 coniicitur

3956 1018 3975 1183 ἐ

3954 1188 3969 1261 Ξ

3952 1260 3971 1343 l

3930 1356 3971 1701 ἔ

3944 1972 3955 2017 1

3946 2020 3961 2105 ἒ

3942 2122 3963 2351 I

3948 2440 3961 2517 Ξ
