3988 6402
136 234 183 288 53
1478 207 1677 264 LIBER
1720 207 1914 263 unus.
3258 205 3325 258 at

135 344 311 419 picntim,
329 348 380 395 et
400 336 521 391 vivit
550 342 608 388 et
635 337 722 388 est
745 349 758 386 :
790 328 927 401 quod
949 336 1120 384 autem
1146 326 1292 392 vivit,
1318 338 1538 419 necesse
1562 333 1645 377 est

137 414 179 491 ut
201 434 285 494 sit,
309 444 399 483 non
433 439 653 481 necesse
687 431 770 478 est
810 430 866 475 ut
907 420 1090 489 sapiat.
1120 418 1295 484 Quare
1333 431 1452 471 cum
1483 414 1645 469 homo

138 525 268 597 possit
288 519 510 592 particeps
535 528 659 570 esse
702 512 972 582 sapientiae
1007 507 1298 564 secundum
1337 505 1644 597 interiorem

142 596 376 677 hominem,
402 604 688 662 secundum
719 604 892 671 ipsum
921 602 937 632 ι
974 601 1045 654 ita
1086 608 1167 653 est
1213 597 1279 651 ad
1323 596 1604 671 imaginem
1624 632 1640 659 ,

146 716 187 760 ut
219 702 325 758 nulla
357 707 523 753 natura
562 692 878 763 interposita
919 689 1207 752 formetur;
1254 693 1308 740 et
1354 678 1473 739 ide’o
1509 682 1644 737 nihil

143 793 292 848 sitDeo
322 787 651 857 conjunctius.
684 783 756 836 Et
788 782 925 849 sapit
951 780 1127 845 enim,
1168 786 1221 833 et
1248 777 1409 840 vivit,
1440 783 1494 830 et
1517 781 1599 829 est
1627 791 1640 827 :

141 900 212 953 qua
231 889 428 935 creatura
456 876 582 930 nihil
613 883 699 928 est
726 873 941 926 melius.

189 971 228 1028 5.
259 969 382 1038 Quod
423 969 460 1021 si
499 966 735 1021 exterior
761 964 921 1018 homo
963 962 1066 1016 vita
1112 960 1198 1014 illa
1235 958 1509 1029 accipitur,
1540 971 1641 1027 qua

136 1078 208 1133 per
237 1075 398 1130 corpus
439 1059 696 1113 sentimus
741 1056 973 1123 quinque
1017 1049 1307 1105 notissimis
1361 1047 1639 1113 sensibus,

132 1167 234 1222 quos
248 1144 344 1205 cum
370 1142 637 1218 pecoribus
660 1144 916 1199 habemus
936 1156 1246 1197 communes
1271 1159 1283 1192 :
1313 1155 1435 1193 nam
1457 1147 1512 1193 et
1531 1139 1642 1208 ipsa

130 1243 334 1297 molestiis
358 1238 688 1295 scnsibilihus
708 1275 724 1304 ,
757 1250 873 1305 quae
898 1232 1358 1303 persecutionibus
1395 1231 1644 1300 ingerun-

130 1343 210 1397 tur,
243 1329 472 1398 corrumpi
512 1336 690 1397 potest
725 1343 738 1379 :
781 1340 885 1378 non
934 1324 1198 1377 immerito
1242 1329 1295 1376 et
1341 1321 1441 1375 iste
1482 1320 1643 1374 homo

126 1421 338 1489 particeps
365 1420 542 1473 dicitur
587 1415 949 1470 similitudinis
997 1414 1127 1477 Dei;
1162 1428 1265 1468 non
1311 1412 1485 1467 solum
1521 1412 1641 1477 quia

131 1511 247 1574 vivit,
264 1509 376 1581 quod
394 1509 542 1563 etiam
567 1508 620 1561 in
646 1506 829 1560 bestiis
855 1514 1104 1574 apparet;
1136 1503 1229 1558 sed
1255 1502 1481 1571 amplius
1502 1501 1644 1571 quod

126 1601 179 1655 ad
202 1610 390 1655 mentem
426 1599 753 1653 convertitur
778 1612 837 1652 se
862 1605 1131 1666 regentem
1154 1638 1167 1662 ,
1196 1610 1353 1664 quam
1371 1596 1391 1625 ²
1420 1594 1646 1648 illustrat

124 1692 357 1760 sapientia,
386 1689 518 1760 quod
568 1690 621 1743 in
676 1687 859 1743 beStiis
887 1702 989 1741 non
1023 1694 1197 1757 potest
1224 1685 1428 1739 ratione
1455 1698 1644 1739 caren-

125 1781 251 1834 tibus.
281 1782 461 1849 Curpus
485 1794 698 1849 quoque
729 1776 961 1831 hominis
981 1816 993 1840 ,
1023 1775 1143 1844 quia
1166 1774 1337 1828 solum
1366 1772 1505 1827 inter
1534 1771 1647 1826 ani-

121 1872 295 1926 malium
330 1883 645 1927 terrenorum
684 1885 929 1939 corpora,
971 1883 1077 1922 nun
1122 1882 1346 1936 pronum
1373 1865 1427 1919 in
1469 1866 1644 1920 alvum

125 1972 396 2033 prostratum
420 1972 531 2031 est,
559 1978 682 2019 cum
722 1962 792 2018 sit
816 1960 1050 2025 visibile,
1089 1959 1183 2014 sed
1227 1958 1295 2013 ad
1334 1958 1645 2013 intuendum

118 2054 276 2109 malum
322 2064 582 2119 erectum,
636 2052 779 2123 quod
824 2059 907 2106 est
954 2050 1270 2120 principium
1323 2049 1645 2114 visibilium;

119 2162 369 2216 quanquam
397 2164 497 2201 non
529 2162 620 2201 sua
639 2186 654 2211 ,
687 2145 780 2201 sed
809 2145 1000 2200 anima:
1036 2145 1316 2214 praesentia
1346 2144 1524 2199 vivere
1553 2157 1648 2197 co-

118 2250 385 2307 gnoscatur:
413 2248 586 2294 tamen
616 2254 723 2293 non
750 2236 907 2291 modo
936 2236 1059 2305 quia
1089 2244 1200 2299 est,
1234 2243 1288 2290 et
1318 2236 1369 2290 in
1395 2243 1649 2305 quantum

117 2338 198 2395 est,
225 2331 381 2400 utique
408 2331 604 2385 bonum
632 2340 716 2384 est
740 2347 753 2383 :
786 2328 879 2383 sed
908 2329 1067 2383 etiam
1098 2327 1218 2396 quia
1249 2326 1350 2382 tale
1376 2336 1477 2392 est,
1503 2334 1561 2381 ut
1584 2326 1650 2381 ad

116 2420 526 2491 contemplandum
568 2421 765 2476 caelum
808 2419 1092 2485 sitaptius,
1130 2417 1297 2487 magis
1342 2417 1393 2471 in
1439 2417 1541 2472 hoc
1582 2417 1650 2472 ad

119 2512 352 2581 imaginem
377 2520 426 2566 et
449 2509 849 2567 similitudinem
875 2508 991 2576 Dei,
1017 2524 1176 2579 quam
1206 2517 1397 2577 caetera
1425 2523 1652 2579 corpora

119 2599 373 2655 animalium
408 2600 605 2656 factum
647 2600 769 2671 jure
814 2598 985 2653 videri
1034 2606 1227 2666 potest.
1275 2597 1475 2653 Tamen
1528 2598 1651 2667 quia

119 2687 251 2742 homo
273 2690 375 2746 sine
401 2692 503 2745 vita
533 2706 643 2745 non
681 2699 828 2745 recte
856 2688 1152 2759 appellatur
1182 2688 1258 2760 (a)
1283 2704 1297 2751 ;
1329 2704 1432 2742 non
1456 2702 1671 2758 corpus.

121 2778 258 2833 solum
279 2780 420 2835 homo
440 2782 692 2847 exterior,
715 2795 888 2851 neque
904 2781 1016 2835 sola
1043 2781 1148 2834 vita
1172 2796 1291 2850 qua:
1314 2781 1365 2834 in
1389 2796 1551 2836 sensu
1571 2790 1655 2837 est

121 2870 346 2937 corporis,
375 2873 461 2927 sed
487 2882 774 2943 utrumque
803 2870 964 2926 simul
984 2872 1180 2927 rectius
1208 2872 1433 2928 fortasse
1458 2873 1651 2928 intelli-

119 2959 249 3027 gitur.

174 3050 220 3104 4.
247 3050 407 3122 Neque
430 3053 613 3108 inscite
641 3052 980 3123 distinguitur
1000 3093 1015 3116 ,
1048 3052 1189 3122 quod
1216 3053 1356 3107 aliud
1382 3055 1451 3109 sit
1479 3056 1655 3126 imago

118 3150 159 3193 et
184 3142 440 3197 similitudo
468 3145 558 3199 Dei
578 3184 593 3208 ,
640 3144 729 3213 qui
758 3144 918 3198 etiam
944 3143 1111 3198 Filius
1136 3144 1361 3210 dicitur;
1403 3146 1544 3200 aliud
1587 3146 1653 3201 ad

118 3229 355 3301 imaginem
382 3241 434 3287 et
473 3234 878 3288 similitudinem
924 3234 1053 3298 Dei,
1088 3234 1223 3288 sicut
1272 3236 1541 3291 hominem
1573 3236 1654 3291 fa-

115 3331 232 3375 ctum
255 3324 524 3392 accipimus
555 3322 652 3395 (ιγ).
682 3324 819 3378 Sunt
845 3323 1002 3377 etiam
1029 3324 1116 3393 qui
1148 3340 1250 3379 non
1277 3326 1470 3380 frustra
1500 3327 1656 3382 intel-

115 3408 249 3479 ligant
272 3413 366 3467 duo
390 3415 525 3469 dicta
552 3429 672 3468 esse
693 3456 707 3477 ,
732 3413 798 3467 ad
831 3413 1110 3483 imaginem
1132 3422 1185 3469 et
1217 3416 1615 3471 similitudinem
1638 3437 1652 3472 :

112 3515 213 3554 cum
236 3503 275 3556 si
303 3520 395 3557 una
421 3520 507 3559 res
530 3513 695 3570 esset,
728 3520 892 3558 unum
919 3518 1111 3559 nomen
1144 3505 1391 3561 sufficere
1419 3507 1655 3575 potuisse

113 3602 340 3648 asserunt.
365 3593 466 3650 Sed
512 3595 575 3650 ad
610 3595 893 3665 imaginem
934 3603 1166 3650 mentem
1209 3596 1400 3651 factam
1430 3598 1651 3665 volunt,

112 3697 213 3750 quae
238 3686 365 3740 nulla
400 3686 708 3756 interposita
735 3685 1026 3740 substantia
1051 3685 1117 3740 ab
1145 3686 1254 3755 ipsa
1284 3688 1505 3742 veritate
1545 3688 1653 3743 for-

114 3781 291 3842 matur,
316 3778 586 3846 quietiam
627 3776 847 3846 spiritus
888 3777 1082 3832 dicitur
1115 3794 1128 3829 :
1164 3792 1267 3831 non
1311 3779 1400 3834 ille
1428 3778 1655 3847 Spiritus

115 3874 330 3932 sanctus,
360 3868 442 3937 qui
472 3877 556 3922 est
581 3866 822 3935 ejusdem
865 3866 1173 3921 substantia:
1193 3908 1208 3933 ,
1240 3867 1388 3937 cujus
1419 3879 1470 3922 et
1500 3869 1657 3924 Pater

115 3965 159 4005 ct
179 3954 355 4024 Filius,
381 3959 470 4013 sed
497 3945 721 4029 spiritus
745 3958 993 4012 hominis.
1020 3956 1153 4011 Nam
1184 3958 1254 4011 ita
1282 3959 1379 4012 hos
1404 3959 1658 4015 discernit

116 4049 362 4119 Apostolus
390 4073 403 4106 :
436 4053 601 4107 Nemo
631 4053 724 4107 scit
750 4053 872 4122 quid
896 4065 1077 4122 agatur
1102 4053 1151 4105 in
1181 4053 1401 4119 homine,
1433 4054 1529 4107 nisi
1552 4056 1659 4124 spi-

116 4142 221 4195 ritus
242 4144 465 4211 hominis;
486 4156 533 4199 et
558 4162 705 4199 nemo
731 4145 821 4198 scit
850 4145 970 4215 quid
990 4154 1166 4214 agatur
1185 4146 1239 4197 in
1263 4143 1389 4207 Deo,
1413 4146 1508 4198 nisi
1535 4146 1659 4216 Spi-

118 4234 225 4287 ritus
247 4235 331 4289 Dei
370 4238 407 4308 (l
438 4238 552 4292 Cor.
590 4255 659 4302 ιι,
691 4237 803 4307 ll).
838 4237 965 4295 ltem
996 4236 1062 4289 de
1104 4235 1291 4304 spiritu
1319 4235 1547 4291 hominis
1572 4237 1657 4291 di-

116 4324 207 4376 cit:
240 4326 427 4381 Salvum
449 4330 601 4400 faciat
630 4328 867 4398 spiritum
896 4336 1130 4389 vestrum,
1159 4335 1204 4380 et
1228 4328 1448 4380 animam
1472 4337 1519 4380 et
1546 4344 1659 4381 cor-

117 4430 199 4479 pus
227 4415 262 4486 (Ι
285 4416 449 4473 Thess.
478 4436 544 4484 v,
576 4419 693 4487 25).
728 4418 794 4472 Ει
836 4418 934 4471 iste
973 4418 1114 4472 enim
1142 4418 1309 4472 factus
1333 4427 1415 4473 est
1442 4434 1471 4471 a
1504 4420 1615 4474 Deo
1638 4463 1654 4487 ,

118 4503 235 4559 sicut
258 4516 305 4561 et
343 4522 525 4565 caetera
553 4519 817 4564 creatura.
848 4508 1113 4577 Scriptum
1142 4520 1225 4562 est
1250 4510 1391 4562 enim
1441 4509 1492 4563 in
1525 4510 1657 4565 Pro-

116 4593 288 4649 verbiis
312 4597 405 4652 hoc
427 4600 586 4654 modo
614 4614 628 4650 :
666 4598 807 4651 Scito
834 4598 1071 4667 quoniam
1099 4596 1344 4651 Dominus
1382 4598 1535 4652 corda
1564 4600 1670 4659 Ιιοο,

118 4684 283 4739 minam
319 4692 477 4755 norit;
507 4700 553 4745 et
578 4690 665 4760 qui
690 4690 837 4757 ﬁnxit
879 4690 1109 4758 spiritum
1138 4689 1366 4743 omnibus
1385 4732 1399 4753 ,
1436 4693 1545 4760 ipse
1569 4694 1659 4747 scit

117 4776 266 4830 omnia
286 4775 451 4850 (Prov.
485 4798 567 4836 xvi
588 4824 603 4848 ,
634 4782 715 4852 2).
747 4781 884 4850 Ergo
918 4782 1017 4834 iste
1042 4781 1255 4849 spiritus
1280 4781 1347 4835 ad
1376 4783 1657 4853 imaginem

121 4861 203 4919 Dei
226 4870 355 4924 nullo
376 4872 647 4926 dubitante
676 4868 843 4924 factus
871 4870 1127 4939 accipitur
1146 4911 1159 4934 ,
1192 4870 1242 4924 in
1271 4887 1376 4939 quo
1401 4882 1482 4926 est
1505 4874 1659 4927 intel-

119 4950 305 5022 ligentia
331 4963 557 5016 veritatis
591 4980 603 5014 :
638 4960 805 5015 heret
842 4962 982 5015 enim
1013 4961 1219 5014 veritati
1252 4962 1395 5015 nulla
1422 4962 1658 5033 interpo-

118 5045 209 5100 εἰη
233 5062 473 5108 creatura.
506 5056 713 5111 Cetera
757 5054 985 5108 hominis
1010 5053 1074 5108 ad
1101 5053 1497 5110 similitudinem
1525 5057 1659 5112 facta

118 5134 265 5195 Videri
286 5143 485 5211 volunt;
526 5146 650 5216 quia
677 5146 851 5199 omnis
877 5144 1088 5214 quidem
1118 5145 1295 5215 imago
1323 5147 1510 5201 similis
1539 5156 1620 5204 est
1642 5190 1658 5216 ,

167 5333 182 5364 ⁸
206 5335 328 5401 εᾶὶιί,
347 5340 610 5391 secundum
639 5354 692 5390 se
714 5341 888 5404 ipsum.
931 5346 985 5389 At
1005 5346 1133 5399 Mss,
1172 5339 1437 5390 secundum
1469 5340 1661 5405 ipsum;

109 5393 149 5440 Η
169 5406 256 5440 εει.
275 5399 512 5440 hminem
533 5403 834 5440 imprinrpm-

169 5406 257 5459 est,
275 5399 513 5451 bentinem
533 5399 835 5451 interiorem.
1489 5399 1498 5405 '
1641 5399 1653 5405 '

161 5460 315 5535 1mg,
337 5464 560 5515 mwrtit
579 5478 633 5515 se
662 5470 920 5529 regentem,
943 5474 1100 5526 quem,
1127 5468 1220 5515 etc.
1238 5462 1663 5524 ;dissentientibus

104 5516 343 5577 aditisaliis
363 5535 415 5578 et
430 5535 535 5577 vss.

151 5584 221 5710 Egi
512 5586 830 5710 .cap.
856 5647 905 5709 6,
929 5661 978 5695 ιι.
1000 5647 1044 5697 li

172 5644 218 5710 li)
246 5648 345 5713 Lib?
365 5652 396 5700 7
416 5652 482 5701 de
515 5644 699 5709 n'init.,
725 5661 830 5710 cap.
856 5647 905 5709 6,
929 5661 978 5695 ιι.
1000 5647 1074 5709 12,
1100 5654 1152 5699 et
1173 5653 1189 5696 ἰ
1213 5653 1416 5697 Retract.
1437 5660 1541 5712 cap.
1560 5647 1638 5699 26.

1755 335 1859 374 non
1902 328 2077 374 autem
2103 333 2260 375 omne
2284 320 2425 390 quod
2451 320 2623 374 simile
2650 328 2731 375 est
2751 361 2765 387 ,
2795 320 2954 375 etiam
2997 320 3170 390 imago
3200 335 3325 389 pro-
3351 392 3365 405 ἱ

1753 411 1866 479 prie
1885 409 2025 477 ,ιερὰ
2052 411 2186 465 forte
2211 410 2428 465 abusive
2454 410 2556 465 dici
2589 419 2781 481 potest.
2809 411 2915 465 Sed
2951 411 3243 467 cavendum
3270 412 3325 467 in

1753 500 1947 554 talibus
1974 514 2041 554 ne
2077 500 2203 569 quid
2228 500 2386 557 nimis
2424 502 2835 557 asseverandum
2862 510 3104 571 putetur,
3152 503 3240 558 illa
3268 519 3327 559 re

1751 603 1879 643 sane
1901 588 2182 644 salubriter
2205 589 2465 644 custodita
2486 632 2501 657 ,
2531 606 2599 645 ne
2627 593 2872 661 quoniam
2902 608 3093 662 corpus
3113 595 3324 663 quodli-

1751 679 1839 734 het
1864 695 1958 749 per
1982 680 2167 735 localia
2193 682 2358 750 spatia
2392 692 2691 750 porrectum
2717 693 2816 747 est,
2845 685 3039 754 aliquid
3071 686 3175 741 tale
3202 700 3324 740 cre-

1748 771 1902 825 datur
1928 786 2047 827 esse
2076 771 2368 827 substantia
2398 773 2510 827 Dei.
2538 773 2669 827 Nam
2696 790 2781 829 res
2808 790 2926 844 qua:
2967 776 3019 829 in
3048 786 3198 846 parte
3223 778 3326 830 mi-

1750 877 1848 915 nor
1872 871 1953 916 est
1981 877 2138 932 quam
2168 863 2219 916 in
2257 872 2366 917 toto
2388 906 2401 929 ,
2435 879 2533 918 nec
2559 864 2795 934 dignitati
2823 867 3012 921 animae
3036 868 3324 933 convenit;

1748 960 1946 1020 quanto
1971 952 2143 1006 minus
2173 952 2435 1022 majeSIati
2464 954 2594 1007 Dei?

1748 1039 1854 1095 Lll.
1886 1039 1964 1095 De
2001 1058 2057 1095 eo
2098 1042 2233 1111 quod
2259 1042 2442 1096 dictum
2481 1053 2587 1109 est,
2619 1044 2848 1100 Paenitet
2875 1061 2961 1101 me
2990 1045 3180 1103 fecisse
3226 1048 3324 1105 ho-

2185 1135 2380 1189 minem
2408 1134 2558 1207 (Gen.
2588 1152 2639 1188 vt
2658 1176 2672 1202 ,
2705 1136 2737 1190 6
2756 1178 2771 1203 ,
2806 1138 2883 1207 7).

1820 1222 2023 1277 Divina:
2051 1222 2337 1294 Scripturae
2357 1239 2386 1277 a
2410 1232 2619 1280 terreno
2644 1234 2699 1280 et
2723 1226 2956 1282 humano
2976 1244 3135 1284 sensu
3158 1231 3224 1285 ad
3246 1232 3326 1286 di-

1747 1314 1925 1369 vinum
1958 1325 2011 1369 et
2038 1316 2309 1371 caelestem
2340 1331 2436 1371 nos
2462 1317 2758 1386 erigentes,
2791 1334 2954 1388 usque
2980 1320 3046 1374 ad
3077 1336 3138 1375 ea
3163 1324 3322 1378 verba

1748 1407 2171 1474 descenderunt,
2212 1408 2403 1479 quibus
2429 1407 2565 1463 inter
2593 1424 2652 1463 se
2693 1410 3125 1465 stultissimorum
3162 1414 3322 1468 etiam

1748 1496 1912 1551 utitur
1930 1498 2274 1552 consuetudo.
2298 1498 2476 1567 Itaque
2497 1514 2677 1553 earum
2698 1500 2857 1554 etiam
2879 1500 3214 1557 affectionum
3238 1519 3326 1559 no-

1749 1590 1889 1642 mina
1910 1630 1924 1655 ,
1957 1604 2089 1659 quas
2110 1589 2320 1643 animus
2342 1600 2525 1645 noster
2554 1590 2748 1659 patitur
2769 1632 2782 1656 ,
2811 1607 2942 1661 quas
2967 1593 3274 1663 longissime
3294 1612 3324 1650 a

1750 1681 1860 1735 Deo
1880 1697 1999 1736 esse
2021 1682 2285 1750 sejunctas
2309 1682 2416 1750 jam
2443 1683 2532 1751 qui
2558 1684 2746 1737 melius
2770 1684 2906 1752 sapit
2931 1684 3194 1756 intelligit,
3219 1703 3325 1742 non

1749 1771 2123 1828 dubitaverunt
2141 1773 2216 1827 illi
2238 1772 2338 1827 viri
2363 1789 2455 1843 per
2474 1788 2609 1843 quos
2632 1774 2836 1828 locutus
2857 1784 2940 1831 est
2959 1777 3186 1846 Spiritus
3205 1795 3327 1834 san-

1751 1872 1865 1917 ctus
1886 1905 1900 1928 ,
1932 1863 2379 1932 opportunissime
2404 1863 2454 1917 in
2484 1863 2633 1917 libris
2661 1879 2878 1931 ponere.
2906 1865 3007 1933 Ut,
3037 1868 3181 1921 verbi
3207 1884 3328 1938 gra-

1754 1956 1822 2008 tia
1842 1996 1857 2020 ,
1902 1955 2150 2024 quoniam
2194 1952 2559 2008 difficillimum
2588 1962 2670 2009 est
2698 1963 2755 2008 ut
2798 1955 2957 2009 homo
2983 1958 3180 2026 aliquid
3209 1958 3328 2012 vin-

1752 2045 1894 2100 dicet
1921 2046 2035 2099 sine
2077 2046 2154 2100 ira
2174 2087 2189 2111 ,
2236 2046 2519 2100 vindictam
2563 2046 2655 2099 Dei
2683 2062 2800 2115 quae
2842 2048 3059 2103 omnino
3088 2050 3202 2104 sine
3230 2052 3329 2106 ista

1756 2135 2149 2203 perturbatione
2193 2134 2285 2202 lit,
2329 2137 2459 2190 iram
2506 2144 2679 2190 tamen
2726 2138 3015 2192 vocandam
3058 2139 3330 2209 iudicave-

1754 2237 1876 2279 runt
1911 2223 2008 2296 (a).
2055 2224 2182 2279 item
2213 2225 2333 2295 quia
2376 2225 2615 2295 conjugis
2642 2228 2937 2281 castitatem
2982 2228 3202 2284 zelando
3231 2232 3329 2286 viri

1754 2315 2021 2370 custodire
2061 2325 2487 2380 consueverunt,
2525 2316 2665 2370 illam
2694 2318 2786 2372 Dei
2827 2319 3208 2387 providentiam
3238 2336 3333 2392 per

1754 2425 1909 2478 quam
1937 2410 2241 2480 praecipitur
2260 2421 2417 2481 atque
2445 2411 2616 2480 agitur
2640 2427 2709 2467 ne
2735 2414 2909 2466 anima
2940 2425 3329 2486 corrumpatur,

1755 2510 1808 2556 et
1850 2501 1979 2556 deos
2004 2501 2139 2557 alios
2162 2512 2321 2572 atque
2356 2503 2491 2558 alios
2515 2519 2744 2574 sequens
2770 2506 3000 2575 quodam
3028 2508 3186 2562 modo
3213 2523 3331 2564 me-

1755 2592 2065 2658 retricetur,
2097 2593 2269 2648 zelum
2300 2593 2394 2649 Dei
2435 2594 2853 2664 appellaverunt.
2885 2596 2975 2652 Sic
3017 2606 3074 2652 et
3117 2614 3332 2654 manum

1756 2684 1871 2749 Dei,
1904 2684 2010 2739 vim
2035 2700 2138 2754 qua
2168 2696 2447 2755 Operatur;
2467 2695 2522 2741 et
2545 2687 2709 2754 pedes
2734 2688 2848 2753 Dei,
2879 2689 2984 2743 vim
3010 2706 3113 2760 qua
3139 2692 3191 2745 in
3216 2708 3333 2746 om-

1756 2777 1841 2832 nia
1880 2778 2223 2832 custodienda
2248 2780 2264 2808 ¹
2294 2787 2349 2833 et
2387 2778 2727 2848 gubernanda
2769 2782 3062 2849 pertendit;
3093 2793 3149 2839 et
3174 2799 3333 2840 aures

1760 2869 1849 2923 Dei
1876 2869 1955 2923 vel
1983 2869 2167 2923 oculos
2195 2868 2322 2935 Dei,
2350 2870 2457 2923 vim
2482 2884 2588 2940 qua
2613 2870 2789 2925 omnia
2816 2873 3041 2943 percipit
3067 2885 3226 2946 atque
3251 2877 3335 2932 in-

1759 2961 1975 3031 telligit;
2011 2969 2066 3016 et
2104 2960 2289 3016 faciem
2323 2961 2447 3026 Dei,
2481 2963 2585 3016 vim
2632 2978 2732 3032 qua
2762 2977 2823 3019 se
2848 2966 3150 3022 manifestat
3176 2978 3337 3040 atque

1757 3048 2117 3121 dignoscitur;
2163 3058 2218 3105 ct
2259 3060 2450 3106 caetera
2492 3052 2545 3105 in
2584 3052 2724 3107 hunc
2769 3054 3021 3123 modum,
3057 3069 3337 3129 propterea

1757 3143 1964 3198 scilicet
1990 3143 2111 3213 quia
2157 3158 2253 3197 nos
2279 3144 2345 3197 ad
2391 3159 2523 3214 quos
2550 3160 2728 3200 sermo
2757 3146 2816 3200 fit
2835 3188 2849 3211 ,
2880 3157 2935 3203 et
2971 3152 3220 3209 manibus
3244 3170 3337 3209 so-

1759 3236 1928 3291 lemus
1953 3235 2195 3306 operari,
2226 3243 2281 3291 et
2308 3235 2531 3304 pedibus
2560 3236 2840 3305 incedere,
2867 3250 2920 3293 et
2947 3257 3053 3311 quo
3082 3243 3182 3298 fert
3215 3247 3337 3300 ani-

1759 3342 1879 3381 mus
1920 3326 2234 3396 pervenire,
2266 3334 2321 3379 et
2347 3327 2563 3382 auribus
2607 3336 2764 3398 atque
2807 3332 2976 3388 oculis
3024 3336 3339 3407 czeterisque

1758 3417 2002 3473 sensibus
2025 3417 2263 3486 corporis
2288 3418 2580 3487 corporalia
2611 3422 2914 3492 percipere,
2943 3435 2995 3479 et
3021 3425 3152 3482 facie
3182 3428 3339 3485 inno-

1761 3515 1963 3561 tescere
1997 3523 2010 3560 :
2043 3516 2096 3561 et
2123 3506 2168 3560 si
2197 3505 2323 3575 quid
2363 3506 2505 3561 aliud
2548 3507 2611 3561 ad
2644 3508 2780 3564 hanc
2812 3521 3061 3582 tanquam
3104 3519 3337 3585 regulam

1759 3598 2004 3668 pertinet.
2035 3597 2144 3651 lloc
2177 3596 2333 3650 modo
2376 3596 2564 3666 igitur,
2599 3600 2847 3668 quoniam
2876 3614 3080 3661 mutare
3106 3617 3339 3679 coeptum

1758 3689 1969 3760 aliquod
1992 3698 2045 3744 et
2069 3690 2121 3743 in
2143 3689 2284 3743 aliud
2315 3688 2602 3745 transferre
2623 3704 2727 3746 non
2759 3692 2911 3749 facile
2936 3697 3167 3753 solemus
3188 3701 3208 3731 ²
3237 3703 3339 3757 nisi

1760 3781 2083 3851 pmnitendo,
2106 3797 2402 3851 quanquam
2419 3781 2592 3836 divina
2611 3784 2938 3853 providentia
2955 3802 3144 3845 serena
3161 3803 3342 3849 mente

1760 3874 2083 3929 intuentibus
2110 3883 2364 3943 appareat
2398 3884 2588 3929 cuncta
2616 3878 2915 3933 certissimo
2954 3882 3141 3937 ordine
3170 3884 3341 3939 admi-

1760 3966 2004 4031 nistrare,
2025 3963 2573 4019 accommodatissimc
2600 3975 2773 4021 tamen
2791 3968 2857 4022 ad
2884 3970 3133 4025 humilem
3154 3972 3343 4029 huma-

1760 4070 1881 4109 nam
1913 4055 2311 4123 intelligentiam
2328 4054 2348 4085 ³
2364 4070 2425 4109 ea
2441 4071 2560 4124 qua:
2586 4055 2845 4125 incipiunt
2858 4073 2998 4125 esse,
3026 4076 3199 4130 neque
3218 4078 3340 4131 per-

1760 4156 2004 4203 severant.
2031 4155 2283 4215 quantum
2332 4156 2734 4215 perseveratum
2765 4157 2974 4217 sperata
3005 4159 3159 4216 sunt,
3188 4156 3339 4221 quasi

1761 4254 1855 4306 per
1880 4237 2242 4305 paenitentiam
2266 4236 2356 4289 Dei
2380 4236 2625 4289 dicuntur
2648 4236 2840 4290 ablata.

1763 4327 1891 4382 Llll.
1914 4326 1993 4381 De
2019 4342 2142 4380 auro
2164 4335 2210 4379 et
2234 4334 2439 4396 argento
2464 4326 2599 4396 quod
2618 4324 2868 4382 Israelitw
2889 4330 2952 4385 ab
2973 4330 3235 4403 .Egypliis
3255 4352 3342 4391 ac-

2422 4427 2675 4488 ceperunt.

1834 4512 1887 4565 1.
1918 4510 2166 4580 Quisquis
2204 4510 2429 4579 duorum
2477 4511 2936 4568 Testamentornm
2982 4515 3339 4587 dispensatio-

1764 4617 1859 4657 nes
1878 4644 1892 4670 ,
1922 4617 2019 4672 pro
2047 4611 2342 4671 temporum
2370 4604 2711 4671 congruentia
2732 4644 2746 4667 ,
2773 4606 2983 4673 generis
3008 4606 3224 4664 humani
3255 4613 3342 4668 di-

1764 4693 1989 4763 ligenter
2012 4692 2253 4747 aetatibus
2278 4693 2587 4747 distributas
2613 4694 2845 4749 intuetur
2862 4736 2878 4762 ,
2904 4698 3054 4763 satis,
3088 4714 3338 4770 quantum

1765 4787 2044 4852 existimo,
2078 4786 2325 4855 intelligit
2348 4785 2474 4855 quid
2520 4786 2731 4855 proprie
2760 4789 2919 4856 priori
2946 4796 3086 4848 mtati
3131 4803 3344 4866 generis

1766 4877 2016 4945 humani,
2045 4877 2169 4947 quid
2202 4877 2477 4945 posteriori
2502 4878 2803 4932 conveniat.
2835 4880 3017 4937 Divina
3044 4889 3185 4941 enim
3220 4906 3345 4959 pro-

1766 4969 1994 5022 videntia
2037 4967 2256 5037 pulchre
2295 4968 2473 5021 omnia
2504 4968 2845 5036 moderante,
2879 4972 2950 5028 ita
2980 4977 3221 5032 universa
3249 4996 3344 5051 ge-

1766 5061 2098 5116 nerationum
2120 5059 2285 5114 series
2304 5059 2370 5114 ab
2396 5058 2563 5113 Adam
2590 5075 2755 5131 usque
2780 5062 2844 5117 ad
2866 5062 3023 5119 finem
3052 5070 3230 5123 επιξυιί
3249 5073 3345 5127 ad-

1768 5151 2114 5215 ministratur,
2149 5158 2395 5219 tanquam
2426 5151 2583 5206 unius
2609 5152 2837 5208 hominis
2864 5170 2894 5208 a
2924 5159 3148 5225 pueritia
3176 5177 3342 5231 usque

1767 5240 1831 5295 ad
1877 5248 2204 5296 senectutem
2236 5244 2488 5312 temporis
2514 5245 2594 5297 sui
2634 5253 2857 5299 tractum
2882 5250 3050 5304 :ctalis
3092 5252 3346 5321 gradibus

1768 5334 2118 5389 terminantis.
2162 5334 2229 5388 Et
2257 5335 2375 5390 ideo
2405 5337 2654 5390 virtutum
2681 5338 2841 5391 etiam
2867 5340 3061 5407 gradus
3102 5343 3155 5397 in
3180 5348 3344 5400 mori-

1832 5468 1847 5531 f
1876 5473 1973 5515 nat.
1996 5475 2047 5517 et
2069 5476 2260 5531 septem
2283 5477 2408 5529 Mss,
2433 5472 2775 5523 constituenda.

1830 5529 1851 5592 ξ
1876 5529 2233 5592 Duo_tttss.,‘non
2258 5532 2357 5592 fere
2380 5531 2598 5583 solantis.

1832 5588 1853 5659 ξ
1878 5594 1936 5659 In
1948 5588 2129 5659 aliquot
2148 5588 2275 5659 mss}
2297 5592 2363 5659 ad
2384 5592 2609 5659 Inmtilem
2625 5594 2867 5659 [tonu'nnm
2897 5594 3267 5659 intelligentiam.

1830 5649 1902 5711 (a)
1925 5649 2109 5701 Libflﬁ
2129 5654 2192 5701 de
2215 5653 2347 5702 civit.
2364 5656 2471 5716 Dei,
2493 5667 2599 5717 cap.
2620 5655 2697 5706 23.
