3996 6282
609 203 678 257 35
1344 198 1430 253 DE
1474 197 1783 253 DIVERSIS
1820 193 2339 262 QUA‘JSTIONLBUS
2377 197 2659 268 LXXXIII,
2701 202 2760 258 S.
2799 203 3162 262 AUGUSTINI
3801 225 3858 284 δε

611 327 709 380 bus
730 365 745 392 ,
773 319 943 378 donec
970 321 1211 375 veniatur
1235 318 1299 374 ad
1325 333 1586 374 summam
1613 318 1844 372 hominis
1869 316 2186 420 perfectam-

555 385 562 392 Α
607 385 1036 487 αυεῆτῑιιῑθω,
1069 421 1280 481 oportet
1306 425 1428 465 eum
1472 411 1830 512 distinguere:
1859 409 1948 512 qui
1995 407 2189 512 divinis

609 507 923 562 lectionibus
946 505 1090 576 pium
1135 505 1366 556 animum
1395 502 1622 556 intendit
1654 519 1667 554 :
1702 515 1768 555 ne
1791 502 1927 555 forte
1956 513 2076 554 cum
2102 502 2188 553 in-

601 599 813 654 venerit
835 595 1119 666 aliquando
1145 595 1324 663 parvis
1349 609 1526 663 parva,
1551 591 1835 662 aliquando
1854 590 2056 693 majora
2077 605 2188 693 ma-

601 691 807 761 joribus
853 687 1138 757 imperari,
1185 693 1440 754 reputans
1482 685 1532 737 in
1578 681 1977 752 comparatione
2016 681 2185 784 maio-

602 797 722 837 rum
745 782 764 813 ί
794 786 1009 849 peccata
1039 791 1159 831 esse
1199 777 1287 830 illa
1315 791 1435 845 quae
1464 774 1665 827 minora
1709 780 1865 837 sunt,
1911 785 2015 825 non
2040 771 2184 825 arbi-

602 881 776 926 tretur
803 871 1045 925 decuisse
1090 876 1146 920 ut
1187 866 1307 920 talia
1357 866 1496 919 Deus
1524 861 1829 917 hominibus
1875 863 2181 932 imperaret.

605 961 710 1016 Sed
741 976 876 1014 nunc
905 959 971 1012 de
993 958 1240 1010 virtutum
1266 953 1517 1023 gradibus
1539 952 1697 1005 nimis
1722 952 1936 1020 longum
1962 961 2042 1006 est
2071 951 2182 1054 dis-

601 1060 810 1122 putare.
875 1050 1251 1104 Verumtamen
1289 1043 1434 1114 quod
1476 1042 1542 1096 ad
1589 1053 1904 1112 pneseatem
1935 1043 2182 1111 qurestio-

602 1158 723 1198 nem
750 1138 1132 1196 discutiendam
1158 1135 1289 1189 satis
1308 1141 1408 1197 est,
1435 1141 1689 1203 quantum
1715 1131 1779 1186 ad
1806 1131 2177 1233 decipiendum

599 1232 821 1294 attinet,
851 1243 1056 1284 summa
1094 1233 1146 1281 et
1173 1225 1406 1294 perfecta
1436 1223 1599 1276 virtus
1633 1229 1715 1275 est
1741 1221 2008 1276 neminem
2039 1221 2182 1275 deci-

600 1340 747 1395 pere,
775 1333 930 1391 atque
954 1319 1080 1374 illud
1109 1313 1756 1413 cxhiberelquodidictum
1780 1319 1880 1413 est,
1897 1309 1989 1413 ISit
2015 1311 2181 1413 iniere

599 1424 782 1479 vestro,
803 1413 913 1479 Est,
932 1419 1002 1465 est
1019 1427 1038 1475 ;
1066 1407 1206 1473 Non,
1237 1422 1335 1460 non
1363 1404 1572 1475 (Matth.
1603 1404 1782 1472 v,37).
1806 1401 1913 1456 Sed
1940 1401 2063 1470 quia
2080 1399 2180 1454 hoc

598 1505 680 1560 eis
705 1505 1018 1573 imperatum
1041 1505 1145 1563 est,
1177 1495 1372 1566 quibus
1391 1494 1501 1564 jam
1525 1507 1746 1561 regnum
1771 1490 2027 1546 caelorum
2057 1503 2181 1559 pro-

600 1597 820 1651 missmn
843 1600 954 1656 est;
981 1604 1166 1658 magna
1190 1594 1366 1641 autem
1390 1585 1555 1638 virtus
1572 1591 1656 1637 est
1683 1582 1798 1636 haec
1825 1581 2046 1685 implere
2066 1594 2181 1636 ma-

591 1686 733 1756 jora,
751 1683 939 1754 quibus
960 1676 1186 1735 debetur
1207 1679 1308 1732 hoc
1333 1675 1638 1776 praemium;
1665 1673 2180 1776 enim"qu

599 1777 762 1831 (ortam
793 1773 889 1826 vim
932 1772 1120 1840 patitur
1139 1811 1152 1833 ,
1180 1777 1226 1822 et
1253 1767 1340 1837 qui
1379 1767 1475 1819 vim
1509 1765 1699 1836 faciunt
1720 1805 1732 1827 ,
1763 1761 2180 1865 diripiuqtdllud

597 1865 708 1940 (Id.
741 1858 1314 1932 xi,12):qu:erendtun
1343 1855 1627 1956 estquibus
1651 1853 1901 1954 gradibus
2023 1854 2176 1956 istam

595 1958 955 2014 summitatem
983 1951 1465 2024 perfectionemque
1485 1946 1726 1999 veniatur
1751 1963 1763 1998 :
1789 1945 1840 1997 in
1867 1943 2058 2013 quibus
2076 1943 2180 1997 uti-

593 2063 698 2119 que
727 2045 975 2116 gradibus
1003 2043 1338 2096 inveniuntur
1358 2038 1430 2092 illi
1451 2078 1465 2104 ,
1493 2036 1684 2106 quibus
1710 2035 1881 2090 adhuc
1908 2044 2175 2089 terrenum

594 2157 816 2213 regnum
856 2138 1294 2211 promittebatur,
1323 2150 1431 2205 quo
1459 2133 1719 2236 promisso
1765 2143 2012 2236 tanquam
2051 2148 2175 2236 paro

594 2234 702 2288 vuli
745 2230 1134 2302 pmluderent,
1167 2236 1220 2283 et
1245 2226 1312 2280 ab
1342 2243 1446 2280 uno
1616 2225 1636 2255 ³
1656 2265 1671 2290 ,
1833 2233 1914 2278 est
1941 2225 2175 2328 omnium

597 2323 852 2378 Dominus
871 2363 885 2386 ,
925 2319 1136 2374 interim
1164 2317 1389 2371 terrenis
1415 2313 1620 2384 gaudiis
1639 2355 1652 2379 ,
1681 2313 1872 2382 quibus
1901 2313 2073 2369 adhuc
2097 2314 2178 2369 in-

594 2414 840 2476 hiabant,
873 2411 1168 2481 impetratis
1187 2450 1200 2472 ,
1242 2408 1367 2462 inde
1397 2406 1730 2476 proficientes
1759 2415 1813 2461 et
1836 2406 2024 2475 Spiritu
2053 2422 2174 2462 cre-

593 2513 805 2560 seentes
824 2503 844 2534 ³
874 2503 1133 2556 auderent
1159 2500 1318 2554 etiam
1345 2511 1560 2566 sperare
1585 2496 1840 2551 etelestia.
1871 2496 2020 2552 Sicut
2046 2512 2174 2568 ergo

593 2611 800 2653 summa
825 2603 878 2650 et
903 2609 1066 2665 prope
1093 2593 1268 2648 divina
1295 2592 1460 2646 virtus
1484 2601 1586 2656 est,
1612 2591 1877 2646 neminem
1905 2591 2168 2662 decipere;

591 2691 669 2745 sic
698 2688 939 2742 ultimum
979 2687 1164 2740 vitium
1192 2693 1307 2749 est,
1335 2685 1627 2754 quemlibet
1651 2683 1920 2755 decipere.
1952 2685 2034 2739 Ab
2075 2685 2173 2742 hoc

591 2781 776 2834 ultimo
804 2778 934 2832 vitio
961 2777 1029 2832 ad
1074 2777 1216 2830 illam
1247 2790 1508 2830 surnmam
1536 2775 1784 2829 virtutem
1833 2774 2172 2832 tendentibus

589 2871 786 2942 gradus
812 2878 928 2934 est,
953 2867 1219 2923 neminem
1246 2866 1460 2936 quidem
1491 2867 1576 2921 vel
1611 2867 1840 2921 amicum
1861 2908 1876 2931 ,
1907 2868 1990 2922 vel
2019 2870 2170 2938 igno-

590 2972 733 3028 tum,
767 2961 859 3016 sed
890 2970 1066 3016 tamen
1107 2959 1380 3013 inimicum
1411 2956 1693 3026 aliquando
1720 2957 1985 3027 decipere.
2017 2959 2171 3016 Unde

589 3055 749 3110 etiam
775 3053 902 3107 illud
933 3068 962 3106 a
992 3060 1145 3121 poeta
1176 3051 1375 3104 dictum
1407 3063 1570 3119 prope
1592 3050 1699 3118 jam
1743 3051 2007 3120 proverbii
2038 3067 2170 3107 con.

589 3146 924 3201 suetudinem
950 3143 1217 3198 obtinuit:

711 3252 876 3314 Dolus,
893 3267 955 3303 an
986 3254 1163 3313 virtus,
1183 3251 1892 3376 quisag'l'ieqsateulfqzuizata‘so.)

588 3419 696 3475 Sed
719 3418 966 3489 quoniam
997 3424 1049 3472 et
1089 3416 1202 3486 ipse
1229 3415 1397 3469 hostis
1440 3423 1611 3485 potest
1637 3416 1948 3486 plerumque
1977 3416 2168 3488 injuste

585 3511 792 3581 decipi,
843 3509 999 3564 veluti
1039 3523 1160 3562 cum
1201 3517 1413 3576 pactum
1439 3507 1654 3578 aliquod
1697 3506 1756 3561 fit
1782 3507 1847 3563 de
1889 3510 2167 3578 temporali

589 3615 749 3672 pace,
779 3613 912 3671 quas
953 3599 1191 3653 inducias
1221 3606 1444 3662 vocant,
1495 3607 1549 3652 et
1577 3613 1684 3652 non
1715 3609 1956 3654 servatur
1995 3600 2126 3655 fides
2149 3642 2164 3666 ,

585 3703 642 3749 et
675 3704 870 3747 cetera
909 3692 1065 3756 talia;
1099 3691 1264 3745 multo
1305 3700 1389 3745 est
1427 3691 1697 3761 purgatior
1737 3706 2062 3763 summaeque
2093 3694 2167 3750 illi

583 3783 763 3837 virtuti
793 3782 1166 3853 propinquior,
1197 3781 1286 3851 qui
1329 3796 1628 3851 quanquam
1661 3783 1786 3837 velit
1831 3783 2036 3838 hostem
2067 3785 2164 3840 de-

584 3871 798 3941 cipere.
831 3888 935 3926 non
977 3886 1098 3927 eum
1131 3879 1306 3924 tamen
1353 3871 1551 3941 decipit
1577 3872 1678 3927 nisi
1722 3875 2035 3931 auctoritate
2081 3877 2165 3932 di-

583 3961 724 4015 vina.
756 3961 894 4017 Deus
921 3962 1063 4016 enim
1094 3959 1239 4014 novit
1265 3961 1350 4015 vel
1379 3962 1524 4016 solus
1543 4004 1559 4030 ,
1589 3962 1672 4017 vel
1705 3973 1849 4019 certe
1873 3965 2030 4034 longe
2067 3982 2163 4022 ex-

583 4055 859 4110 cellentius
883 4067 1039 4126 quam
1058 4053 1302 4107 homines
1326 4061 1485 4124 atque
1511 4053 1790 4121 sincerius,
1809 4070 1913 4127 qua
1938 4057 2164 4128 quisque

583 4159 738 4217 pana
766 4145 1050 4215 praemiove
1076 4145 1144 4199 sit
1169 4143 1381 4216 dignus.

651 4235 706 4289 2.
737 4235 1066 4306 Quapropter
1097 4235 1233 4291 Deus
1261 4234 1473 4305 quidem
1499 4249 1597 4304 per
1635 4235 1868 4304 seipsum
1895 4236 2160 4292 neminem

581 4327 808 4396 decipit;
834 4335 916 4380 cst
937 4326 1081 4381 enim
1112 4325 1269 4380 Pater
1298 4325 1547 4380 Veritatis
1578 4342 1592 4378 :
1623 4335 1677 4381 et
1706 4325 1930 4393 Veritas,
1962 4336 2016 4383 et
2044 4327 2163 4398 Spi-

581 4420 718 4474 ritus
745 4417 994 4492 Veritatis
1024 4433 1037 4470 :
1069 4416 1242 4487 dignis
1269 4425 1445 4472 tamen
1471 4417 1628 4487 digna
1658 4418 1977 4474 distribuens
2011 4420 2163 4492 (quo-

582 4509 722 4563 niam
748 4479 850 4561 hoc
871 4521 1083 4578 quoque
1107 4479 1338 4575 pertinet
1364 4505 1431 4560 ad
1451 4479 1708 4574 justitiam
1735 4515 1790 4562 et
1804 4508 2116 4581 veritatem)
2141 4552 2157 4578 ,

581 4599 744 4653 utitur
771 4598 960 4652 animis
991 4611 1084 4666 pro
1112 4597 1317 4651 meritis
1346 4603 1400 4650 et
1417 4596 1790 4667 dignitatibus,
1817 4615 1934 4669 qua:
1963 4610 2086 4656 sunt
2106 4602 2159 4657 in

578 4690 830 4760 gradibus
867 4704 1083 4753 earum,
1115 4696 1174 4744 ut
1212 4689 1259 4744 si
1302 4690 1580 4760 quisquam
1609 4689 1800 4759 dignus
1837 4701 1918 4747 est
1947 4692 2156 4764 decipi,

580 4796 685 4834 non
725 4780 897 4834 solum
926 4795 1020 4848 per
1046 4795 1107 4834 se
1147 4780 1318 4850 ipsum
1346 4795 1468 4836 eum
1509 4795 1612 4836 non
1647 4781 1905 4853 decipiat,
1939 4785 2032 4840 sed
2061 4801 2158 4842 ne-

578 4885 681 4940 que
721 4885 816 4940 per
853 4869 1013 4923 talem
1044 4869 1310 4924 hominem
1331 4911 1344 4935 ,
1375 4870 1465 4940 qui
1503 4871 1612 4941 jam
1639 4881 1994 4943 congruenter
2037 4874 2158 4930 dili-

577 4961 687 5028 git,
718 4969 772 5015 et
795 4958 1060 5014 custodire
1086 4959 1350 5028 persistit,
1381 4960 1462 5016 Sit
1480 4962 1534 5015 in
1559 4978 1644 5017 ore
1662 4971 1820 5018 vestro
1840 5006 1854 5031 ,
1889 4963 1982 5018 Est
1999 5007 2014 5033 ,
2047 4976 2159 5032 est;

582 5048 724 5116 Non,
753 5063 891 5113 non;
916 5062 1088 5120 neque
1116 5064 1210 5119 per
1234 5050 1498 5120 angelum,
1531 5052 1614 5106 cui
1644 5067 1751 5108 non
1774 5055 2019 5110 convenit
2039 5071 2159 5124 per-

580 5155 710 5195 sona
742 5140 964 5195 fallaciae
993 5156 1007 5192 :
1042 5140 1136 5196 sed
1163 5148 1254 5196 aut
1275 5155 1370 5210 per
1399 5143 1558 5198 talem
1583 5143 1873 5211 hominem,
1901 5148 1991 5217 qui
2018 5163 2156 5202 non-

487 5293 492 5298 ,
578 5231 704 5287 dum
733 5247 792 5287 se
818 5231 1116 5302 huiusmodi
1143 5232 1520 5303 cupiditatibus
1543 5237 1722 5301 exuit;
1751 5244 1843 5290 aut
1878 5252 1973 5306 per
1996 5237 2153 5294 talem

641 5363 659 5394 ί
681 5362 870 5428 Ειςᾳιιεὶ,
895 5361 1100 5428 majora.
1121 5362 1213 5412 Sed
1235 5363 1411 5428 melius
1429 5365 1602 5415 decem
1620 5375 1744 5425 Mss,
1769 5367 2027 5428 majorum.

639 5424 820 5494 "Edili,
844 5429 889 5473 et
902 5421 1080 5494 cb'uno
1095 5433 1194 5476 Deo
1209 5424 1525 5477 abundanter.
1543 5436 1661 5487 Vox,
1678 5421 1994 5492 aliundimter,
2012 5433 2153 5484 abest

576 5498 606 5535 a
628 5483 878 5548 plerisque
901 5492 1006 5535 Mss.
1648 5483 1656 5487 ’
1979 5483 1992 5492 ’
2142 5483 2145 5484 ⁷

641 5547 662 5578 ³
684 5552 756 5594 Er.
784 5555 836 5596 et
857 5554 987 5608 Lov.,
1021 5556 1386 5620 succrescerltcs.
1412 5555 1469 5620 _A_t
1491 5557 2145 5620 ttss.,crescentcs.-wgd.

576 5616 631 5658 et
647 5616 787 5668 ven.,
810 5615 1170 5671 succrescentes,
1197 5617 1251 5659 ιιι
1271 5616 1346 5659 ΕΓ.
1375 5618 1426 5660 et
1444 5617 1550 5660 ιον.
1619 5619 1673 5659 Μ.

2297 318 2541 386 angelum
2565 361 2580 387 ,
2613 320 2700 390 qui
2743 336 2838 391 pro
2867 339 2977 379 sua:
3003 326 3288 384 voluntatis
3333 330 3674 400 perversitate
3701 352 3778 396 vel
3803 349 3856 400 ad

2296 409 2580 465 vindictam
2613 425 2948 482 peccatorum
2971 459 2985 484 ,
3015 419 3094 472 vel
3125 420 3189 473 ad
3219 425 3649 482 exercitationem
3688 446 3858 504 purga-

2295 499 2600 571 tionemque
2641 519 2826 559 eorum
2854 507 2941 575 qui
2968 510 3259 564 secundum
3292 513 3456 568 Deum
3486 531 3825 578 renascuntur
3844 567 3856 591 ,

2292 591 2346 646 in
2389 593 2587 649 inlimis
2634 607 2837 653 natura:
2879 600 3128 669 gradibus
3169 603 3443 662 ordinatus
3484 619 3583 664 est.
3629 612 3857 685 Legimus

2293 683 2434 736 enim
2447 681 2725 754 deceptum
2742 703 2916 756 regem
2929 689 3005 762 (a)
3028 691 3159 746 falso
3177 696 3421 751 vaticinio
3447 681 3858 776 pseudoprophe-

2293 779 2464 826 tarum
2500 790 2512 825 :
2545 783 2600 828 et
2627 775 2696 828 ita
2727 776 2949 846 legimus
2970 822 2984 844 ,
3021 791 3080 835 ut
3124 797 3296 854 neque
3325 787 3438 842 sine
3465 787 3641 846 divino
3675 775 3856 864 judicio

2293 862 2489 917 factum
2518 866 2848 922 inveniamus
2867 911 2882 935 ,
2914 873 3162 939 quoniam
3204 876 3397 947 dignus
3423 890 3538 936 erat
3563 884 3647 939 ille
3672 888 3746 942 sic
3771 889 3854 946 de-

2289 952 2428 1020 cipi;
2468 967 2640 1024 neque
2665 971 2762 1024 per
2785 971 2904 1011 eum
2947 961 3194 1030 angelum
3214 1007 3229 1031 ,
3261 981 3418 1035 quem
3444 968 3766 1042 deeeptionis
3787 979 3857 1034 of~

2290 1043 2468 1098 licium
2498 1047 2769 1117 suscipere
2798 1065 2901 1104 non
2933 1049 3177 1120 deceret;
3207 1057 3301 1112 sed
3331 1075 3423 1130 per
3446 1065 3688 1134 angelum
3717 1086 3852 1126 erro-

2288 1134 2384 1200 ris,
2414 1136 2502 1204 qui
2531 1137 2633 1192 sibi
2661 1141 2799 1194 ultro
2830 1141 2962 1197 tales
2991 1153 3166 1212 partes
3190 1147 3387 1218 imponi
3415 1169 3536 1208 cum
3566 1157 3739 1212 laetitia
3767 1178 3852 1232 po-

2287 1225 2504 1280 stulavit
2533 1227 2621 1298 (III
2651 1227 2777 1301 Reg.
2809 1247 2916 1287 xxn
2938 1276 2953 1301 ,
2985 1233 3165 1308 6-36).
3194 1239 3518 1305 Quibusdam
3563 1247 3703 1302 enim
3729 1225 3856 1306 scri-

2289 1323 2562 1382 pturarum
2591 1317 2722 1373 locis
2760 1323 2992 1390 apertius
3021 1325 3216 1395 aliquid
3247 1334 3559 1399 exponitur,
3588 1339 3728 1406 quod
3749 1341 3853 1397 dili-

2286 1417 2417 1472 gens
2437 1413 2490 1460 et
2516 1407 2637 1476 pius
2660 1408 2830 1464 lector
2853 1413 3010 1469 etiam
3031 1416 3081 1470 in
3101 1417 3220 1472 aliis
3245 1419 3393 1488 locis,
3413 1425 3464 1476 in
3484 1428 3673 1494 quibus
3697 1432 3852 1489 minus

2285 1495 2552 1563 aperitur,
2586 1497 2858 1570 intelligat.
2905 1502 3044 1559 Deus
3071 1509 3212 1562 enim
3243 1523 3423 1568 noster
3447 1517 3523 1570 sic
3549 1519 3612 1572 ad
3644 1522 3851 1581 salutem

2286 1586 2580 1641 animarum
2603 1589 2810 1647 divinus
2833 1593 2996 1650 libros
3017 1588 3214 1667 spiritu
3237 1613 3420 1658 sancto
3442 1609 3743 1669 moderatus
3762 1627 3848 1680 est,

2286 1687 2342 1730 ut
2367 1691 2471 1731 non
2515 1681 2686 1735 Solum
2720 1685 3011 1742 manifestis
3039 1703 3287 1758 pascere,
3319 1696 3411 1750 sed
3442 1699 3599 1756 etiam
3630 1704 3853 1764 obscuris

2285 1782 2536 1825 exercere
2563 1787 2659 1827 nos
2686 1776 2862 1831 vellet.
2904 1779 2985 1832 Ex
3010 1780 3108 1836 hac
3136 1784 3292 1853 igitur
3315 1787 3564 1846 ineffabili
3592 1805 3747 1866 atque
3774 1815 3852 1854 su-

2283 1857 2431 1912 blimi
2449 1876 2628 1917 rerum
2654 1864 3132 1940 administratione,
3152 1887 3270 1943 qua:
3287 1876 3343 1930 fit
3369 1895 3463 1948 per
3489 1857 3715 1940 divinant
3743 1904 3853 1958 pro-

2286 1949 2572 2006 videntiam
2592 1995 2607 2018 ,
2639 1957 2788 2024 quasi
2817 1963 3130 2032 transcripta
3158 1975 3240 2020 est
3268 1970 3524 2028 naturalis
3549 1973 3633 2030 lex
3670 1978 3722 2032 in
3743 1949 3852 2036 ⁸ιιιιί-

2285 2053 2424 2095 mam
2453 2043 2786 2112 rationalem,
2821 2060 2875 2103 ut
2905 2049 2957 2104 in
2993 2052 3104 2122 ipsa
3131 2055 3251 2111 vitae
3281 2055 3436 2128 hujus
3460 2070 3850 2126 conversatione

2283 2132 2626 2204 moribusque
2668 2141 2894 2194 terrenis
2943 2143 3181 2199 homines
3212 2149 3394 2204 talium
3436 2152 3849 2215 distributionum

2283 2220 2537 2291 imagines
2557 2237 2791 2282 servent.
2815 2229 2949 2285 llinc
2971 2243 3051 2287 est
3071 2236 3211 2304 quod
3230 2237 3392 2307 judex
3418 2242 3722 2302 damnatum
3745 2266 3852 2320 per-

2282 2324 2466 2371 cutere
2488 2318 2758 2389 indignum
2783 2337 2876 2376 sua
2903 2339 3127 2393 persona
3145 2339 3199 2384 et
3224 2332 3480 2388 nefarium
3497 2337 3701 2406 judicat
3721 2318 3851 2412 :ejus

2281 2409 2459 2462 tamen
2483 2409 2636 2478 jussu
2681 2411 2783 2467 hoc
2825 2414 2949 2470 facit
2977 2419 3243 2490 carnifex,
3284 2425 3372 2494 qui
3402 2439 3499 2495 pro
3527 2442 3623 2484 sua
3666 2409 3852 2500 Cupidi-

2281 2505 2390 2553 tate
2429 2501 2510 2556 sic
2550 2499 2823 2559 ordinatus
2852 2508 3014 2563 estin
3046 2512 3253 2580 cilicio,
3286 2524 3343 2570 ut
3382 2522 3644 2587 percutiat
3688 2524 3846 2596 legum

2280 2589 2646 2647 moderatione
2670 2593 2995 2664 damnatum,
3026 2599 3112 2670 qui
3140 2615 3319 2673 posset
3337 2609 3494 2664 etiam
3524 2613 3845 2672 innocentem

2279 2689 2372 2733 sua
2401 2681 2713 2739 crudelitate
2759 2697 3056 2755 percutere.
3086 2691 3216 2747 Nam
3262 2711 3433 2766 neque
3463 2716 3555 2769 per
3582 2718 3642 2758 se
3688 2706 3844 2776 ipsum

2279 2765 2382 2822 hoc
2404 2769 2566 2838 judex
2592 2770 2734 2840 facit,
2771 2791 2941 2846 neque
2966 2794 3060 2849 per
3084 2765 3375 2854 principem
3403 2765 3484 2844 vel
3517 2765 3840 2864 advocatum,

2278 2868 2369 2914 aut
2406 2861 2636 2932 aliquem
2668 2865 2718 2919 in
2750 2866 2924 2922 ofﬁcio
2955 2885 3085 2938 suo,
3115 2875 3199 2928 cui
3242 2877 3345 2933 tale
3374 2880 3721 2940 ministerium
3748 2904 3844 2944 non

2277 2954 2655 3010 convenienter
2682 2958 2988 3028 imponitur.
3019 2963 3154 3020 Hinc
3191 2977 3272 3021 est
3297 2970 3454 3025 etiam
3479 2975 3620 3042 quod
3651 2978 3844 3035 irratio-

2277 3043 2483 3098 nalibus
2524 3047 2880 3106 animantibus
2907 3053 3105 3108 utimur
3132 3056 3198 3110 ad
3225 3073 3314 3114 eas
3341 3076 3427 3115 res
3460 3079 3592 3133 quas
3639 3084 3731 3137 per
3757 3069 3818 3124 ho

2276 3135 2448 3190 mines
2467 3137 2548 3207 agi
2573 3139 2828 3195 nefarium
2850 3151 2949 3198 est.
2967 3143 3098 3200 Nam
3122 3149 3302 3219 utique
3318 3153 3507 3222 dignus
3524 3178 3536 3210 t
3555 3166 3603 3212 st
3626 3135 3706 3214 fur
3724 3176 3845 3218 mor-

2275 3236 2338 3278 su
2369 3226 2587 3282 lacerari
2621 3248 2637 3283 :
2670 3230 2720 3284 id
2753 3239 2927 3288 tamen
2969 3235 3129 3292 homo
3165 3255 3267 3295 non
3297 3259 3393 3315 per
3421 3262 3479 3302 se
3508 3247 3679 3319 ipsum
3710 3254 3842 3322 agit,

2275 3321 2364 3367 aut
2391 3327 2485 3384 per
2509 3316 2695 3384 lilium,
2725 3333 2816 3375 aut
2844 3337 2938 3392 per
2961 3324 3328 3397 domesticum,
3354 3345 3444 3390 aut
3467 3316 3627 3395 etiam
3659 3316 3845 3413 pervia-

2277 3405 2478 3460 mulum
2503 3421 2692 3475 suum;
2723 3412 2815 3468 sed
2844 3429 2939 3483 per
2962 3431 3170 3483 canem,
3201 3438 3356 3491 quam
3387 3427 3607 3484 bestiam
3639 3435 3755 3488 talia
3775 3433 3842 3490 fa-

2275 3509 2399 3551 cere
2425 3508 2520 3567 pro
2545 3509 2746 3556 naturre
2771 3517 2880 3559 sua:
2899 3507 3147 3576 gradibus
3166 3511 3339 3568 decet.
3363 3515 3491 3572 Cum
3517 3520 3676 3589 igitur
3695 3539 3842 3594 quos-

2275 3585 2395 3641 dam
2438 3590 2542 3658 pati
2573 3591 2768 3662 aliquid
2806 3595 3027 3665 deceat,
3061 3603 3200 3671 quod
3243 3606 3377 3662 alios
3406 3585 3578 3666 facere
3623 3585 3727 3670 non
3756 3617 3840 3672 de-

2274 3685 2423 3746 ceat;
2463 3679 2753 3738 ministeria
2797 3688 3036 3756 quredam
3081 3701 3206 3748 sunt
3229 3696 3400 3752 media
3424 3743 3437 3766 ,
3478 3702 3669 3771 quibus
3697 3705 3841 3778 digna

2275 3767 2616 3840 injunguntur
2641 3773 2850 3842 officia;
2884 3787 2939 3833 ut
2963 3781 3041 3836 eis
3067 3791 3222 3842 utens
3251 3788 3359 3857 ipsa
3383 3767 3606 3862 justitia,
3641 3767 3842 3853 nonso-

2273 3857 2382 3912 lum
2411 3862 2534 3916 talia
2560 3865 2666 3932 pati
2694 3882 2954 3938 quemque
2981 3871 3236 3945 imperet,
3265 3857 3437 3950 qualia
3475 3887 3580 3953 pati
3593 3857 3727 3943 eum
3750 3889 3839 3944 de-

2270 3957 2390 4014 cet,
2435 3951 2527 4006 sed
2557 3956 2716 4008 etiam
2748 3956 2811 4010 iis
2841 3957 3152 4018 facientibus
3172 4007 3186 4032 ,
3219 3985 3349 4036 quos
3395 3951 3514 4028 talia
3547 3975 3718 4034 facere
3743 3994 3836 4034 non

2270 4043 2446 4099 minus
2472 4045 2642 4101 decet.
2669 4048 3002 4122 Quapropter
3027 4070 3147 4111 eum
3182 4067 3234 4114 et
3263 4061 3494 4135 .Egyptii
3536 4068 3838 4141 deceptione

2269 4132 2412 4203 digni
2435 4147 2646 4205 essent,
2677 4148 2731 4194 et
2758 4143 2982 4211 pepulus
3009 4145 3173 4203 Israel
3212 4166 3310 4221 pro
3341 4132 3425 4208 illa
3453 4168 3610 4215 aetate
3639 4132 3837 4233 generis

2269 4223 2485 4280 humani
2507 4228 2558 4281 in
2587 4229 2672 4283 tali
2700 4230 2874 4288 adhuc
2896 4236 3063 4305 gradu
3094 4253 3300 4296 morum
3325 4223 3798 4308 constitutusvesset
3817 4295 3832 4320 ,

2269 4325 2325 4371 ut
2353 4333 2457 4372 non
2506 4320 2716 4392 indigne
2746 4325 2950 4382 hostem
2979 4329 3280 4402 deciperet;
3327 4337 3519 4396 tinctum
3549 4353 3632 4398 est
3661 4355 3717 4402 ut
3751 4346 3834 4417 ju-

2267 4405 2417 4462 beret
2443 4409 2582 4465 Dens
2599 4453 2614 4477 ,
2639 4413 2721 4467 vel
2749 4417 2923 4483 potius
2955 4434 3052 4488 pro
3077 4421 3285 4478 illorum
3312 4431 3596 4497 cupiditate
3621 4405 3834 4506 permit-

2267 4504 2430 4563 teret,
2466 4506 2524 4552 ut
2549 4515 2670 4556 vasa
2697 4517 2854 4559 aurea
2899 4517 2952 4562 et
2977 4521 3261 4580 argentea,
3288 4519 3478 4587 quibus
3519 4504 3693 4582 adhuc
3733 4535 3835 4583 ter-

2268 4589 2382 4642 reni
2435 4592 2580 4660 regni
2618 4593 2636 4624 ι
2675 4597 2999 4664 appetitores
3044 4601 3347 4676 inhiabant,
3389 4621 3443 4666 et
3491 4624 3732 4682 peterent
3775 4618 3837 4672 ab

2267 4676 2530 4750 Egyptiis
2555 4697 2658 4737 non
2687 4686 2962 4756 reddituri,
2997 4702 3051 4747 et
3089 4695 3388 4767 acciperent
3413 4676 3558 4773 quasi
3588 4709 3834 4765 reddituri

2271 4767 2461 4840 (Exod.
2497 4787 2586 4838 ιιι,
2611 4773 2724 4846 22).
2752 4777 2919 4844 Quam
2961 4791 3014 4836 et
3051 4789 3348 4845 mercedem
3378 4767 3482 4849 tam
3509 4795 3740 4856 diuturni
3767 4802 3835 4856 la-

2266 4859 2410 4914 boris
2429 4870 2586 4932 atque
2610 4867 2786 4934 operis
2810 4884 2906 4938 pro
2927 4874 3109 4929 talium
3133 4879 3424 4938 animarum
3444 4889 3612 4956 gradu
3639 4908 3741 4948 non
3762 4893 3835 4948 in-

2260 4949 2456 5020 justam
2484 4953 2626 5009 Deus
2663 4971 2781 5012 esse
2806 4961 3005 5030 voluit,
3035 4975 3087 5020 et
3116 4983 3324 5037 poenam
3358 4949 3565 5034 illorum
3602 4998 3734 5052 quos
3756 4985 3832 5040 dt-

2264 5057 2366 5112 gne
2408 5043 2530 5099 fecit
2558 5048 2803 5106 amittere
2845 5053 2896 5107 id
2940 5057 3081 5126 quod
3113 5061 3337 5120 reddere
3379 5043 3698 5128 debuerunt.
3728 5077 3832 5130 Non

2264 5132 2440 5202 itaque
2469 5136 2609 5193 Deus
2650 5138 2903 5212 deceptor
2929 5155 3011 5202 est
3030 5189 3044 5211 ,
3073 5153 3213 5219 quod
3242 5156 3462 5214 credere
3506 5163 3758 5218 nefarium
3786 5176 3835 5219 et

2263 5222 2482 5293 impium
2524 5243 2642 5284 esse
2669 5233 2786 5301 quis
2832 5252 2934 5291 non
2978 5239 3271 5313 intelligat?
3315 5249 3409 5304 sed
3453 5255 3756 5309 meriturum
3788 5266 3834 5309 et

2262 5327 2607 5383 personarum
2633 5321 2956 5391 iustissimus
2999 5330 3340 5406 distributor,
3378 5339 3577 5399 faciens
3601 5345 3833 5414 quaedam

2259 5422 2355 5477 per
2396 5425 2454 5464 se
2490 5410 2664 5481 ipsum
2685 5457 2701 5482 ,
2733 5433 2852 5487 quae
2883 5421 2974 5476 illo
3016 5425 3131 5480 solo
3159 5428 3316 5499 digna
3352 5443 3477 5488 sunt
3497 5477 3512 5503 ,
3543 5410 3699 5508 eique
3741 5438 3833 5494 soli

2319 5499 2801 5592 ίαὶςῗῗιίλῖθθξβειξέδτ

2363 5563 2634 5645 siquenm
2659 5576 2762 5645 M_s_s.
2789 5581 2841 5623 At
2865 5580 2937 5624 Er.
2963 5583 3014 5625 ct
3041 5585 3171 5641 nom,
3202 5589 3406 5639 terrena
3428 5587 3581 5641 rei.—
3596 5591 3668 5645 sic
3691 5591 3830 5644 etiam

2259 5623 2405 5686 Lugd.
2427 5632 2480 5675 et
2500 5634 2618 5680 Ven.
2685 5637 2740 5680 ιι.
