3988 6400
229 235 281 288 37
1644 211 1844 267 LIBER
1888 212 2080 269 unus.
3412 216 3479 271 ss

228 340 549 403 conueniunt;
576 334 744 390 sicuti
777 342 860 389 est
885 331 1177 386 illuminare
1200 329 1423 396 animas,
1452 334 1503 383 et
1527 341 1588 383 se
1612 328 1782 396 ipsum

229 433 296 490 eis
326 430 387 485 ad
425 425 810 500 perimendum
856 420 1172 494 praebendo,
1202 421 1470 490 sapientes
1497 418 1780 487 beatusque

236 530 454 595 prmstare
485 534 497 570 :
530 517 634 571 alia
677 530 776 585 per
802 514 1122 568 servientem
1151 510 1247 565 sibi
1279 517 1574 564 creaturam
1594 547 1610 575 ,
1654 508 1777 561 ἱιιιε⁴

242 609 445 682 gerrimis
469 606 677 677 legibus
704 620 806 673 pro
832 603 1034 658 meritis
1061 601 1355 655 ordinatam
1376 639 1390 664 ,
1432 597 1669 667 quaedam
1697 612 1789 651 eo-

245 717 336 755 rum
368 699 575 769 jubens,
626 694 879 765 qumdam
908 692 1223 763 permittens
1244 731 1259 756 ,
1297 704 1463 759 usque
1491 688 1557 742 ad
1602 702 1785 757 passe-

242 806 334 845 rum
360 786 867 842 administrationem
890 824 904 848 ,
937 783 1071 835 sicut
1114 780 1371 834 Dominus
1414 779 1465 832 in
1497 776 1786 846 Evangelio

239 882 371 945 dicit,
398 888 445 934 et
470 892 629 947 usque
665 875 733 929 ad
768 875 875 929 feni
905 874 1151 928 decorem
1173 912 1189 937 ,
1222 885 1387 940 usque
1411 869 1477 923 ad
1504 883 1787 923 numerum

239 973 372 1027 etiam
410 969 715 1037 capillorum
748 974 1054 1019 nostrorum
1086 960 1262 1016 divina
1292 959 1622 1029 providentia
1668 973 1787 1027 per-

242 1063 451 1118 tendente
475 1070 628 1128 atque
660 1057 915 1112 veniente
955 1053 1169 1123 (Matth.
1201 1068 1233 1105 ι
1255 1092 1270 1118 ,
1303 1051 1372 1107 29
1394 1092 1409 1117 ,
1440 1051 1544 1116 50,
1583 1059 1629 1104 et
1658 1049 1782 1103 Luc.

235 1171 296 1208 xu
316 1196 328 1220 ,
356 1152 414 1206 Ξῖ
433 1194 446 1219 ,
475 1150 585 1221 Ξ8).
634 1149 713 1203 De
742 1162 848 1217 qua
889 1146 1047 1200 etiam
1079 1144 1275 1198 dictum
1305 1151 1386 1198 est
1419 1161 1432 1195 :
1469 1141 1725 1196 Pertendit
1754 1158 1786 1194 a

236 1242 324 1316 ﬁne
345 1260 480 1311 usque
501 1243 565 1295 ad
600 1242 768 1311 ﬁnem
792 1239 990 1311 fortiter
1009 1278 1026 1304 ,
1059 1245 1105 1291 et
1131 1236 1353 1306 disponit
1375 1236 1547 1289 omnia
1569 1235 1787 1290 suaviter

240 1337 369 1410 (Sep.
395 1351 473 1390 rut
494 1375 505 1397 ,
539 1334 611 1404 1).

298 1427 346 1481 3.
369 1424 499 1493 Quod
527 1431 706 1477 autem
739 1435 838 1492 per
864 1418 1161 1474 animarum
1193 1415 1479 1470 ministeria
1507 1414 1617 1468 suis
1656 1412 1786 1483 legi—

240 1517 326 1572 bus
350 1515 605 1570 servientia
639 1513 786 1567 Deus
818 1510 1036 1581 puniat,
1067 1516 1120 1562 et
1155 1507 1314 1576 digne
1341 1506 1495 1576 digna
1530 1503 1786 1573 supplicia

238 1610 485 1673 retribuat,
513 1622 633 1662 cum
686 1605 803 1674 ipse
844 1600 1310 1671 tranquillissimus
1346 1608 1584 1660 maneat,
1634 1609 1787 1665 aper-

237 1701 409 1755 tissime
432 1699 499 1752 ita
522 1696 783 1766 scriptum
815 1700 897 1747 εει
919 1710 932 1745 :
962 1690 1141 1761 Ipsum
1163 1704 1357 1761 quoque
1381 1688 1467 1758 qui
1494 1685 1662 1756 puniri
1687 1702 1787 1738 non

234 1791 411 1855 debeat,
440 1788 791 1849 condemnare,
837 1793 1058 1837 uterum
1096 1780 1313 1835 restituas
1348 1778 1364 1809 ³
1394 1794 1425 1830 a
1463 1786 1551 1830 tua
1588 1777 1783 1828 virtute.

243 1883 391 1937 Virtus
421 1882 547 1935 enim
586 1888 673 1933 tua
705 1875 926 1947 justitite
967 1873 1169 1926 initium
1210 1880 1322 1936 est;
1362 1879 1404 1922 et
1434 1869 1494 1921 ob
1528 1868 1622 1921 hoc
1654 1865 1789 1937 quod

237 1975 428 2027 omnium
468 1970 715 2025 Dominus
760 1983 841 2031 es,
888 1962 1115 2018 omnibus
1156 1972 1203 2014 te
1240 1975 1443 2028 parcere
1477 1958 1622 2030 facis.
1669 1954 1786 2009 Vir-

234 2073 368 2117 tatem
397 2063 520 2117 enim
553 2071 607 2115 tu
640 2057 887 2121 ostendis,
916 2054 1001 2124 qui
1028 2069 1129 2107 non
1160 2050 1374 2105 crederis
1402 2066 1508 2103 esse
1536 2049 1587 2102 in
1613 2048 1791 2100 virtute

235 2160 578 2208 consummatus
597 2191 613 2216 ,
640 2148 732 2203 sed
760 2148 813 2201 in
838 2147 901 2199 iis
929 2145 1015 2216 qui
1043 2144 1207 2198 sciunt
1251 2141 1518 2194 audaciam
1543 2138 1785 2193 traducis.

234 2246 303 2301 Tu
332 2257 481 2301 autem
508 2243 759 2298 Dominus
786 2239 1028 2293 virtutum
1053 2278 1067 2302 ,
1096 2251 1209 2288 cum
1249 2232 1612 2303 tranquillitate
1638 2229 1789 2300 judi-

229 2354 336 2403 ωε,
372 2347 414 2391 et
448 2351 559 2390 cum
593 2348 785 2404 magna
826 2327 1101 2384 reverentia
1138 2324 1363 2395 disponis
1402 2340 1493 2376 nos
1539 2320 1655 2393 (Id.
1694 2336 1787 2387 xu,

230 2427 444 2500 ιε-ιε).

290 2521 338 2575 4.
364 2521 480 2575 item
507 2516 650 2588 quod
680 2514 853 2585 primo
881 2512 931 2567 in
961 2510 1185 2568 terrenis
1214 2508 1372 2563 rebus
1401 2507 1457 2561 lit
1494 2505 1688 2576 gradus
1720 2504 1791 2561 ad

230 2610 469 2665 cmlestem
496 2607 776 2678 justitiam,
807 2618 925 2674 qua:
952 2601 1063 2672 jam
1093 2598 1412 2653 firmioribus
1431 2598 1450 2627 ²
1478 2596 1787 2667 imperatur,

231 2703 458 2757 Dominus
484 2698 755 2764 ostendit,
789 2710 911 2751 cum
947 2694 1023 2747 ait
1063 2709 1076 2746 :
1109 2691 1171 2747 Si
1213 2690 1265 2743 in
1299 2688 1464 2742 alieno
1492 2686 1666 2756 fideles
1691 2702 1790 2739 non

233 2795 405 2867 fuistis,
444 2801 654 2846 uestrum
698 2787 812 2859 quis
845 2784 983 2840 dabit
1016 2782 1154 2837 vobis
1202 2779 1354 2849 (Luc.
1388 2795 1513 2842 xvr,
1548 2776 1683 2846 12)?
1726 2776 1794 2830 Et

234 2885 353 2955 quod
394 2900 484 2955 pro
522 2883 632 2940 suis
674 2878 932 2952 gradibus
972 2875 1165 2930 animus
1207 2873 1534 2938 doceantur,
1582 2878 1637 2925 et
1680 2871 1794 2939 ipse

236 2975 460 3030 Dominus
481 2974 818 3029 demonstrat
842 2968 1058 3023 dicens:
1078 2963 1131 3018 Μ
1138 2963 1242 3017 ulta
1269 2961 1425 3016 habeo
1448 2960 1584 3015 vobis
1609 2958 1793 3026 dicere;

233 3065 310 3121 sed
341 3081 462 3120 nunc
494 3081 595 3119 non
632 3062 846 3133 potestis
882 3067 1085 3127 portare
1117 3054 1210 3109 illa
1242 3052 1421 3124 (Joan.
1447 3068 1558 3117 xvr,
1586 3052 1697 3123 l2).
1728 3050 1796 3106 Et

235 3158 521 3228 Apostolus,
563 3170 684 3211 eum
730 3152 807 3205 ait
837 3168 850 3204 :
880 3147 1023 3220 Ego,
1075 3150 1293 3217 fratres,
1336 3161 1438 3198 non
1478 3143 1617 3213 potui
1658 3141 1795 3196 vobis

234 3248 354 3320 loqui
384 3248 520 3318 quasi
576 3242 965 3315 spiritualibus,
1007 3237 1095 3292 sed
1140 3236 1284 3306 quasi
1339 3232 1642 3287 carnalibus.
1689 3231 1795 3284 Lac

232 3340 351 3395 vobis
385 3349 552 3411 potum
594 3335 733 3399 dedi,
762 3349 866 3385 non
903 3344 1105 3394 escam;
1145 3342 1305 3396 neque
1347 3325 1477 3378 enim
1516 3323 1793 3394 poteratis:

229 3431 307 3487 sed
329 3448 474 3504 neque
513 3431 679 3483 adhuc
725 3424 971 3498 potestis;
1017 3420 1186 3474 adhuc
1230 3419 1363 3472 enim
1404 3418 1522 3471 estis
1564 3414 1794 3504 carnales

236 3523 276 3594 (l
299 3503 405 3579 Cor.
432 3538 505 3589 ιιι,
534 3522 587 3587 1,
609 3519 688 3589 2).
723 3515 878 3586 Quod
903 3513 1045 3569 enim
1070 3512 1121 3565 iu
1149 3510 1263 3565 istis
1284 3506 1571 3563 secundum
1600 3503 1795 3594 gradus

234 3593 345 3669 Suos
382 3622 547 3669 actum
580 3618 693 3676 est,
728 3611 829 3661 hoc
869 3606 920 3660 in
949 3604 1200 3658 universo
1227 3613 1427 3669 genere
1456 3598 1683 3651 humano
1710 3593 1795 3664 agi

234 3706 606 3776 cognoscimus,
639 3710 698 3755 ut
733 3698 836 3753 alia
866 3694 1064 3752 carnali
1110 3690 1324 3763 pepulo,
1369 3689 1472 3743 alia
1511 3686 1792 3757 spirituali,

237 3809 323 3864 pro
368 3805 654 3865 temporum
706 3785 1054 3859 congruentia
1115 3782 1451 3853 iuberentur.
1506 3777 1622 3833 Non
1668 3792 1795 3847 ergo

238 3884 408 3940 mirum
434 3886 477 3941 si
502 3885 711 3938 hostem
739 3878 910 3947 decipi
936 3876 1151 3946 dignum
1175 3872 1196 3902 ³
1223 3870 1467 3939 decipere
1486 3867 1623 3938 jussi
1648 3875 1793 3933 sunt,

238 3977 318 4049 qui
356 3986 497 4033 erant
536 3976 714 4033 adhuc
755 3971 900 4041 digni
944 3968 1154 4023 hostem
1192 3963 1458 4033 decipere.
1508 3960 1621 4016 Non
1653 3961 1796 4015 enim

238 4068 333 4138 jam
358 4079 500 4125 erant
540 4065 723 4123 idonei
760 4062 956 4134 quibus
994 4059 1289 4121 diceretur,
1327 4052 1531 4124 Diligite
1568 4052 1797 4105 inimicos

242 4170 443 4224 vestros;
489 4160 580 4215 sed
639 4155 775 4211 tales
836 4158 986 4208 erant
1037 4148 1227 4220 quibus
1280 4141 1648 4199 tantummodo
1692 4141 1797 4196 dici

243 4260 487 4320 oporteret
512 4250 562 4319 δ,
592 4249 789 4319 Diliges
818 4243 1103 4316 proximum
1132 4252 1293 4305 tuum,
1331 4246 1375 4290 et
1419 4236 1584 4289 oderis
1624 4234 1797 4287 inimi-

244 4359 343 4396 cum
378 4354 507 4397 tuum
540 4340 763 4416 (Matth.
792 4353 847 4404 ν,
879 4337 972 4401 44,
999 4333 1114 4403 45).
1146 4330 1334 4385 Adhuc
1361 4328 1502 4382 enim
1541 4325 1630 4379 illc
1670 4338 1796 4395 pro-

246 4434 397 4490 ximus
422 4452 574 4506 quam
601 4435 708 4488 late
748 4425 1122 4498 intelligendus
1152 4431 1293 4478 esset
1316 4462 1330 4487 ,
1370 4434 1476 4474 non
1514 4425 1629 4473 erat
1663 4426 1799 4471 tem.

248 4528 374 4594 poris
400 4528 615 4583 tradere.
650 4521 923 4579 luchoatio
964 4534 1094 4588 ergo
1123 4514 1364 4586 quredam
1402 4510 1542 4566 facta
1582 4518 1662 4565 est
1700 4508 1798 4563 sub

250 4618 523 4690 paedagogo,
574 4627 634 4672 ιιι
682 4614 934 4685 magistro
979 4607 1235 4681 perfectio
1279 4616 1582 4660 servaretur
1622 4620 1635 4655 :
1678 4615 1800 4656 cum

252 4716 405 4764 tamen
446 4712 581 4765 idem
615 4708 776 4772 Deus,
819 4714 875 4759 et
914 4701 1256 4773 picdagogum
1299 4695 1531 4767 parvulis
1572 4692 1798 4759 dederit,

254 4798 398 4869 legem
438 4803 574 4855 illam
618 4800 823 4854 scilicet
861 4810 956 4866 per
1004 4792 1253 4846 famulum
1284 4802 1477 4852 suum;
1532 4794 1586 4841 et
1632 4784 1799 4854 magi-

254 4898 399 4945 strum
435 4888 801 4962 grandioribus
823 4885 879 4953 5,
911 4884 962 4938 id
1003 4891 1122 4945 est,
1158 4877 1497 4949 Evangelium
1538 4890 1633 4946 per
1666 4872 1801 4930 Uni-

256 4995 358 5037 cum
382 4998 543 5037 suum.

308 5158 324 5189 ¹
347 5163 432 5208 Rat.
468 5166 518 5208 et
544 5165 677 5216 t.ov.,
726 5154 828 5218 qui
843 5151 1005 5213 puniri
1037 5149 1226 5218 debeat,
1260 5145 1566 5218 condemns,
1598 5150 1645 5195 et
1674 5150 1805 5196 exte-

253 5220 613 5284 rltncaa'stimas.
652 5210 974 5284 timendapmr
1002 5212 1078 5284 ad”
1100 5219 1176 5284 Er:
1210 5218 1268 5284 et
1293 5210 1351 5258 ad

306 5267 665 5339 ιὰῗᾶϊόὴη
703 5290 816 5341 qua:
842 5276 951 5337 jam
993 5270 1354 5339 inﬁrmioribus.
1412 5270 1582 5319 verius
1620 5267 1804 5331 aliquot

306 5352 357 5381 &_
378 5357 480 5381 mur
498 5343 595 5381 inm
623 5339 931 5381 ﬁrmiorims.
967 5345 1055 5381 Aut
1096 5337 1216 5381 εἱειιι
1241 5333 1434 5381 cuidam
1478 5332 1654 5381 codex.
1710 5342 1804 5380 non

252 5346 480 5415 Imaque:
505 5343 597 5393 'am
619 5333 931 5407 firnlioriiius.
967 5333 1055 5386 Aut
1096 5337 1216 5385 sicut
1241 5333 1434 5403 quidam
1478 5333 1654 5403 codex,
1710 5342 1800 5380 non

590 5399 1322 5469 imperatur.—t.ugd._etveu.,
1341 5390 1701 5458 mﬁrnuortbus.
1746 5400 1800 5439 M.

300 5456 428 5536 fw»
450 5456 500 5519 ει
516 5456 752 5536 ριυτίίίρθ.
770 5473 895 5536 Νεε-ν
919 5456 1194 5536 άςσῖξηιὲρηε
1215 5456 1514 5536 Μηνᾶς.--

297 5514 752 5591 δὲῖιῗέἶὶῖιῖξᾶίεὶ
785 5514 983 5590 poterat.
1017 5514 1071 5571 A't
1092 5528 1188 5571 ttat.
1213 5514 1516 5582 et'jlerique
1539 5523 1667 5575 Mss.,
1702 5514 1804 5565 dici

241 5599 473 5707 Ἢρὲ
497 5662 630 5715 Lov.,
655 5646 984 5714 magisterium
1000 5642 1352 5711 grandioribus.
1375 5640 1678 5703 Reponimus,
1704 5650 1801 5686 ma-

1893 324 2023 381 LIV.
2064 325 2141 380 De
2177 342 2233 381 eo
2271 328 2406 395 quod
2444 329 2683 398 scriptum
2721 338 2813 396 est,
2852 329 2976 383 Mihi
3006 338 3180 384 autent
3226 327 3472 385 adiuero-

1970 432 2031 472 re
2058 415 2170 472 Deo
2200 417 2395 472 bonum
2427 427 2507 473 est
2538 417 2709 487 (Psal.
2736 436 2901 485 Lxxu,
2927 419 3051 489 28).

1965 507 2134 564 Omne
2171 509 2313 578 quod
2345 518 2428 564 est
2447 552 2462 577 ,
2491 520 2583 565 aut
2610 511 2798 566 eodem
2828 512 2988 566 modo
3017 527 3229 582 semper
3251 521 3350 578 est,
3384 524 3477 570 aut

1892 613 2019 652 non.
2062 600 2128 653 Et
2157 601 2332 654 omnis
2359 601 2535 654 anima
2574 601 2719 656 omni
2751 617 2973 672 corpore
3004 603 3192 657 melior
3214 612 3319 658 est.
3363 604 3475 658 Me-

1894 686 1996 741 lius
2037 698 2121 743 est
2164 691 2307 744 enim
2354 706 2513 745 omne
2557 691 2698 759 quod
2741 692 2989 759 viviﬁcat,
3032 708 3191 762 quam
3238 693 3290 747 id
3334 696 3473 763 quod

1890 777 2186 833 viviﬁcatur
2218 797 2230 832 ε
2260 794 2455 849 corpus
2478 791 2655 836 autem
2686 783 2754 836 ab
2780 781 2955 836 anima
2985 783 3269 847 viviticari,
3300 799 3407 838 non
3442 799 3472 838 a

1890 882 2115 937 corpore
2139 871 2399 936 animam,
2432 886 2589 926 nemo
2614 872 2834 941 ambigit
2861 873 2899 924 ί.
2944 873 3092 941 Quod
3132 882 3310 928 autem
3348 889 3472 929 cor-

1890 973 1989 1028 pus
2020 974 2123 1013 non
2155 970 2256 1027 est,
2288 969 2343 1014 et
2371 969 2546 1016 tamen
2573 961 2770 1031 aliquid
2799 970 2902 1029 est,
2929 972 3022 1017 aut
3047 964 3220 1017 anima
3253 973 3354 1031 est,
3380 972 3472 1019 aut

1890 1064 1951 1103 ea
1979 1050 2168 1104 melius
2195 1051 2413 1121 aliquid.
2447 1052 2690 1107 Dcterius
2718 1053 2859 1108 enim
2892 1054 3035 1107 omni
3073 1069 3297 1124 corpore
3338 1055 3468 1110 nihil

1891 1149 1972 1195 est
2000 1157 2013 1192 :
2045 1141 2167 1212 quia
2211 1150 2265 1196 ct
2305 1142 2349 1196 si
2396 1143 2672 1197 materiam
2716 1145 2834 1214 quis
2860 1144 3087 1213 dixerit,
3130 1146 3269 1201 unde
3297 1147 3467 1216 ipsum

1889 1245 2083 1303 corpus
2125 1231 2218 1298 tit;
2266 1242 2432 1301 recte,
2473 1236 2722 1304 quoniam
2760 1245 2906 1291 caret
2930 1239 3072 1291 omni
3111 1240 3311 1308 specie,
3339 1240 3471 1294 nihil

1890 1321 2100 1375 dicitur.
2132 1322 2336 1377 Rursus
2360 1324 2499 1378 inter
2530 1339 2721 1393 corpus
2752 1334 2806 1378 et
2833 1326 3083 1391 animam,
3113 1328 3254 1397 quod
3280 1330 3472 1384 melius

1889 1412 1958 1465 sit
1996 1426 2242 1482 corpore,
2275 1413 2509 1469 deterius
2550 1416 2746 1478 anima,
2779 1432 2883 1470 non
2913 1416 3199 1473 invenitur.
3246 1419 3302 1475 Si
3343 1418 3471 1491 quid

1889 1502 2030 1555 enim
2060 1512 2203 1557 esset
2231 1503 2497 1571 medium,
2527 1513 2617 1559 aut
2646 1504 3009 1561 viviﬁcaretur
3034 1508 3101 1562 ab
3128 1509 3302 1563 anima
3322 1551 3336 1574 ,
3382 1518 3473 1565 aut

1890 1592 2184 1649 viviﬁcarct
2241 1596 2511 1662 animam,
2563 1604 2655 1651 aut
2699 1607 2947 1653 neutrum
2991 1617 3004 1652 :
3047 1608 3139 1654 aut
3182 1600 3473 1657 viviﬁcaret

1890 1698 2102 1752 corpus,
2132 1693 2223 1738 aut
2253 1686 2606 1741 viviticaretur
2645 1702 2674 1741 a
2700 1702 2953 1756 corpore,
2984 1697 3074 1743 aut
3102 1700 3369 1745 neutrum.
3402 1690 3473 1745 At

1890 1772 2144 1844 quidquid
2185 1775 2487 1830 viviﬁcatur
2522 1778 2588 1832 ab
2627 1778 2836 1843 anima,
2876 1794 3068 1847 corpus
3104 1788 3187 1834 est
3215 1798 3225 1832 :
3258 1781 3303 1835 si
3347 1781 3474 1852 quid

1892 1874 2069 1920 autem
2116 1866 2348 1921 viviticat
2389 1868 2619 1921 animam
2646 1910 2660 1933 ,
2709 1869 2900 1924 melius
2948 1881 3028 1924 est
3073 1886 3230 1939 quam
3274 1871 3472 1926 anima.

1893 1955 2122 2010 Rursum
2167 1972 2272 2027 quo
2314 1958 2615 2014 viviﬁcatur
2663 1975 2877 2029 corpus,
2924 1961 3098 2015 anima
3148 1971 3229 2017 est
3273 1980 3286 2017 :
3335 1963 3475 2033 quod

1892 2047 2188 2102 viviﬁcatur
2232 2064 2263 2103 a
2312 2064 2568 2120 corpore,
2618 2051 2746 2105 nihil
2792 2060 2892 2107 εει.
2937 2051 3191 2108 Neutrum
3222 2069 3370 2120 vero,
3416 2055 3470 2110 id

1892 2148 1991 2206 est,
2020 2140 2215 2196 nullius
2237 2142 2357 2196 vitae
2386 2143 2626 2213 indigens
2651 2145 2670 2175 ²
2698 2145 3005 2215 nullamque
3026 2147 3183 2202 vitam
3213 2149 3474 2219 tribuens,

1893 2240 1983 2285 aut
2017 2232 2234 2286 omnino
2262 2233 2390 2286 nihil
2418 2243 2518 2299 est,
2545 2244 2635 2288 aut
2661 2235 2859 2304 aliquid
2884 2244 2938 2291 et
2959 2251 3190 2306 corpore
3214 2247 3268 2294 et
3296 2240 3473 2295 anima

1890 2324 2105 2379 melius.
2149 2324 2256 2379 Sed
2301 2334 2475 2379 utrum
2506 2326 2631 2397 quid
2676 2329 2779 2380 tale
2826 2327 2994 2395 sitgin
3043 2344 3221 2384 rerum
3267 2340 3475 2398 natura,

1894 2414 1995 2468 alia
2026 2416 2250 2485 quaestio
2294 2424 2396 2471 est.
2448 2417 2598 2472 Nunc
2641 2418 2851 2472 interim
2880 2421 3019 2475 ratio
3045 2423 3305 2492 comperit
3347 2423 3479 2479 nihil

1895 2507 2034 2564 inter
2060 2525 2252 2579 corpus
2286 2517 2341 2565 et
2382 2511 2612 2566 animam
2639 2526 2791 2575 esse,
2828 2512 2967 2581 quod
3003 2514 3072 2568 sit
3097 2530 3321 2585 corpore
3362 2531 3480 2570 me»

1896 2600 2019 2666 lius,
2053 2600 2230 2654 anima
2256 2601 2513 2656 deterius.
2563 2601 2712 2669 Quod
2760 2612 2936 2658 autem
2986 2612 3072 2658 est
3116 2605 3260 2660 omni
3302 2606 3480 2661 anima

1897 2691 2126 2754 melius,
2172 2691 2222 2744 id
2271 2692 2435 2746 Deum
2480 2691 2705 2745 dicimus
2745 2690 2860 2763 (a);
2907 2694 3027 2758 cui,
3078 2695 3314 2765 quisquis
3358 2712 3479 2751 cum

1898 2780 2163 2850 intelligit,
2199 2781 2417 2850 junctus
2456 2791 2556 2835 est.
2602 2780 2753 2847 Quod
2779 2783 2921 2835 enim
2963 2782 3271 2855 intelligitur
3296 2801 3479 2840 verum

1896 2881 1979 2926 est
2004 2913 2017 2935 ,
2051 2886 2151 2927 nec
2192 2887 2350 2927 omne
2380 2872 2520 2942 quod
2567 2872 2803 2928 creditur
2832 2889 3016 2928 verum
3061 2885 3163 2930 εει.
3212 2876 3481 2947 Quidquid

1897 2972 2072 3018 autem
2100 2978 2285 3017 verum
2329 2971 2443 3028 est,
2494 2971 2651 3033 atque
2690 2978 2721 3017 a
2764 2965 3011 3020 sensibus
3038 2975 3092 3021 et
3128 2981 3159 3020 a
3191 2976 3370 3024 mente
3394 2985 3485 3025 se-

1892 3054 2138 3125 junctum
2184 3064 2300 3123 est,
2341 3056 2489 3111 credi
2531 3064 2753 3120 tantum,
2798 3072 2903 3111 non
2948 3065 3123 3113 tamen
3165 3061 3347 3116 sentiri
3393 3073 3485 3117 aut

1900 3144 2121 3214 intelligi
2151 3153 2341 3214 potest.
2368 3145 2480 3199 Deo
2508 3146 2665 3215 igitur
2684 3145 2929 3214 junctum
2962 3156 3043 3202 est
3069 3148 3208 3218 quod
3239 3150 3484 3221 intelligit

1900 3232 2088 3287 Deum.
2122 3234 2372 3304 Intelligit
2400 3244 2578 3289 autem
2605 3235 2881 3289 rationalis
2921 3236 3095 3290 anima
3129 3238 3313 3291 Deum.
3346 3239 3481 3296 Nam

1899 3325 2142 3396 intelligit
2188 3324 2328 3395 quod
2372 3340 2589 3396 semper
2634 3326 2894 3395 ejusmodi
2940 3338 3054 3395 est,
3106 3345 3275 3400 neque
3319 3333 3482 3388 ullam

1900 3415 2096 3484 patitur
2141 3415 2511 3471 mutationem.
2565 3418 2634 3471 At
2681 3425 2736 3472 et
2783 3432 2976 3487 corpus
3026 3434 3122 3488 per
3172 3429 3381 3491 tempus
3429 3433 3485 3480 et

1900 3507 2068 3573 locos,
2115 3516 2171 3562 et
2199 3508 2375 3561 anima
2404 3508 2516 3577 ipsa
2546 3508 2841 3573 rationalis,
2871 3511 3011 3579 quod
3059 3512 3346 3581 aliquando
3396 3529 3483 3570 sa-

1900 3603 2080 3672 piens,
2109 3600 2393 3672 aliquando
2421 3602 2579 3655 stulta
2606 3610 2708 3666 est,
2730 3603 3075 3657 mutationem
3095 3606 3306 3673 patitur.
3331 3607 3483 3673 Quod

1901 3704 2079 3749 autem
2106 3708 2318 3764 semper
2358 3693 2547 3748 eodem
2589 3693 2749 3748 modo
2774 3704 2873 3757 est,
2907 3696 3096 3750 melius
3126 3696 3363 3766 profecto
3401 3709 3486 3754 est

1900 3801 2057 3855 quam
2105 3784 2155 3839 id
2182 3784 2320 3854 quod
2361 3799 2469 3839 non
2508 3785 2577 3838 ita
2599 3792 2700 3838 est.
2723 3783 2831 3838 Nec
2852 3784 3134 3856 quidquam
3170 3796 3251 3841 est
3290 3790 3485 3845 melius

1900 3875 2143 3930 rationali
2199 3874 2411 3939 anima,
2456 3875 2558 3928 nisi
2618 3874 2782 3928 Deus.
2842 3876 2973 3929 Cum
3030 3876 3186 3947 igitur
3239 3878 3487 3951 intelligit

1900 3967 2099 4038 aliquid
2130 3965 2272 4036 quod
2300 3981 2513 4036 semper
2537 3965 2725 4021 eodem
2752 3964 2912 4019 modo
2938 3980 3058 4021 sese
3094 3967 3279 4033 habet,
3310 3971 3484 4040 ipsum

1901 4058 2018 4113 sine
2062 4056 2223 4111 dubio
2266 4056 2531 4126 intelligit.
2583 4054 2709 4109 Haec
2755 4063 2930 4109 autem
2982 4062 3065 4110 est
3108 4058 3217 4125 ipsa
3247 4060 3483 4127 veritas;

1902 4148 1988 4203 cui
2032 4148 2155 4218 quia
2199 4147 2540 4217 intelligendo
2582 4145 2756 4198 anima
2806 4145 3078 4198 rationalis
3116 4146 3383 4216 jungitur,
3431 4161 3486 4206 et

1904 4240 2005 4295 hoc
2046 4239 2241 4292 bonum
2281 4246 2363 4292 est
2400 4237 2610 4301 animre,
2641 4244 2787 4289 recte
2810 4235 3069 4303 accipitur
3093 4235 3143 4290 id
3187 4251 3304 4291 esse
3340 4242 3483 4308 quod

1903 4332 2102 4388 dictum
2143 4339 2256 4395 est,
2288 4329 2418 4382 Mihi
2452 4338 2617 4382 autem
2645 4328 2903 4382 adhwrere
2931 4325 3039 4382 Deo
3064 4329 3248 4382 bonum
3283 4340 3372 4385 est.

1906 4422 2012 4479 LV.
2044 4421 2121 4475 De
2158 4437 2214 4475 eo
2249 4420 2383 4489 quod
2407 4421 2647 4490 scriptum
2674 4430 2766 4485 cst,
2789 4417 3071 4488 Sexaginta
3110 4428 3232 4474 sunt
3259 4422 3478 4491 reginae,

1977 4514 2242 4585 octoginta
2308 4510 2652 4576 concubium,
2705 4520 2759 4563 et
2796 4508 3206 4563 adulescentula:
3256 4524 3481 4580 quarum

1981 4624 2085 4665 non
2118 4615 2200 4663 est
2230 4620 2481 4661 numerus
2506 4602 2677 4676 (Cant.
2705 4619 2776 4667 γι,
2806 4602 2882 4670 7).

1978 4699 2238 4756 Denarius
2282 4710 2535 4752 numerus
2577 4703 2751 4765 potest
2789 4692 3088 4763 significare
3127 4694 3487 4754 universitatis

1909 4792 2205 4848 scientiam.
2233 4789 2365 4858 Quae
2390 4788 2436 4842 si
2465 4787 2530 4842 ad
2574 4787 2825 4840 interiora
2868 4794 2923 4839 et
2965 4785 3307 4859 intelligibilia
3347 4790 3488 4847 refe-

1908 4896 2055 4942 ratur
2079 4927 2092 4951 ,
2132 4898 2252 4953 qua:
2293 4882 2504 4938 senario
2542 4894 2765 4934 numero
2803 4878 3204 4949 signiﬁcantur,
3250 4883 3306 4936 lit
3335 4886 3487 4953 quasi

1910 4978 2086 5033 decies
2118 4976 2291 5029 sexies
2313 5014 2329 5040 ,
2360 4972 2500 5043 quod
2530 4982 2613 5025 est
2638 4970 2908 5040 sexaginta
2946 4988 2959 5022 :
2989 4971 3036 5025 si
3077 4971 3142 5026 ad
3185 4981 3392 5028 terrena
3434 4985 3492 5031 et

1908 5067 2298 5138 corruptibilis,
2330 5081 2447 5136 qua:
2484 5063 2760 5118 octonario
2801 5078 3022 5117 numero
3061 5064 3340 5135 significari
3366 5082 3491 5136 pos-

1907 5206 2130 5266 gtstrum,
2151 5204 2327 5266 ex__tta_t_
2362 5204 2413 5247 et
2434 5194 2677 5247 nonnullis
2699 5196 3017 5266 Mss.——}.ugd.
3039 5204 3092 5248 et
3108 5206 3246 5261 Ven.,
3263 5201 3489 5263 magiae-

1909 5258 2038 5313 i'ium
2058 5258 2415 5318 grandioribus,
2433 5266 2488 5308 ut
2511 5266 2583 5306 Er.
2610 5267 2661 5308 ct
2680 5266 2787 5308 ων.
2853 5265 2911 5306 u.

1974 5326 1991 5357 ³
2013 5318 2343 5394 Aliquotptss”
2368 5334 2541 5394 corpus
2562 5327 2729 5394 autern
2744 5318 2805 5369 ab
3020 5320 3315 5390 _t~itviﬁcatur,
3340 5335 3434 5394 non
3457 5338 3491 5374 α

1909 5381 2307 5456 corpore'quima.
2350 5389 2407 5433 ot
2436 5381 2587 5446 igitur
2616 5381 2784 5432 melior
2807 5381 2866 5432 sit
2901 5381 3029 5432 omni
3068 5381 3265 5445 corpore
3296 5383 3483 5445 anima,

1908 5448 2432 5571 mglgomﬁgm
2452 5513 2705 5569 :corrupte
2723 5518 2779 5557 ac
2808 5504 3191 5567 repugnantibus
3208 5503 3352 5554 editis
3372 5505 3483 5558 altis

1912 5579 1961 5623 et
1979 5579 2084 5621 Mss.

1973 5635 2045 5697 (tt)
2082 5641 2094 5681 1
2120 5640 2320 5684 ιὶειιιιει.
2346 5642 2450 5695 cap.
2476 5629 2551 5679 9.5.
