3996 6282
517 193 586 248 .‘59
1298 195 1384 252 DE
1423 193 1733 256 DIVERSIS
1770 183 2289 269 QUESTIONIDUS
2327 204 2606 275 LXXXIII,
2646 203 2702 266 S.
2746 206 3107 272 AUGUSTINI
3202 235 3210 245 ε
3752 219 3838 288 ω

517 318 659 374 sunt,
693 308 824 364 ﬁunt
851 309 1030 366 decies
1053 311 1240 376 octies,
1283 312 1422 383 quod
1450 323 1534 370 est
1564 316 1852 387 octoginta.
1879 316 2096 388 Reginae

459 454 464 478 π
515 417 684 473 ergo,
729 415 851 458 sunt
897 403 1088 458 animae
1133 415 1416 475 regnantes
1470 407 1521 461 in
1574 407 1987 478 intelligibilibus
2042 417 2097 464 et

453 469 463 480 ’
513 469 894 564 spiritualibus.
943 469 1284 558 Concubinte,
1326 513 1445 567 qua:
1482 469 1790 553 mercedem
1831 500 2097 568 accipiunt

515 595 868 650 terrenarum,
898 584 966 639 de
1001 585 1192 654 quibus
1218 584 1418 642 dictum
1459 597 1562 652 est,
1605 589 1920 659 Acceperunt
1961 605 2093 640 mer-

511 676 679 730 cedem
724 692 866 731 suam
915 675 1122 747 (Matth.
1150 693 1238 742 VI,
1265 677 1356 748 2).
1401 677 1826 733 Adolescentula:
1869 694 2093 749 quarum

513 785 618 822 non
643 776 725 824 est
747 784 1021 835 numerus,
1049 785 1270 840 quarum
1298 785 1402 824 non
1433 777 1518 824 est
1541 770 1891 825 determinata
1915 771 2092 825 scien-

511 859 616 924 tia,
661 867 715 913 et
748 859 973 913 diversis
1015 859 1348 931 dogmatibus
1386 860 1675 930 periclitari
1721 869 1943 930 possunt
1981 877 1992 913 :
2037 868 2094 914 ut

511 963 784 1016 numerus,
825 948 967 1018 quod
999 949 1199 1004 dictum
1239 958 1350 1015 est,
1379 948 1639 1018 signiﬁcet
1662 959 1869 1005 certam
1909 959 1963 1004 et
2009 951 2089 1004 in-

509 1039 800 1094 dubitatam
842 1040 1301 1094 conﬁrmationem
1340 1039 1595 1092 εείειιιίιε.

578 1153 709 1208 LVI.
761 1152 838 1206 De
877 1152 1022 1206 annis
1059 1151 1399 1221 quadraginta
1434 1168 1520 1206 sca:
1547 1152 1789 1221 aedi/itali
1823 1155 2015 1226 templi.

579 1244 717 1307 Sex,
761 1259 986 1308 novem,
1026 1241 1333 1306 duodecim,
1370 1241 1553 1296 decem
1595 1251 1646 1295 et
1684 1251 1837 1306 octo,
1882 1239 1998 1298 hi‘C
2037 1244 2087 1298 in

507 1353 670 1391 unum
711 1337 840 1389 ﬁunt
868 1337 884 1366 ¹
913 1335 1261 1405 quadraginta
1302 1335 1554 1404 quinque.
1587 1334 1734 1390 Adde
1761 1351 1886 1406 ergo
1916 1335 2087 1406 ipsum

508 1443 713 1493 unum,
757 1425 889 1480 ﬁunt
943 1426 1295 1495 quadraginta
1349 1439 1440 1479 sex
1486 1442 1498 1476 :
1543 1425 1643 1480 hoc
1699 1427 1906 1491 sexies,
1957 1429 2090 1482 ﬁunt

505 1520 730 1574 ducenta
778 1516 1110 1586 septuaginta
1160 1530 1275 1570 sex.
1342 1515 1544 1569 Dicitur
1588 1525 1764 1570 autem
1811 1519 2088 1586 conceptio

511 1611 739 1665 humana
775 1609 850 1662 sic
887 1606 1175 1678 procedere
1213 1616 1267 1662 et
1297 1606 1500 1676 perﬁci,
1530 1616 1589 1661 ut
1628 1607 1812 1677 primis
1842 1623 1933 1662 sex
1976 1608 2085 1663 dic-

504 1704 602 1757 bus
640 1702 790 1772 quasi
835 1701 986 1756 lactis
1031 1699 1227 1754 habeat
1271 1698 1696 1766 similitudinem,
1740 1701 2086 1771 sequentibus

503 1809 693 1850 novem
750 1793 939 1848 diebus
984 1799 1330 1846 convertatur
1379 1791 1430 1845 in
1483 1791 1837 1861 sanguinem,
1892 1791 2086 1848 deinde

501 1886 779 1942 duodecim
827 1883 1012 1939 diebus
1059 1881 1336 1948 solidetur,
1391 1881 1608 1951 reliquis
1646 1881 1831 1936 decem
1873 1889 1927 1938 et
1965 1891 2086 1937 octo

501 1978 690 2034 diebus
719 1976 977 2031 formetur
1014 1988 1180 2044 usque
1229 1971 1295 2028 ad
1335 1972 1564 2043 perfecta
1597 1973 1917 2028 lineamenta
1965 1987 2084 2028 om-

503 2071 648 2125 nium
668 2067 1043 2129 membrorum,
1064 2073 1119 2120 et
1144 2064 1273 2118 hinc
1296 2064 1406 2133 jam
1435 2064 1638 2134 reliquo
1654 2072 1892 2134 tempore
1919 2077 2085 2135 usque

501 2161 569 2215 ad
599 2169 809 2228 tempus
837 2167 1015 2227 partus
1041 2153 1404 2225 magnitudine
1429 2164 1698 2225 augeatur.
1728 2153 2084 2224 Quadraginta

500 2267 629 2324 ergo
655 2251 884 2322 quinque
908 2249 1094 2302 diebus
1122 2246 1299 2301 addito
1329 2261 1455 2311 uno,
1488 2245 1626 2315 quod
1652 2243 1912 2316 signiﬁcat
1941 2260 2085 2300 sum-

498 2359 642 2399 mam
682 2359 695 2395 :
729 2341 847 2412 quia
877 2355 971 2394 sex
999 2346 1271 2393 etnoch
1312 2343 1366 2390 ct
1405 2335 1684 2390 duodecim
1725 2343 1778 2389 ct
1819 2335 2000 2390 decem
2031 2343 2086 2389 et

498 2445 623 2492 octo
667 2433 720 2489 in
767 2448 928 2488 unum
973 2429 1190 2493 coactis,
1242 2428 1377 2483 ﬁunt
1421 2426 1765 2498 quadraginta
1803 2425 2079 2498 quinque:

499 2527 679 2582 addito
721 2539 868 2596 ergo,
915 2532 973 2578 ut
999 2523 1200 2578 dictum
1252 2530 1353 2587 est,
1405 2535 1532 2584 uno,
1566 2519 1697 2574 ﬁunt
1737 2520 2082 2589 quadraginta

501 2635 614 2674 sex.
661 2616 760 2685 Qui
805 2631 924 2670 cum
972 2614 1168 2669 fuerint
1210 2611 1542 2681 multiplicati
1589 2627 1682 2681 per
1720 2613 1891 2682 ipsum
1921 2627 2079 2667 sena-

497 2709 634 2765 rium
667 2722 964 2770 numerum,
999 2705 1088 2774 qni
1133 2703 1290 2773 hujus
1333 2702 1682 2756 ordinationis
1709 2709 1867 2771 caput
1913 2711 2077 2766 tenet,

499 2800 632 2855 ﬁunt
660 2799 868 2854 ducenti
900 2795 1233 2866 septuaginta
1262 2809 1362 2850 sex
1395 2813 1408 2848 :
1440 2794 1491 2848 id
1515 2803 1615 2858 est,
1648 2809 1837 2848 novem
1870 2809 2080 2850 menses

497 2900 552 2946 et
597 2905 693 2945 εει
739 2888 876 2955 dies,
927 2887 1018 2957 qui
1065 2894 1437 2955 computantur
1483 2884 1549 2938 ab
1600 2893 1787 2939 octavo
1831 2885 2080 2940 calendas

495 2981 700 3052 aprilis,
745 2994 852 3050 quo
901 2977 988 3033 die
1033 2983 1322 3046 conceptus
1361 2973 1617 3028 Dominus
1654 2975 1903 3038 creditur,
1955 2976 2077 3045 quia

495 3072 685 3129 eodem
709 3070 796 3124 die
815 3069 972 3125 etiam
1001 3081 1188 3137 passus
1213 3073 1315 3132 est,
1344 3079 1510 3134 usque
1537 3064 1602 3118 ad
1627 3075 1868 3120 octavum
1900 3067 2077 3120 calen-

495 3165 591 3220 das
616 3162 913 3234 ianuarias,
958 3175 1064 3230 quo
1101 3159 1190 3214 die
1228 3165 1380 3212 natus
1411 3166 1511 3212 est.
1553 3155 1668 3211 Non
1694 3171 1819 3227 ergo
1848 3157 2075 3214 absurde

496 3256 838 3327 quadraginta
879 3269 972 3309 sex
1013 3251 1169 3305 annis
1210 3249 1403 3304 dicitur
1439 3248 1750 3304 fabricatum
1792 3265 1910 3305 esse
1942 3260 2074 3306 tem-

494 3350 660 3418 plum,
688 3346 825 3416 quod
845 3359 1039 3413 corpus
1065 3340 1180 3412 ejus
1200 3342 1529 3412 signiﬁcabat
1545 3341 1725 3413 '(Jaan.
1750 3359 1806 3404 ιι,
1829 3343 1919 3410 20,
1942 3344 2031 3417 2i)
2057 3364 2070 3399 :

493 3449 548 3493 ut
577 3447 706 3509 quot
731 3436 855 3491 anni
887 3436 1099 3490 fuerunt
1130 3435 1182 3487 in
1225 3431 1569 3488 fabricatione
1600 3433 1812 3502 templi,
1847 3445 1922 3490 tot
1958 3436 2072 3492 dies

491 3530 686 3586 fuerint
717 3529 769 3583 in
796 3527 1035 3598 corporis
1065 3524 1324 3581 Dominici
1353 3524 1674 3614 perfectione
1704 3522 1802 3598 (α).

559 3646 714 3700 LVII.
760 3644 834 3699 De
875 3653 1073 3698 centum
1111 3643 1482 3714 quinquaginta
1517 3641 1676 3696 tribus
1720 3641 1959 3713 piscibus.

560 3741 612 3794 l.
648 3738 829 3792 Omnia
854 3745 1042 3803 vestra,
1074 3752 1158 3790 vos
1199 3744 1368 3789 autem
1399 3734 1615 3801 Christi,
1649 3733 1877 3791 Christus
1903 3745 2068 3791 autem

487 3835 581 3889 Dei
610 3833 652 3905 (I
681 3833 799 3889 Cor.
829 3848 919 3899 ιιι,
944 3831 1044 3894 22,
1069 3831 1185 3900 2'5).
1217 3830 1274 3885 Si
1313 3845 1342 3883 a
1390 3830 1562 3900 capite
1589 3838 1954 3896 numerentur,
1988 3831 2070 3884 in-

486 3927 768 3983 veniuntur
811 3941 970 3980 unum
994 3965 1008 3988 ,
1041 3923 1178 3988 duo,
1215 3923 1312 3977 tria
1336 3964 1349 3986 ,
1401 3931 1645 3994 quatuor.
1697 3921 1826 3977 Item
1860 3941 1872 3977 :
1902 3921 2068 3990 Caput

483 4018 706 4073 mulieris
747 4017 842 4083 vir,
891 4026 1040 4085 caput
1081 4015 1173 4069 viri
1205 4015 1451 4082 Christus,
1493 4025 1645 4085 caput
1686 4024 1851 4070 autem
1881 4014 2067 4070 Christi

484 4107 622 4164 Deus
651 4107 760 4179 (Id.
792 4124 869 4172 XI,
897 4108 971 4176 5).
1003 4106 1055 4162 Si
1087 4105 1276 4161 eodem
1309 4106 1466 4161 modo
1498 4117 1868 4175 numerentur,
1911 4108 2062 4163 inve-

483 4203 703 4257 niuntur
731 4200 974 4256 similiter
1004 4215 1199 4265 unum,
1243 4198 1383 4265 duo,
1417 4199 1516 4254 tria
1542 4208 1596 4254 et
1623 4207 1867 4270 quatuor.
1898 4201 2063 4256 Porro

481 4309 646 4348 unum
683 4300 737 4347 et
777 4291 883 4346 duo
925 4301 977 4346 ει
1021 4291 1118 4345 tria
1167 4300 1222 4346 et
1262 4300 1487 4362 quatuor
1527 4292 1683 4347 simul
1727 4293 1881 4348 ducta
1930 4295 2064 4350 ﬁunt

480 4385 686 4441 decem.
735 4385 1068 4453 Quapropter
1095 4382 1426 4452 disciplinam
1449 4424 1463 4446 ,
1503 4400 1623 4454 qua:
1666 4385 1896 4440 insinuat
1933 4403 2062 4442 con-

482 4477 708 4533 ditorem
738 4475 904 4529 Deum
935 4481 988 4528 et
1016 4473 1285 4528 conditam
1325 4483 1621 4529 creaturam
1643 4517 1659 4542 ,
1687 4485 1833 4531 recte
1862 4477 2061 4547 signiﬁ-

478 4579 565 4623 cat
611 4566 860 4622 denarius
910 4578 1185 4618 numerus.
1245 4564 1311 4619 Et
1359 4580 1482 4620 cum
1529 4581 1724 4635 corpus
1769 4568 2057 4636 perfectum

478 4669 636 4728 atque
662 4655 1120 4712 inexterminabile
1146 4656 1388 4711 subditur
1412 4657 1603 4711 animae
1632 4656 1876 4726 perfectae
1900 4669 2059 4730 atque

478 4750 924 4808 inexterminabili
944 4790 959 4814 ,
999 4763 1289 4819 rursusque
1319 4749 1431 4820 ipsa
1461 4749 1703 4805 subditur
1729 4749 1938 4806 Christo
1958 4793 1972 4816 ,
2005 4761 2058 4808 et

479 4844 567 4899 ille
596 4843 725 4907 Deo,
759 4855 863 4896 non
892 4848 1138 4910 tanquam
1169 4840 1444 4896 dissimilis
1473 4851 1561 4896 aut
1586 4844 1804 4899 alterius
1830 4853 2053 4911 naturae,

481 4935 574 4990 sed
605 4944 854 5004 tanquam
881 4931 1024 4988 Patri
1050 4932 1244 4999 Filius,
1279 4934 1378 4988 hoc
1418 4943 1581 4990 totum
1610 4937 1795 4994 eodem
1836 4955 2056 4995 numero

477 5026 696 5081 denario
726 5033 869 5080 recte
898 5023 1224 5096 signiﬁcatur
1244 5066 1259 5092 ,
1292 5027 1433 5096 quod
1462 5036 1580 5098 post
1609 5033 2052 5090 resurrectionem

477 5118 718 5189 corporis
744 5127 987 5187 speratur
1029 5117 1262 5172 futurum
1299 5119 1349 5172 in
1393 5128 1669 5175 aeternum.
1721 5124 1787 5178 Et
1830 5125 2055 5183 fortasse

478 5219 757 5282 propterea
810 5208 899 5278 qui
947 5207 1318 5263 conducuntur
1369 5208 1437 5263 ad
1480 5211 1724 5281 vineam,
1777 5215 2054 5274 denarium

477 5302 745 5372 accipiunt
789 5299 1050 5357 mercedis
1096 5301 1311 5356 nomine
1357 5299 1576 5368 (Matth.
1611 5319 1720 5374 xx,
1760 5308 1851 5381 2).
1910 5312 2054 5370 Sicut

486 5533 497 5544 ι
541 5475 557 5506 ι
583 5472 736 5533 mm,
781 5471 884 5523 hac
927 5470 979 5522 in
1025 5471 1244 5522 universo
1274 5468 1415 5535 ﬁunt.
1452 5480 1506 5526 At
1538 5475 1763 5543 plerique
1796 5491 1929 5549 Mss,
1950 5486 2056 5540 haec

476 5547 529 5585 ω
540 5547 742 5658 (ﬁtfit
766 5594 798 5642 4
817 5594 881 5644 de
897 5595 1084 5654 Trinit.,
1106 5607 1208 5656 cap.
1232 5594 1278 5642 5.

2205 325 2380 375 autem
2413 337 2575 376 unum
2617 333 2671 378 et
2711 324 2816 381 duo
2851 336 2905 382 et
2943 332 3040 385 tria
3069 340 3122 386 ct
3149 345 3374 404 quatuor
3402 339 3561 395 simul
3595 343 3829 400 decem

2203 407 2366 477 ﬁunt,
2411 411 2488 466 sic
2528 427 2691 467 unum
2739 424 2793 470 et
2835 415 2940 472 duo
2981 427 3036 474 et
3078 422 3176 476 tria
3221 432 3277 480 et
3319 437 3548 497 quatuor
3597 436 3831 504 (mater

2201 497 2360 553 ducta
2388 501 2732 572 quadraginta
2764 505 2914 560 ﬁunt.

2271 589 2324 643 2.
2355 591 2412 645 Si
2459 601 2635 646 autem
2682 600 3050 664 quaternarius
3091 615 3345 662 numerus
3392 620 3536 667 recte
3583 627 3826 684 corpus

2201 680 2481 750 signiﬁcat,
2514 694 2732 755 propter
2756 696 2980 757 quatuor
3004 694 3306 751 notissimas
3330 708 3568 770 naturas,
3591 680 3826 775 quibus

2202 779 2442 837 constat,
2489 774 2682 828 siccam
2714 787 2766 830 et
2809 777 3078 835 humidam
3099 822 3114 849 ,
3161 783 3401 856 frigidam
3432 800 3485 845 ει
3510 774 3769 849 calidam
3802 812 3821 860 ;

2200 868 2254 913 et
2285 861 2424 930 quod
2457 867 2758 934 progressio
2788 882 2815 920 a
2840 879 3034 938 puncto
3058 872 3125 927 ad
3155 874 3534 945 longitudinem
3558 923 3573 950 ,
3614 900 3650 939 a
3680 884 3823 939 lon-

2201 949 2440 1018 gitudinc
2465 953 2531 1008 ad
2562 954 2891 1013 latitudinem
2917 1003 2929 1023 ,
2973 976 3002 1014 a
3029 961 3305 1023 latitudine
3328 969 3395 1023 ad
3424 971 3818 1042 altitudinem,

2199 1041 2519 1098 soliditatem
2551 1047 2792 1116 corporis
2843 1045 3005 1120 facit,
3049 1065 3169 1124 quae
3211 1073 3394 1116 rursus
3439 1068 3821 1134 quaternario

2202 1146 2426 1188 nuner
2447 1135 2752 1192 continetur
2782 1157 2795 1192 :
2829 1154 2934 1196 non
2963 1143 3192 1202 absurde
3220 1149 3527 1223 intelligitur
3553 1158 3817 1227 quadra-

2197 1222 2448 1290 genarius
2478 1241 2730 1283 numerus
2761 1234 3106 1301 temporalem
3134 1237 3582 1309 dispensationem
3607 1247 3812 1318 signi—

2200 1315 2376 1380 ﬁcare,
2405 1333 2523 1388 qua:
2545 1336 2640 1390 pro
2663 1323 2832 1378 salute
2860 1335 3039 1382 nostra
3065 1338 3212 1399 gesta
3233 1343 3330 1400 est,
3367 1351 3488 1392 cum
3520 1340 3812 1398 Dominus

2197 1422 2390 1477 corpus
2415 1413 2733 1482 assumpsit,
2775 1424 2828 1470 et
2871 1419 3148 1476 visibiliter
3188 1423 3489 1484 hominibus
3516 1447 3811 1503 apparere

2193 1497 2438 1567 dignatus
2482 1511 2582 1556 est.
2631 1504 2800 1560 Unum
2840 1509 2980 1563 enim
3009 1521 3062 1566 ct
3087 1512 3192 1568 duo
3217 1525 3270 1570 et
3307 1519 3402 1572 tria
3432 1531 3486 1575 et
3520 1497 3803 1592 quatuor,

2191 1603 2310 1657 qua:
2367 1591 2671 1662 signiﬁcant
2725 1597 3031 1655 Creatorem
3093 1612 3147 1657 et
3204 1591 3550 1678 creaturam,
3586 1623 3810 1684 quater

2191 1677 2367 1744 ducta,
2401 1680 2454 1735 id
2476 1691 2556 1736 cst
2578 1724 2591 1747 ,
2646 1699 2742 1754 per
2775 1702 2966 1758 corpus
3002 1696 3359 1762 temporaliter
3385 1677 3798 1770 demonstrata,

2193 1769 2324 1825 ﬁunt
2369 1774 2733 1847 quadraginta.
2773 1781 2904 1837 Nam
2942 1783 3080 1839 inter
3120 1797 3344 1856 quatuor
3367 1801 3420 1846 et
3457 1804 3653 1863 quater
3683 1769 3805 1854 hoc

2191 1861 2432 1932 interest,
2461 1869 2599 1936 quod
2626 1881 2852 1941 quatuor
2875 1875 2926 1928 in
2957 1886 3095 1931 statu
3123 1889 3243 1934 sunt
3262 1923 3277 1948 ,
3304 1895 3491 1952 quater
3516 1886 3570 1940 in
3598 1891 3798 1944 motu.

2196 1949 2335 2022 Ergo
2373 1964 2428 2008 ut
2456 1967 2684 2026 quatuor
2708 1963 3011 2019 referuntur
3035 1967 3099 2021 ad
3125 1949 3353 2040 corpus,
3397 1974 3465 2028 ita
3491 1984 3695 2046 quater
3723 1973 3800 2035 ad

2189 2050 2399 2113 tempus
2431 2063 2444 2098 :
2479 2048 2877 2122 insinuaturque
2921 2068 3308 2116 sacramentum
3339 2070 3704 2134 eorporaliter
3740 2075 3801 2126 et

2188 2137 2550 2206 temporaliter
2577 2150 2801 2211 gestum,
2831 2157 3046 2218 prepter
3069 2165 3161 2206 eos
3177 2155 3262 2223 qui
3287 2165 3567 2226 corpOrum
3586 2175 3800 2220 amore

2187 2225 2438 2296 implicati
2467 2240 2638 2298 erant,
2668 2242 2723 2288 et
2748 2240 3071 2307 temporibus
3097 2243 3293 2300 subditi
3325 2248 3362 2300 ¹.
3391 2249 3798 2323 Quadragena-

2185 2321 2297 2376 rius
2323 2337 2450 2392 ergo
2479 2341 2750 2396 numerus,
2779 2341 2834 2384 ut
2859 2332 3053 2388 dictum
3078 2347 3179 2405 est,
3219 2343 3564 2410 temporalem
3597 2346 3795 2415 ipsam

2185 2409 2633 2481 dispensationem
2683 2435 2787 2473 non
2836 2423 3123 2494 incongrue
3160 2430 3459 2498 signiﬁcare
3506 2436 3791 2493 creditur.

2185 2499 2254 2556 Et
2296 2500 2520 2560 fortasse
2564 2506 2664 2562 hoc
2690 2518 2770 2564 est
2795 2513 2936 2580 quod
2981 2516 3324 2590 quadraginta
3362 2523 3476 2578 dies
3504 2524 3794 2583 Dominus

2179 2590 2438 2662 jejunavit
2469 2595 2489 2667 (
2512 2596 2697 2652 Matth.
2727 2616 2810 2668 tv,
2835 2601 2941 2676 2),
2969 2608 3150 2662 szeculi
3203 2611 3386 2681 hujus,
3421 2616 3560 2685 quod
3616 2629 3788 2676 motu

2183 2696 2466 2752 corporum
2491 2695 2545 2742 et
2570 2691 2895 2758 temporibus
2922 2695 3094 2764 agitur
3113 2739 3128 2764 ,
3170 2702 3454 2760 ostendens
3489 2706 3747 2777 inopiam
3773 2729 3788 2763 :

2182 2781 2234 2826 et
2260 2773 2600 2846 quadraginta
2627 2779 2743 2834 dies
2773 2791 2890 2851 post
2911 2786 3351 2846 resurrectionem
3379 2805 3497 2848 cum
3523 2773 3790 2870 discipn~

2182 2860 2387 2931 lisfuit,
2413 2865 2547 2922 banc
2577 2868 2742 2937 ipsam
2776 2872 2898 2940 illis,
2928 2876 3108 2945 credo,
3142 2879 3589 2951 dispensationem
3622 2860 3788 2947 tem-

2181 2955 2415 3022 poralem
2441 2998 2455 3020 ,
2505 2974 2661 3028 quam
2704 2977 2802 3033 pro
2830 2966 2999 3022 salute
3025 2982 3201 3024 nostra
3227 2975 3422 3044 gessit,
3464 2976 3786 3041 insinuans.

2179 3041 2639 3116 Quadragenarius
2667 3060 2844 3107 autem
2875 3071 3126 3114 numerus
3151 3101 3164 3125 ,
3198 3041 3435 3130 partibus
3459 3066 3570 3123 suis
3595 3112 3613 3136 ,
3653 3089 3787 3144 quae

2179 3134 2327 3191 illum
2359 3139 2666 3209 metiuntur,
2701 3149 3046 3216 computatis,
3076 3165 3241 3222 usque
3266 3155 3332 3209 ad
3360 3134 3784 3233 quinquagena-

2178 3226 2315 3281 rium
2339 3245 2612 3286 numerum
2630 3237 2889 3303 pervenit,
2913 3237 3135 3310 idipsum
3158 3226 3572 3316 commendans;
3603 3269 3783 3324 quan-

2177 3317 2460 3390 doquidem
2490 3324 2617 3393 ipsa:
2645 3337 2844 3396 partes,
2873 3346 2990 3400 quae
3016 3333 3159 3388 illum
3183 3338 3488 3408 metiuntur,
3519 3349 3780 3415 mquales

2174 3409 2314 3466 inter
2342 3427 2400 3468 se
2424 3423 2548 3468 sunt
2578 3434 2590 3469 :
2624 3418 2746 3488 quia
2775 3435 2894 3476 cum
2941 3425 3188 3494 aequitate
3229 3429 3597 3490 administrata
3639 3454 3776 3494 cor-

2173 3503 2371 3572 poralis
2417 3515 2470 3560 et
2511 3508 2733 3564 visibilis
2785 3516 3146 3583 temporalitcr
3191 3522 3329 3575 actio
3374 3525 3772 3593 perfectionem

2172 3593 2372 3648 homini
2414 3609 2706 3666 comparat.
2753 3602 2882 3677 Quae
2911 3606 3165 3674 perfectio
3190 3652 3204 3676 ,
3249 3613 3384 3668 sicut
3424 3616 3627 3674 dictum
3659 3633 3772 3690 est,

2170 3682 2388 3739 denario
2443 3703 2668 3743 numero
2712 3691 3038 3762 signiﬁcatur
3074 3717 3088 3751 ε
3128 3701 3266 3756 sicut
3303 3707 3772 3777 quadragenarius

2166 4047 2305 4114 quod
2336 4048 2532 4104 habent
2578 4052 2921 4124 quadraginta
2964 4059 3315 4131 quadragies,
3363 4075 3416 4121 et
3453 4068 3560 4124 duo
3607 4077 3762 4142 quod

2165 4135 2359 4193 habent
2383 4140 2566 4208 vicies,
2596 4151 2649 4196 et
2672 4155 2900 4216 quatuor
2914 4149 3054 4218 quod
3084 4152 3276 4208 habent
3304 4156 3498 4226 decies,
3518 4171 3576 4216 et
3594 4165 3763 4234 quin-

2164 4245 2266 4299 que
2294 4232 2431 4301 quod
2472 4232 2669 4289 habent
2712 4238 2877 4292 octies
2901 4281 2914 4302 ,
2956 4248 3009 4295 et
3036 4251 3155 4296 octo
3181 4247 3319 4315 quod
3349 4249 3544 4305 habent
3590 4232 3761 4324 quin-

2164 4321 2347 4390 quies,
2379 4331 2432 4377 ct
2466 4323 2650 4380 decem
2685 4329 2825 4397 quod
2856 4328 3053 4386 habent
3075 4345 3279 4402 quater,
3313 4348 3364 4392 et
3387 4341 3569 4410 viginti
3603 4321 3758 4416 quod

2163 4411 2359 4466 habent
2386 4413 2505 4479 bis,
2556 4415 2715 4469 simul
2743 4417 2896 4472 ducta
2942 4420 3073 4475 ﬁunt
3117 4425 3513 4498 quinquaginta.
3554 4411 3757 4496 Nullus

2162 4502 2301 4556 enim
2333 4504 2465 4558 alius
2493 4521 2745 4562 numerus
2784 4510 2960 4564 metiri
3000 4527 3094 4581 per
3124 4525 3299 4583 partes
3339 4523 3574 4588 aequales
3616 4543 3759 4598 qua.

2163 4591 2531 4661 dragcnarium
2562 4612 2839 4652 numerum
2873 4611 3076 4670 potest,
3101 4616 3297 4674 praeter
3323 4609 3420 4666 hos
3446 4627 3582 4682 quos
3613 4633 3756 4674 enu-

2163 4683 2513 4751 meravimus,
2564 4693 2619 4741 et
2657 4701 2988 4759 computatos
3015 4694 3079 4748 ad
3108 4697 3613 4770 quinquagenarium
3646 4726 3752 4765 nu-

2162 4789 2365 4827 merum
2395 4776 2766 4844 perduximus.
2813 4780 3046 4838 Peractis
3070 4800 3198 4856 ergo
3233 4788 3484 4847 Dominus
3511 4799 3752 4864 quadra-

2159 4861 2304 4932 ginta
2331 4863 2516 4920 diebus
2546 4877 2664 4935 post
2693 4874 3132 4930 resurrectionem
3158 4892 3276 4932 cum
3308 4881 3579 4955 discipulis
3603 4893 3746 4958 suis,

2163 4953 2215 5007 id
2238 4962 2319 5008 est
2337 4996 2352 5020 ,
2396 4957 2775 5015 commendans
2805 4961 2882 5014 eis
2907 4964 3046 5033 quod
3073 4981 3168 5035 pro
3199 4971 3350 5025 nobis
3373 4953 3750 5045 temporaliter

2164 5053 2369 5113 gestum
2398 5054 2480 5100 est
2501 5086 2516 5112 ,
2555 5049 2793 5103 ascendit
2819 5051 2869 5105 in
2900 5055 3093 5108 coelum
3126 5075 3138 5110 :
3163 5067 3216 5112 et
3242 5072 3362 5130 post
3385 5065 3518 5120 alios
3549 5068 3745 5129 decem

2163 5136 2276 5191 dies
2302 5138 2446 5192 misit
2470 5137 2722 5210 Spiritum
2749 5153 2985 5200 sanctum
3018 5146 3150 5216 (Act.
3181 5167 3231 5218 ι,
3261 5155 3314 5221 5,
3346 5155 3399 5223 9,
3432 5167 3479 5212 et
3504 5176 3569 5226 ιι,
3597 5165 3745 5236 1-4),

2162 5243 2269 5299 quo
2296 5229 2674 5299 perﬁcerentur
2700 5236 3042 5304 spiritualiter
3061 5239 3126 5294 ad
3154 5242 3432 5303 invisibilia
3457 5229 3743 5325 eapien‘da,

2161 5321 2252 5391 qui
2305 5321 2601 5380 visibilibus
2656 5330 3139 5403 temporalibusque
3191 5338 3546 5399 crediderant.
3602 5321 3747 5418 Ipsis

2160 5409 2408 5466 Videlicet
2447 5412 2632 5469 decem
2654 5417 2842 5474 diebus
2869 5431 2988 5489 post
3005 5439 3139 5492 quos
3165 5428 3308 5483 misit
3331 5430 3582 5500 Spiritum
3614 5409 3747 5494 san-

2158 5510 2300 5556 ctum
2326 5544 2341 5568 ,
2389 5506 2628 5574 eamdem
2662 5510 3038 5579 perfectionem
3074 5532 3192 5586 qum
3217 5536 3311 5590 per
3337 5523 3588 5594 Spiritum
3610 5545 3744 5588 san-

2213 5619 2245 5663 ,ι
2271 5615 2440 5667 Plures
2461 5625 2586 5671 Mss...
2612 5628 2658 5672 et
2682 5625 3019 5688 temporalibus
3033 5630 3229 5684 subditi.

3994 2379 3996 2448 ᾗ

3993 2449 3996 2514 4
