3988 6394
186 297 241 354 ιι
531 347 538 353 .
1584 284 1745 341 LIBE

1855 283 2016 342 i.\'US.
3373 301 3444 359 42

185 425 316 470 ctum
345 411 611 466 confertur
640 410 863 466 denario
885 423 1098 464 numero
1124 405 1391 472 indicans,
1419 419 1576 476 quem
1607 419 1738 474 qua-

186 505 506 574 dragenarius
532 503 854 573 computatis
888 502 1176 572 arqualibus
1217 499 1454 569 partibus
1481 497 1591 553 suis
1615 497 1744 563 edit,

188 603 235 649 et
258 593 307 647 ﬁt
329 594 811 663 quinquagenarius
845 611 857 646 :
888 593 1021 647 sicut
1051 591 1326 662 temporali
1357 590 1751 660 dispensatione

191 701 293 740 cum
320 686 562 754 :rquitate
593 685 958 739 administrata
1008 685 1316 755 pervenitur
1357 682 1421 737 ad
1465 681 1750 752 perfectio-

189 793 312 841 nem,
341 793 492 844 quam
522 776 774 832 denarius
802 792 1053 831 numerus
1079 777 1360 848 significat.
1391 775 1478 845 qui
1502 773 1752 830 denarius

187 870 323 924 simul
367 885 482 924 cum
546 868 970 938 quadragenario
1028 867 1542 938 quinquagenarium
1602 865 1748 920 facit.

189 959 308 1029 Ergo
335 958 577 1028 quoniam
601 958 852 1028 perfectio
878 973 994 1028 qum
1019 957 1075 1012 ﬁt
1096 973 1188 1028 per
1205 957 1460 1026 Spiritum
1483 965 1747 1022 sanetum,

186 1050 411 1119 quamdiu
453 1047 628 1103 adhuc
673 1048 726 1102 in
765 1064 930 1103 carne
953 1048 1324 1112 ambulamus,
1369 1047 1614 1117 quamvis
1644 1062 1749 1100 non

188 1144 404 1196 vivamus
423 1141 728 1204 carnaliter,
755 1155 876 1194 cum
906 1141 1015 1209 ipsa
1045 1139 1441 1208 dispensatione
1473 1137 1748 1207 temporali

186 1235 460 1303 COpulatur,
492 1242 638 1288 recte
665 1233 875 1288 videtnr
894 1231 1376 1303 quinquagenarius
1406 1244 1660 1284 numerus
1684 1229 1748 1284 ad

189 1333 447 1386 Eeelesiam
489 1332 764 1400 pertinere
789 1372 802 1394 ,
845 1331 936 1386 sed
963 1330 1072 1400 jam
1103 1337 1379 1400 purgatam
1425 1337 1584 1398 atque
1625 1343 1747 1397 per-

192 1423 388 1488 fectam,
437 1439 556 1492 qua)
601 1423 907 1492 temporalis
951 1422 1367 1490 dispensationis
1406 1421 1562 1475 ﬁdem
1591 1430 1750 1490 atque

194 1513 467 1569 teternitatis
517 1513 712 1567 futura:
757 1528 904 1583 spem
935 1512 1195 1567 charitate
1236 1513 1566 1584 amplexatur
1599 1513 1650 1577 ¹,
1698 1512 1748 1566 id

191 1614 274 1666 est,
302 1605 434 1673 quasi
465 1604 948 1675 quadragenarium
973 1620 1252 1657 numerum
1274 1603 1495 1657 denario
1526 1617 1749 1657 numero

187 1696 427 1765 capulans.
486 1696 614 1750 llaec
659 1705 834 1749 autem
884 1695 1161 1761 Beclesia,
1211 1695 1276 1750 ad
1318 1711 1474 1766 quam
1522 1696 1751 1766 pertinet

186 1787 640 1856 Qtlltttlllagt'nal‘ius
672 1802 927 1840 numerus
948 1827 961 1848 ,
993 1787 1106 1841 sive
1143 1785 1264 1856 quia
1296 1802 1362 1840 ex
1394 1786 1563 1840 tribus
1589 1801 1750 1856 gene-

188 1879 310 1930 ribus
336 1878 604 1932 hominum
627 1879 868 1948 eligitur,
899 1876 1130 1943 Judzeis,
1158 1887 1211 1932 et
1239 1877 1529 1941 Gentibus,
1559 1887 1609 1932 et
1633 1892 1750 1932 car-

189 1969 365 2023 nalibus
407 1968 762 2035 Christianis,
809 1970 922 2024 sive
953 1969 1070 2039 quia
1112 1977 1448 2024 sacramento
1477 1969 1750 2026 Trinitatis

185 2060 444 2126 imbuitur,
497 2076 727 2116 numero
774 2077 880 2131 quo
929 2061 1258 2131 signiﬁcatur
1313 2070 1394 2116 ter
1443 2061 1635 2128 ducto,
1681 2062 1747 2117 ad

182 2151 518 2206 centenarium
548 2161 600 2207 et
623 2153 1134 2222 quinquagenarium
1179 2153 1439 2222 pervenit.
1473 2153 1746 2222 Quinqua-

181 2243 305 2310 ginta
329 2244 462 2296 enim
497 2253 580 2297 ter
604 2243 762 2296 ducta
801 2244 934 2296 liont
961 2253 1170 2297 centum
1201 2243 1600 2314 quinquaginta.
1631 2245 1748 2312 Quo

180 2347 284 2387 cum
327 2334 590 2389 addideris
642 2335 751 2403 ipsa
808 2336 904 2388 tria
931 2377 946 2402 ,
995 2335 1117 2404 quia
1165 2335 1370 2406 insigne
1400 2346 1454 2391 et
1495 2338 1739 2393 eminens

178 2423 312 2479 debet
336 2443 447 2481 esse
472 2427 618 2497 quod
659 2429 711 2480 in
755 2428 972 2482 nomine
1005 2427 1174 2482 Patris
1204 2437 1258 2482 et
1284 2427 1402 2483 Filii
1432 2439 1486 2484 et
1519 2429 1747 2500 Spiritus

179 2521 323 2572 sancti
363 2521 574 2576 lavacro
601 2521 1016 2589 regenerationis
1036 2521 1264 2576 abluitur
1295 2523 1506 2586 (Matth.
1543 2539 1733 2589 xxvnt,

181 2608 292 2674 t9),
335 2611 458 2666 ﬁunt
487 2623 704 2667 centum
751 2614 1130 2683 quinquaginta
1182 2622 1312 2670 tres.
1363 2614 1462 2682 Qui
1494 2631 1746 2670 numerus

181 2701 373 2769 piscium
412 2706 717 2770 invenitur,
771 2707 890 2774 quia
931 2708 981 2760 in
1014 2706 1286 2762 dexteram
1337 2719 1540 2778 partem
1585 2709 1745 2765 missa

180 2802 287 2846 sunt
313 2796 432 2848 retia
460 2813 473 2860 ;
508 2805 564 2850 et
595 2795 716 2850 ideo
747 2811 967 2866 magnos
995 2796 1172 2866 (Joan.
1204 2815 1313 2865 xxi,
1339 2799 1392 2862 6,
1419 2799 1530 2869 Η),
1561 2799 1610 2853 id
1641 2809 1742 2866 est,

181 2881 418 2949 perfectos
445 2894 499 2939 et
527 2901 694 2952 regno
719 2885 973 2940 etnlorum
1001 2896 1150 2954 aptos
1175 2887 1351 2942 habet.
1395 2887 1526 2942 Nam
1555 2889 1640 2942 illa
1670 2889 1746 2942 si-

181 2973 394 3028 militudo
432 2975 640 3030 reticuli
684 2991 789 3029 non
819 2977 870 3028 in
900 2975 1175 3030 dexteram
1205 2978 1387 3044 missi,
1419 2978 1574 3032 simul
1605 2979 1746 3048 cepit

180 3061 326 3117 honos
350 3075 400 3118 et
433 3066 624 3128 malos,
652 3066 744 3134 qui
767 3077 1078 3135 separantur
1102 3067 1152 3120 in
1182 3067 1356 3122 littore
1389 3066 1602 3139 (Matth.
1627 3085 1739 3135 xm,

179 3152 278 3221 48).
317 3153 465 3209 Nunc
500 3157 642 3210 enim
675 3156 813 3210 intra
854 3156 983 3210 retia
1036 3169 1418 3227 prmeeptornm
1463 3166 1518 3212 et
1554 3158 1743 3213 Sacra-

183 3256 459 3299 iucntorum
489 3246 609 3309 Dei,
643 3247 693 3299 in
727 3245 967 3301 Ecclesia
996 3262 1110 3316 qua:
1133 3263 1273 3301 nunc
1303 3258 1404 3313 est,
1433 3248 1591 3302 simul
1620 3247 1744 3302 boni

181 3336 387 3406 malique
428 3347 722 3392 versantur.
763 3337 848 3391 Fit
871 3339 892 3368 ¹
921 3349 1098 3393 autetn
1139 3340 1402 3408 separatio
1433 3339 1484 3393 in
1518 3339 1620 3394 ﬁne
1645 3354 1745 3394 sa:-

181 3429 270 3480 cnli
292 3471 306 3493 ,
346 3439 590 3500 tanquam
617 3431 671 3484 in
709 3431 812 3486 ﬁne
852 3431 1049 3496 maris,
1085 3431 1134 3486 id
1168 3441 1267 3497 est,
1302 3432 1351 3484 in
1382 3432 1591 3496 littore;
1623 3448 1742 3486 cum

181 3530 379 3588 r-gnant
403 3522 528 3590 justi
560 3523 733 3591 primo
765 3522 1148 3592 temporaliter,
1183 3523 1321 3576 sicut
1349 3523 1398 3575 in
1423 3524 1742 3596 Apocalypsi

180 3612 414 3679 scriptum
440 3621 517 3665 est
543 3653 556 3674 ,
586 3612 780 3666 deinde
812 3613 861 3665 iu
892 3623 1149 3667 aeternum
1185 3613 1235 3666 in
1275 3613 1360 3665 illa
1387 3613 1600 3667 civitate
1626 3629 1744 3684 quae

183 3698 244 3751 ibi
283 3701 589 3756 describitur
635 3703 816 3772 (Apoc.
863 3700 1014 3773 xxi),
1063 3703 1150 3756 ubi
1193 3702 1300 3772 jam
1338 3705 1745 3772 conquiescente

183 3787 553 3857 dispensatione
584 3792 858 3862 temporali
884 3833 896 3855 ,
929 3809 1047 3862 qua:
1078 3792 1495 3863 quadragenario
1522 3809 1746 3848 numero

184 3881 501 3949 signiﬁcatur,
525 3883 776 3938 denarius
796 3893 1056 3950 remanet,
1078 3899 1232 3954 quam
1256 3883 1550 3939 mercedem
1577 3887 1744 3940 sancti

184 3975 261 4042 qui
287 3985 561 4047 operantur
592 3977 644 4030 in
674 3977 823 4030 vinea
862 3976 1160 4046 percepturi
1187 3986 1329 4030 sunt.

247 4067 293 4120 3.
321 4068 494 4121 Potest
519 4068 710 4131 etiam,
740 4069 784 4122 si
815 4083 1072 4122 numerus
1099 4068 1198 4122 iste
1231 4067 1619 4135 consideretur,
1651 4083 1742 4124 oc-

185 4169 380 4212 currere
403 4159 464 4212 ad
494 4160 743 4214 Ecclesia:
772 4159 1107 4214 sanctitatem
1132 4200 1147 4227 ,
1188 4175 1306 4228 qua:
1345 4174 1436 4229 per
1465 4160 1743 4214 Dominum

187 4257 401 4300 nostrum
436 4248 618 4304 Jesum
656 4247 924 4303 Christum
970 4248 1107 4302 facta
1138 4257 1222 4304 est
1254 4266 1266 4302 :
1297 4258 1350 4302 ut
1377 4249 1625 4319 quoniam
1656 4265 1744 4304 se-

187 4339 406 4402 ptenario
449 4355 672 4394 numero
718 4350 958 4395 creatura
1007 4350 1252 4407 constat,
1311 4356 1430 4395 eum
1485 4343 1746 4397 ternarias

189 4427 360 4483 animae
397 4439 448 4484 ct
488 4431 857 4501 quaternarius
887 4431 1096 4499 corpori
1147 4433 1392 4486 tribuitur
1415 4473 1428 4494 ,
1480 4433 1746 4500 susceptio

187 4514 288 4584 ipsa
326 4517 545 4575 hominis
588 4521 812 4575 ducatur
850 4521 914 4574 ad
957 4523 1051 4575 tria
1082 4522 1296 4591 septies.
1331 4521 1461 4589 Quia
1494 4530 1548 4576 et
1591 4522 1746 4578 Pater

191 4607 315 4662 misit
339 4609 520 4666 Filium
541 4654 556 4677 ,
605 4619 660 4666 et
687 4611 844 4666 Pater
875 4612 925 4665 in
963 4611 1098 4666 Filio
1123 4621 1205 4666 est
1229 4652 1243 4677 ,
1273 4621 1328 4666 et
1350 4611 1491 4666 dono
1513 4611 1743 4681 Spiritus

189 4699 337 4752 sancti
379 4700 444 4754 de
471 4701 674 4770 virgine
717 4709 873 4754 natus
901 4709 1000 4755 est.
1049 4701 1116 4754 Et
1154 4701 1267 4756 haec
1291 4710 1414 4756 sunt
1438 4703 1557 4768 tria,
1591 4701 1746 4758 Pater

189 4795 236 4837 et
259 4785 406 4844 Filius
425 4802 476 4845 et
492 4791 720 4861 Spiritus
741 4801 974 4846 sanetus.
1003 4791 1209 4860 Septies
1229 4800 1427 4856 autem,
1453 4792 1564 4861 ipse
1587 4793 1745 4846 homo

193 4884 437 4948 temporali
464 4883 861 4952 dispensatione
887 4892 1165 4952 susceptus
1193 4883 1213 4913 ³
1233 4923 1248 4948 ,
1281 4891 1339 4936 ιιι
1369 4882 1520 4937 ﬁeret
1543 4883 1742 4950 sempi-

195 4975 369 5027 ternus.
397 4974 478 5028 Fit
502 4989 630 5044 ergo
659 4989 863 5027 summa
898 4974 1104 5028 numeri
1136 4973 1317 5042 viginti
1351 4989 1534 5033 unum.
1565 4973 1613 5027 id
1641 4981 1740 5038 est,

196 5061 282 5114 tria
306 5067 514 5134 septies.
549 5066 678 5120 llaec
705 5074 881 5118 autem
914 5065 1142 5118 hominis
1169 5065 1434 5131 susceptio
1461 5063 1526 5117 ad
1556 5064 1746 5117 libera-

195 5149 365 5209 tionem
393 5157 552 5211 valuit
583 5156 858 5217 Eeclesiaz,
889 5155 971 5208 cui
1001 5163 1161 5223 caput
1180 5164 1258 5208 est
1293 5154 1506 5224 (Ep/tes.
1530 5171 1584 5218 v,
1615 5155 1740 5225 25);

197 5251 245 5294 nt
264 5243 361 5314 ipsa
386 5247 643 5314 Ecclesia,
669 5256 885 5318 propter
913 5247 1144 5300 animam
1169 5256 1222 5301 et
1247 5262 1460 5316 corpus,
1486 5247 1536 5300 in
1556 5247 1742 5300 eodem

196 5340 461 5402 septenario
500 5355 724 5394 numero
770 5347 1046 5407 reparetur
1069 5337 1111 5390 ‘.
1162 5338 1434 5390 Ducuntur
1473 5339 1646 5407 itaque
1668 5337 1744 5391 vi-

248 5425 265 5492 ξ
283 5432 543 5492 Navarricus
566 5437 666 5492 iis,
691 5441 775 5492 spe
797 5435 843 5478 et
859 5426 1094 5492 charitate
1117 5427 1438 5491 amplexatur.

249 5486 406 5552 ξΑμιιΙ
427 5497 502 5539 Er.
526 5486 673 5552 Lugd.
701 5486 818 5538 ven.
846 5497 975 5552 LOV.,
1004 5500 1028 5537 l-
1041 5487 1119 5538 iet.
1175 5486 1227 5536 ai.

246 5547 264 5617 ξ
279 5547 403 5617 tiditi,
425 5547 668 5617 susceptus
689 5559 777 5601 est.
803 5551 1030 5617 verbum,
1055 5557 1142 5608 est.
1164 5564 1256 5599 non
1283 5556 1446 5617 exstat
1466 5549 1513 5597 in
1540 5555 1652 5617 Mss:

243 5606 261 5637 ⁵
277 5606 406 5679 itain
425 5620 524 5662 Mss.
550 5606 600 5659 Ᾰι
625 5613 671 5660 in
697 5615 910 5679 excusis,
935 5606 1178 5679 cnieap'git
1201 5618 1277 5679 est
1298 5611 1530 5661 Christus.
1569 5617 1610 5679 -τι
1634 5606 1741 5669 ipsa

198 5670 390 5726 recteria,
417 5681 604 5736 propter
625 5671 837 5722 animant
853 5681 896 5722 et
918 5670 1111 5736 corpus,
1127 5671 1175 5722 in
1190 5673 1355 5724 eodem
1368 5670 1635 5736 septenario
1650 5683 1739 5719 nu-

196 5737 306 5779 mero
327 5734 567 5794 reperitur.

403 5818 621 5878 SANCT.
665 5819 936 5878 Aucusr.
973 5819 1076 5877 Vl.

1861 408 1989 478 ginti
2017 422 2178 462 unum
2206 411 2438 480 septies,
2479 419 2696 483 prepter
2722 427 2815 468 eos
2853 415 2941 484 qui
2985 429 3078 484 per
3111 417 3442 474 Dominicum

1859 498 2130 554 hominem
2162 499 2458 556 liberantur
2481 542 2497 567 ,
2543 511 2599 557 et
2629 502 2762 558 ﬁunt
2790 503 2944 559 simul
2972 515 3184 561 centum
3215 509 3444 578 quadra-

1856 589 2002 660 ginta
2030 599 2256 661 septem.
2283 590 2378 647 Cui
2410 592 2621 648 additur
2661 594 2902 649 scnarius
2933 612 3204 662 numerus,
3233 599 3442 669 signum

1858 680 2231 750 perfectionis,
2265 683 2386 754 quia
2416 685 2654 754 partibus
2681 689 2789 740 suis
2811 728 2826 754 ,
2870 701 2987 756 quae
3031 688 3175 742 illum
3208 691 3440 745 metiun-

1858 779 1970 836 tur,
2001 781 2207 828 constat
2233 815 2247 840 ,
2279 775 2347 829 ita
2378 785 2432 829 ut
2461 776 2589 829 nihil
2623 777 2796 831 minus
2839 777 3075 848 nihilque
3110 781 3337 855 amplius
3365 783 3446 836 in-

1856 866 2117 921 veniatur.
2169 865 2381 922 Metitur
2422 869 2618 939 quippe
2664 869 2810 924 illum
2855 887 3052 935 unum,
3094 873 3232 942 quod
3286 871 3446 930 habet

1857 956 2068 1022 sexies;
2098 966 2150 1012 et
2171 959 2296 1026 duo,
2327 976 2444 1029 qum
2471 959 2632 1014 habet
2659 971 2769 1028 ter;
2799 971 2850 1015 et
2873 963 2989 1027 tria,
3015 978 3133 1031 qua:
3155 962 3440 1020 bishahet:

1857 1062 1975 1116 qua:
2001 1049 2161 1101 simul
2189 1048 2362 1114 ducta,
2392 1066 2554 1103 unum
2578 1059 2630 1103 ct
2651 1050 2755 1104 duo
2777 1061 2830 1106 et
2860 1051 2978 1118 tria,
3000 1069 3090 1106 sex
3121 1053 3270 1108 fiunt.
3292 1055 3443 1123 Quod

1856 1138 2080 1194 fortasse
2108 1141 2172 1195 ad
2206 1141 2331 1194 illud
2361 1141 2520 1196 etiam
2552 1152 2938 1196 saciamentum
2989 1145 3254 1211 pertinet,
3302 1147 3444 1216 quod

1860 1230 1997 1283 Dens
2027 1239 2178 1284 sexta
2205 1231 2289 1284 die
2313 1231 2533 1300 perfecit
2558 1233 2734 1284 omnia
2763 1247 2922 1300 opera
2952 1249 3044 1286 sua
3079 1232 3230 1304 (Gen.
3265 1252 3330 1299 ιι,
3361 1234 3440 1302 2).

1857 1321 1934 1374 Ad
1967 1331 2177 1375 centum
2206 1338 2333 1391 ergo
2359 1331 2412 1378 et
2443 1327 2789 1394 quadraginta
2832 1334 3034 1394 septem
3066 1341 3186 1380 cum
3221 1342 3319 1382 scx
3347 1330 3443 1382 ad-

1854 1413 2084 1482 dideris,
2128 1415 2266 1484 quod
2293 1425 2373 1470 est
2397 1417 2606 1486 signum
2654 1417 3033 1486 perfectionis,
3079 1420 3443 1475 ﬁuntccntum

1854 1507 2231 1576 quinquaginta
2276 1507 2372 1562 tria
2407 1526 2420 1561 :
2455 1509 2541 1577 qui
2592 1524 2846 1563 numerus
2891 1511 3110 1578 piscium
3157 1513 3442 1576 invenitur,

1857 1608 2200 1668 posteaquam
2238 1599 2385 1668 jussu
2414 1600 2622 1654 Domini
2669 1601 2717 1654 in
2751 1601 3020 1655 dexteram
3057 1613 3255 1671 partem
3284 1605 3443 1660 missa

1853 1695 1978 1741 sunt
2008 1693 2159 1751 retia,
2193 1689 2277 1743 ubi
2309 1699 2611 1758 peccatores
2636 1691 2724 1761 qui
2750 1690 2814 1745 ad
2842 1691 3111 1746 sinistram
3150 1695 3439 1762 pertinent,

1854 1796 1960 1835 non
1989 1783 2346 1836 inveniuntur.

2242 1872 2420 1928 LVIII.
2454 1871 2530 1928 De
2554 1873 2752 1928 Joanne
2789 1871 3038 1946 Baptista.

1927 1966 1977 2018 l.
2019 1964 2046 2018 J
2085 1980 2251 2019 anncs
2281 1965 2543 2035 Baptista,
2570 1965 2904 2021 considerata
2943 1967 3204 2037 scriptura
3233 1984 3348 2038 qua:
3377 1970 3446 2026 de

1853 2053 1944 2108 illo
1973 2055 2025 2108 in
2069 2056 2353 2126 Evangelia
2401 2057 2626 2127 legitur,
2673 2058 2852 2112 multis
2895 2059 3254 2128 probabilibus
3281 2061 3446 2117 docu-

1853 2148 2050 2201 mentis
2088 2163 2194 2202 non
2236 2148 2466 2203 absurde
2505 2150 2740 2204 creditur
2769 2151 3061 2221 prophetiae
3085 2163 3293 2222 gestare
3323 2171 3446 2224 per-

1852 2251 2038 2292 Sonam
2065 2281 2078 2303 ,
2132 2249 2184 2293 et
2219 2255 2283 2295 eo
2326 2241 2556 2294 maxime
2599 2242 2737 2310 quod
2769 2242 2834 2297 de
2868 2243 2957 2297 illo
3001 2243 3256 2299 Dominus
3293 2246 3443 2316 dicit,

1854 2328 1984 2384 Plus
2015 2349 2162 2400 quam
2191 2333 2438 2403 propheta
2467 2332 2675 2403 (Matth.
2708 2350 2756 2387 xt
2779 2376 2792 2399 ,
2825 2334 2900 2403 9).
2951 2335 3047 2390 llic
3075 2336 3336 2406 siquidem
3366 2347 3447 2393 to-

1853 2423 1958 2476 tius
1989 2422 2301 2492 prophetire,
2330 2439 2446 2494 qua:
2473 2424 2537 2477 ab
2560 2425 2779 2478 exordio
2799 2426 3011 2494 generis
3037 2425 3252 2480 humani
3280 2444 3447 2498 usque

1854 2513 1920 2568 ad
1947 2513 2232 2568 adventum
2265 2515 2475 2569 Domini
2505 2515 2570 2568 de
2602 2515 2826 2569 Domino
2853 2515 2986 2570 facta
3023 2526 3121 2581 est,
3158 2519 3442 2590 imaginem

1851 2614 2039 2674 gestat.
2084 2604 2182 2658 Est
2212 2613 2386 2658 autem
2421 2604 2689 2675 Evangelii
2722 2621 2947 2674 persona
2975 2607 3024 2661 in
3055 2609 3170 2678 ipso
3200 2611 3441 2674 Domino,

1851 2710 1968 2764 quae
1999 2710 2088 2762 per
2122 2694 2452 2763 prophetiam
2503 2687 2956 2764 prmnuntiabatur
2978 2740 2992 2764 ,
3037 2701 3190 2768 cujus
3225 2711 3448 2771 augetur

1853 2789 2156 2856 przedicatio
2203 2803 2296 2856 per
2338 2789 2639 2841 universum
2690 2789 2872 2842 orbem
2916 2799 3174 2845 terrarum
3210 2793 3276 2848 ab
3323 2795 3441 2864 ipso

1850 2880 2056 2934 Domini
2077 2880 2306 2934 adventu
2343 2897 2354 2932 :
2389 2879 2663 2949 prephctia
2690 2889 2865 2935 autem
2890 2881 3147 2937 minuitur
3163 2895 3443 2956 postquam

1853 2975 1902 3029 id
1932 2975 2072 3045 quod
2098 2973 2486 3042 prasnuntiabat
2511 2973 2743 3028 advenit.
2772 2973 2953 3044 itaque
2995 2975 3250 3032 Dominus
3281 2979 3440 3035 dicit:

1850 3066 1958 3120 Lex
1992 3075 2037 3120 et
2067 3065 2340 3135 Prop/icta:
2369 3082 2520 3137 usque
2543 3064 2610 3118 ad
2643 3064 2892 3118 Joannem
2921 3066 3236 3138 Buptistam;
3264 3071 3446 3126 abhinc

1849 3177 2059 3230 regnum
2100 3158 2191 3211 Dei
2238 3159 2543 3228 prcedicatur
2585 3156 2734 3229 (an.
2767 3175 2892 3225 xvi,
2932 3161 3040 3230 16).
3098 3161 3164 3215 Ει
3207 3163 3445 3221 Joannes

1851 3251 1964 3320 ipse
1998 3269 2010 3303 :
2051 3249 2208 3304 Illum
2229 3292 2244 3314 ,
2274 3251 2477 3320 inquit,
2507 3260 2700 3321 oportet
2721 3268 2938 3306 crescere
2957 3295 2970 3318 ,
2995 3270 3073 3306 me
3097 3264 3260 3308 autem
3288 3258 3447 3313 minui

1851 3341 2028 3414 (Joan.
2062 3357 2152 3407 ιιι,
2181 3341 2295 3410 50).
2349 3339 2500 3409 Quod
2527 3349 2581 3395 et
2617 3340 2803 3396 diebus
2831 3341 3023 3411 quibus
3067 3345 3172 3397 nati
3207 3355 3348 3413 sunt,
3391 3357 3444 3402 ct

1851 3431 2112 3487 mortibus
2165 3431 2355 3500 quibus
2394 3431 2535 3500 passi
2582 3441 2746 3496 sunt,
2798 3433 3073 3502 ﬁguratum
3106 3444 3204 3488 est.
3260 3436 3444 3492 Nasci-

1849 3535 1937 3582 tur
1976 3539 2205 3595 namque
2252 3524 2483 3579 Joannes
2526 3539 2591 3579 ex
2639 3539 2744 3593 quo
2785 3524 2900 3580 dies
2945 3525 3200 3595 incipiunt
3243 3529 3438 3584 minui:

1851 3619 2086 3674 nascitur
2113 3616 2365 3672 Dominus
2396 3631 2459 3669 ex
2488 3630 2592 3683 quo
2615 3615 2730 3670 dies
2768 3615 3023 3685 incipiunt
3052 3633 3310 3673 crescere.
3345 3620 3444 3674 Ca-

1852 3713 1959 3782 pite
1984 3711 2074 3765 ille
2113 3709 2369 3764 tninuitur
2391 3749 2405 3772 ,
2438 3707 2562 3760 dum
2585 3707 2845 3762 occiditur
2884 3726 2896 3762 :
2927 3707 3011 3762 hic
3036 3725 3161 3763 vero
3185 3711 3444 3765 attollitur

1851 3803 1906 3857 in
1951 3815 2131 3856 cruce.
2181 3799 2468 3868 Postquam
2517 3811 2646 3867 ergo
2686 3797 2964 3866 prophetia
2995 3799 3103 3868 ipsa
3147 3800 3199 3853 in
3238 3800 3442 3855 Joanne

1850 3895 2136 3950 constituta
2162 3892 2328 3961 digito
2351 3889 2584 3946 ostendit
2608 3899 2947 3961 praesentem,
2979 3907 3136 3961 quem
3159 3903 3440 3948 venturum

1850 3986 1919 4041 ab
1945 3985 2166 4041 exordio
2213 3983 2422 4054 generis
2451 3980 2668 4037 humani
2697 3982 2963 4036 cecinerat
2987 4022 3002 4047 ,
3049 3982 3232 4053 incipit
3254 3985 3438 4046 minui,

1851 4089 2009 4150 atque
2051 4077 2174 4132 inde
2219 4091 2462 4132 crescere
2509 4073 2812 4144 praedicatio
2848 4076 2994 4144 regni
3041 4077 3151 4130 Dei.
3210 4076 3275 4130 Et
3323 4078 3442 4132 ideo

1851 4171 2138 4240 baptizavit
2173 4169 2406 4223 Joannes
2450 4166 2501 4220 in
2544 4165 2910 4234 pmnitcntiam
2945 4164 3156 4232 (Matth.
3190 4182 3276 4229 tu,
3308 4167 3392 4237 tl)
3425 4188 3437 4222 :

1853 4264 2034 4317 ﬁnitur
2060 4261 2200 4316 enim
2227 4267 2378 4314 vetus
2419 4257 2524 4311 vita
2552 4271 2720 4327 usque
2746 4256 2810 4312 ad
2853 4256 3215 4326 paenitentiam
3238 4299 3252 4322 ,
3281 4267 3440 4329 atque

1852 4353 1974 4409 inde
2001 4351 2182 4418 incipit
2211 4364 2367 4404 nova.

1919 4444 1976 4498 2.
2005 4443 2120 4499 Non
2147 4452 2322 4496 autem
2356 4448 2558 4494 tantum
2600 4439 2651 4494 in
2684 4439 2747 4493 iis
2775 4440 2862 4509 qui
2903 4440 3113 4508 proprie
3156 4440 3436 4510 Propheta:

1851 4535 2097 4606 appellati
2128 4543 2250 4588 sunt
2274 4575 2286 4595 ,
2318 4532 2411 4588 sed
2445 4532 2496 4586 in
2537 4531 2647 4600 ipsa
2677 4530 2890 4586 Veteris
2916 4530 3242 4585 Testamenti
3273 4531 3441 4586 histo-

1851 4625 1928 4680 ria
1955 4623 2230 4695 pr0phetia
2261 4638 2364 4676 non
2395 4622 2552 4676 silere
2579 4621 2844 4689 colligitur
2865 4620 2932 4673 ah
2956 4621 3034 4673 eis
3061 4621 3149 4689 qui
3177 4621 3262 4689 pie
3287 4639 3436 4692 qua:—

1849 4727 1995 4784 runt,
2036 4726 2090 4772 et
2131 4715 2195 4769 ad
2243 4716 2358 4770 huic
2404 4713 2763 4782 investiganda
2809 4713 3060 4768 divinitus
3098 4713 3431 4783 adjuvantur.

1851 4809 2085 4865 Maxime
2127 4816 2300 4861 tamen
2329 4806 2433 4860 illis
2460 4804 2877 4860 cvidentiorihus
2913 4819 3092 4860 rerum
3139 4806 3437 4876 ﬁgurisap.

1853 4909 2002 4970 paret
2034 4918 2046 4952 :
2075 4896 2215 4968 quod
2243 4896 2372 4951 Abel
2393 4895 2567 4964 justus
2593 4909 2621 4947 a
2649 4893 2808 4948 fratre
2837 4893 3154 4950 interficitur
3181 4894 3331 4966 (Gen.
3367 4913 3438 4959 tv,

1851 4993 1927 5059 8),
1957 5000 2011 5046 et
2033 4991 2284 5044 Dominus
2310 5004 2337 5040 a
2361 4987 2558 5042 Judaeis
2592 5005 2603 5040 :
2635 4987 2774 5056 quod
2802 5002 2922 5042 arca
2945 4987 3078 5053 Noe,
3109 4997 3355 5058 tanquam
3387 4991 3438 5044 in

1850 5082 2050 5137 diluvio
2079 5079 2255 5134 surculi
2286 5078 2518 5133 Ecclesia
2546 5078 2872 5147 gubernatur
2897 5077 3009 5147 (Id.
3043 5082 3134 5143 vit,
3169 5078 3220 5148 l)
3255 5097 3269 5132 :
3298 5081 3439 5150 quod

1851 5175 1996 5230 Isaac
2034 5169 2390 5224 immolandos
2435 5167 2544 5223 Deo
2590 5167 2832 5233 ducitur,
2881 5177 2936 5224 et
2973 5170 3114 5223 aries
3141 5183 3236 5237 pro
3273 5170 3362 5224 illo
3388 5171 3440 5224 in

1851 5268 2090 5322 sentibus
2153 5275 2399 5333 tanquam
2449 5264 2733 5317 cruciﬁxus
2771 5264 3076 5331 agnoscitur
3119 5262 3252 5331 (Id.
3303 5280 3436 5327 χχιι,

1849 5361 1998 5425 5-15)
2032 5377 2046 5412 :
2076 5355 2215 5423 quod
2244 5357 2296 5408 in
2321 5355 2526 5409 duobus
2547 5353 2773 5407 Abralue
2811 5354 2930 5406 filiis
2955 5395 2968 5417 ,
2999 5368 3105 5407 uno
3132 5353 3198 5406 de
3222 5353 3436 5414 ancilla,

1849 5451 2018 5504 altero
2047 5448 2112 5502 de
2133 5447 2319 5508 libera,
2350 5445 2455 5499 duo
2484 5444 2820 5498 Testamenta
2853 5441 3214 5510 intelliguntur
3241 5439 3434 5501 (Colat.

1851 5559 1923 5608 tv,
1953 5537 2146 5611 22-24)
2179 5557 2190 5591 :
2216 5536 2356 5608 quod
2383 5536 2489 5590 duo
2517 5533 2698 5604 populi
2726 5535 2775 5587 iu
2816 5532 3037 5600 geminis
3056 5571 3070 5595 ,
3115 5530 3254 5582 Esau
3290 5531 3436 5584 scili-

1847 5641 1933 5686 cet
1958 5639 2011 5685 ct
2045 5628 2210 5684 Jacob
2233 5670 2247 5692 ,
2278 5633 2754 5696 prtemonstrantur
2787 5622 2937 5692 (Gen.
2970 5636 3097 5683 xxv,
3121 5619 3212 5687 25)
3252 5638 3263 5672 :
3297 5621 3434 5687 quod

1851 5723 2044 5792 Joscpb
2084 5739 2112 5777 a
2141 5719 2387 5776 fratribus
2425 5716 2844 5788 persecutionem
2887 5727 3074 5780 passus
3098 5755 3112 5777 ,
3155 5712 3221 5765 ab
3248 5712 3436 5766 alienis

2849 5803 3126 5881 (ηρααο.)
