3996 6282
507 260 581 316 43
1181 255 1267 309 DE
1310 252 1619 309 DIVERSIS
1657 250 2173 321 QUAZSTIONIBUS
2212 252 2509 321 LXXXIII,
2557 256 2613 311 S.
2656 255 3041 315 AUGUSTINI.

509 376 803 430 honoratur
828 368 976 441 (Gen.
1012 383 1186 423 xxxvn
1211 410 1224 430 ,
1257 367 1407 438 xu);
1460 369 1590 422 sicut
1620 368 1873 421 Dominus
1899 365 2095 421 Judmis

510 463 951 536 persequentibus
976 500 991 526 ,
1035 459 1171 529 apud
1211 459 1410 514 Gentes
1455 459 1774 512 clariticatns
1803 468 1906 512 est.
1957 458 2098 513 Lon-

508 572 631 629 gum
663 562 747 613 est
788 566 1211 608 commemorare
1257 550 1495 620 singula,
1546 566 1664 605 cum
1706 552 1776 604 ita
1819 550 2098 605 concludat

510 649 799 721 Apostolus
826 656 881 701 et
910 645 1044 700 dicat
1072 662 1085 698 :
1118 643 1242 698 Ha'c
1283 654 1448 698 autem
1480 644 1531 697 in
1555 645 1720 714 ﬁgura
1746 643 2095 714 contingebant

508 742 579 796 eis
595 758 615 807 ;
647 740 836 809 scripta
866 748 982 792 sunt
1006 746 1173 790 autem
1196 747 1400 806 propter
1420 751 1531 801 nos,
1563 735 1613 788 in
1640 751 1763 803 quos
1794 735 1911 803 linis
1936 749 2096 788 saecu-

508 834 675 888 lorum
700 831 893 885 devenit
918 830 960 899 (l
991 828 1108 883 Cor.
1138 846 1169 883 x
1199 872 1212 893 ,
1249 827 1359 896 ll).
1400 826 1547 881 Finis
1573 835 1747 880 autem
1779 826 2093 881 saeculorum

507 932 761 993 tanquam
787 930 1035 976 senectus
1055 920 1248 974 veteris
1281 919 1541 983 hominis,
1575 933 1696 974 cum
1731 926 1897 972 totum
1927 933 2095 988 genus

507 1017 797 1071 lmmanum
821 1024 1069 1085 tanquam
1093 1030 1252 1068 unmn
1281 1014 1547 1067 hominem
1569 1013 1927 1078 constitueris,
1945 1022 2091 1067 sexta

506 1118 664 1163 aetate
693 1108 932 1177 signatur
955 1150 969 1171 ,
1000 1121 1102 1176 qua
1138 1105 1390 1159 Dominus
1421 1106 1584 1159 venit.
1627 1105 1763 1161 Sunt
1798 1105 1941 1160 enim
1962 1114 2091 1159 tcta-

504 1207 589 1252 tcs
614 1212 707 1252 sex
735 1196 894 1250 etiam
924 1198 975 1250 in
1006 1210 1113 1250 uno
1134 1195 1383 1259 homine;
1418 1196 1656 1260 infantia,
1686 1196 1932 1266 pueritia,
1961 1195 2091 1249 ado-

504 1288 794 1353 lescentia,
858 1286 1138 1356 juventus,
1187 1287 1452 1355 gravitas,
1499 1297 1551 1340 ct
1598 1296 1864 1340 senectus.
1919 1285 2095 1339 l’rima

505 1381 686 1451 itaque
728 1382 941 1451 generis
980 1380 1197 1435 humani
1243 1392 1370 1436 (etas
1399 1393 1479 1435 est
1508 1384 1576 1435 ab
1614 1381 1782 1436 Adam
1826 1396 1993 1451 usque
2027 1381 2093 1435 ad

503 1473 639 1529 Noe.
681 1473 924 1529 Secunda
945 1516 958 1541 ,
988 1489 1017 1528 a
1046 1473 1158 1528 Noe
1182 1473 1247 1527 ad
1282 1473 1547 1527 Abraham
1581 1491 1593 1526 ε
1626 1474 1713 1543 qni
1744 1473 1949 1528 articuli
1972 1482 2096 1528 sunt

504 1566 888 1622 cvidentissimi
918 1574 971 1619 et
999 1565 1279 1621 notissimi.
1310 1566 1510 1629 Tertia,
1543 1565 1610 1619 ab
1642 1566 1904 1621 Abraham
1927 1582 2095 1636 usque

503 1657 573 1713 ad
616 1658 780 1713 David
821 1674 836 1712 :
874 1657 952 1712 sic
989 1658 1135 1713 enim
1179 1658 1455 1713 Mattiacas
1497 1659 1823 1728 evangelista
1870 1660 2094 1728 partitur

506 1748 720 1822 (Matth.
752 1765 791 1816 ι,
823 1750 936 1819 17).
965 1748 1179 1817 Quarta,
1210 1764 1240 1804 a
1270 1750 1431 1804 David
1464 1766 1630 1820 usque
1656 1750 1723 1804 ad
1755 1750 2095 1821 transmigra-

506 1841 709 1895 tionem
740 1841 791 1894 in
819 1840 1188 1911 Babyloniam.
1229 1840 1457 1905 Quinta,
1491 1857 1519 1894 a
1551 1843 2013 1912 Iransmigratione
2040 1844 2090 1896 in

506 1930 856 2001 Babyloniam
892 1946 1061 2000 usque
1099 1930 1165 1985 ad
1206 1931 1490 1986 adventum
1522 1932 1752 1986 Demini.
1801 1933 1959 1986 Sexta
1981 1973 1996 1999 ,
2025 1932 2094 1987 ab

504 2021 735 2077 adventu
765 2020 974 2075 Domini
1005 2037 1172 2092 usque
1202 2022 1255 2076 in
1284 2022 1441 2077 finem
1475 2023 1655 2077 saeculi
1687 2022 1945 2091 speranda
1967 2030 2090 2079 est:

504 2127 608 2184 qua
637 2113 875 2168 exterior
919 2113 1082 2168 homo
1121 2121 1368 2183 tanquam
1413 2122 1686 2168 senectute
1711 2115 2089 2185 corrumpitur,

503 2205 595 2276 qui
621 2206 781 2260 etiam
808 2213 961 2260 vetus
989 2204 1210 2270 dicitur,
1255 2215 1308 2260 et
1335 2206 1557 2260 interior
1586 2215 1878 2260 renovatur
1910 2205 1978 2260 de
2005 2204 2091 2259 die

505 2296 561 2350 in
585 2295 723 2351 diem
753 2295 817 2365 (ll
845 2296 965 2351 Cor.
994 2312 1066 2363 ιν,
1100 2296 1207 2369 16).
1243 2296 1367 2350 Inde
1396 2297 1610 2367 requies
1631 2297 1953 2367 sempiterna
1985 2304 2088 2363 est,

503 2403 626 2458 qua:
653 2387 982 2458 significatur
1002 2387 1239 2443 sabbato.
1266 2387 1397 2442 Huic
1414 2391 1491 2442 rei
1512 2390 1754 2458 congruit
1770 2388 1909 2458 quod
1931 2388 2092 2443 homo

504 2489 660 2535 sexto
698 2479 788 2535 die
835 2478 1003 2535 factus
1034 2488 1116 2534 est
1158 2479 1224 2533 ad
1270 2480 1552 2550 imaginem
1596 2489 1649 2535 et
1689 2479 2088 2535 similitudinem

503 2570 599 2626 Dei
628 2570 778 2644 (Gen.
812 2587 865 2640 ι,
890 2570 1005 2642 27).
1054 2569 1221 2626 Nemo
1250 2579 1427 2625 autem
1474 2570 1680 2641 ignorat
1706 2571 1981 2626 hominum
2009 2571 2090 2625 vi-

501 2670 612 2716 tam
632 2662 744 2732 jam
772 2661 971 2732 aliquid
986 2661 1465 2728 administrantem,
1490 2663 1793 2733 cognitione
1814 2671 1866 2717 et
1881 2664 2089 2719 actione

501 2750 696 2807 fulciri.
738 2752 869 2807 Nam
909 2761 963 2807 et
1001 2752 1140 2807 actio
1171 2756 1454 2809 temeraria
1496 2761 1580 2809 est
1621 2753 1736 2809 sine
1763 2754 2083 2821 cognitione,

501 2851 558 2900 et
600 2844 718 2899 sine
759 2844 969 2898 actione
998 2843 1197 2913 ignava
1241 2844 1493 2913 cognitio.
1533 2843 1638 2899 Sed
1667 2844 1834 2913 prima
1861 2844 1968 2898 vita
1996 2843 2089 2897 ho-

503 2932 665 2988 minis
687 2974 703 3000 ,
741 2933 999 2988 cuiinulla
1028 2931 1418 2987 administratio
1446 2940 1589 2987 recte
1618 2932 1855 2988 creditur
1876 2974 1892 3001 ,
1932 2933 2089 3004 quin-

503 3037 609 3094 que
650 3022 896 3079 sensibus
939 3023 1180 3093 corporis
1227 3021 1407 3078 dedita
1453 3030 1575 3088 est;
1621 3023 1712 3093 qui
1753 3033 1877 3079 sunt
1919 3024 2087 3089 visus,

503 3113 735 3181 auditus,
765 3113 1013 3182 olfactus,
1062 3122 1269 3185 gustus,
1304 3124 1494 3169 tactus.
1522 3113 1591 3169 Et
1618 3113 1738 3170 ideo
1759 3114 1878 3170 dine
1902 3115 2090 3186 prima:

504 3216 691 3264 tetates
720 3208 935 3279 generis
959 3207 1175 3262 humani
1202 3205 1354 3261 denis
1383 3205 1811 3276 generationibus
1839 3206 2091 3262 definitur

503 3307 628 3365 tur,
677 3307 923 3368 tanquam
964 3296 1185 3352 infantia
1217 3304 1270 3351 et
1314 3297 1574 3367 pueritia;
1613 3297 1859 3367 quinario
1884 3298 2090 3355 scilicet

504 3388 775 3470 geminato
798 3428 814 3453 ,
840 3387 1091 3458 quoniam
1119 3387 1393 3458 generatio
1427 3395 1654 3456 utroque
1675 3402 1808 3443 sexu
1834 3402 2090 3460 propaga-

504 3486 611 3534 tur.
655 3478 791 3535 Sunt
834 3492 963 3549 ergo
997 3478 1367 3548 generationes
1404 3476 1591 3533 decem
1620 3478 1688 3533 ab
1724 3478 1892 3534 Adam
1925 3495 2091 3550 usque

505 3569 573 3625 ad
610 3567 762 3635 Noe,
806 3578 861 3623 et
908 3567 1032 3623 inde
1070 3581 1238 3638 usque
1276 3566 1343 3621 ad
1388 3567 1655 3623 Abraham
1700 3568 1818 3623 aliae
1862 3568 2087 3636 decem;

505 3673 642 3730 quas
669 3657 802 3713 duas
844 3665 1026 3712 aetates
1068 3656 1340 3711 infantiam
1372 3667 1422 3712 et
1450 3658 1729 3728 pueritiam
1756 3659 1969 3729 generis
1986 3652 2092 3715 'hu-

506 3748 656 3804 mani
684 3762 805 3805 esse
831 3748 1084 3804 diximus.
1128 3746 1500 3803 Adolescentia
1528 3764 1653 3802 vero
1678 3758 1732 3803 et
1761 3749 2014 3819 juventus
2039 3759 2094 3807 et

505 3843 758 3915 gravitas,
792 3841 842 3896 id
870 3846 969 3908 est,
1002 3841 1070 3895 ab
1094 3839 1361 3895 Abraham
1388 3855 1554 3911 usque
1580 3840 1646 3895 nd
1678 3840 1863 3911 David,
1894 3852 1948 3898 et
1969 3842 2092 3898 inde

505 3948 677 4005 usque
703 3932 768 3988 ad
813 3931 1327 4002 transmigrationem
1360 3932 1414 3986 in
1456 3931 1835 4004 Babyloniam,
1878 3942 1934 3990 et
1971 3933 2093 3990 inde

508 4039 681 4096 usque
722 4023 788 4079 ad
831 4024 1116 4081 adventum
1161 4023 1409 4089 Domini,
1439 4032 1665 4093 quatuor
1692 4023 1845 4079 denis
1870 4040 2095 4096 genera-

510 4116 742 4173 tionibus
775 4116 1104 4188 figurantur;
1133 4115 1434 4186 septenario
1461 4115 1725 4187 geminato
1753 4115 1819 4170 ad
1850 4116 2093 4172 eamdem

510 4208 909 4279 generationem
942 4207 960 4238 ¹
991 4207 1264 4276 utriusque
1307 4221 1469 4261 sexus
1493 4248 1506 4268 ,
1562 4221 1684 4261 cum
1732 4207 1975 4277 quinario
2004 4208 2091 4277 qui

510 4309 594 4354 est
644 4301 698 4353 in
745 4297 993 4354 sensibus
1037 4298 1304 4366 corporis,
1351 4299 1492 4351 actio
1539 4308 1595 4353 et
1640 4299 1870 4369 cognitio
1917 4299 2094 4374 addita

510 4391 689 4447 fuerit.
733 4388 992 4445 Senectus
1037 4398 1214 4443 autem
1252 4388 1397 4443 solet
1439 4389 1598 4442 etiam
1654 4397 1860 4443 tantum
1909 4398 2093 4444 tenere

511 4481 792 4552 temporis,
818 4488 1074 4549 quantum
1102 4477 1317 4548 reliqua:
1344 4493 1529 4532 omnes
1558 4487 1765 4533 tetates.
1813 4479 1942 4533 Nam
1973 4495 2092 4534 cum

513 4588 544 4627 a
572 4570 903 4640 sexagesimo
929 4583 1069 4624 anno
1094 4576 1340 4624 senectus
1366 4568 1572 4623 dicatur
1601 4570 1850 4639 incipere,
1885 4579 1938 4624 et
1967 4586 2096 4642 pos-

517 4662 588 4718 sit
615 4662 846 4716 humana
884 4661 989 4715 vita
1036 4677 1203 4731 usque
1228 4659 1293 4715 ad
1324 4672 1535 4716 centum
1566 4662 1747 4731 viginti
1778 4677 1944 4717 annos
1969 4679 2094 4734 per-

514 4753 731 4819 venire,
772 4750 1109 4807 manifestum
1148 4761 1229 4807 est
1255 4753 1420 4808 solam
1452 4761 1777 4808 senectutem
1810 4769 1964 4823 posse
1992 4765 2095 4809 tam

445 4865 481 4889 κ
517 4846 731 4916 longam
777 4858 936 4911 esse,
988 4858 1145 4913 quam
1181 4860 1368 4899 omnes
1412 4854 1595 4899 mtates
1637 4856 1845 4901 cetera:
1894 4848 2097 4916 priores

450 4928 457 4948 ⁸
518 4947 662 4994 sunt.
702 4935 855 4992 [Etas
896 4936 1055 5006 igitur
1083 4935 1267 4991 ultima
1294 4928 1519 5007 generis
1561 4936 1812 5001 humani,
1854 4953 1973 5006 qum
2017 4938 2097 4993 in-

516 5027 644 5098 cipit
674 5042 705 5082 a
737 5026 945 5081 Domini
970 5026 1196 5080 adventu
1222 5068 1236 5092 ,
1286 5042 1452 5097 usque
1479 5027 1527 5080 in
1563 5027 1720 5081 tinent
1747 5028 1944 5092 smculi,
1976 5029 2097 5097 qui-

515 5122 619 5179 bus
646 5119 1074 5191 generationibus
1097 5128 1432 5189 computetur
1475 5119 1730 5175 incertum
1762 5129 1845 5175 est
1874 5138 1886 5173 :
1917 5130 1969 5175 et
1997 5120 2100 5176 hoc

515 5213 719 5270 utiliter
746 5214 883 5267 Deus
910 5211 1080 5265 voluit
1121 5211 1319 5278 latere,
1365 5210 1500 5265 sicut
1540 5211 1590 5265 in
1638 5211 1925 5282 Evangelio
1961 5211 2099 5266 scri-

516 5316 664 5379 ptum
701 5314 782 5362 est
807 5303 1017 5373 (Matth.
1051 5318 1215 5369 xxw,
1243 5303 1337 5374 56)
1364 5345 1379 5370 ,
1411 5313 1465 5359 et
1488 5304 1773 5374 Apostolus
1796 5313 2098 5372 attestatur,

515 5401 704 5457 dicens
751 5397 894 5454 diem
936 5396 1146 5451 Domini
1185 5405 1435 5467 tanquam
1476 5395 1646 5451 furem
1687 5396 1740 5450 in
1776 5406 1943 5457 nocte
1981 5411 2101 5452 esse

514 5499 801 5566 venturum
822 5487 862 5559 (l
891 5486 1069 5542 Thess.
1100 5502 1155 5552 v,
1182 5486 1261 5557 2).

586 5583 642 5638 '5.
668 5580 772 5637 Sed
804 5590 977 5636 tamen
1005 5587 1154 5634 sexta
1197 5586 1352 5632 aetate
1378 5578 1644 5633 visitatum
1672 5594 1789 5633 esse
1817 5593 1982 5650 genus
2010 5577 2104 5647 bu-

580 5712 601 5746 ι
625 5717 724 5763 ttat.
752 5715 803 5762 et
820 5710 995 5762 decem
1018 5717 1147 5773 Mss,
1169 5709 1235 5760 ad
1253 5708 1470 5762 eamdem
1495 5707 1742 5760 rationm.

2203 383 2416 423 manum
2462 373 2644 425 humili
2694 371 2903 427 Domini
2946 373 3208 440 adventu,
3255 375 3500 445 superius
3529 374 3827 435 distinctis

2201 462 2630 531 generationibus
2659 463 2933 519 edocetur.
2962 465 3075 533 Qua
3101 466 3401 521 visitatione
3427 468 3643 540 incmpit
3672 486 3821 526 ma-

2202 551 2440 607 nifestari
2464 553 2765 622 prepbetia,
2788 571 2906 624 qua:
2932 557 3294 626 superioribus
3333 559 3562 630 quinque
3608 561 3816 617 aetati-

2199 640 2299 696 bus
2352 641 2503 696 latuit
2558 659 2571 696 :
2626 642 2778 713 cujus
2836 645 3126 714 prophetiae
3191 663 3473 715 personam
3542 651 3821 721 quoniam

2199 730 2433 786 Joannes
2465 735 2742 803 gestabat,
2767 745 2821 788 ut
2858 750 3016 805 supra
3043 737 3240 792 dictum
3265 749 3347 793 est
3369 780 3382 802 ,
3412 739 3531 794 ideo
3555 756 3620 795 ex
3644 742 3818 797 seni-

2202 822 2299 877 bus
2324 825 2629 893 parentibus
2656 826 2891 881 nascitur
2911 869 2927 893 ,
2964 837 3209 899 tanquam
3237 841 3553 886 senescente
3595 832 3821 888 saeculo

2201 914 2476 984 prepbetia
2509 916 2594 970 illa
2627 917 2957 973 innotescere
2989 919 3231 990 incipiat;
3259 931 3313 975 et
3358 923 3594 993 quinque
3641 941 3824 980 men-

2200 1005 2346 1061 sibus
2375 1021 2432 1062 se
2456 1009 2687 1062 occultat
2717 1019 2886 1065 mater
2907 1011 3021 1080 ejus
3040 1054 3056 1078 ,
3088 1012 3223 1067 sicut
3260 1015 3515 1084 scriptum
3541 1026 3656 1084 est,
3692 1015 3816 1072 0c-

2199 1103 2418 1156 cultabat
2466 1120 2520 1157 se
2564 1102 2818 1159 Elisabetlt
2850 1107 3099 1160 mensibus
3142 1108 3376 1179 quinque.
3409 1110 3572 1166 Sexto
3614 1121 3821 1167 autem

2200 1208 2383 1247 mense
2410 1195 2650 1248 visitatur
2678 1210 2706 1249 a
2736 1195 2893 1251 Maria
2916 1208 3089 1251 matre
3111 1198 3315 1253 Domini
3338 1218 3353 1265 ;
3382 1209 3435 1256 ct
3453 1202 3684 1258 exsultat.
3719 1204 3817 1258 in-

2202 1281 2319 1336 fans
2346 1284 2397 1337 in
2426 1292 2598 1350 utero,
2647 1280 2895 1356 tanquam
2938 1289 3111 1357 primo
3158 1288 3387 1344 adventu
3428 1292 3642 1348 Domini
3690 1310 3819 1365 quo

2200 1374 2251 1428 in
2292 1376 2587 1432 humilitate
2612 1379 2624 1408 ¹
2654 1394 2911 1447 apparere
2949 1380 3194 1450 dignatus
3224 1391 3336 1447 est,
3366 1384 3647 1454 prophetia
3676 1402 3816 1441 ma-

2199 1466 2436 1522 nifestari
2469 1469 2682 1540 incipiat
2715 1489 2728 1525 :
2755 1471 2847 1525 sed
2881 1481 3127 1542 tanquam
3156 1474 3209 1527 in
3240 1484 3414 1542 utero,
3447 1475 3496 1529 id
3527 1486 3630 1543 est,
3657 1492 3817 1532 non-

2199 1555 2324 1611 dum
2357 1567 2460 1612 tam
2508 1560 2803 1625 evidenter,
2832 1572 2888 1614 ut
2916 1577 3104 1617 onntcs
3138 1564 3281 1619 sicut
3335 1567 3384 1619 in
3416 1567 3533 1622 luce
3573 1569 3819 1625 manife-

2198 1658 2335 1702 stam
2364 1664 2482 1704 esse
2512 1652 2791 1717 fateantur;
2820 1654 2961 1723 quod
3004 1653 3235 1710 futurum
3271 1659 3536 1713 credimus
3560 1663 3817 1717 secundo

2198 1739 2430 1795 adventu
2462 1741 2690 1810 Domini,
2733 1745 2910 1813 quoin
2946 1746 3188 1803 claritate
3218 1759 3473 1805 venturus
3497 1760 3608 1817 est;
3641 1754 3818 1824 cujus

2198 1833 2458 1887 adventus
2482 1850 2779 1902 praecursor
2804 1848 3048 1907 speratur
3078 1839 3218 1893 Elias
3243 1882 3256 1906 ,
3288 1841 3421 1895 sicut
3448 1842 3607 1911 hujus
3628 1844 3813 1900 Joan-

2200 1939 2295 1977 nes
2340 1924 2455 1978 fuit.
2482 1925 2548 1980 Et
2577 1926 2696 1981 ideo
2732 1928 2924 1983 dicitur
2947 1944 2977 1984 a
3007 1929 3230 1985 Domino
3260 1951 3271 1985 :
3305 1931 3446 1987 Elius
3473 1937 3586 2005 jam
3612 1940 3766 1992 venit
3793 1981 3810 2005 ,

2198 2025 2244 2068 et
2271 2016 2430 2069 multa
2459 2017 2504 2069 ei
2530 2018 2755 2072 homines
2783 2022 3041 2090 fecerunt;
3066 2021 3176 2074 etsi
3219 2023 3367 2077 vultis
3392 2025 3521 2080 scire
3538 2066 3551 2087 ,
3584 2026 3706 2096 ipse
3735 2039 3812 2083 est

2196 2105 2422 2161 Joannes
2473 2107 2704 2179 Baptista
2727 2149 2741 2172 ,
2769 2110 2855 2180 qui
2873 2120 3111 2164 venturus
3150 2123 3222 2166 cst
3249 2111 3474 2185 (Matth.
3507 2131 3616 2170 xvtt
3642 2159 3662 2181 ,
3702 2118 3808 2185 12,

2199 2209 2246 2253 et
2279 2216 2350 2264 xt,
2383 2200 2494 2271 14).
2527 2198 2658 2269 Quia
2687 2200 2739 2254 in
2765 2201 2952 2255 eodem
2984 2203 3171 2272 Spiritu
3194 2213 3244 2258 et
3274 2204 3324 2258 in
3356 2205 3541 2261 eadem
3573 2208 3804 2274 virtute,

2199 2300 2445 2361 tanquam
2475 2291 2823 2362 praecedentis
2836 2295 3106 2363 praeconis
3134 2296 3310 2351 officio
3337 2307 3392 2352 et
3437 2299 3520 2354 bic
3561 2299 3683 2368 jam
3714 2317 3813 2356 ve-

2197 2382 2307 2447 nit,
2357 2389 2412 2436 et
2462 2383 2549 2437 ille
2572 2392 2828 2438 venturus
2869 2393 2967 2440 est.
3018 2385 3300 2458 Propterea
3342 2398 3396 2442 et
3437 2388 3595 2445 istum
3624 2392 3808 2449 Joan-

2197 2487 2318 2526 nem
2348 2488 2442 2543 per
2469 2473 2712 2543 spiritum
2743 2490 2848 2545 quo
2884 2484 3034 2544 pater
3075 2476 3192 2547 ejus
3221 2488 3367 2534 vates
3402 2481 3657 2551 impletus
3687 2494 3807 2551 est,

2195 2563 2387 2618 dicitur
2411 2579 2793 2636 praecursorem
2822 2565 3036 2621 Domini
3085 2568 3311 2623 futurum
3340 2586 3459 2628 esse
3498 2574 3552 2628 in
3599 2576 3806 2645 spiritu

2196 2663 2250 2709 et
2274 2655 2467 2709 virtute
2498 2655 2643 2710 Elite.
2665 2656 2907 2712 Peractis
2946 2666 3123 2713 autem
3153 2660 3312 2715 Maria
3356 2677 3479 2717 cum
3510 2664 3803 2724 Elisabeth

2197 2745 2467 2800 mensibus
2497 2744 2687 2812 tribus,
2714 2745 2939 2802 discedit
2968 2747 3129 2820 (Luc.
3162 2747 3235 2822 ι).
3266 2750 3383 2818 Quo
3409 2746 3637 2810 numero
3664 2758 3802 2813 mihi

2195 2836 2404 2891 videtur
2446 2836 2732 2908 signiﬁcari
2780 2838 2911 2894 fides
2954 2840 3261 2907 Trinitatis,
3312 2852 3365 2899 et
3412 2843 3692 2915 Baptisma
3747 2849 3803 2906 in

2194 2928 2410 2983 nomine
2436 2927 2607 2983 Patris
2635 2938 2690 2984 et
2713 2928 2828 2984 Filii
2855 2941 2909 2986 et
2931 2931 3157 3002 Spiritus
3190 2934 3360 2990 sancti
3380 2976 3393 3002 ,
3423 2951 3529 3007 quo
3558 2953 3663 3008 per
3694 2941 3799 2996 hu-

2194 3017 2375 3073 milem
2420 3019 2629 3074 Domini
2668 3021 2951 3077 adventum
2979 3039 3149 3094 genus
3176 3024 3464 3082 humanum
3493 3029 3795 3099 imbuitur,

2194 3117 2249 3164 et
2272 3107 2448 3165 futuro
2473 3110 2703 3166 adventu
2731 3112 2987 3168 claritatis
3012 3114 3127 3183 ejus
3156 3118 3430 3172 extollitur
3454 3122 3474 3151 ²
3495 3121 3607 3192 (a).

2604 3201 2739 3257 LIX.
2778 3202 2850 3258 De
2877 3204 3046 3260 decem
3068 3208 3371 3279 uirginibus.

2267 3291 2319 3347 ι.
2349 3291 2492 3348 inter
2532 3295 2814 3365 parabolas
2852 3312 2883 3352 a
2926 3298 3151 3355 Domino
3179 3300 3348 3358 dictas
3376 3304 3513 3359 solet
3535 3320 3799 3377 quzeren-

2197 3392 2275 3437 tes
2304 3384 2525 3439 multum
2565 3402 2819 3444 exercere
2846 3388 2946 3443 ista
2967 3431 2983 3457 ,
3005 3406 3127 3461 quae
3173 3392 3242 3449 de
3284 3393 3469 3451 decem
3495 3398 3798 3468 virginibus

2196 3473 2367 3543 posita
2409 3485 2512 3531 est.
2544 3476 2614 3531 Et
2661 3478 2810 3535 multi
2853 3480 3068 3551 quidem
3099 3482 3224 3538 hinc
3251 3486 3418 3541 multa
3462 3501 3795 3558 senserunt,

2195 3580 2315 3635 qua:
2364 3581 2470 3622 non
2509 3577 2635 3623 sunt
2660 3580 2854 3639 prteter
2879 3569 3079 3628 ﬁdem:
3120 3573 3215 3629 sed
3238 3577 3509 3645 quomodo
3550 3581 3799 3649 partibus

2182 3659 2444 3715 omnibus
2467 3660 2582 3730 ejus
2599 3660 3173 3735 conveniatexpositio,
3199 3666 3250 3721 id
3272 3669 3660 3727 elaborandum
3691 3682 3793 3728 est.

2199 3750 2323 3822 Legi
2351 3753 2510 3807 etiam
2542 3753 2594 3808 in
2643 3754 2870 3824 quadam
2921 3758 3182 3828 scriptura
3208 3801 3225 3827 ,
3260 3775 3328 3815 ex
3372 3776 3554 3818 earum
3588 3780 3796 3834 genere

2197 3857 2317 3913 quae
2365 3846 2684 3918 apocryphae
2713 3848 3084 3918 nominantur,
3131 3867 3235 3907 non
3279 3855 3420 3922 quod
3463 3856 3794 3914 sit'contra

2184 3935 2512 3991 catholicam
2532 3937 2711 4003 fidem;
2735 3940 2828 3994 sed
2852 3940 2976 3997 huic
3002 3941 3116 3997 loco
3139 3944 3267 3998 mihi
3292 3946 3467 4002 minus
3491 3963 3795 4021 congruere

2199 4029 2307 4082 visa
2330 4038 2407 4084 est
2426 4069 2440 4094 ,
2471 4031 2830 4086 consideranti
2858 4048 3045 4089 attines
3074 4034 3231 4106 hujus
3251 4037 3636 4096 simulitudinis
3669 4059 3794 4114 par-

2199 4127 2300 4175 tes.
2327 4121 2399 4176 De
2426 4136 2527 4191 qua
2559 4130 2734 4179 tamen
2760 4125 3092 4194 expositione
3122 4136 3321 4184 temere
3348 4130 3475 4184 nihil
3505 4132 3687 4188 audeo
3705 4134 3795 4205 ju-

2199 4212 2409 4278 dicare,
2445 4230 2512 4268 nc
2538 4215 2673 4270 forte
2722 4230 2828 4272 non
2863 4216 2980 4287 ejus
3010 4219 3431 4277 inconvenientia
3457 4223 3586 4277 mihi
3622 4242 3793 4297 angu-

2199 4304 2330 4359 stias
2369 4305 2583 4371 fecerit,
2613 4305 2707 4359 sed
2736 4321 2855 4361 mea
2903 4308 3124 4365 tarditas
3173 4310 3225 4364 in
3252 4326 3313 4367 ea
3356 4314 3793 4371 convenientiam

2202 4411 2307 4450 non
2337 4396 2768 4465 invenerit.Quid
2785 4406 2961 4454 autem
2990 4402 3117 4454 mibi
3151 4402 3395 4457 videatur
3423 4419 3529 4458 non
3556 4406 3794 4462 absurde

2203 4485 2305 4541 hoc
2345 4489 2463 4542 loco
2483 4488 2683 4558 accipi,
2715 4500 2966 4560 quantum
2998 4502 3186 4561 potem
3216 4493 3449 4550 breviter
3472 4504 3525 4550 et
3554 4495 3789 4569 diligen-

2200 4589 2281 4637 ter
2302 4595 2585 4650 exponam.

2270 4672 2712 4742 “2.1nterrogatus
2762 4673 2920 4744 igitur
2966 4676 3218 4731 Dominus
3261 4687 3444 4734 noster
3490 4690 3707 4737 secreto
3763 4695 3790 4733 a

2201 4762 2473 4832 discipulis
2510 4763 2576 4817 de
2601 4765 3058 4819 consummatione
3080 4768 3258 4821 sternit
3285 4809 3300 4832 ,
3331 4768 3468 4824 inter
3493 4770 3668 4826 multa
3695 4772 3792 4824 alia

2202 4868 2319 4924 quae
2349 4852 2555 4907 locutus
2575 4862 2656 4908 est
2679 4894 2695 4920 ,
2725 4854 2825 4909 hoc
2848 4870 3058 4924 quoque
3080 4855 3211 4911 dixit
3235 4876 3248 4910 :
3277 4857 3415 4912 Tum:
3441 4860 3608 4914 simile
3655 4861 3790 4917 testi-

2202 4944 2420 4998 mabitur
2448 4962 2655 5015 regnum
2680 4946 2917 5000 caelorum
2961 4948 3133 5002 decem
3173 4949 3447 5021 virginibus
3470 4994 3484 5017 ,
3507 4969 3625 5020 (μιαν
3647 4968 3788 5007 acce-

2205 5047 2385 5107 perunt
2409 5036 2668 5106 lampades
2692 5054 2831 5104 suas,
2850 5048 2895 5091 et
2917 5050 3152 5094 venerunt
3176 5040 3370 5095 obviam
3391 5060 3595 5110 sponso.
3625 5045 3788 5111 Quin-

2204 5146 2300 5199 que
2325 5138 2492 5182 autem
2517 5145 2579 5183 ea:
2601 5129 2671 5183 eis
2689 5139 2832 5183 erant
2856 5133 3030 5199 fatale,
3059 5140 3105 5184 et
3129 5132 3346 5204 quinque
3371 5133 3661 5203 prudentes.
3687 5131 3789 5188 Sed

2204 5222 2423 5293 quinque
2465 5223 2619 5292 fatuae
2660 5221 2876 5291 acceptis
2904 5222 3221 5288 lampadibus
3258 5223 3396 5287 suis,
3422 5240 3523 5277 non
3559 5238 3787 5295 smnpseo

2204 5322 2323 5368 runt
2368 5313 2535 5367 oleum
2562 5329 2728 5367 secum
2755 5328 2774 5367 :
2799 5312 3070 5383 prudentes
3095 5323 3260 5368 autem
3288 5325 3587 5384 acceperunt
3625 5316 3787 5370 oleum

2271 5405 2289 5436 ι
2314 5403 2594 5451 Navarricus
2608 5401 2752 5461 liber,
2773 5400 2825 5452 in
2847 5399 3159 5453 humanitate.

2270 5465 2292 5495 ³
2317 5469 2414 5513 nat.
2440 5469 2512 5512 Er.
2539 5469 2592 5513 et
2614 5462 2839 5514 undecim
2862 5470 2987 5522 Mss,
3012 5462 3268 5514 excolitur.
3304 5461 3434 5514 Alter
3467 5478 3497 5515 e
3536 5463 3783 5523 t'atimniS,

2208 5523 2367 5576 excoli
2398 5524 2624 5587 ἄσημ’.-
2635 5525 2802 5587 Lugd,
2825 5523 3079 5587 excolitur.
3144 5532 3202 5575 Μ.
3232 5571 3239 5580 ,

2274 5588 2294 5619 ³
2318 5584 2534 5635 δοηηυῑιὶ
2559 5593 2685 5644 Mss.,
2704 5584 2833 5648 quod
2849 5597 2943 5635 non
2965 5585 3044 5636 sit.

2277 5647 2355 5709 (α)
2385 5654 2451 5694 De
2474 5660 2564 5695 sex
2589 5646 2811 5709 aetatibus
2830 5647 2923 5697 vid.
2939 5647 3023 5697 lib.
3050 5648 3073 5697 1
3100 5647 3162 5698 de
3185 5649 3360 5699 Genesi
3376 5655 3543 5700 contra
3564 5646 3778 5708 laniem.

2212 5720 2318 5771 cap.
2336 5708 2413 5771 25,
2442 5721 2492 5757 n.
2511 5708 2676 5758 35-41.

3737 263 3829 321 ιι
