3988 6390
225 327 289 381 45
1598 322 1741 378 LIBE

1848 321 2032 384 [ΙΝυᾶ
3009 322 3014 327 ’
3377 335 3444 392 46

218 456 373 495 sicam
400 439 449 492 in
472 443 594 492 rasis
633 439 738 493 suis
787 455 898 492 cum
941 438 1275 508 lampadibus.
1311 435 1563 492 Tardaute
1603 447 1770 492 autem

217 546 407 599 sponso,
433 530 814 582 dormitaremnt
839 545 1029 596 omnes,
1054 539 1101 583 et
1129 529 1456 584 dormierunt.
1478 528 1647 582 Media
1675 545 1766 582 au-

214 632 300 674 tem
337 633 475 674 nocte
519 622 702 674 clamor
726 625 888 692 {actus
925 631 1035 675 est:
1068 621 1196 674 Ecce
1219 638 1430 692 sponsus
1455 623 1622 687 venit,
1653 638 1767 675 sur-

213 715 300 782 gite
324 711 509 765 obviam
534 714 592 764 ei.
624 712 762 764 Tunc
787 721 1109 766 surrexerunt
1140 714 1354 783 virgines
1378 712 1512 777 illte,
1541 721 1584 766 et
1613 722 1759 782 apta-

215 813 369 854 rerunt
387 801 634 872 lampades
663 819 796 855 suas.
821 801 885 854 Et
914 803 1145 855 dixerunt
1163 804 1265 855 illa:
1287 803 1452 856 stulta!
1480 804 1547 854 ad
1565 804 1764 872 sapien-

213 905 275 945 tes
301 892 463 946 :Date
481 893 613 945 nobis
639 892 700 945 de
733 893 843 946 oleo
891 901 1048 945 vestro
1073 933 1085 955 ,
1116 894 1235 960 quia
1282 893 1542 962 lampades
1579 902 1764 948 nostra:

214 985 590 1053 exstinguuntur.
615 984 1000 1053 Responderunt
1027 995 1192 1038 autem
1217 986 1486 1054 sapientes,
1510 985 1759 1039 dicentes:

213 1070 287 1126 Ne
310 1073 430 1142 forte
452 1089 548 1125 non
575 1072 783 1142 suﬁciat
809 1075 950 1127 nobis
989 1084 1036 1128 et
1075 1075 1227 1138 vobis,
1252 1076 1319 1128 ite
1343 1077 1507 1144 potius
1545 1075 1612 1128 ad
1635 1092 1758 1130 ven-

210 1147 378 1224 derites,
405 1174 447 1215 et
472 1163 610 1216 emite
634 1165 787 1216 vobis.
833 1164 894 1216 Et
925 1164 1043 1216 dum
1072 1166 1201 1218 irent
1227 1181 1420 1229 emere,
1449 1167 1578 1219 venit
1603 1183 1759 1233 spon-

209 1271 318 1318 sas;
340 1265 382 1308 et
405 1271 512 1324 qua!
534 1266 723 1324 parata:
752 1267 930 1320 erant,
959 1258 1267 1310 intraverunt
1309 1275 1422 1312 cum
1449 1275 1504 1312 eo
1543 1258 1611 1311 ad
1656 1275 1754 1312 nu-

208 1349 322 1415 ptias
342 1389 354 1410 ,
385 1358 428 1400 et
451 1347 618 1400 clausa
643 1358 715 1401 est
733 1349 918 1416 janua.
964 1347 1249 1404 Novissime
1275 1361 1440 1404 autem
1469 1351 1669 1404 veniunt
1711 1360 1756 1404 et

213 1440 390 1509 religate
434 1441 681 1509 virgines,
735 1440 992 1494 dicentes:
1037 1442 1282 1503 Domine,
1333 1443 1578 1508 Domine,
1617 1445 1756 1514 aperi

214 1531 349 1583 nobis.
372 1529 432 1583 At
459 1533 542 1584 ille
583 1533 889 1601 respondens
926 1533 996 1584 ait
1026 1550 1044 1586 :
1069 1535 1226 1587 Amen
1255 1535 1364 1588 dico
1394 1536 1530 1590 vobis
1549 1579 1562 1601 ,
1589 1537 1754 1590 nescio

209 1639 296 1674 ros.
331 1620 534 1692 Vigilatc
581 1638 734 1693 ergo,
775 1623 891 1692 quia
927 1625 1124 1677 nescitis
1168 1625 1298 1678 diem
1322 1667 1336 1691 ,
1379 1642 1536 1696 neque
1577 1627 1754 1680 horam

209 1711 406 1779 (Matth.
434 1729 576 1779 xxv,
609 1724 629 1768 t
668 1715 792 1784 I3).
848 1715 1037 1769 Decem
1085 1717 1263 1784 utique
1311 1719 1568 1786 virginum
1613 1721 1750 1790 quod

201 1804 402 1870 quinque
425 1803 777 1858 admittuntur
795 1846 809 1868 ,
837 1806 1069 1874 quinque
1095 1807 1466 1876 exeluduntur,
1493 1809 1748 1865 bonorum

201 1894 502 1948 etmalorum
547 1895 924 1950 discretionem
977 1899 1236 1966 signiﬁcat
1273 1900 1311 1951 ¹.
1347 1899 1678 1970 Quapmptcr
1705 1903 1748 1956 si

201 1981 486 2053 virginitatis
530 2002 723 2040 nom-.n
769 1987 1079 2042 honorabilo
1125 1998 1236 2054 est,
1287 2005 1382 2044 cur
1411 1993 1636 2060 receptis
1659 2009 1750 2048 ex-

195 2074 431 2144 clusisque
459 2091 744 2132 commune
769 2078 895 2133 est?
921 2079 1118 2133 Deinde
1145 2080 1265 2147 quid
1293 2080 1391 2134 sibi
1425 2081 1533 2136 vult
1566 2098 1750 2137 nume-

195 2166 333 2219 rusin
361 2177 577 2237 utraque
599 2178 749 2238 parte
786 2169 1096 2237 quinarius?
1119 2171 1252 2237 Quid
1283 2180 1458 2228 autem
1490 2173 1750 2243 signiﬁcat

192 2256 377 2323 oleum,
405 2258 598 2312 mirum
640 2259 867 2313 videtur.
900 2259 1027 2314 Item
1051 2262 1190 2330 quod
1215 2263 1483 2331 sapientes
1513 2266 1744 2334 petenti-

192 2345 278 2400 bus
319 2363 413 2402 non
456 2351 858 2404 communicant
887 2370 900 2405 :
931 2367 1051 2406 cum
1082 2361 1135 2406 ct
1163 2353 1398 2410 invidere
1429 2355 1504 2409 fas
1543 2371 1647 2410 non
1679 2357 1748 2412 sit

190 2451 268 2492 eas
292 2455 398 2509 quae
427 2440 494 2494 ita
527 2442 782 2510 βοήθεια)
824 2451 948 2497 sunt
971 2484 985 2508 ,
1021 2454 1069 2496 ut
1099 2459 1127 2497 a
1167 2460 1364 2513 sponso
1392 2447 1742 2516 recipiantur,

190 2545 282 2597 quo
320 2533 526 2588 nomine
567 2533 719 2587 nullo
747 2533 1023 2589 dubitante
1068 2535 1322 2591 Dominus
1370 2548 1550 2594 noster
1592 2539 1746 2595 Jesus

186 2619 403 2677 Christus
442 2624 810 2693 signiﬁcatur;
849 2634 902 2679 et
949 2625 1319 2682 misericordes
1341 2644 1458 2684 esse
1504 2640 1746 2698 oporteat

187 2709 243 2764 ad
267 2715 609 2781 przrstandum
639 2729 703 2768 ex
731 2729 797 2770 eo
825 2716 961 2785 quod
994 2717 1188 2772 habent
1206 2761 1219 2779 ,
1256 2720 1631 2786 prazscribente
1658 2721 1741 2775 illa

186 2806 413 2859 sententia
435 2806 678 2876 ejusdem
711 2807 915 2862 Domini
940 2809 1163 2863 dicentis
1187 2851 1200 2876 ,
1237 2809 1388 2864 Omni
1433 2815 1652 2882 poscenti
1676 2826 1740 2878 te,

188 2893 321 2946 tribue
339 2895 479 2966 (Luc.
499 2913 574 2962 vt,
597 2894 710 2970 50).
736 2897 870 2964 Quid
897 2907 978 2952 est
1002 2909 1175 2955 autem
1207 2902 1345 2971 quod
1381 2905 1543 2970 possit
1568 2904 1743 2959 dando

186 2997 274 3037 non
329 2989 566 3042 sufficere
618 2987 895 3058 utrisque?
939 2989 1064 3044 Ilzcc
1104 2993 1330 3047 maxime
1369 3003 1560 3064 augent
1593 3011 1741 3064 qua:-

185 3073 345 3130 stionis
383 3076 747 3132 difﬁcultatem
778 3096 790 3130 :
819 3094 1117 3150 quanquam
1151 3091 1203 3136 et
1225 3093 1413 3138 cetera
1462 3084 1743 3155 diligenter

181 3167 500 3235 considerata,
534 3181 595 3226 ut
625 3171 800 3225 omnia
831 3172 882 3226 in
913 3188 1071 3226 unam
1097 3175 1353 3228 rationem
1385 3186 1736 3243 concurrant,

184 3257 392 3328 nihilque
413 3262 461 3315 in
479 3277 643 3316 unam
669 3271 871 3330 partem
893 3263 1100 3318 dicatur
1118 3266 1258 3335 quod
1283 3267 1525 3336 impediat
1557 3268 1736 3334 aliam,

183 3362 346 3419 magna
373 3353 543 3408 cautio
575 3353 874 3408 adhibenda
906 3364 1004 3408 est.

241 3439 287 3492 5.
310 3440 556 3498 Videntur
586 3444 766 3514 itaque
789 3445 916 3499 mihi
937 3447 1167 3517 quinque
1193 3449 1420 3518 virgines
1440 3451 1738 3520 signiﬁcare

177 3529 636 3603 quinquepartitam
691 3529 1069 3590 continentiam
1137 3554 1164 3590 a
1215 3541 1392 3594 carnis
1453 3542 1734 3598 illecebris.

180 3616 511 3680 Continendus
569 3634 656 3679 est
706 3625 846 3680 enim
875 3628 1035 3680 animi
1082 3630 1344 3698 appetitus
1392 3647 1420 3684 a
1469 3633 1738 3702 voluptate

181 3712 489 3781 oculorttm,a
522 3717 801 3785 voluptate
830 3719 1057 3783 aurium,
1081 3735 1109 3771 a
1139 3720 1406 3790 voluptate
1432 3723 1733 3792 olfacicndi,

177 3806 392 3870 gustandi
416 3850 430 3874 ,
453 3807 728 3878 tangendi.
760 3807 863 3864 Sed
891 3811 1010 3879 quia
1062 3812 1157 3865 ista
1192 3814 1512 3870 continentia
1547 3819 1734 3886 partim

177 3908 334 3951 coram
377 3898 482 3954 Deo
530 3898 614 3965 ﬁt,
647 3908 705 3954 ut
735 3899 808 3954 illi
858 3901 1130 3971 placentur
1170 3905 1219 3957 in
1276 3906 1512 3962 interiori
1543 3911 1736 3979 gaudio

177 3989 502 4056 cenScicntim;
539 3992 732 4062 partim
757 4007 935 4046 coram
964 3994 1264 4050 hominibus
1293 4006 1514 4066 tantum,
1544 4011 1597 4056 ut
1621 4003 1733 4070 glo-

178 4075 242 4130 ria
283 4078 493 4136 humana
538 4082 805 4151 capiatur;
835 4083 1066 4152 quinque
1082 4085 1326 4142 dicuntur
1356 4092 1654 4160 sapientes,
1683 4105 1736 4149 et

178 4167 383 4239 quinque
403 4173 579 4227 stulta:
609 4191 620 4225 :
653 4182 892 4243 utrceque
942 4183 1114 4230 tamen
1151 4176 1378 4248 virgines
1399 4222 1412 4241 .
1441 4184 1560 4252 quia
1593 4195 1735 4238 utra-

177 4271 266 4326 que
303 4263 618 4319 continentia
661 4273 742 4318 est
769 4306 782 4329 ,
838 4266 1078 4335 quamvis
1130 4267 1340 4324 diverso
1377 4271 1558 4327 fomite
1599 4290 1731 4344 gau-

176 4347 296 4404 deat.
347 4353 642 4425 Lampadcs
693 4367 867 4410 autem
907 4366 1063 4423 sunt,
1095 4360 1214 4428 quia
1247 4363 1488 4416 manibus
1515 4374 1728 4434 gestan-

178 4445 267 4507 tur,
295 4459 441 4513 opera
469 4465 591 4518 qua:
640 4449 928 4501 secundum
958 4453 1332 4507 continentiam
1391 4456 1542 4510 istam
1577 4457 1726 4514 ﬁttnt.

179 4529 353 4590 Dictum
381 4548 460 4593 est
504 4549 706 4605 autem,
741 4540 964 4594 Luceant
999 4561 1149 4612 opera
1171 4557 1329 4598 vestra
1365 4565 1534 4602 coram
1564 4551 1729 4605 [tomis

178 4623 301 4679 nibus
322 4628 520 4698 (Matth.
551 4649 604 4696 v,
633 4630 748 4701 16).
778 4631 974 4687 Omnes
997 4651 1122 4689 vero
1147 4651 1440 4706 acceperunt
1470 4640 1729 4713 t'ampades

178 4727 302 4781 tuas,
348 4730 390 4773 et
419 4732 662 4776 venerunt
711 4721 904 4776 obviam
949 4742 1154 4793 sponso.
1201 4720 1598 4800 Intelligendum
1647 4746 1729 4790 est

180 4816 288 4875 ergo
319 4806 502 4866 Christi
547 4814 764 4868 nomine
814 4817 1019 4870 censeri
1061 4818 1126 4872 de
1162 4820 1348 4888 quibus
1387 4824 1578 4892 agitur.
1609 4826 1725 4881 Non

179 4895 298 4949 enim
326 4911 536 4968 possunt
567 4904 656 4974 qui
685 4904 957 4959 christiani
982 4922 1084 4961 non
1112 4919 1266 4974 Sunt,
1289 4926 1484 4978 Sponso
1513 4914 1728 4971 Christo

178 4987 334 5042 venire
358 4992 581 5048 obviam.
612 4993 718 5048 Sed
740 4997 955 5065 quinque
981 5002 1138 5067 fatua:
1175 5003 1388 5070 acceptis
1411 5004 1728 5071 lampadibus

178 5079 386 5140 suismet:
409 5097 732 5156 sumpserunt
752 5087 913 5141 oleum
942 5107 1128 5143 secum.
1152 5091 1452 5148 Multicnim
1481 5099 1725 5165 quamvis

177 5164 234 5220 de
255 5168 430 5228 Christi
455 5176 691 5231 bonitate
706 5178 989 5247 plurimum
1023 5164 1514 5251 spcrent,g:utdium
1547 5197 1719 5242 tamen

179 5271 268 5314 non
287 5260 490 5335 habent,
509 5269 634 5324 dum
656 5269 992 5328 continenter
1013 5273 1191 5326 vivunt
1213 5274 1254 5339 ’,
1286 5274 1382 5327 nisi
1409 5277 1461 5329 in
1484 5278 1726 5334 laudibus

227 5393 333 5462 ξεν.
356 5398 494 5461 Lugd.
522 5407 652 5462 Ven,
674 5407 783 5462 Lor.
808 5403 877 5451 sic
900 5403 1138 5452 exhibent
1171 5403 1300 5453 hunc
1321 5403 1478 5455 locum
1505 5422 1517 5456 :
1551 5416 1723 5460 necem

179 5455 316 5539 Eine
355 5455 574 5539 numerus
607 5460 845 5539 t'irginttttt
881 5476 1083 5539 quarunt
1122 5465 1328 5539 quinque
1361 5455 1717 5539 ,(ιίίῃιὶιιιιιίλιῖιῗξ

369 5519 712 5630 ῗαίέιαιωειιιξ
742 5519 968 5573 bonorum
989 5529 1035 5574 et
1059 5519 1296 5576 mulorum
1328 5519 1724 5593 signiﬁcationem

341 5593 370 5628 a
396 5616 406 5628 .
509 5619 521 5630 .

233 5637 544 5723 Linea?»
558 5658 652 5723 ετοη
669 5643 1201 5723 βυξιῐιεκξξριιιιεεεξιαει
1221 5653 1434 5723 essetin.
1454 5665 1564 5723 suae
1581 5654 1725 5703 abest

329 5709 375 5750 et
385 5700 734 5810 laltas—'Lugd,
753 5719 846 5757 non
859 5700 1198 5771 vivum."ven.,
1227 5700 1374 5762 Multa
1396 5700 1604 5763 εὶιῖηιξ..
1631 5700 1725 5764 non

1873 435 2290 494 hominum.Non
2315 455 2439 510 ergo
2463 441 2654 496 habent
2682 443 2853 497 oleum
2885 461 3084 501 secum.
3108 448 3236 504 Nam
3269 451 3439 522 ipsam

1870 525 2100 581 laetitiam
2135 529 2252 583 oleo
2287 531 2567 600 significari
2593 532 2838 588 arbitror.
2868 533 3137 607 Pmpterca
3157 543 3321 606 unxit,
3361 543 3440 597 in-

1867 618 1997 685 quit,
2013 627 2060 670 te
2087 617 2242 686 Deus,
2263 620 2394 674 Deus
2415 631 2526 674 tuus
2536 621 2644 677 oleo
2655 627 3178 700 exsultaticnisU’sal.
3199 647 3340 694 xuv.
3359 634 3435 704 8).

1866 708 1966 773 Qui
1994 719 2166 764 autem
2197 728 2300 765 non
2333 723 2607 782 propterea
2647 717 2870 785 gaudet,
2901 721 3021 788 quia
3055 724 3159 775 Deo
3191 726 3439 782 intrinse-

1864 813 1958 852 cus
1990 802 2177 867 placet,
2212 819 2314 856 non
2348 804 2504 858 habet
2529 805 2699 859 oleum
2733 821 2930 862 secum.
2967 810 3243 867 Prudentcs
3273 827 3435 868 mitem

1863 900 2159 959 acceperunt
2186 909 2352 946 secum
2377 893 2540 946 oleum
2575 895 2626 948 in
2659 898 2787 950 vasis
2813 900 2918 952 suis
2941 917 3052 954 cum
3080 902 3400 969 lampadibus
3421 948 3434 970 ,

1866 978 1917 1030 id
1940 987 2040 1044 est,
2073 979 2306 1036 laetitiam
2335 983 2592 1037 bonorum
2622 999 2840 1054 operum
2870 989 2920 1041 in
2947 990 3108 1044 corde
3136 1001 3292 1062 atque
3321 1010 3436 1048 con-

1868 1068 2086 1122 scientia
2119 1079 2437 1139 posuet-unt;
2470 1074 2605 1128 sicut
2651 1076 2938 1144 Apostolus
2976 1090 3158 1135 monet
3189 1099 3201 1134 :
3248 1083 3430 1140 Probet

1861 1167 2027 1210 autem
2069 1175 2122 1212 se
2161 1161 2332 1226 homo,
2370 1161 2558 1228 inquit,
2603 1173 2650 1216 et
2688 1175 2805 1218 tunc
2844 1167 2896 1220 in
2934 1169 3196 1236 semetipso
3245 1172 3440 1227 habebit

1861 1250 2094 1319 gloriam,
2117 1261 2164 1305 et
2191 1269 2288 1306 non
2319 1253 2369 1306 in
2393 1255 2551 1308 altero
2575 1254 2768 1327 (Galat.
2799 1272 2872 1324 Vt,
2906 1259 2985 1326 4).
3037 1259 3288 1316 Tui-dante
3325 1281 3437 1319 vero

1859 1356 2044 1409 sponso
2069 1341 2464 1398 dormitaverunt
2499 1362 2668 1400 omnes
2689 1362 2707 1402 :
2729 1350 2850 1418 quia
2881 1365 2944 1404 ex
2986 1359 3206 1422 utroque
3240 1371 3438 1425 genere

1858 1432 2235 1487 continentium
2261 1433 2567 1502 hominum,
2598 1439 2710 1493 sive
2738 1455 2921 1495 eorum
2966 1444 3053 1512 qui
3101 1459 3279 1500 eoram
3327 1448 3434 1504 Deo

1858 1525 2144 1592 exsultant,
2167 1527 2280 1581 sive
2309 1541 2492 1582 eorum
2523 1528 2613 1598 qui
2656 1529 2708 1584 in
2755 1531 2998 1587 laudibus
3037 1533 3310 1592 hominum
3338 1554 3433 1594 ac-

1856 1615 2166 1684 quiescunt,
2189 1617 2488 1671 moriuntur
2513 1618 2612 1674 hoc
2637 1620 2914 1679 intervallo
2951 1627 3202 1694 temporis
3221 1670 3235 1694 ,
3265 1629 3435 1686 donec

1856 1706 1956 1759 sub
1981 1706 2210 1760 adventu
2239 1707 2444 1762 Domini
2475 1709 2564 1762 ﬁat
2593 1713 2910 1767 resurrectio
2935 1723 3287 1772 monuerunt.
3322 1719 3433 1774 lle-

1854 1799 1940 1851 dia
1981 1808 2149 1854 autent
2178 1810 2338 1866 nocte,
2385 1799 2436 1856 id
2468 1813 2566 1867 est,
2615 1804 2761 1858 nullo
2791 1807 2991 1860 sciente
3017 1817 3110 1863 aut
3147 1822 3428 1879 sperante;

1853 1889 2046 1958 quippe
2069 1904 2190 1945 cum
2217 1890 2328 1959 ipse
2357 1891 2610 1946 Dominus
2645 1893 2782 1948 diem
2801 1935 2817 1960 ,
2849 1895 2922 1949 De
2947 1897 3026 1949 die
3056 1908 3222 1952 autem
3257 1901 3348 1956 illa
3383 1912 3431 1958 et
3487 1931 3496 1942 ο

1854 1979 1978 2032 hora
2017 1996 2162 2033 nemo
2188 1981 2279 2034 scit
2314 1980 2524 2052 (Matth.
2560 1998 2712 2049 xxxv,
2745 1985 2871 2055 36);
2897 1997 2952 2040 et
2978 1989 3283 2057 Apostolus,
3307 1991 3430 2048 Dies

1852 2069 2061 2124 Domini
2087 2081 2320 2141 tanquam
2346 2074 2432 2145 fur
2454 2076 2504 2128 in
2531 2085 2690 2138 nocte,
2717 2076 2789 2129 ita
2810 2078 2968 2133 veniet
2986 2077 3032 2152 (I
3055 2078 3232 2136 Thess.
3257 2099 3306 2150 v,
3329 2081 3386 2157 2)
3411 2103 3426 2139 :

1851 2177 1916 2214 ex
1936 2177 2041 2231 quo
2067 2162 2392 2231 signiﬁcatur
2419 2179 2538 2218 eum
2569 2167 2778 2234 penitus
2800 2167 2993 2234 latere,
3029 2185 3150 2226 cum
3184 2176 3388 2230 venerit
3411 2195 3425 2232 :

1849 2254 2041 2306 clamor
2064 2254 2229 2324 factus
2252 2265 2346 2321 est,
2378 2254 2508 2309 Ecce
2529 2274 2741 2327 sponsus
2762 2261 2912 2328 venit,
2934 2264 3124 2333 surgite
3146 2267 3340 2322 obviam
3360 2270 3424 2324 ei.

1851 2342 1907 2396 In
1938 2343 2042 2397 ictu
2067 2345 2204 2400 oculi
2240 2355 2294 2400 et
2337 2347 2387 2400 in
2420 2349 2705 2402 novissima
2729 2351 2855 2404 tuba
2884 2366 3071 2408 omnes
3090 2371 3428 2428 resurgemus

1849 2434 1870 2505 (
1897 2434 1913 2487 I
1939 2435 2055 2491 Cor.
2089 2454 2176 2501 xv,
2205 2435 2328 2510 52).
2363 2439 2501 2509 Ergo
2521 2453 2841 2496 surrexerunt
2863 2460 3034 2500 omnes
3059 2448 3274 2518 virgines
3299 2451 3424 2520 ille,

1849 2533 1895 2578 et
1940 2537 2234 2596 aptaverunt
2283 2530 2540 2598 lampades
2590 2547 2728 2598 suas,
2783 2533 2835 2587 id
2887 2545 2990 2604 est,
3017 2539 3250 2595 rationes
3299 2543 3425 2597 red-

1849 2616 2051 2672 dendas
2075 2634 2293 2688 operum
2339 2634 2577 2674 suorum.
2603 2621 2822 2691 Oportet
2869 2627 3009 2680 enim
3046 2644 3142 2684 nos
3184 2632 3422 2689 exhiberi

1849 2718 1971 2762 ante
2016 2710 2242 2763 tribunal
2278 2711 2496 2777 Christi,
2548 2723 2596 2765 ut
2649 2714 2755 2767 illic
2802 2717 3022 2785 recipiat
3066 2725 3426 2794 unusquisque

1848 2801 1986 2868 quod
2030 2801 2193 2867 gessit
2241 2802 2292 2854 in
2336 2817 2591 2871 corpore,
2640 2805 2751 2858 sive
2801 2806 3019 2875 bonum,
3067 2812 3178 2868 sive
3225 2817 3421 2872 malum

1852 2890 1916 2961 (II
1945 2888 2062 2945 Cor.
2083 2907 2134 2955 v,
2165 2892 2276 2962 I0).
2323 2891 2388 2944 Et
2425 2893 2661 2947 dixerunt
2687 2897 2855 2950 stulta:
2881 2899 2950 2952 ad
2980 2903 3228 2971 sapientes
3252 2922 3271 2959 :
3295 2906 3425 2964 Date

1846 2981 1986 3034 nobis
2003 2981 2064 3034 de
2075 2982 2181 3036 aleo
2194 2991 2369 3046 vestro,
2393 2985 2512 3053 quia
2533 2985 2792 3057 lampades
2813 2999 2998 3044 nostra:
3015 2995 3419 3065 exstinguuntur.

1845 3070 2078 3138 Quorqu
2124 3073 2265 3126 enim
2310 3073 2440 3128 facta
2468 3075 2639 3129 aliena
2671 3076 2825 3132 Iamlc
2872 3080 3192 3150 fulciuntur,
3236 3089 3421 3144 eadem

1845 3163 2114 3217 subtracta
2140 3163 2430 3231 deﬁciunt;
2465 3176 2518 3221 et
2547 3167 2611 3222 de
2632 3173 3012 3228 consuetudine
3033 3175 3083 3228 id
3112 3192 3324 3248 semper
3345 3183 3424 3236 in-

1844 3255 2005 3324 quiril
2027 3257 2066 3324 ¹,
2097 3256 2238 3311 unde
2257 3258 2487 3327 gaudere
2512 3260 2716 3315 animus
2739 3262 2891 3317 solet.
2917 3264 3094 3334 Itaque
3125 3267 3419 3340 hominum,

1844 3347 1932 3415 qtti
1977 3347 2135 3401 corda
2178 3363 2284 3402 non
2334 3348 2534 3414 vident,
2584 3353 2942 3409 testimonium
2989 3358 3175 3412 volunt
3225 3361 3421 3419 habere

1842 3438 1980 3507 apud
2035 3438 2232 3506 Deum,
2273 3441 2362 3510 qui
2405 3442 2583 3497 cordis
2622 3444 2890 3514 inSpector
2917 3455 3017 3503 est.
3046 3449 3148 3505 Sed
3175 3453 3296 3522 quid
3328 3471 3417 3512 re-

1842 3527 2172 3596 sponderunt
2196 3532 2496 3600 sapientes?
2527 3532 2611 3588 Ne
2647 3539 2778 3605 forte
2817 3553 2916 3603 non
2951 3541 3161 3611 suﬁiciat
3191 3545 3330 3598 nobis
3371 3557 3420 3601 et

1841 3621 1996 3674 vobis.
2020 3620 2394 3692 Unusquisque
2424 3625 2564 3677 enim
2595 3641 2688 3694 pro
2714 3643 2774 3681 se
2798 3629 3053 3685 rationem
3082 3633 3284 3700 reddet,
3319 3651 3420 3692 nec

1840 3713 2014 3767 alieno
2037 3715 2338 3769 testimonio
2358 3715 2636 3784 quisquam
2659 3717 2940 3787 adjuvatur
2957 3724 3095 3792 apud
3126 3726 3311 3792 Deum.
3329 3731 3418 3785 cui
3493 3708 3499 3712 ι

1841 3812 2042 3856 secreta
2073 3803 2250 3856 cordis
2275 3812 2564 3873 apparent;
2596 3814 2649 3860 et
2678 3807 2762 3861 vix
2799 3809 2897 3864 sibi
2926 3813 3152 3882 quisque
3181 3814 3414 3885 sufﬁcit,

1841 3901 1898 3946 ut
1938 3892 1988 3947 ei
2031 3892 2388 3948 testimonium
2438 3895 2711 3964 perhibeat
2755 3900 3076 3957 conscientia
3124 3919 3239 3960 sua.
3287 3907 3419 3976 Quis

1840 3985 1982 4038 enim
2027 3984 2340 4053 gloriabitur
2386 3986 2638 4041 mundum
2679 4003 2736 4044 se
2768 3989 2963 4047 habere
2986 4007 3082 4049 eor
3105 3995 3290 4068 (Prov.
3321 4017 3412 4068 xx,

1838 4071 1932 4143 9)?
1959 4071 2086 4127 Inde
2124 4083 2205 4128 est
2246 4074 2387 4144 quod
2429 4077 2711 4144 Apustolus
2738 4080 2854 4132 ait:
2885 4079 3016 4136 Mitti
3061 4094 3225 4140 autem
3268 4089 3418 4144 mini-

1839 4179 1975 4216 mum
1995 4173 2088 4228 est,
2120 4173 2176 4216 ut
2208 4182 2239 4217 a
2265 4164 2399 4219 vobis
2426 4165 2648 4234 judicer,
2697 4178 2784 4220 aut
2821 4171 2883 4222 ab
2920 4170 3141 4226 humano
3186 4177 3298 4241 die;
3324 4180 3415 4234 sed

1837 4269 1992 4323 neque
2016 4253 2355 4323 mentetipsum
2382 4255 2563 4322 judico
2600 4255 2652 4326 (Ι
2679 4255 2797 4310 Cor.
2837 4273 2921 4323 tv,
2955 4258 3031 4330 ὅ).
3075 4259 3414 4336 Quapropter

1835 4359 1954 4397 eum
1984 4343 2051 4398 de
2081 4344 2256 4412 seipsv
2282 4345 2506 4415 quisque
2528 4355 2620 4401 aut
2650 4363 2752 4401 non
2777 4351 2992 4406 omnino
3010 4364 3100 4407 aut
3127 4356 3211 4409 vix
3243 4361 3412 4427 possit
3487 4391 3498 4435 ε

1836 4448 2013 4485 veram
2046 4431 2183 4486 ferre
2209 4435 2526 4489 sententiam
2549 4477 2566 4502 ,
2595 4439 2863 4506 quomodo
2892 4452 3067 4510 potest
3095 4444 3162 4499 de
3196 4447 3300 4502 alio
3321 4449 3412 4518 ju-

1835 4521 2045 4590 dicare,
2077 4537 2197 4577 cum
2243 4525 2374 4578 sciat
2405 4541 2562 4579 nemo
2591 4527 2714 4596 qttid
2745 4541 2930 4597 agatur
2960 4532 3008 4584 in
3042 4533 3277 4602 homine,
3307 4539 3410 4595 nisi

1833 4613 2048 4682 spiritus
2078 4612 2306 4668 hominis
2339 4614 2444 4683 (Id.
2475 4631 2535 4682 tt,
2569 4619 2655 4686 II)
2677 4618 2699 4670 ?
2725 4617 2805 4672 Ite
2835 4622 2995 4690 magis
3029 4624 3096 4676 ad
3123 4627 3404 4696 vendentes,
3493 4617 3501 4681 ξ

1833 4713 1878 4758 et
1903 4705 2047 4758 emite
2085 4705 2238 4758 vobis.
2273 4705 2384 4758 Non
2428 4707 2704 4762 consilium
2737 4709 2947 4764 dedisse
2977 4715 3221 4779 putandae
3260 4729 3406 4788 sunt,
3493 4732 3500 4748 "

1831 4793 1924 4849 sed
1966 4796 2164 4849 crimen
2197 4811 2378 4850 earum
2407 4812 2468 4851 ex
2507 4797 2718 4867 obliquo
2759 4815 3229 4862 commemorasse.
3265 4809 3409 4866 Ven-
3493 4833 3499 4840 ·

1833 4886 1963 4941 dunt
2001 4888 2139 4940 enim
2181 4889 2356 4942 oleum
2405 4888 2741 4959 adulatores,
2791 4894 2883 4962 qui
2930 4899 3042 4952 sive
3089 4897 3246 4966 falsa,
3294 4903 3409 4960 sive

1831 4968 2067 5046 ignorata
2099 4976 2378 5041 laudando,
2411 4979 2614 5032 animas
2641 4979 2690 5032 in
2721 4997 2955 5038 errorem
2986 4987 3218 5053 mittunt,
3247 4999 3304 5044 et
3328 4991 3408 5048 eis

1831 5083 1960 5120 vana
1983 5067 2169 5134 gaudia
2205 5077 2452 5135 tanquam
2481 5067 2638 5124 fatuis
2678 5073 3010 5127 conciliando
3033 5117 3047 5139 ,
3081 5077 3312 5149 aliquam
3339 5081 3408 5138 de

1830 5155 1913 5211 his
1943 5156 2264 5220 mercedem,
2297 5157 2408 5212 sive
2433 5159 2692 5228 ciborum,
2735 5164 2846 5218 sive
2888 5168 3142 5236 pecuniae,
3170 5171 3283 5226 sive
3307 5172 3408 5228 ho-

1829 5247 1998 5310 noris,
2049 5246 2160 5302 sive
2206 5248 2430 5316 alicujus
2471 5251 2734 5305 commodi
2785 5259 3089 5326 temporalis
3116 5263 3404 5332 accipiunt,

1831 5355 1935 5392 non
1960 5338 2371 5405 intelligentibus
2401 5342 2420 5371 ²
2447 5343 2584 5410 quod
2614 5343 2811 5398 dictum
2845 5355 2922 5401 cst
2942 5389 2954 5413 ,
2987 5347 3088 5413 Qui
3115 5366 3200 5405 vos
3237 5353 3407 5420 [elices

1895 5475 1911 5506 ι
1947 5474 2094 5532 Fditi,
2128 5471 2392 5536 inquirunt.
2441 5483 2496 5526 At
2535 5485 2671 5537 stes,
2707 5476 2924 5543 inquirit.
2964 5482 3184 5534 Refertur
3214 5484 3274 5534 ad
3305 5487 3409 5536 anl-

2036 5602 2080 5643 et
2099 5600 2238 5666 .I..ov.,
2259 5606 2356 5666 non
2383 5595 2913 5666 intelligenthmelius
2944 5608 3038 5650 nat.
3072 5609 3118 5651 et
3149 5611 3286 5664 Mss,
3313 5620 3405 5658 non

1831 5654 2228 5722 intelligentibus;
2269 5658 2386 5722 iisjs
2441 5654 2660 5706 nimirum
2711 5659 2880 5718 fatuis,
2925 5673 2952 5708 a
3001 5665 3177 5722 quibus
3221 5654 3407 5716 merce;

1828 5717 1944 5790 dem
1977 5716 2214 5790 accipiunt
2244 5716 2535 5790 adulatores.
2563 5721 2780 5783 -—t.ugd.
2801 5729 2850 5770 et.
2868 5716 3115 5784 '\'en.,'tton
3138 5723 3405 5790 intelligen-

1835 5784 1922 5839 tes,
1946 5784 1999 5827 ut
2023 5784 2094 5825 Er.
2123 5786 2174 5826 et
2195 5784 2302 5826 Iov.
2371 5787 2424 5826 at.
