3996 6282
485 288 553 342 47
1229 272 1314 326 DE
1359 268 1663 325 DIVERSIS
1700 257 2222 331 QUIESTIONIBUS
2254 254 2619 325 l.XX.\lll,'S.
2649 255 3010 314 AUGUSTINI
3719 252 3814 312 48

2185 380 2306 426 ιιιιιε
2328 381 2500 427 autem
2528 372 2661 427 facie
2689 371 2752 425 ad
2788 370 3007 434 faciem;
3038 377 3092 424 et
3133 382 3272 423 nunc
3313 383 3377 422 ex
3422 376 3590 438 parte,
3649 377 3817 423 tunc

2181 476 2358 520 autem
2387 481 2454 521 ex
2482 475 2592 518 toto
2617 464 2656 537 (Ι
2688 464 2805 518 Cor.
2836 479 2948 526 xm,
2975 462 3082 533 12).
3114 463 3287 531 Ipsum
3318 470 3493 515 autem
3520 461 3570 516 in
3601 461 3814 532 amig-

2184 565 2325 610 mate
2358 565 2412 610 et
2449 571 2511 610 ex
2558 565 2706 624 parte
2735 568 2874 608 nunc
2902 554 2953 607 in
2983 552 3270 621 Scripturis
3295 551 3494 621 aliquid
3517 566 3812 617 cernere,

2185 645 2328 714 quod
2371 654 2547 699 tamen
2593 646 2662 699 sit
2688 645 2978 700 secundum
3010 643 3325 699 catholicam
3373 644 3549 707 fidem,
3576 659 3659 698 ex
3701 643 3814 697 illo

2186 735 2406 803 pignore
2425 735 2679 805 contingit
2702 777 2715 799 ,
2743 734 2880 804 quod
2907 737 3112 804 accepit
3140 735 3288 805 virgo
3316 734 3549 789 Ecclesia
3575 734 3812 788 humili

2187 824 2415 879 adventu
2460 826 2638 894 sponsi
2695 824 2775 879 sui
2801 867 2816 890 ,
2858 841 2975 896 quae
3017 826 3091 880 illi
3137 827 3321 880 ultimo
3346 826 3615 882 adventu‘
3657 841 3809 880 cum

2188 917 2366 972 veniet
2396 919 2447 972 in
2474 919 2711 974 claritate
2740 929 2965 988 nuptura
2992 930 3075 975 est
3094 963 3107 985 ,
3138 937 3256 974 cum
3284 920 3393 990 jam
3433 920 3563 976 facie
3591 921 3677 975 ad
3713 921 3811 975 fa-

2189 1008 2325 1063 ciem
2355 1009 2711 1081 contuebitur.
2745 1011 2895 1064 Dedit
2927 1013 3066 1066 enim
3110 1014 3262 1067 nobis
3289 1014 3476 1083 pignus
3513 1012 3813 1089 Spiritum

2191 1109 2453 1165 sanctum,
2485 1100 2769 1155 sicutdicit
2794 1101 3079 1171 Apostolus
3110 1104 3183 1171 (ll
3208 1102 3324 1157 Cor.
3352 1120 3405 1170 v,
3429 1103 3515 1177 5).
3548 1106 3618 1160 Et
3666 1105 3814 1159 ideo

2192 1189 2291 1244 ista
2322 1190 2584 1259 expositio
2606 1190 2736 1244 nihil
2756 1199 2962 1245 certum
2990 1192 3243 1261 intuetur,
3275 1193 3374 1247 nisi
3398 1204 3455 1249 ut
3480 1195 3812 1250 secundum

2194 1279 2351 1334 ﬁdem
2382 1281 2484 1346 sit;
2532 1295 2707 1351 neque
2754 1282 2872 1336 aliis
2910 1283 3249 1353 prmjudicat,
3280 1301 3397 1355 qua:
3428 1286 3814 1344 nihilominus

2194 1370 2486 1426 secundum
2520 1370 2679 1428 ﬁdem
2706 1387 2827 1427 esse
2852 1375 3142 1444 potuerint.

2195 1461 2308 1517 LX.
2333 1462 2409 1518 De
2433 1462 2519 1517 die
2533 1470 2710 1518 autem
2743 1463 2833 1518 illo
2861 1474 2915 1519 et
2945 1464 3071 1519 hora
3090 1479 3247 1521 nemo
3262 1466 3388 1534 scit,
3407 1482 3580 1539 neque
3601 1471 3812 1541 angeli

2266 1555 2555 1621 calorum,
2596 1570 2768 1625 neque
2803 1554 2971 1611 Filius
3005 1555 3234 1613 hominis
3258 1600 3273 1623 ,
3313 1558 3415 1614 nisi
3446 1560 3605 1616 l’ater
3641 1562 3815 1618 solus

488 401 682 467 dicunt,
728 400 780 452 in
827 407 1045 451 errorem
1073 404 1157 442 vos
1189 386 1385 439 mittunt
1416 381 1566 453 (lsai.
1609 397 1700 444 ιιι,
1746 379 1855 448 19.).
1886 376 2072 430 Melius

488 466 764 545 astantem
790 482 1056 555 objurgari
1079 479 1285 549 ajusto,
1307 490 1463 544 quam
1485 488 1513 526 a
1542 480 1819 541 peccatore
1847 466 2070 521 laudari.

495 582 794 638 Emendabit
817 593 925 641 me,
952 573 1141 644 inquit,
1162 571 1331 641 justus
1351 566 1404 620 in
1430 562 1772 619 misericordia
1789 601 1803 626 ,
1831 568 1877 613 et
1901 565 2076 628 arguet

490 692 600 738 me;
629 674 795 729 oleant
828 678 991 724 autem
1023 662 1301 738 peccatoris
1327 677 1427 715 non
1446 658 1721 727 impinguet
1742 663 1892 720 caput
1915 667 2078 705 meum

493 765 665 836 (Psal.
696 779 821 827 exc,
843 760 920 832 5).
965 757 1046 811 Ite
1088 769 1217 825 ergo
1245 750 1404 822 magis
1428 748 1493 803 ad
1521 746 1808 841 uendentes,
1846 750 1892 796 et
1910 839 1915 841 Α
1936 740 2080 841 emite

492 857 671 920 vobis;
709 853 758 908 id
780 859 882 917 est,
913 848 1187 904 videamus
1218 857 1357 897 nunc
1386 838 1511 910 quid
1553 851 1648 891 vos
1672 835 1952 899 adjuvant,
1991 835 2078 899 qui

494 946 646 1000 vobis
674 943 858 999 laudes
876 938 1108 995 vendere
1132 938 1543 995 consueverunt,
1568 936 1621 984 et
1646 941 1742 980 vos
1766 926 1819 980 in
1840 936 2080 979 errorem

501 1037 755 1092 inducere
778 1076 793 1099 ,
826 1040 884 1087 ut
910 1046 1014 1086 non
1043 1042 1222 1084 coram
1253 1026 1380 1089 Deo,
1419 1020 1513 1075 sed
1542 1020 1608 1074 ab
1637 1015 1941 1072 hominibus
1968 1012 2082 1084 glo-

495 1128 630 1181 riam
679 1120 1006 1193 qumreretis.
1060 1115 1308 1170 Euntibus
1361 1120 1526 1164 autent
1573 1108 1675 1163 illis
1719 1121 1898 1171 emere,
1954 1102 2086 1193 venit

497 1191 745 1287 sponsus;
775 1212 826 1267 id
852 1219 964 1275 est,
997 1203 1298 1263 inclinautil
1326 1216 1371 1257 ts
1402 1216 1462 1256 se
1493 1200 1597 1254 illis
1626 1198 1676 1253 in
1704 1212 1766 1252 ea
1800 1210 1918 1287 quce
1958 1191 2085 1287 foris

498 1285 625 1363 sunt
646 1314 701 1360 et
729 1302 899 1358 solitis
923 1299 1157 1371 gaudere
1185 1291 1547 1366 quaerentibus
1570 1330 1586 1355 ,
1617 1290 1739 1359 quia
1768 1286 1960 1357 gaudia
2000 1285 2086 1338 in-

497 1404 650 1451 terna
678 1408 780 1449 non
808 1395 1086 1454 noverant,
1108 1386 1254 1441 venit
1278 1384 1366 1439 ille
1394 1382 1482 1452 qui
1505 1379 1710 1449 judicat
1740 1397 1754 1432 :
1783 1385 1829 1431 et
1852 1391 1967 1446 qua:
1988 1390 2087 1446 pa-

497 1494 626 1539 rata:
653 1491 825 1545 erant;
854 1480 907 1535 id
933 1487 1034 1543 est,
1060 1476 1255 1548 quibus
1280 1474 1480 1529 bonum
1507 1483 1689 1525 coram
1715 1468 1825 1524 Deo
1851 1465 2093 1522 testimo-

504 1575 650 1629 nium
695 1570 1023 1628 conscientia
1069 1564 1402 1638 perhibebat,
1433 1562 1745 1616 intraverunt
1785 1573 1899 1612 cum
1940 1572 1998 1611 eo
2022 1554 2092 1609 ad

475 1666 745 1737 vuuptias;
792 1661 843 1717 id
890 1670 994 1726 est,
1035 1660 1128 1715 ubi
1172 1655 1367 1713 munda
1406 1654 1584 1709 animo
1612 1666 1747 1721 puro
1774 1659 1829 1705 et
1856 1646 2093 1737 perfecto

504 1734 935 1825 serupiternoque
961 1750 1053 1806 Dei
1095 1742 1626 1803 Verbo-fecundanda
1650 1742 1666 1773 ι
1697 1740 1994 1810 copulatur.
2027 1734 2094 1790 Et

480 1851 682 1905 «clausa
710 1857 780 1902 est
796 1843 1061 1918 janua,-id
1107 1850 1188 1898 est
1211 1837 1487 1907 ,‘receptis
1515 1836 1617 1890 illis
1654 1833 1741 1904 qui
1769 1840 1892 1886 sunt
1916 1830 1968 1885 in
1995 1843 2094 1882 an-

2273 1643 2487 1716 (Matth.
2516 1661 2661 1711 xxtv,
2690 1645 2807 1718 56).

2270 1733 2420 1791 Sicut
2441 1735 2580 1791 scire
2608 1736 2744 1791 Deus
2770 1736 2983 1803 dicitur,
3010 1738 3169 1793 etiam
3198 1753 3318 1794 cum
3346 1740 3603 1797 scientem
3642 1742 3812 1810 facit,

2201 1826 2340 1883 sicut
2366 1828 2621 1898 scriptum
2649 1838 2751 1895 est,
2775 1827 2957 1884 Tentat
2986 1847 3075 1885 vos
3093 1829 3340 1887 Dominus
3364 1833 3503 1890 Deus
3525 1846 3723 1904 vester,
3749 1849 3814 1891 ut

491 1941 729 2011 rgelicam
760 1937 922 1992 vitam
950 1932 1211 1989 immutati
1236 1930 1494 1983 ’.ίυιηηρε
1515 1926 1678 1989 enim,
1703 1924 1895 1993 inquit,
1921 1937 2095 1977 resur-

511 2048 705 2103 gentus,
747 2028 836 2084 sed
879 2044 979 2082 non
1019 2040 1189 2080 omnes
1226 2020 1603 2076 immutabimur
1627 2016 1671 2087 (ι
1696 2016 1814 2070 Cor.
1842 2030 1932 2080 xv,
1962 2012 2092 2083 51):

511 2125 724 2178 clausus
766 2129 848 2176 est
891 2118 1069 2174 aditus
1111 2115 1178 2171 ad
1227 2128 1449 2185 regnum
1497 2111 1774 2167 calorum.
1807 2107 1924 2162 Non
1952 2106 2097 2162 enim

514 2220 636 2282 post
655 2210 912 2280 judicium
936 2214 1081 2278 patet
1105 2218 1321 2276 precum
1344 2211 1435 2257 aut
1455 2200 1767 2260 meritorum
1796 2198 1960 2251 locus.
1989 2193 2100 2249 No-

512 2303 717 2356 vissime
743 2309 910 2353 autem
930 2299 1131 2352 veniunt
1144 2304 1189 2350 et
1209 2294 1415 2366 reliqua:
1439 2291 1676 2362 virgines,
1709 2290 1923 2343 dicentes
1945 2302 1966 2339 :
1988 2285 2099 2340 Do-

516 2394 672 2458 mine,
705 2390 937 2455 Domine,
969 2387 1109 2458 aperi
1132 2385 1291 2440 nobis.
1325 2383 1441 2438 Non
1466 2383 1662 2459 dictum
1686 2388 1768 2435 est
1793 2379 1932 2450 quod
1958 2394 2103 2434 eme-

522 2486 631 2539 rint
657 2484 869 2548 oleum;
900 2490 956 2536 et
983 2480 1105 2535 ideo
1134 2475 1487 2548 intelligenda;
1515 2482 1636 2528 sunt
1661 2515 1677 2539 ,
1708 2472 1854 2527 nullo
1876 2472 1984 2541 jam
2015 2485 2097 2525 re-

516 2583 768 2629 manente
809 2572 879 2626 de
922 2569 1110 2625 alienis
1153 2566 1397 2622 laudibus
1423 2563 1614 2635 gaudio
1637 2603 1653 2630 ,
1687 2563 1738 2615 in
1769 2561 2027 2632 angustiis
2052 2568 2106 2614 et

521 2665 729 2735 magnis
758 2660 1135 2717 afﬂictionibus
1180 2657 1357 2713 redire
1400 2655 1468 2710 ad
1510 2653 1937 2723 implorationem
1988 2651 2101 2705 Dei.

520 2756 627 2812 Sed
648 2769 836 2825 magna
858 2762 939 2808 est
958 2751 1073 2821 ejus
1095 2749 1351 2805 severitas
1372 2754 1492 2816 post
1510 2744 1789 2814 judicium,
1814 2742 1964 2813 cujus
1984 2749 2109 2796 ante

516 2848 777 2919 judicium
801 2843 1080 2900 ineﬁ‘abilis
1101 2837 1459 2896 misericordia
1484 2845 1779 2907 praerogata
1801 2843 1904 2889 est.
1929 2833 2109 2901 Itaque

520 2936 854 3007 respondens
879 2934 986 2999 ait,
1013 2931 1174 2985 Amen
1200 2931 1313 2983 dico
1340 2929 1477 2982 vobis
1514 2927 1647 2997 quod
1689 2926 1855 2979 nescio
1888 2941 1974 2978 vos
2000 2940 2019 2978 :
2043 2939 2111 2980 ex

524 3029 616 3084 illa
660 3028 865 3083 scilicet
894 3025 1073 3096 regula
1098 3064 1113 3091 ,
1164 3037 1266 3092 qua
1296 3036 1403 3075 non
1440 3019 1601 3074 habet
1630 3034 1717 3073 ars
1745 3018 1858 3082 Dei,
1900 3017 2000 3071 hoc
2029 3025 2113 3072 est

525 3120 783 3191 sapientia
826 3117 953 3184 Dei,
987 3123 1046 3170 ut
1084 3114 1282 3169 intrent
1310 3114 1361 3168 in
1398 3111 1647 3183 gaudium
1676 3111 1828 3179 ejus,
1869 3109 1957 3180 qui
2004 3124 2111 3164 non

525 3227 704 3268 coram
736 3211 864 3275 Deo,
897 3208 989 3264 sed
1036 3216 1095 3262 ut
1141 3207 1410 3276 placerent
1456 3203 1776 3268 hominibus,
1834 3202 1933 3257 visi
1988 3211 2114 3256 sunt

526 3302 723 3372 aliquid
765 3299 1054 3356 secundum
1102 3306 1363 3368 praecepta
1393 3294 1511 3365 ejus
1553 3295 1785 3364 operari.
1830 3294 2003 3363 Atque
2041 3292 2112 3347 ita

524 3392 796 3447 concludit
828 3408 840 3444 :
878 3389 1096 3461 Vigilate
1124 3405 1242 3460 ergo
1267 3428 1281 3452 ,
1310 3388 1431 3460 quia
1458 3388 1656 3440 nescitis
1685 3387 1815 3440 diem
1840 3403 1996 3458 neque
2023 3386 2116 3441 ho-

528 3502 546 3537 :
568 3501 660 3537 vin.
691 3483 806 3537 Non
837 3480 996 3536 modo
1025 3480 1167 3534 illius
1204 3479 1375 3533 ultimi
1406 3478 1659 3548 temporis
1678 3518 1693 3544 ,
1726 3493 1831 3547 quo
1861 3488 2115 3535 venturus

531 3584 616 3630 art
657 3589 905 3644 sponsus,
952 3572 1045 3627 sed
1090 3586 1201 3626 sua:
1241 3570 1464 3641 quisque
1506 3569 1645 3624 diem
1688 3569 2022 3625 dormitiouis
2064 3580 2118 3625 et

531 3667 717 3721 horam
755 3665 945 3720 nescit.
975 3660 1227 3733 Quisquis
1267 3672 1444 3716 autem
1486 3670 1702 3730 paratus
1741 3668 1825 3715 est
1853 3664 2021 3731 usque
2048 3661 2116 3716 ad

532 3772 780 3813 somnum
800 3797 817 3823 ,
847 3755 899 3810 id
928 3762 1032 3821 est,
1062 3767 1229 3824 usque
1254 3752 1321 3807 ad
1347 3761 1572 3806 mortem
1602 3767 1721 3821 qua:
1749 3752 1995 3807 omnibus
2024 3752 2119 3809 de-

530 3851 704 3915 betur,
749 3855 966 3919 paratus
1006 3846 1165 3901 etiam
1208 3844 1504 3900 invenietur
1542 3857 1662 3897 cum
1694 3843 1782 3898 illa
1812 3859 1912 3898 vox
1945 3843 2117 3899 media

531 3951 690 3998 nocte
718 3940 978 4005 sonuerit,
1001 3952 1106 4009 qua
1136 3950 1323 3992 omnes
1345 3934 1638 4004 evigilaturi
1666 3943 1809 3988 sunt.

602 4036 658 4089 4.
699 4032 851 4103 Quod
881 4046 1010 4087 vero
1038 4044 1236 4101 sponso
1262 4027 1393 4083 dixit
1418 4027 1628 4082 obviam
1648 4028 1830 4081 venire
1856 4026 2114 4096 virgines,

534 4131 609 4184 sir
641 4126 1041 4196 intelligendum
1074 4132 1223 4195 puto,
1253 4132 1402 4178 ut‘ex
1433 4121 1564 4191 ipsis
1591 4120 1885 4192 virginibus
1913 4130 2122 4176 constet

533 4235 597 4276 ea
629 4234 744 4290 quae
770 4218 964 4273 dicitur
991 4231 1185 4286 sponsa
1211 4234 1223 4268 :
1251 4223 1500 4284 tanquam
1518 4213 1561 4268 si
1589 4212 1838 4268 omnibus
1862 4213 2120 4268 Christia-

534 4312 617 4367 nis
647 4310 702 4365 in
728 4310 1019 4364 Ecclesiam
1045 4306 1482 4362 concurrentibus
1524 4306 1612 4360 ﬁlii
1640 4306 1703 4360 ad
1736 4315 1958 4361 matrem
1988 4322 2121 4362 con-

535 4417 622 4457 cut
643 4416 757 4457 rere
785 4401 1049 4463 dicantur,
1080 4413 1199 4453 cum
1228 4414 1292 4452 ex
1321 4397 1451 4466 ipsis
1484 4397 1606 4451 ﬁliis
1634 4398 1966 4468 congregatis
1988 4413 2120 4452 con-

534 4501 643 4549 stet
668 4506 730 4548 ta
758 4508 874 4561 qua:
912 4488 1104 4544 dicitur
1137 4496 1325 4543 mater.
1351 4488 1501 4542 Nunc
1526 4488 1667 4543 enim
1696 4488 2012 4556 desponsata
2040 4498 2124 4544 est

537 4585 800 4651 Ecclesia,
831 4594 885 4639 et
914 4584 1061 4653 virgo
1085 4590 1170 4638 est
1198 4581 1265 4635 ad
1296 4581 1511 4650 nuptias
1546 4581 1905 4651 perducenda,
1937 4581 1987 4637 id
2017 4590 2119 4649 est,

528 4689 659 4730 cum
690 4688 749 4729 se
775 4674 1011 4728 continet
1053 4687 1082 4726 a
1126 4671 1466 4741 corruptione
1510 4670 1750 4727 saeculari
1783 4690 1796 4725 :
1825 4672 1917 4728 illo
1944 4682 2122 4729 autem

539 4780 784 4835 tempore
829 4764 1029 4832 nubet,
1057 4780 1175 4819 cum
1206 4764 1452 4818 universa
1482 4764 1804 4819 mortalitate
1835 4765 1886 4819 in
1919 4781 1981 4820 ea
2024 4783 2121 4838 pe-

536 4865 791 4922 reuntes,
842 4856 1128 4910 immortali
1180 4854 1553 4926 conjunctione
1593 4854 1859 4914 fruetur-ﬁ
1891 4856 2124 4928 Despon-

535 4948 660 5011 savi,
692 4948 880 5017 inquit,
906 4962 991 5000 vos
1017 4947 1103 5001 uni
1126 4946 1230 4999 viro
1254 4946 1491 5016 virginem
1515 4956 1706 5000 castam
1724 4946 1954 5003 exhibere
1976 4946 2126 5005 Chri-

536 5049 617 5095 sto
643 5037 710 5111 ῌΙ
739 5037 857 5093 Cor.
885 5053 956 5102 ιιι,
986 5036 1065 5107 2).
1109 5036 1229 5104 Vos,
1262 5037 1448 5106 inquit,
1479 5038 1751 5109 virginem;
1781 5054 1811 5093 a
1842 5040 2026 5109 plurali
2055 5041 2122 5097 ad

538 5130 861 5202 singularem
890 5128 1233 5184 concludens.
1254 5127 1379 5183 Ideo
1403 5138 1456 5184 et
1486 5128 1715 5201 virgines
1744 5130 1847 5186 diei
1877 5141 2117 5202 possunt,

537 5231 595 5279 et
622 5221 793 5291 virgo.
821 5221 929 5275 Cur
951 5228 1126 5275 autem
1148 5221 1381 5290 quinque
1407 5219 1561 5276 dicta:
1586 5222 1712 5287 sint,
1739 5230 1796 5276 ut
1819 5223 1947 5278 mihi
1978 5223 2123 5279 vide-

539 5321 628 5369 tur
666 5311 963 5381 expositum
1010 5319 1111 5365 est.
1152 5309 1257 5366 Sed
1300 5310 1543 5366 videmus
1569 5325 1710 5366 nunc
1735 5313 1788 5367 in
1819 5313 2118 5384 aenigmate,

603 5420 720 5494 Ξὲίο
740 5422 955 5494 mnam
976 5427 1080 5491 liss-
1103 5422 1222 5494 mm
1240 5420 1685 5494 remrede-

601 5484 715 5548 ξεν.
741 5482 800 5535 ἐι
833 5489 964 5544 Lov.,
986 5482 1288 5548 imnuttandi.
1324 5482 1490 5548 sitiat.
1518 5491 1571 5536 et
1590 5484 1775 5548 aliquot
1789 5490 1917 5547 Mss...
1950 5484 2123 5538 immu-

535 5542 629 5608 ta!
653 5547 854 5608 ~—t.ugd.
884 5550 935 5594 et
950 5542 1089 5605 item,
1114 5543 1418 5596 armatandi.
1477 5554 1532 5597 Μ.

601 5606 623 5668 ἒ
647 5606 1129 5668 Μεεηήρναξωνεωιιε.

588 5667 623 5703 -⁸
640 5667 817 5718 Omnes
838 5679 989 5730 prope
1013 5675 1139 5730 Mss,
1166 5668 1361 5732 letatur.

2198 1920 2324 1974 sciat
2351 1920 2395 1973 si
2423 1919 2644 1990 diligatis
2670 1936 2785 1974 eum
2809 1918 2983 1994 (Deut.
3008 1937 3121 1983 xm,
3152 1923 3228 1991 ὅ).
3260 1924 3375 1980 Non
3406 1928 3547 1981 enim
3587 1929 3679 1983 sic
3717 1928 3812 1984 di-

2200 2017 2343 2063 ctum
2369 2011 2596 2075 esthoc,
2633 2010 2783 2080 quasi
2813 2011 3015 2066 nesciat
3042 2012 3183 2067 Deus
3215 2031 3228 2068 :
3260 2013 3353 2069 sed
3386 2023 3444 2069 ut
3486 2017 3585 2088 ipsi
3618 2019 3813 2074 sciant

2203 2109 2456 2172 quantum
2488 2101 2539 2155 in
2570 2102 2779 2157 Domini
2805 2102 3090 2158 dilectione
3112 2104 3460 2173 profeceriut;
3489 2109 3663 2179 quod,
3701 2111 3812 2166 nisi

2207 2192 2586 2249 tentationibus
2610 2208 2730 2263 qum
2756 2193 3034 2262 accidunt,
3072 2210 3176 2249 non
3209 2195 3364 2265 plene
3390 2198 3455 2251 ab
3486 2196 3809 2256 hominibus

2206 2287 2530 2357 agnoscitur.
2561 2287 2626 2341 Et
2647 2288 2817 2357 ipsum
2839 2287 3039 2353 Tentat,
3064 2303 3158 2358 pro
3183 2303 3248 2343 eo
3266 2288 3493 2358 positum
3518 2300 3627 2358 est,
3655 2293 3808 2363 quod

2209 2380 2396 2434 tentari
2410 2379 2553 2433 sinit.
2568 2380 2657 2435 Sic
2671 2389 2857 2435 etcum
2886 2380 3079 2435 dicitur
3101 2383 3328 2447 nescire,
3345 2390 3434 2437 aut
3450 2398 3549 2452 pro
3573 2400 3644 2438 eo
3664 2385 3807 2440 dici-

2209 2480 2312 2537 tur,
2333 2472 2472 2540 qnod
2493 2487 2595 2525 non
2617 2472 2901 2540 approbat;
2924 2470 2973 2525 id
2988 2481 3089 2539 est,
3111 2473 3160 2525 in
3184 2473 3457 2543 disciplina
3482 2483 3530 2530 et
3551 2475 3808 2530 doctrina

2208 2578 2302 2616 sua
2327 2578 2431 2616 non
2460 2562 2719 2632 agnoscit,
2744 2563 2882 2617 sicut
2907 2562 3105 2618 dictum
3135 2573 3236 2630 est,
3266 2562 3450 2619 Nescio
3467 2583 3551 2619 vos
3580 2567 3806 2640 (Matth.

2212 2668 2348 2715 xxv,
2387 2651 2489 2724 1‘2)
2518 2670 2530 2704 :
2561 2662 2652 2706 aut
2691 2669 2786 2723 pro
2813 2670 2877 2709 eo
2916 2654 3054 2724 quod
3088 2655 3288 2710 utiliter
3314 2658 3618 2714 nescientes
3652 2659 3807 2725 facit,

2210 2744 2353 2814 quod
2381 2744 2519 2799 scire
2546 2745 2732 2800 inutile
2758 2753 2857 2800 est.
2902 2746 3026 2802 ldeo
3070 2747 3207 2803 bene
3245 2749 3519 2819 accipitur,
3569 2750 3624 2805 id
3660 2751 3808 2821 quod

2212 2834 2408 2890 dictum
2434 2844 2534 2900 est,
2566 2835 2735 2890 solum
2763 2837 2900 2891 scire
2928 2837 3135 2892 Patrem
3154 2880 3167 2903 ,
3200 2839 3242 2893 si
3296 2839 3493 2895 dictum
3525 2856 3652 2895 esse
3680 2841 3806 2911 quia

2214 2926 2338 2980 facit
2379 2926 2566 2981 Filium
2605 2928 2742 2982 scire
2772 2945 2784 2980 :
2818 2936 2872 2983 et
2917 2929 3058 2999 quod
3087 2929 3283 2985 dictum
3314 2938 3435 2998 est,
3463 2933 3682 2987 nescire
3721 2932 3807 2987 Fi~

2200 3018 2341 3072 lium
2366 3059 2381 3086 ,
2410 3020 2488 3073 sic
2512 3020 2708 3075 dictum
2743 3036 2861 3076 esse
2895 3023 3016 3092 quia
3046 3022 3167 3077 facit
3194 3024 3401 3080 nescire
3428 3024 3711 3094 homines,
3755 3027 3807 3083 id

2197 3123 2316 3175 est,
2340 3126 2449 3165 non
2476 3112 2650 3183 prodit
2670 3113 2749 3169 eis
2773 3113 2912 3184 quod
2941 3115 3198 3170 inutiliter
3222 3115 3437 3172 scirent.

2218 3204 2352 3260 LXI.
2406 3207 2484 3274 De
2520 3223 2578 3261 eo
2611 3207 2744 3277 quod
2781 3209 3022 3280 scriptum
3068 3219 3139 3263 est
3181 3210 3235 3263 in
3272 3208 3548 3282 Evangelia
3570 3253 3586 3277 ,
3633 3212 3808 3266 turbas

2329 3297 2604 3352 Dominum
2628 3299 2677 3353 in
2701 3310 2867 3353 monte
2896 3300 3090 3368 pavisse
3110 3301 3171 3354 de
3198 3302 3417 3371 quinque
3436 3304 3677 3374 panibus.

2292 3389 2343 3442 1.
2384 3389 2628 3459 Quinque
2654 3405 2819 3460 panes
2848 3389 3152 3457 hordeacei,
3184 3391 3374 3460 quibus
3405 3392 3455 3445 in
3486 3404 3671 3449 monte
3702 3393 3809 3448 Do-

2218 3478 2394 3532 minus
2439 3478 2618 3533 turbas
2640 3480 2801 3548 pavit,
2827 3478 3124 3551 signiﬁcant
3165 3490 3394 3535 veterem
3446 3480 3617 3552 legem
3652 3501 3666 3536 :
3697 3485 3808 3538 sive

2219 3569 2340 3638 quia
2366 3569 2600 3623 nondum
2627 3570 3010 3640 spiritualibus,
3039 3571 3133 3627 sed
3159 3571 3330 3628 adhuc
3355 3574 3660 3629 carnalibus
3685 3574 3805 3629 data

2220 3671 2321 3727 est,
2350 3661 2401 3715 id
2427 3672 2527 3725 est,
2561 3662 2793 3731 quinque
2815 3664 3055 3732 corporis
3085 3665 3326 3719 sensibus
3346 3664 3573 3733 deditis;
3605 3682 3730 3721 nam
3753 3674 3808 3721 et

2221 3754 2350 3823 ipsa:
2381 3754 2548 3808 turba:
2575 3754 2807 3825 quinque
2838 3756 3000 3810 millia
3047 3755 3320 3812 hominum
3365 3757 3581 3815 fuerunt
3606 3761 3801 3831 Δ(νΙοαιι.

2219 3859 2292 3910 vt,
2327 3844 2480 3916 9-15)
2514 3862 2527 3897 :
2571 3845 2683 3899 sive
2726 3846 2846 3915 quia
2891 3861 2986 3916 per
3030 3846 3246 3919 Moysen
3278 3849 3361 3904 lex
3395 3852 3504 3921 ipsa
3537 3852 3663 3907 data
3692 3861 3799 3919 est;

2222 3937 2428 4009 Moyses
2453 3938 2594 3992 enim
2621 3938 2853 4008 quinque
2888 3940 3051 3993 libros
3076 3941 3307 4010 scripsit.
3362 3942 3429 3997 Et
3479 3944 3620 4013 quod
3678 3945 3799 3999 hor-

2224 4030 2405 4084 deacei
2431 4038 2585 4084 erant
2606 4046 2791 4099 panes,
2817 4030 2953 4086 bene
2972 4032 3288 4103 signiﬁcant,
3316 4037 3399 4090 vel
3423 4036 3589 4105 ipsam
3610 4038 3799 4109 legem,

2222 4134 2341 4191 quae
2371 4120 2439 4174 ita
2463 4120 2584 4176 data
2614 4130 2761 4187 erat,
2791 4132 2848 4177 ut
2879 4122 2928 4176 in
2969 4138 3030 4178 ea
3061 4124 3222 4180 vitale
3264 4127 3457 4182 anima:
3493 4128 3798 4184 alimentum

2222 4212 2587 4282 corporalibus
2633 4214 2978 4268 sacramentis
3015 4215 3381 4285 obtegeretur;
3426 4218 3613 4274 hordei
3665 4220 3799 4275 enim

2225 4305 2459 4361 medulla
2481 4305 2820 4360 tenacissima
2861 4306 3006 4375 palea
3051 4307 3277 4376 tegitur:
3314 4308 3395 4362 vel
3429 4311 3599 4378 ipsum
3643 4324 3800 4380 popu—

2226 4398 2335 4452 lum
2389 4397 2623 4451 nondum
2668 4397 3019 4466 exspoliatum
3069 4399 3268 4454 carnali
3314 4400 3616 4470 desiderio,
3664 4399 3798 4473 quod

2228 4497 2479 4559 tanquam
2507 4488 2657 4557 palea
2679 4487 2823 4543 cordi
2847 4489 2960 4559 ejus
2991 4489 3309 4556 inlucrehat;
3345 4492 3395 4546 id
3425 4502 3527 4560 est,
3570 4492 3797 4549 nondum

2227 4578 2389 4635 corde
2409 4578 2812 4646 circumcisum,
2860 4580 2931 4634 ita
2970 4590 3028 4635 ut
3068 4596 3168 4636 nec
3207 4583 3543 4640 trituratione
3588 4583 3798 4639 tribula-

2229 4669 2450 4732 tionum,
2470 4683 2591 4723 cum
2621 4684 2714 4739 per
2733 4669 2941 4725 deserta
2963 4673 3305 4743 quadraginta
3327 4676 3481 4730 annis
3499 4675 3794 4739 duceretur,

2227 4760 2499 4816 intellectu
2546 4760 2780 4815 revelato
2819 4762 3050 4816 carnalia
3096 4763 3453 4834 integumenta
3494 4765 3793 4836 deponeret,

2228 4852 2366 4907 sicut
2394 4866 2493 4907 nec
2525 4849 2783 4907 hordeum
2827 4868 2966 4909 areae
3008 4855 3191 4910 tritura
3221 4857 3314 4912 illo
3344 4857 3540 4926 paleari
3580 4857 3795 4928 tegmine

2228 4946 2644 5017 exuitur.ltaque
2670 4947 2742 5001 illi
2760 4947 2957 5017 populo
2967 4955 3316 5017 congruenter
3331 4948 3414 5003 lex
3434 4949 3552 5003 talis
3563 4949 3678 5004 data
3699 4954 3791 5002 est.

2295 5040 2349 5094 2.
2379 5040 2492 5096 Duo
2513 5050 2688 5097 autem
2718 5042 2910 5111 pisces,
2943 5043 3030 5112 qui
3056 5058 3300 5113 saporem
3321 5059 3540 5101 suavem
3564 5045 3681 5116 pani
3709 5041 3795 5096 da-

2226 5130 2371 5195 bant,
2398 5132 2529 5188 duas
2556 5134 2670 5187 illas
2698 5149 2955 5202 personas
2985 5134 3231 5189 videntur
3253 5136 3574 5207 signiﬁcare,
3616 5136 3794 5208 quibus

2226 5224 2454 5293 populus
2476 5225 2565 5279 ille
2586 5225 2885 5295 regebatur,
2906 5233 2963 5280 ut
2982 5241 3075 5295 per
3094 5242 3184 5283 eas
3200 5230 3545 5286 conciliorum
3568 5229 3794 5286 modera-

2225 5330 2347 5371 men
2365 5317 2631 5387 acciperet
2648 5334 2663 5379 ;
2683 5318 2877 5386 regiam
2890 5320 3091 5374 scilicet
3105 5332 3158 5376 et
3169 5322 3575 5392 sacerdotalem,
3594 5322 3659 5378 ad
3673 5332 3790 5393 quas

2226 5407 2387 5463 etiam
2414 5416 2753 5463 sacrosancta
2778 5409 2866 5463 illa
2892 5411 3072 5466 unctio
3107 5413 3403 5482 pertinebat
3424 5415 3508 5487 (a)
3538 5433 3551 5471 :
3576 5422 3787 5486 quarum

2291 5612 2307 5644 ι
2344 5616 2443 5660 nat.
2470 5615 2522 5659 et
2544 5617 2667 5670 Mss,
2693 5608 2780 5659 illo
2799 5607 2966 5661 ultimo
2982 5610 3203 5663 adventu.

2254 5678 2266 5688 ⁸
2291 5673 2363 5735 (a)
2397 5679 2413 5719 l
2432 5678 2634 5721 nctraet.
2656 5684 2760 5734 cap.
2780 5671 2856 5722 26.
