  <div class='ocr_page' id='page_1' title='image "/cluster/home/n/w/nwhite01/storage/ocr_20150623/40/uva.x000669811/032.png"; bbox 0 0 3988 6450; ppageno 0'>
   <div class='ocr_carea' id='block_1_1' title="bbox 262 293 1884 394">
    <p class='ocr_par' dir='ltr' id='par_1_1' title="bbox 262 293 1884 394">
     <span class='ocr_line' id='line_1_1' title="bbox 262 293 1884 394; baseline -0.005 -15"><span class='ocrx_word' id='word_1_1' title='bbox 262 339 334 394; x_wconf 66' lang='grc'><strong>49</strong></span> <span class='ocrx_word' id='word_1_2' title='bbox 1072 293 1097 342; x_wconf 39' lang='grc' dir='ltr'><strong>τ’</strong></span> <span class='ocrx_word' id='word_1_3' title='bbox 1699 316 1884 374; x_wconf 72' lang='lat' dir='ltr'><strong>LIBEF</strong></span> 
     </span>
    </p>
   </div>
   <div class='ocr_carea' id='block_1_2' title="bbox 1993 293 3590 394">
    <p class='ocr_par' dir='ltr' id='par_1_2' title="bbox 1993 298 3590 391">
     <span class='ocr_line' id='line_1_2' title="bbox 1993 298 3590 391; baseline -0.003 -19"><span class='ocrx_word' id='word_1_4' title='bbox 1993 318 2140 375; x_wconf 59' lang='lat' dir='ltr'><strong>NUS.</strong></span> <span class='ocrx_word' id='word_1_5' title='bbox 2660 298 2670 304; x_wconf 37' lang='lat'><strong>-</strong></span> <span class='ocrx_word' id='word_1_6' title='bbox 2695 298 2711 314; x_wconf 40' lang='lat'>~</span> <span class='ocrx_word' id='word_1_7' title='bbox 2825 309 2828 312; x_wconf 41' lang='grc'><strong>’</strong></span> <span class='ocrx_word' id='word_1_8' title='bbox 2863 307 2881 318; x_wconf 58' lang='grc'>’</span> <span class='ocrx_word' id='word_1_9' title='bbox 3523 333 3590 391; x_wconf 60' lang='lat'><strong>(,0</strong></span> 
     </span>
    </p>
   </div>
   <div class='ocr_carea' id='block_1_3' title="bbox 265 441 1857 519">
    <p class='ocr_par' dir='ltr' id='par_1_3' title="bbox 265 441 1857 519">
     <span class='ocr_line' id='line_1_3' title="bbox 265 441 1857 519; baseline -0.012 -13"><span class='ocrx_word' id='word_1_10' title='bbox 265 453 508 508; x_wconf 93' lang='lat' dir='ltr'><strong>ofﬁcium</strong></span> <span class='ocrx_word' id='word_1_11' title='bbox 535 459 654 506; x_wconf 87' lang='lat' dir='ltr'><strong>erat</strong></span> <span class='ocrx_word' id='word_1_12' title='bbox 676 449 932 519; x_wconf 87' lang='lat' dir='ltr'><strong>procellis</strong></span> <span class='ocrx_word' id='word_1_13' title='bbox 963 465 1025 502; x_wconf 87' lang='lat' dir='ltr'><strong>ac</strong></span> <span class='ocrx_word' id='word_1_14' title='bbox 1056 445 1299 501; x_wconf 85' lang='lat' dir='ltr'><strong>fluctibus</strong></span> <span class='ocrx_word' id='word_1_15' title='bbox 1336 441 1679 514; x_wconf 82' lang='lat' dir='ltr'><strong>popularibus</strong></span> <span class='ocrx_word' id='word_1_16' title='bbox 1720 451 1857 491; x_wconf 91' lang='lat' dir='ltr'><strong>nun-</strong></span> 
     </span>
    </p>
   </div>
   <div class='ocr_carea' id='block_1_4' title="bbox 268 529 1862 614">
    <p class='ocr_par' dir='ltr' id='par_1_4' title="bbox 268 529 1862 614">
     <span class='ocr_line' id='line_1_4' title="bbox 268 529 1862 614; baseline -0.011 -17"><span class='ocrx_word' id='word_1_17' title='bbox 268 559 433 614; x_wconf 82' lang='lat' dir='ltr'><strong>quam</strong></span> <span class='ocrx_word' id='word_1_18' title='bbox 474 541 647 610; x_wconf 80' lang='lat' dir='ltr'><strong>frangi</strong></span> <span class='ocrx_word' id='word_1_19' title='bbox 675 549 838 608; x_wconf 91' lang='lat' dir='ltr'><strong>atque</strong></span> <span class='ocrx_word' id='word_1_20' title='bbox 884 538 1148 606; x_wconf 85' lang='lat' dir='ltr'><strong>corrumpi</strong></span> <span class='ocrx_word' id='word_1_21' title='bbox 1172 578 1188 602; x_wconf 88' lang='lat'><strong>,</strong></span> <span class='ocrx_word' id='word_1_22' title='bbox 1214 544 1270 590; x_wconf 88' lang='lat' dir='ltr'><strong>et</strong></span> <span class='ocrx_word' id='word_1_23' title='bbox 1298 535 1554 588; x_wconf 86' lang='lat' dir='ltr'><strong>violentas</strong></span> <span class='ocrx_word' id='word_1_24' title='bbox 1585 529 1862 584; x_wconf 88' lang='lat' dir='ltr'><strong>turbarum</strong></span> 
     </span>
    </p>
   </div>
   <div class='ocr_carea' id='block_1_5' title="bbox 268 619 1866 701">
    <p class='ocr_par' dir='ltr' id='par_1_5' title="bbox 268 619 1866 701">
     <span class='ocr_line' id='line_1_5' title="bbox 268 619 1866 701; baseline -0.014 -9"><span class='ocrx_word' id='word_1_25' title='bbox 268 634 735 692; x_wconf 87' lang='lat' dir='ltr'><strong>contradictiones</strong></span> <span class='ocrx_word' id='word_1_26' title='bbox 765 643 1014 701; x_wconf 88' lang='lat' dir='ltr'><strong>tanquam</strong></span> <span class='ocrx_word' id='word_1_27' title='bbox 1033 628 1373 683; x_wconf 76' lang='lat' dir='ltr'><strong>adversantes</strong></span> <span class='ocrx_word' id='word_1_28' title='bbox 1400 623 1569 679; x_wconf 84' lang='lat' dir='ltr'><strong>undas</strong></span> <span class='ocrx_word' id='word_1_29' title='bbox 1593 636 1734 690; x_wconf 36' lang='lat' dir='ltr'><strong>saepe</strong></span> <span class='ocrx_word' id='word_1_30' title='bbox 1757 619 1866 672; x_wconf 89' lang='lat' dir='ltr'><strong>dis-</strong></span> 
     </span>
    </p>
   </div>
   <div class='ocr_carea' id='block_1_6' title="bbox 267 710 1867 796">
    <p class='ocr_par' dir='ltr' id='par_1_6' title="bbox 267 710 1867 796">
     <span class='ocr_line' id='line_1_6' title="bbox 267 710 1867 796; baseline -0.01 -15"><span class='ocrx_word' id='word_1_31' title='bbox 267 741 547 796; x_wconf 83' lang='lat' dir='ltr'><strong>rumpere,</strong></span> <span class='ocrx_word' id='word_1_32' title='bbox 580 723 849 779; x_wconf 87' lang='lat' dir='ltr'><strong>interdum</strong></span> <span class='ocrx_word' id='word_1_33' title='bbox 876 723 954 776; x_wconf 90' lang='lat' dir='ltr'><strong>cis</strong></span> <span class='ocrx_word' id='word_1_34' title='bbox 973 718 1230 776; x_wconf 88' lang='lat' dir='ltr'><strong>custodita</strong></span> <span class='ocrx_word' id='word_1_35' title='bbox 1260 734 1352 774; x_wconf 91' lang='lat' dir='ltr'><strong>sua</strong></span> <span class='ocrx_word' id='word_1_36' title='bbox 1379 715 1681 786; x_wconf 75' lang='lat' dir='ltr'><strong>integritate</strong></span> <span class='ocrx_word' id='word_1_37' title='bbox 1707 710 1867 766; x_wconf 86' lang='lat' dir='ltr'><strong>cede-</strong></span> 
     </span>
    </p>
   </div>
   <div class='ocr_carea' id='block_1_7' title="bbox 269 804 1869 884">
    <p class='ocr_par' dir='ltr' id='par_1_7' title="bbox 269 804 1869 884">
     <span class='ocr_line' id='line_1_7' title="bbox 269 804 1869 884; baseline -0.011 -13"><span class='ocrx_word' id='word_1_38' title='bbox 269 833 373 881; x_wconf 89' lang='lat' dir='ltr'><strong>re;</strong></span> <span class='ocrx_word' id='word_1_39' title='bbox 409 829 634 884; x_wconf 78' lang='lat' dir='ltr'><strong>prorsus</strong></span> <span class='ocrx_word' id='word_1_40' title='bbox 659 829 808 868; x_wconf 89' lang='lat' dir='ltr'><strong>more</strong></span> <span class='ocrx_word' id='word_1_41' title='bbox 836 812 1058 882; x_wconf 89' lang='lat' dir='ltr'><strong>piscium</strong></span> <span class='ocrx_word' id='word_1_42' title='bbox 1090 819 1335 879; x_wconf 89' lang='lat' dir='ltr'><strong>tanquam</strong></span> <span class='ocrx_word' id='word_1_43' title='bbox 1359 807 1410 861; x_wconf 89' lang='lat' dir='ltr'><strong>in</strong></span> <span class='ocrx_word' id='word_1_44' title='bbox 1437 804 1734 876; x_wconf 86' lang='lat' dir='ltr'><strong>procelloso</strong></span> <span class='ocrx_word' id='word_1_45' title='bbox 1757 816 1869 855; x_wconf 91' lang='lat' dir='ltr'><strong>ma-</strong></span> 
     </span>
    </p>
   </div>
   <div class='ocr_carea' id='block_1_8' title="bbox 273 891 1866 972">
    <p class='ocr_par' dir='ltr' id='par_1_8' title="bbox 273 891 1866 972">
     <span class='ocr_line' id='line_1_8' title="bbox 273 891 1866 972; baseline -0.012 -10"><span class='ocrx_word' id='word_1_46' title='bbox 273 909 345 972; x_wconf 90' lang='lat' dir='ltr'><strong>ri,</strong></span> <span class='ocrx_word' id='word_1_47' title='bbox 382 907 547 960; x_wconf 90' lang='lat' dir='ltr'><strong>sicin</strong></span> <span class='ocrx_word' id='word_1_48' title='bbox 577 904 880 958; x_wconf 89' lang='lat' dir='ltr'><strong>turbulenta</strong></span> <span class='ocrx_word' id='word_1_49' title='bbox 921 901 1100 972; x_wconf 89' lang='lat' dir='ltr'><strong>p0puli</strong></span> <span class='ocrx_word' id='word_1_50' title='bbox 1141 896 1597 954; x_wconf 88' lang='lat' dir='ltr'><strong>administratione</strong></span> <span class='ocrx_word' id='word_1_51' title='bbox 1643 891 1866 947; x_wconf 87' lang='lat' dir='ltr'><strong>versari.</strong></span> 
     </span>
    </p>
   </div>
   <div class='ocr_carea' id='block_1_9' title="bbox 276 983 1868 1065">
    <p class='ocr_par' dir='ltr' id='par_1_9' title="bbox 276 983 1868 1065">
     <span class='ocr_line' id='line_1_9' title="bbox 276 983 1868 1065; baseline -0.01 -16"><span class='ocrx_word' id='word_1_52' title='bbox 276 999 410 1065; x_wconf 71' lang='lat' dir='ltr'><strong>Qua:</strong></span> <span class='ocrx_word' id='word_1_53' title='bbox 439 1007 614 1050; x_wconf 86' lang='lat' dir='ltr'><strong>tamen</strong></span> <span class='ocrx_word' id='word_1_54' title='bbox 636 994 755 1049; x_wconf 64' lang='lat' dir='ltr'><strong>dum</strong></span> <span class='ocrx_word' id='word_1_55' title='bbox 778 1007 1019 1063; x_wconf 64' lang='lat' dir='ltr'><strong>personat</strong></span> <span class='ocrx_word' id='word_1_56' title='bbox 1041 991 1321 1045; x_wconf 91' lang='lat' dir='ltr'><strong>Dominum</strong></span> <span class='ocrx_word' id='word_1_57' title='bbox 1351 997 1588 1041; x_wconf 90' lang='lat' dir='ltr'><strong>nostrum</strong></span> <span class='ocrx_word' id='word_1_58' title='bbox 1619 983 1868 1052; x_wconf 62' lang='lat' dir='ltr'><strong>praefigu-</strong></span> 
     </span>
    </p>
   </div>
   <div class='ocr_carea' id='block_1_10' title="bbox 280 1070 1874 1141">
    <p class='ocr_par' dir='ltr' id='par_1_10' title="bbox 280 1070 1874 1141">
     <span class='ocr_line' id='line_1_10' title="bbox 280 1070 1874 1141; baseline -0.012 0"><span class='ocrx_word' id='word_1_59' title='bbox 280 1088 494 1141; x_wconf 87' lang='lat' dir='ltr'><strong>rabant.</strong></span> <span class='ocrx_word' id='word_1_60' title='bbox 538 1085 736 1139; x_wconf 87' lang='lat' dir='ltr'><strong>Ambas</strong></span> <span class='ocrx_word' id='word_1_61' title='bbox 767 1083 910 1138; x_wconf 90' lang='lat' dir='ltr'><strong>enim</strong></span> <span class='ocrx_word' id='word_1_62' title='bbox 950 1083 1093 1136; x_wconf 91' lang='lat' dir='ltr'><strong>solus</strong></span> <span class='ocrx_word' id='word_1_63' title='bbox 1131 1080 1220 1134; x_wconf 89' lang='lat' dir='ltr'><strong>ille</strong></span> <span class='ocrx_word' id='word_1_64' title='bbox 1258 1076 1528 1138; x_wconf 88' lang='lat' dir='ltr'><strong>sustinuit,</strong></span> <span class='ocrx_word' id='word_1_65' title='bbox 1571 1083 1626 1128; x_wconf 91' lang='lat' dir='ltr'><strong>et</strong></span> <span class='ocrx_word' id='word_1_66' title='bbox 1661 1086 1768 1126; x_wconf 92' lang='lat' dir='ltr'><strong>non</strong></span> <span class='ocrx_word' id='word_1_67' title='bbox 1811 1070 1874 1122; x_wconf 86' lang='lat' dir='ltr'><strong>ﬁ-</strong></span> 
     </span>
    </p>
   </div>
   <div class='ocr_carea' id='block_1_11' title="bbox 281 1164 1871 1248">
    <p class='ocr_par' dir='ltr' id='par_1_11' title="bbox 281 1164 1871 1248">
     <span class='ocr_line' id='line_1_11' title="bbox 281 1164 1871 1248; baseline -0.011 -16"><span class='ocrx_word' id='word_1_68' title='bbox 281 1188 518 1248; x_wconf 84' lang='lat' dir='ltr'><strong>gurate,</strong></span> <span class='ocrx_word' id='word_1_69' title='bbox 573 1174 668 1230; x_wconf 90' lang='lat' dir='ltr'><strong>sed</strong></span> <span class='ocrx_word' id='word_1_70' title='bbox 720 1173 936 1245; x_wconf 81' lang='lat' dir='ltr'><strong>proprie</strong></span> <span class='ocrx_word' id='word_1_71' title='bbox 986 1173 1130 1226; x_wconf 89' lang='lat' dir='ltr'><strong>solus</strong></span> <span class='ocrx_word' id='word_1_72' title='bbox 1179 1168 1437 1239; x_wconf 84' lang='lat' dir='ltr'><strong>implevit.</strong></span> <span class='ocrx_word' id='word_1_73' title='bbox 1490 1164 1623 1219; x_wconf 88' lang='lat' dir='ltr'><strong>Nam&#39;</strong></span> <span class='ocrx_word' id='word_1_74' title='bbox 1675 1171 1728 1216; x_wconf 91' lang='lat' dir='ltr'><strong>et</strong></span> <span class='ocrx_word' id='word_1_75' title='bbox 1778 1176 1871 1215; x_wconf 90' lang='lat' dir='ltr'><strong>rex</strong></span> 
     </span>
    </p>
   </div>
   <div class='ocr_carea' id='block_1_12' title="bbox 285 1253 1875 1326">
    <p class='ocr_par' dir='ltr' id='par_1_12' title="bbox 285 1253 1875 1326">
     <span class='ocr_line' id='line_1_12' title="bbox 285 1253 1875 1326; baseline -0.013 -2"><span class='ocrx_word' id='word_1_76' title='bbox 285 1278 475 1324; x_wconf 89' lang='lat' dir='ltr'><strong>uoster</strong></span> <span class='ocrx_word' id='word_1_77' title='bbox 510 1276 594 1322; x_wconf 88' lang='lat' dir='ltr'><strong>est</strong></span> <span class='ocrx_word' id='word_1_78' title='bbox 632 1266 890 1320; x_wconf 88' lang='lat' dir='ltr'><strong>Dominus</strong></span> <span class='ocrx_word' id='word_1_79' title='bbox 927 1263 1080 1318; x_wconf 85' lang='lat' dir='ltr'><strong>Jesus</strong></span> <span class='ocrx_word' id='word_1_80' title='bbox 1117 1261 1392 1325; x_wconf 89' lang='lat' dir='ltr'><strong>Christus,</strong></span> <span class='ocrx_word' id='word_1_81' title='bbox 1444 1255 1532 1326; x_wconf 90' lang='lat' dir='ltr'><strong>qui</strong></span> <span class='ocrx_word' id='word_1_82' title='bbox 1584 1253 1738 1308; x_wconf 91' lang='lat' dir='ltr'><strong>nobis</strong></span> <span class='ocrx_word' id='word_1_83' title='bbox 1777 1267 1875 1320; x_wconf 87' lang='lat' dir='ltr'><strong>pu-</strong></span> 
     </span>
    </p>
   </div>
   <div class='ocr_carea' id='block_1_13' title="bbox 285 1345 1876 1431">
    <p class='ocr_par' dir='ltr' id='par_1_13' title="bbox 285 1345 1876 1431">
     <span class='ocr_line' id='line_1_13' title="bbox 285 1345 1876 1431; baseline -0.012 -17"><span class='ocrx_word' id='word_1_84' title='bbox 285 1358 484 1431; x_wconf 80' lang='lat' dir='ltr'><strong>gnandi</strong></span> <span class='ocrx_word' id='word_1_85' title='bbox 506 1365 561 1412; x_wconf 90' lang='lat' dir='ltr'><strong>et</strong></span> <span class='ocrx_word' id='word_1_86' title='bbox 586 1353 1232 1411; x_wconf 84' lang='lat' dir='ltr'><strong>vincendidemonstravit</strong></span> <span class='ocrx_word' id='word_1_87' title='bbox 1251 1348 1552 1419; x_wconf 84' lang='lat' dir='ltr'><strong>exemplum</strong></span> <span class='ocrx_word' id='word_1_88' title='bbox 1575 1363 1590 1412; x_wconf 93' lang='lat'><strong>;</strong></span> <span class='ocrx_word' id='word_1_89' title='bbox 1618 1345 1672 1399; x_wconf 91' lang='lat' dir='ltr'><strong>in</strong></span> <span class='ocrx_word' id='word_1_90' title='bbox 1712 1357 1876 1398; x_wconf 91' lang='lat' dir='ltr'><strong>carne</strong></span> 
     </span>
    </p>
   </div>
   <div class='ocr_carea' id='block_1_14' title="bbox 293 1435 1878 1518">
    <p class='ocr_par' dir='ltr' id='par_1_14' title="bbox 293 1435 1878 1518">
     <span class='ocr_line' id='line_1_14' title="bbox 293 1435 1878 1518; baseline -0.011 -14"><span class='ocrx_word' id='word_1_91' title='bbox 293 1449 502 1504; x_wconf 80' lang='lat' dir='ltr'><strong>mortali</strong></span> <span class='ocrx_word' id='word_1_92' title='bbox 549 1455 761 1518; x_wconf 83' lang='lat' dir='ltr'><strong>peccata</strong></span> <span class='ocrx_word' id='word_1_93' title='bbox 803 1455 981 1501; x_wconf 88' lang='lat' dir='ltr'><strong>nostra</strong></span> <span class='ocrx_word' id='word_1_94' title='bbox 1028 1443 1346 1513; x_wconf 90' lang='lat' dir='ltr'><strong>suscipiens,</strong></span> <span class='ocrx_word' id='word_1_95' title='bbox 1375 1437 1746 1494; x_wconf 89' lang='lat' dir='ltr'><strong>tentalionibus</strong></span> <span class='ocrx_word' id='word_1_96' title='bbox 1776 1435 1878 1488; x_wconf 89' lang='lat' dir='ltr'><strong>iui-</strong></span> 
     </span>
    </p>
   </div>
   <div class='ocr_carea' id='block_1_15' title="bbox 299 1527 1878 1607">
    <p class='ocr_par' dir='ltr' id='par_1_15' title="bbox 299 1527 1878 1607">
     <span class='ocr_line' id='line_1_15' title="bbox 299 1527 1878 1607; baseline -0.011 -14"><span class='ocrx_word' id='word_1_97' title='bbox 299 1539 423 1593; x_wconf 89' lang='lat' dir='ltr'><strong>mici</strong></span> <span class='ocrx_word' id='word_1_98' title='bbox 446 1553 611 1607; x_wconf 87' lang='lat' dir='ltr'><strong>neque</strong></span> <span class='ocrx_word' id='word_1_99' title='bbox 631 1535 959 1590; x_wconf 87' lang='lat' dir='ltr'><strong>illecebrosis</strong></span> <span class='ocrx_word' id='word_1_100' title='bbox 979 1548 1149 1603; x_wconf 91' lang='lat' dir='ltr'><strong>neque</strong></span> <span class='ocrx_word' id='word_1_101' title='bbox 1171 1530 1492 1586; x_wconf 87' lang='lat' dir='ltr'><strong>terribilibus</strong></span> <span class='ocrx_word' id='word_1_102' title='bbox 1520 1527 1714 1582; x_wconf 89' lang='lat' dir='ltr'><strong>cedens</strong></span> <span class='ocrx_word' id='word_1_103' title='bbox 1740 1542 1752 1577; x_wconf 87' lang='lat'><strong>:</strong></span> <span class='ocrx_word' id='word_1_104' title='bbox 1787 1538 1878 1592; x_wconf 86' lang='lat' dir='ltr'><strong>po-</strong></span> 
     </span>
    </p>
   </div>
   <div class='ocr_carea' id='block_1_16' title="bbox 292 1624 1877 1694">
    <p class='ocr_par' dir='ltr' id='par_1_16' title="bbox 292 1624 1877 1694">
     <span class='ocr_line' id='line_1_16' title="bbox 292 1624 1877 1694; baseline -0.012 -8"><span class='ocrx_word' id='word_1_105' title='bbox 292 1640 494 1686; x_wconf 89' lang='lat' dir='ltr'><strong>stremo</strong></span> <span class='ocrx_word' id='word_1_106' title='bbox 520 1643 721 1684; x_wconf 81' lang='lat' dir='ltr'><strong>exuens</strong></span> <span class='ocrx_word' id='word_1_107' title='bbox 747 1641 806 1682; x_wconf 86' lang='lat' dir='ltr'><strong>se</strong></span> <span class='ocrx_word' id='word_1_108' title='bbox 834 1641 1013 1692; x_wconf 90' lang='lat' dir='ltr'><strong>carne,</strong></span> <span class='ocrx_word' id='word_1_109' title='bbox 1038 1624 1360 1694; x_wconf 87' lang='lat' dir='ltr'><strong>principatus</strong></span> <span class='ocrx_word' id='word_1_110' title='bbox 1388 1629 1438 1676; x_wconf 92' lang='lat' dir='ltr'><strong>et</strong></span> <span class='ocrx_word' id='word_1_111' title='bbox 1467 1626 1754 1690; x_wconf 86' lang='lat' dir='ltr'><strong>potestates</strong></span> <span class='ocrx_word' id='word_1_112' title='bbox 1779 1631 1877 1670; x_wconf 84' lang='lat' dir='ltr'><strong>ex-</strong></span> 
     </span>
    </p>
   </div>
   <div class='ocr_carea' id='block_1_17' title="bbox 291 1707 1879 1791">
    <p class='ocr_par' dir='ltr' id='par_1_17' title="bbox 291 1707 1879 1791">
     <span class='ocr_line' id='line_1_17' title="bbox 291 1707 1879 1791; baseline -0.011 -14"><span class='ocrx_word' id='word_1_113' title='bbox 291 1723 532 1791; x_wconf 89' lang='lat' dir='ltr'><strong>spolians</strong></span> <span class='ocrx_word' id='word_1_114' title='bbox 559 1721 575 1752; x_wconf 82' lang='grc'>¹</span> <span class='ocrx_word' id='word_1_115' title='bbox 607 1718 944 1784; x_wconf 88' lang='lat' dir='ltr'><strong>ﬁducialiter,</strong></span> <span class='ocrx_word' id='word_1_116' title='bbox 968 1725 1020 1772; x_wconf 91' lang='lat' dir='ltr'><strong>et</strong></span> <span class='ocrx_word' id='word_1_117' title='bbox 1042 1714 1370 1784; x_wconf 87' lang='lat' dir='ltr'><strong>triumphans</strong></span> <span class='ocrx_word' id='word_1_118' title='bbox 1396 1726 1486 1765; x_wconf 88' lang='lat' dir='ltr'><strong>eas</strong></span> <span class='ocrx_word' id='word_1_119' title='bbox 1512 1711 1564 1763; x_wconf 92' lang='lat' dir='ltr'><strong>in</strong></span> <span class='ocrx_word' id='word_1_120' title='bbox 1591 1707 1879 1775; x_wconf 91' lang='lat' dir='ltr'><strong>semetipso</strong></span> 
     </span>
    </p>
   </div>
   <div class='ocr_carea' id='block_1_18' title="bbox 296 1797 1880 1882">
    <p class='ocr_par' dir='ltr' id='par_1_18' title="bbox 296 1797 1880 1882">
     <span class='ocr_line' id='line_1_18' title="bbox 296 1797 1880 1882; baseline -0.011 -15"><span class='ocrx_word' id='word_1_121' title='bbox 296 1811 531 1882; x_wconf 77' lang='lat' dir='ltr'><strong>(Coloss.</strong></span> <span class='ocrx_word' id='word_1_122' title='bbox 557 1826 612 1874; x_wconf 84' lang='grc' dir='ltr'><strong>ιι,</strong></span> <span class='ocrx_word' id='word_1_123' title='bbox 636 1809 754 1880; x_wconf 72' lang='grc'><strong>15).</strong></span> <span class='ocrx_word' id='word_1_124' title='bbox 787 1809 968 1877; x_wconf 90' lang='lat' dir='ltr'><strong>Itaque</strong></span> <span class='ocrx_word' id='word_1_125' title='bbox 990 1808 1104 1876; x_wconf 92' lang='lat' dir='ltr'><strong>ipso</strong></span> <span class='ocrx_word' id='word_1_126' title='bbox 1129 1805 1262 1860; x_wconf 86' lang='lat' dir='ltr'><strong>duce</strong></span> <span class='ocrx_word' id='word_1_127' title='bbox 1288 1804 1354 1858; x_wconf 89' lang='lat' dir='ltr'><strong>ab</strong></span> <span class='ocrx_word' id='word_1_128' title='bbox 1378 1801 1627 1856; x_wconf 84' lang='lat' dir='ltr'><strong>oneribus</strong></span> <span class='ocrx_word' id='word_1_129' title='bbox 1653 1807 1707 1853; x_wconf 91' lang='lat' dir='ltr'><strong>et</strong></span> <span class='ocrx_word' id='word_1_130' title='bbox 1731 1797 1880 1851; x_wconf 86' lang='lat' dir='ltr'><strong>labo-</strong></span> 
     </span>
    </p>
   </div>
   <div class='ocr_carea' id='block_1_19' title="bbox 298 1886 1880 1970">
    <p class='ocr_par' dir='ltr' id='par_1_19' title="bbox 298 1886 1880 1970">
     <span class='ocr_line' id='line_1_19' title="bbox 298 1886 1880 1970; baseline -0.01 -14"><span class='ocrx_word' id='word_1_131' title='bbox 298 1903 448 1957; x_wconf 85' lang='lat' dir='ltr'><strong>ribus</strong></span> <span class='ocrx_word' id='word_1_132' title='bbox 479 1900 635 1970; x_wconf 86' lang='lat' dir='ltr'><strong>hujus</strong></span> <span class='ocrx_word' id='word_1_133' title='bbox 664 1897 1106 1969; x_wconf 80' lang='lat' dir='ltr'><strong>peregrinationis</strong></span> <span class='ocrx_word' id='word_1_134' title='bbox 1133 1905 1328 1949; x_wconf 71' lang='lat' dir='ltr'><strong>nostra:</strong></span> <span class='ocrx_word' id='word_1_135' title='bbox 1355 1902 1602 1962; x_wconf 86' lang='lat' dir='ltr'><strong>tanquam</strong></span> <span class='ocrx_word' id='word_1_136' title='bbox 1630 1889 1698 1944; x_wconf 90' lang='lat' dir='ltr'><strong>ab</strong></span> <span class='ocrx_word' id='word_1_137' title='bbox 1723 1886 1880 1957; x_wconf 59' lang='lat' dir='ltr'><strong>zEgy-</strong></span> 
     </span>
    </p>
   </div>
   <div class='ocr_carea' id='block_1_20' title="bbox 300 1987 1879 2061">
    <p class='ocr_par' dir='ltr' id='par_1_20' title="bbox 300 1987 1879 2061">
     <span class='ocr_line' id='line_1_20' title="bbox 300 1987 1879 2061; baseline -0.009 -14"><span class='ocrx_word' id='word_1_138' title='bbox 300 2001 390 2061; x_wconf 87' lang='lat' dir='ltr'><strong>pto</strong></span> <span class='ocrx_word' id='word_1_139' title='bbox 411 1993 719 2052; x_wconf 82' lang='lat' dir='ltr'><strong>liberamur,</strong></span> <span class='ocrx_word' id='word_1_140' title='bbox 738 1999 791 2045; x_wconf 91' lang='lat' dir='ltr'><strong>et</strong></span> <span class='ocrx_word' id='word_1_141' title='bbox 810 1987 1175 2058; x_wconf 88' lang='lat' dir='ltr'><strong>persequentia</strong></span> <span class='ocrx_word' id='word_1_142' title='bbox 1199 1999 1294 2039; x_wconf 88' lang='lat' dir='ltr'><strong>nos</strong></span> <span class='ocrx_word' id='word_1_143' title='bbox 1315 1991 1526 2053; x_wconf 87' lang='lat' dir='ltr'><strong>peccata</strong></span> <span class='ocrx_word' id='word_1_144' title='bbox 1549 1987 1879 2037; x_wconf 89' lang='lat' dir='ltr'><strong>sacramento</strong></span> 
     </span>
    </p>
   </div>
   <div class='ocr_carea' id='block_1_21' title="bbox 298 2069 1882 2154">
    <p class='ocr_par' dir='ltr' id='par_1_21' title="bbox 298 2069 1882 2154">
     <span class='ocr_line' id='line_1_21' title="bbox 298 2069 1882 2154; baseline -0.008 -18"><span class='ocrx_word' id='word_1_145' title='bbox 298 2083 636 2154; x_wconf 87' lang='lat' dir='ltr'><strong>Baptismatis</strong></span> <span class='ocrx_word' id='word_1_146' title='bbox 657 2081 811 2135; x_wconf 88' lang='lat' dir='ltr'><strong>nobis</strong></span> <span class='ocrx_word' id='word_1_147' title='bbox 831 2078 1176 2135; x_wconf 89' lang='lat' dir='ltr'><strong>evadentibus</strong></span> <span class='ocrx_word' id='word_1_148' title='bbox 1195 2077 1492 2131; x_wconf 89' lang='lat' dir='ltr'><strong>obruuntur</strong></span> <span class='ocrx_word' id='word_1_149' title='bbox 1515 2091 1527 2125; x_wconf 93' lang='lat'><strong>:</strong></span> <span class='ocrx_word' id='word_1_150' title='bbox 1552 2082 1607 2126; x_wconf 91' lang='lat' dir='ltr'><strong>et</strong></span> <span class='ocrx_word' id='word_1_151' title='bbox 1629 2069 1882 2141; x_wconf 87' lang='lat' dir='ltr'><strong>quamdiu</strong></span> 
     </span>
    </p>
   </div>
   <div class='ocr_carea' id='block_1_22' title="bbox 299 2160 1874 2244">
    <p class='ocr_par' dir='ltr' id='par_1_22' title="bbox 299 2160 1874 2244">
     <span class='ocr_line' id='line_1_22' title="bbox 299 2160 1874 2244; baseline -0.009 -16"><span class='ocrx_word' id='word_1_152' title='bbox 299 2174 358 2228; x_wconf 91' lang='lat' dir='ltr'><strong>in</strong></span> <span class='ocrx_word' id='word_1_153' title='bbox 384 2189 479 2244; x_wconf 82' lang='lat' dir='ltr'><strong>Spe</strong></span> <span class='ocrx_word' id='word_1_154' title='bbox 502 2187 683 2227; x_wconf 90' lang='lat' dir='ltr'><strong>sumus</strong></span> <span class='ocrx_word' id='word_1_155' title='bbox 712 2173 828 2241; x_wconf 86' lang='lat' dir='ltr'><strong>ejus</strong></span> <span class='ocrx_word' id='word_1_156' title='bbox 853 2169 1240 2240; x_wconf 89' lang='lat' dir='ltr'><strong>promissionis,</strong></span> <span class='ocrx_word' id='word_1_157' title='bbox 1270 2181 1424 2236; x_wconf 90' lang='lat' dir='ltr'><strong>quam</strong></span> <span class='ocrx_word' id='word_1_158' title='bbox 1457 2163 1689 2218; x_wconf 89' lang='lat' dir='ltr'><strong>nondum</strong></span> <span class='ocrx_word' id='word_1_159' title='bbox 1721 2160 1874 2215; x_wconf 88' lang='lat' dir='ltr'><strong>vide-</strong></span> 
     </span>
    </p>
   </div>
   <div class='ocr_carea' id='block_1_23' title="bbox 301 2252 1879 2336">
    <p class='ocr_par' dir='ltr' id='par_1_23' title="bbox 301 2252 1879 2336">
     <span class='ocr_line' id='line_1_23' title="bbox 301 2252 1879 2336; baseline -0.011 -15"><span class='ocrx_word' id='word_1_160' title='bbox 301 2281 443 2332; x_wconf 89' lang='lat' dir='ltr'><strong>mus,</strong></span> <span class='ocrx_word' id='word_1_161' title='bbox 472 2275 720 2336; x_wconf 90' lang='lat' dir='ltr'><strong>tanqnam</strong></span> <span class='ocrx_word' id='word_1_162' title='bbox 742 2279 838 2334; x_wconf 91' lang='lat' dir='ltr'><strong>per</strong></span> <span class='ocrx_word' id='word_1_163' title='bbox 857 2263 1063 2318; x_wconf 88' lang='lat' dir='ltr'><strong>deserta</strong></span> <span class='ocrx_word' id='word_1_164' title='bbox 1091 2261 1352 2322; x_wconf 89' lang='lat' dir='ltr'><strong>ducimur,</strong></span> <span class='ocrx_word' id='word_1_165' title='bbox 1378 2255 1684 2311; x_wconf 87' lang='lat' dir='ltr'><strong>consolante</strong></span> <span class='ocrx_word' id='word_1_166' title='bbox 1705 2267 1802 2306; x_wconf 91' lang='lat' dir='ltr'><strong>nos</strong></span> <span class='ocrx_word' id='word_1_167' title='bbox 1827 2252 1879 2305; x_wconf 91' lang='lat' dir='ltr'><strong>in</strong></span> 
     </span>
    </p>
   </div>
   <div class='ocr_carea' id='block_1_24' title="bbox 300 2343 1880 2426">
    <p class='ocr_par' dir='ltr' id='par_1_24' title="bbox 300 2343 1880 2426">
     <span class='ocr_line' id='line_1_24' title="bbox 300 2343 1880 2426; baseline -0.012 -11"><span class='ocrx_word' id='word_1_168' title='bbox 300 2359 500 2415; x_wconf 90' lang='lat' dir='ltr'><strong>sanctis</strong></span> <span class='ocrx_word' id='word_1_169' title='bbox 537 2357 825 2426; x_wconf 90' lang='lat' dir='ltr'><strong>Scripturis</strong></span> <span class='ocrx_word' id='word_1_170' title='bbox 871 2356 1033 2409; x_wconf 91' lang='lat' dir='ltr'><strong>verbo</strong></span> <span class='ocrx_word' id='word_1_171' title='bbox 1064 2353 1193 2416; x_wconf 90' lang='lat' dir='ltr'><strong>Dei,</strong></span> <span class='ocrx_word' id='word_1_172' title='bbox 1245 2351 1380 2405; x_wconf 90' lang='lat' dir='ltr'><strong>sicut</strong></span> <span class='ocrx_word' id='word_1_173' title='bbox 1419 2348 1539 2402; x_wconf 89' lang='lat' dir='ltr'><strong>illos</strong></span> <span class='ocrx_word' id='word_1_174' title='bbox 1576 2359 1767 2400; x_wconf 90' lang='lat' dir='ltr'><strong>manna</strong></span> <span class='ocrx_word' id='word_1_175' title='bbox 1813 2343 1880 2397; x_wconf 91' lang='lat' dir='ltr'><strong>de</strong></span> 
     </span>
    </p>
   </div>
   <div class='ocr_carea' id='block_1_25' title="bbox 299 2438 1878 2516">
    <p class='ocr_par' dir='ltr' id='par_1_25' title="bbox 299 2438 1878 2516">
     <span class='ocr_line' id='line_1_25' title="bbox 299 2438 1878 2516; baseline -0.011 -10"><span class='ocrx_word' id='word_1_176' title='bbox 299 2452 469 2512; x_wconf 70' lang='lat' dir='ltr'><strong>emlo;</strong></span> <span class='ocrx_word' id='word_1_177' title='bbox 508 2457 561 2504; x_wconf 91' lang='lat' dir='ltr'><strong>et</strong></span> <span class='ocrx_word' id='word_1_178' title='bbox 601 2449 790 2504; x_wconf 90' lang='lat' dir='ltr'><strong>eodem</strong></span> <span class='ocrx_word' id='word_1_179' title='bbox 819 2448 932 2516; x_wconf 90' lang='lat' dir='ltr'><strong>ipso</strong></span> <span class='ocrx_word' id='word_1_180' title='bbox 975 2445 1108 2500; x_wconf 89' lang='lat' dir='ltr'><strong>duce</strong></span> <span class='ocrx_word' id='word_1_181' title='bbox 1152 2444 1202 2497; x_wconf 93' lang='lat' dir='ltr'><strong>in</strong></span> <span class='ocrx_word' id='word_1_182' title='bbox 1241 2441 1532 2497; x_wconf 81' lang='lat' dir='ltr'><strong>Jerusalem</strong></span> <span class='ocrx_word' id='word_1_183' title='bbox 1576 2438 1878 2500; x_wconf 71' lang='lat' dir='ltr'><strong>eteleStem,</strong></span> 
     </span>
    </p>
   </div>
   <div class='ocr_carea' id='block_1_26' title="bbox 301 2528 1879 2610">
    <p class='ocr_par' dir='ltr' id='par_1_26' title="bbox 301 2528 1879 2610">
     <span class='ocr_line' id='line_1_26' title="bbox 301 2528 1879 2610; baseline -0.011 -15"><span class='ocrx_word' id='word_1_184' title='bbox 301 2550 552 2610; x_wconf 75' lang='lat' dir='ltr'><strong>tanquam</strong></span> <span class='ocrx_word' id='word_1_185' title='bbox 584 2541 636 2592; x_wconf 92' lang='lat' dir='ltr'><strong>in</strong></span> <span class='ocrx_word' id='word_1_186' title='bbox 668 2547 861 2592; x_wconf 90' lang='lat' dir='ltr'><strong>terram</strong></span> <span class='ocrx_word' id='word_1_187' title='bbox 905 2531 1275 2605; x_wconf 89' lang='lat' dir='ltr'><strong>promissionis</strong></span> <span class='ocrx_word' id='word_1_188' title='bbox 1303 2528 1568 2584; x_wconf 87' lang='lat' dir='ltr'><strong>introduci</strong></span> <span class='ocrx_word' id='word_1_189' title='bbox 1596 2540 1694 2581; x_wconf 92' lang='lat' dir='ltr'><strong>nos</strong></span> <span class='ocrx_word' id='word_1_190' title='bbox 1723 2538 1879 2594; x_wconf 89' lang='lat' dir='ltr'><strong>posse</strong></span> 
     </span>
    </p>
   </div>
   <div class='ocr_carea' id='block_1_27' title="bbox 303 2619 1882 2699">
    <p class='ocr_par' dir='ltr' id='par_1_27' title="bbox 303 2619 1882 2699">
     <span class='ocr_line' id='line_1_27' title="bbox 303 2619 1882 2699; baseline -0.011 -15"><span class='ocrx_word' id='word_1_191' title='bbox 303 2629 692 2699; x_wconf 65' lang='lat' dir='ltr'><strong>prmsumimus,</strong></span> <span class='ocrx_word' id='word_1_192' title='bbox 716 2637 768 2680; x_wconf 88' lang='lat' dir='ltr'><strong>et</strong></span> <span class='ocrx_word' id='word_1_193' title='bbox 789 2627 840 2680; x_wconf 92' lang='lat' dir='ltr'><strong>in</strong></span> <span class='ocrx_word' id='word_1_194' title='bbox 854 2635 1106 2680; x_wconf 69' lang='lat' dir='ltr'><strong>aeternum</strong></span> <span class='ocrx_word' id='word_1_195' title='bbox 1127 2623 1195 2677; x_wconf 90' lang='lat' dir='ltr'><strong>ibi</strong></span> <span class='ocrx_word' id='word_1_196' title='bbox 1210 2621 1455 2692; x_wconf 75' lang='lat' dir='ltr'><strong>regente’I</strong></span> <span class='ocrx_word' id='word_1_197' title='bbox 1483 2619 1597 2687; x_wconf 89' lang='lat' dir='ltr'><strong>ipso</strong></span> <span class='ocrx_word' id='word_1_198' title='bbox 1624 2626 1678 2671; x_wconf 89' lang='lat' dir='ltr'><strong>et</strong></span> <span class='ocrx_word' id='word_1_199' title='bbox 1701 2623 1882 2669; x_wconf 87' lang='lat' dir='ltr'><strong>custo-</strong></span> 
     </span>
    </p>
   </div>
   <div class='ocr_carea' id='block_1_28' title="bbox 303 2709 1884 2774">
    <p class='ocr_par' dir='ltr' id='par_1_28' title="bbox 303 2709 1884 2774">
     <span class='ocr_line' id='line_1_28' title="bbox 303 2709 1884 2774; baseline -0.009 0"><span class='ocrx_word' id='word_1_200' title='bbox 303 2718 712 2774; x_wconf 88' lang='lat' dir='ltr'><strong>dienteservari.</strong></span> <span class='ocrx_word' id='word_1_201' title='bbox 732 2718 805 2770; x_wconf 91' lang='lat' dir='ltr'><strong>lta</strong></span> <span class='ocrx_word' id='word_1_202' title='bbox 829 2715 1080 2770; x_wconf 91' lang='lat' dir='ltr'><strong>Dominus</strong></span> <span class='ocrx_word' id='word_1_203' title='bbox 1097 2711 1445 2767; x_wconf 82' lang='lat' dir='ltr'><strong>nosterJesus</strong></span> <span class='ocrx_word' id='word_1_204' title='bbox 1456 2709 1884 2764; x_wconf 85' lang='lat' dir='ltr'><strong>Christusosten—</strong></span> 
     </span>
    </p>
   </div>
   <div class='ocr_carea' id='block_1_29' title="bbox 303 2797 1884 2876">
    <p class='ocr_par' dir='ltr' id='par_1_29' title="bbox 303 2797 1884 2876">
     <span class='ocr_line' id='line_1_29' title="bbox 303 2797 1884 2876; baseline -0.011 -10"><span class='ocrx_word' id='word_1_205' title='bbox 303 2811 449 2866; x_wconf 89' lang='lat' dir='ltr'><strong>ditur</strong></span> <span class='ocrx_word' id='word_1_206' title='bbox 459 2827 549 2865; x_wconf 81' lang='lat' dir='ltr'><strong>rex</strong></span> <span class='ocrx_word' id='word_1_207' title='bbox 565 2818 762 2863; x_wconf 89' lang='lat' dir='ltr'><strong>noster.</strong></span> <span class='ocrx_word' id='word_1_208' title='bbox 782 2808 800 2861; x_wconf 87' lang='grc' dir='ltr'><strong>Ι</strong></span> <span class='ocrx_word' id='word_1_209' title='bbox 807 2822 897 2876; x_wconf 88' lang='lat' dir='ltr'><strong>pse</strong></span> <span class='ocrx_word' id='word_1_210' title='bbox 914 2814 988 2860; x_wconf 90' lang='lat' dir='ltr'><strong>est</strong></span> <span class='ocrx_word' id='word_1_211' title='bbox 1009 2806 1165 2859; x_wconf 89' lang='lat' dir='ltr'><strong>etiam</strong></span> <span class='ocrx_word' id='word_1_212' title='bbox 1193 2801 1441 2857; x_wconf 87' lang='lat' dir='ltr'><strong>sacerdos</strong></span> <span class='ocrx_word' id='word_1_213' title='bbox 1459 2807 1640 2853; x_wconf 90' lang='lat' dir='ltr'><strong>noster</strong></span> <span class='ocrx_word' id='word_1_214' title='bbox 1658 2797 1708 2850; x_wconf 93' lang='lat' dir='ltr'><strong>iu</strong></span> <span class='ocrx_word' id='word_1_215' title='bbox 1726 2805 1884 2849; x_wconf 66' lang='lat' dir='ltr'><strong>arter-</strong></span> 
     </span>
    </p>
   </div>
   <div class='ocr_carea' id='block_1_30' title="bbox 307 2886 1880 2961">
    <p class='ocr_par' dir='ltr' id='par_1_30' title="bbox 307 2886 1880 2961">
     <span class='ocr_line' id='line_1_30' title="bbox 307 2886 1880 2961; baseline -0.011 -5"><span class='ocrx_word' id='word_1_216' title='bbox 307 2917 434 2956; x_wconf 85' lang='lat' dir='ltr'><strong>num</strong></span> <span class='ocrx_word' id='word_1_217' title='bbox 447 2899 731 2954; x_wconf 87' lang='lat' dir='ltr'><strong>secundum</strong></span> <span class='ocrx_word' id='word_1_218' title='bbox 744 2897 984 2952; x_wconf 90' lang='lat' dir='ltr'><strong>ordinem</strong></span> <span class='ocrx_word' id='word_1_219' title='bbox 999 2891 1380 2950; x_wconf 78' lang='lat' dir='ltr'><strong>Melchisedech</strong></span> <span class='ocrx_word' id='word_1_220' title='bbox 1397 2889 1564 2961; x_wconf 80' lang='lat' dir='ltr'><strong>(Psal.</strong></span> <span class='ocrx_word' id='word_1_221' title='bbox 1580 2904 1626 2942; x_wconf 88' lang='lat' dir='ltr'><strong>Cl</strong></span> <span class='ocrx_word' id='word_1_222' title='bbox 1637 2903 1691 2952; x_wconf 90' lang='lat' dir='ltr'><strong>x,</strong></span> <span class='ocrx_word' id='word_1_223' title='bbox 1706 2886 1760 2958; x_wconf 72' lang='grc'>4)</span> <span class='ocrx_word' id='word_1_224' title='bbox 1771 2887 1880 2956; x_wconf 89' lang='lat' dir='ltr'><strong>,qui</strong></span> 
     </span>
    </p>
   </div>
   <div class='ocr_carea' id='block_1_31' title="bbox 308 2977 1887 3061">
    <p class='ocr_par' dir='ltr' id='par_1_31' title="bbox 308 2977 1887 3061">
     <span class='ocr_line' id='line_1_31' title="bbox 308 2977 1887 3061; baseline -0.013 -12"><span class='ocrx_word' id='word_1_225' title='bbox 308 3009 376 3049; x_wconf 87' lang='lat' dir='ltr'><strong>se</strong></span> <span class='ocrx_word' id='word_1_226' title='bbox 404 2993 578 3061; x_wconf 88' lang='lat' dir='ltr'><strong>ipsum</strong></span> <span class='ocrx_word' id='word_1_227' title='bbox 603 2989 795 3044; x_wconf 90' lang='lat' dir='ltr'><strong>obtulit</strong></span> <span class='ocrx_word' id='word_1_228' title='bbox 822 2988 1186 3042; x_wconf 90' lang='lat' dir='ltr'><strong>holocaustum</strong></span> <span class='ocrx_word' id='word_1_229' title='bbox 1222 2997 1319 3053; x_wconf 92' lang='lat' dir='ltr'><strong>pro</strong></span> <span class='ocrx_word' id='word_1_230' title='bbox 1342 2980 1570 3052; x_wconf 91' lang='lat' dir='ltr'><strong>peccatis</strong></span> <span class='ocrx_word' id='word_1_231' title='bbox 1591 2977 1806 3043; x_wconf 87' lang='lat' dir='ltr'><strong>nostris,</strong></span> <span class='ocrx_word' id='word_1_232' title='bbox 1834 2985 1887 3031; x_wconf 92' lang='lat' dir='ltr'><strong>ct</strong></span> 
     </span>
    </p>
   </div>
   <div class='ocr_carea' id='block_1_32' title="bbox 310 3070 1886 3152">
    <p class='ocr_par' dir='ltr' id='par_1_32' title="bbox 310 3070 1886 3152">
     <span class='ocr_line' id='line_1_32' title="bbox 310 3070 1886 3152; baseline -0.011 -15"><span class='ocrx_word' id='word_1_233' title='bbox 310 3085 431 3152; x_wconf 88' lang='lat' dir='ltr'><strong>ejus</strong></span> <span class='ocrx_word' id='word_1_234' title='bbox 458 3080 700 3136; x_wconf 89' lang='lat' dir='ltr'><strong>sacriﬁcii</strong></span> <span class='ocrx_word' id='word_1_235' title='bbox 731 3078 1128 3133; x_wconf 88' lang='lat' dir='ltr'><strong>similitudinem</strong></span> <span class='ocrx_word' id='word_1_236' title='bbox 1155 3070 1522 3128; x_wconf 90' lang='lat' dir='ltr'><strong>celebrandam</strong></span> <span class='ocrx_word' id='word_1_237' title='bbox 1549 3070 1600 3123; x_wconf 92' lang='lat' dir='ltr'><strong>in</strong></span> <span class='ocrx_word' id='word_1_238' title='bbox 1628 3083 1736 3122; x_wconf 82' lang='lat' dir='ltr'><strong>suae</strong></span> <span class='ocrx_word' id='word_1_239' title='bbox 1761 3082 1886 3137; x_wconf 90' lang='lat' dir='ltr'><strong>pas-</strong></span> 
     </span>
    </p>
   </div>
   <div class='ocr_carea' id='block_1_33' title="bbox 312 3159 1888 3232">
    <p class='ocr_par' dir='ltr' id='par_1_33' title="bbox 312 3159 1888 3232">
     <span class='ocr_line' id='line_1_33' title="bbox 312 3159 1888 3232; baseline -0.01 -4"><span class='ocrx_word' id='word_1_240' title='bbox 312 3173 482 3228; x_wconf 83' lang='lat' dir='ltr'><strong>sionis</strong></span> <span class='ocrx_word' id='word_1_241' title='bbox 516 3172 823 3225; x_wconf 85' lang='lat' dir='ltr'><strong>memoriam</strong></span> <span class='ocrx_word' id='word_1_242' title='bbox 847 3167 1266 3230; x_wconf 87' lang='lat' dir='ltr'><strong>commendavit;</strong></span> <span class='ocrx_word' id='word_1_243' title='bbox 1291 3173 1349 3219; x_wconf 90' lang='lat' dir='ltr'><strong>ut</strong></span> <span class='ocrx_word' id='word_1_244' title='bbox 1369 3163 1490 3219; x_wconf 89' lang='lat' dir='ltr'><strong>illud</strong></span> <span class='ocrx_word' id='word_1_245' title='bbox 1517 3161 1657 3232; x_wconf 88' lang='lat' dir='ltr'><strong>quod</strong></span> <span class='ocrx_word' id='word_1_246' title='bbox 1677 3159 1888 3214; x_wconf 84' lang='lat' dir='ltr'><strong>Melchi—</strong></span> 
     </span>
    </p>
   </div>
   <div class='ocr_carea' id='block_1_34' title="bbox 311 3257 1887 3333">
    <p class='ocr_par' dir='ltr' id='par_1_34' title="bbox 311 3257 1887 3333">
     <span class='ocr_line' id='line_1_34' title="bbox 311 3257 1887 3333; baseline -0.01 -12"><span class='ocrx_word' id='word_1_247' title='bbox 311 3265 508 3321; x_wconf 84' lang='lat' dir='ltr'><strong>sedech</strong></span> <span class='ocrx_word' id='word_1_248' title='bbox 533 3265 721 3319; x_wconf 91' lang='lat' dir='ltr'><strong>obtulit</strong></span> <span class='ocrx_word' id='word_1_249' title='bbox 747 3265 858 3318; x_wconf 90' lang='lat' dir='ltr'><strong>Deo</strong></span> <span class='ocrx_word' id='word_1_250' title='bbox 883 3260 1044 3333; x_wconf 83' lang='lat' dir='ltr'><strong>(Gen.</strong></span> <span class='ocrx_word' id='word_1_251' title='bbox 1072 3276 1178 3322; x_wconf 82' lang='lat' dir='ltr'><strong>xiv,</strong></span> <span class='ocrx_word' id='word_1_252' title='bbox 1209 3257 1328 3327; x_wconf 84' lang='lat' dir='ltr'><strong>l8),</strong></span> <span class='ocrx_word' id='word_1_253' title='bbox 1353 3257 1460 3327; x_wconf 90' lang='lat' dir='ltr'><strong>jam</strong></span> <span class='ocrx_word' id='word_1_254' title='bbox 1488 3271 1583 3326; x_wconf 90' lang='lat' dir='ltr'><strong>per</strong></span> <span class='ocrx_word' id='word_1_255' title='bbox 1605 3262 1770 3308; x_wconf 88' lang='lat' dir='ltr'><strong>totum</strong></span> <span class='ocrx_word' id='word_1_256' title='bbox 1797 3267 1887 3306; x_wconf 91' lang='lat' dir='ltr'><strong>or-</strong></span> 
     </span>
    </p>
   </div>
   <div class='ocr_carea' id='block_1_35' title="bbox 313 3345 1884 3413">
    <p class='ocr_par' dir='ltr' id='par_1_35' title="bbox 313 3345 1884 3413">
     <span class='ocr_line' id='line_1_35' title="bbox 313 3345 1884 3413; baseline -0.01 0"><span class='ocrx_word' id='word_1_257' title='bbox 313 3359 439 3413; x_wconf 88' lang='lat' dir='ltr'><strong>bem</strong></span> <span class='ocrx_word' id='word_1_258' title='bbox 478 3366 736 3411; x_wconf 88' lang='lat' dir='ltr'><strong>terrarum</strong></span> <span class='ocrx_word' id='word_1_259' title='bbox 776 3356 828 3408; x_wconf 91' lang='lat' dir='ltr'><strong>in</strong></span> <span class='ocrx_word' id='word_1_260' title='bbox 861 3353 1056 3409; x_wconf 88' lang='lat' dir='ltr'><strong>Christi</strong></span> <span class='ocrx_word' id='word_1_261' title='bbox 1098 3351 1333 3406; x_wconf 83' lang='lat' dir='ltr'><strong>Ecclesia</strong></span> <span class='ocrx_word' id='word_1_262' title='bbox 1373 3349 1648 3404; x_wconf 78' lang='lat' dir='ltr'><strong>videamus</strong></span> <span class='ocrx_word' id='word_1_263' title='bbox 1688 3345 1884 3400; x_wconf 80' lang='lat' dir='ltr'><strong>offerri.</strong></span> 
     </span>
    </p>
   </div>
   <div class='ocr_carea' id='block_1_36' title="bbox 321 3438 1892 3518">
    <p class='ocr_par' dir='ltr' id='par_1_36' title="bbox 321 3438 1892 3518">
     <span class='ocr_line' id='line_1_36' title="bbox 321 3438 1892 3518; baseline -0.008 -14"><span class='ocrx_word' id='word_1_264' title='bbox 321 3450 468 3518; x_wconf 85' lang='lat' dir='ltr'><strong>Ergo</strong></span> <span class='ocrx_word' id='word_1_265' title='bbox 496 3449 744 3518; x_wconf 86' lang='lat' dir='ltr'><strong>quoniam</strong></span> <span class='ocrx_word' id='word_1_266' title='bbox 771 3463 861 3501; x_wconf 89' lang='lat' dir='ltr'><strong>rex</strong></span> <span class='ocrx_word' id='word_1_267' title='bbox 896 3455 1078 3500; x_wconf 90' lang='lat' dir='ltr'><strong>noster</strong></span> <span class='ocrx_word' id='word_1_268' title='bbox 1106 3453 1318 3514; x_wconf 86' lang='lat' dir='ltr'><strong>peccata</strong></span> <span class='ocrx_word' id='word_1_269' title='bbox 1343 3449 1525 3496; x_wconf 90' lang='lat' dir='ltr'><strong>nostra</strong></span> <span class='ocrx_word' id='word_1_270' title='bbox 1547 3438 1804 3508; x_wconf 86' lang='lat' dir='ltr'><strong>suscepit,</strong></span> <span class='ocrx_word' id='word_1_271' title='bbox 1831 3444 1892 3491; x_wconf 90' lang='lat' dir='ltr'><strong>ut</strong></span> 
     </span>
    </p>
   </div>
   <div class='ocr_carea' id='block_1_37' title="bbox 321 3529 1885 3609">
    <p class='ocr_par' dir='ltr' id='par_1_37' title="bbox 321 3529 1885 3609">
     <span class='ocr_line' id='line_1_37' title="bbox 321 3529 1885 3609; baseline -0.008 -15"><span class='ocrx_word' id='word_1_272' title='bbox 321 3540 477 3594; x_wconf 90' lang='lat' dir='ltr'><strong>nobis</strong></span> <span class='ocrx_word' id='word_1_273' title='bbox 506 3538 770 3609; x_wconf 83' lang='lat' dir='ltr'><strong>pugnandi</strong></span> <span class='ocrx_word' id='word_1_274' title='bbox 800 3546 852 3592; x_wconf 91' lang='lat' dir='ltr'><strong>et</strong></span> <span class='ocrx_word' id='word_1_275' title='bbox 881 3535 1121 3590; x_wconf 88' lang='lat' dir='ltr'><strong>vincendi</strong></span> <span class='ocrx_word' id='word_1_276' title='bbox 1156 3535 1543 3589; x_wconf 88' lang='lat' dir='ltr'><strong>demonstraret</strong></span> <span class='ocrx_word' id='word_1_277' title='bbox 1568 3529 1885 3599; x_wconf 82' lang='lat' dir='ltr'><strong>exemplum,</strong></span> 
     </span>
    </p>
   </div>
   <div class='ocr_carea' id='block_1_38' title="bbox 317 3623 1889 3698">
    <p class='ocr_par' dir='ltr' id='par_1_38' title="bbox 317 3623 1889 3698">
     <span class='ocr_line' id='line_1_38' title="bbox 317 3623 1889 3698; baseline -0.008 -13"><span class='ocrx_word' id='word_1_278' title='bbox 317 3629 630 3684; x_wconf 79' lang='lat' dir='ltr'><strong>earumdem</strong></span> <span class='ocrx_word' id='word_1_279' title='bbox 659 3636 994 3698; x_wconf 87' lang='lat' dir='ltr'><strong>peccatorum</strong></span> <span class='ocrx_word' id='word_1_280' title='bbox 1022 3623 1415 3693; x_wconf 87' lang='lat' dir='ltr'><strong>susceptionem</strong></span> <span class='ocrx_word' id='word_1_281' title='bbox 1444 3623 1742 3692; x_wconf 86' lang='lat' dir='ltr'><strong>regiamque</strong></span> <span class='ocrx_word' id='word_1_282' title='bbox 1767 3633 1889 3688; x_wconf 82' lang='lat' dir='ltr'><strong>per-</strong></span> 
     </span>
    </p>
   </div>
   <div class='ocr_carea' id='block_1_39' title="bbox 321 3709 1890 3785">
    <p class='ocr_par' dir='ltr' id='par_1_39' title="bbox 321 3709 1890 3785">
     <span class='ocr_line' id='line_1_39' title="bbox 321 3709 1890 3785; baseline -0.005 -13"><span class='ocrx_word' id='word_1_283' title='bbox 321 3732 508 3773; x_wconf 86' lang='lat' dir='ltr'><strong>sonam</strong></span> <span class='ocrx_word' id='word_1_284' title='bbox 532 3717 804 3771; x_wconf 76' lang='lat' dir='ltr'><strong>Mattha-us</strong></span> <span class='ocrx_word' id='word_1_285' title='bbox 819 3716 1138 3785; x_wconf 81' lang='lat' dir='ltr'><strong>evangelista</strong></span> <span class='ocrx_word' id='word_1_286' title='bbox 1160 3711 1478 3783; x_wconf 89' lang='lat' dir='ltr'><strong>signiﬁcans,</strong></span> <span class='ocrx_word' id='word_1_287' title='bbox 1497 3709 1890 3782; x_wconf 80' lang='lat' dir='ltr'><strong>generationem</strong></span> 
     </span>
    </p>
   </div>
   <div class='ocr_carea' id='block_1_40' title="bbox 322 3799 1889 3876">
    <p class='ocr_par' dir='ltr' id='par_1_40' title="bbox 322 3799 1889 3876">
     <span class='ocr_line' id='line_1_40' title="bbox 322 3799 1889 3876; baseline -0.004 -14"><span class='ocrx_word' id='word_1_288' title='bbox 322 3807 442 3876; x_wconf 81' lang='lat' dir='ltr'><strong>ejus</strong></span> <span class='ocrx_word' id='word_1_289' title='bbox 476 3822 594 3876; x_wconf 68' lang='lat' dir='ltr'><strong>qua:</strong></span> <span class='ocrx_word' id='word_1_290' title='bbox 636 3815 718 3862; x_wconf 86' lang='lat' dir='ltr'><strong>est</strong></span> <span class='ocrx_word' id='word_1_291' title='bbox 757 3805 1046 3861; x_wconf 85' lang='lat' dir='ltr'><strong>secundum</strong></span> <span class='ocrx_word' id='word_1_292' title='bbox 1073 3818 1286 3858; x_wconf 90' lang='lat' dir='ltr'><strong>carnem</strong></span> <span class='ocrx_word' id='word_1_293' title='bbox 1327 3802 1393 3857; x_wconf 91' lang='lat' dir='ltr'><strong>ab</strong></span> <span class='ocrx_word' id='word_1_294' title='bbox 1420 3800 1684 3856; x_wconf 87' lang='lat' dir='ltr'><strong>Abraham</strong></span> <span class='ocrx_word' id='word_1_295' title='bbox 1720 3799 1889 3857; x_wconf 86' lang='lat' dir='ltr'><strong>susci-</strong></span> 
     </span>
    </p>
   </div>
   <div class='ocr_carea' id='block_1_41' title="bbox 322 3892 1889 3970">
    <p class='ocr_par' dir='ltr' id='par_1_41' title="bbox 322 3892 1889 3970">
     <span class='ocr_line' id='line_1_41' title="bbox 322 3892 1889 3970; baseline -0.005 -17"><span class='ocrx_word' id='word_1_296' title='bbox 322 3901 507 3970; x_wconf 88' lang='lat' dir='ltr'><strong>piens,</strong></span> <span class='ocrx_word' id='word_1_297' title='bbox 547 3899 635 3968; x_wconf 90' lang='lat' dir='ltr'><strong>qui</strong></span> <span class='ocrx_word' id='word_1_298' title='bbox 667 3906 816 3968; x_wconf 86' lang='lat' dir='ltr'><strong>pater</strong></span> <span class='ocrx_word' id='word_1_299' title='bbox 851 3905 932 3952; x_wconf 90' lang='lat' dir='ltr'><strong>est</strong></span> <span class='ocrx_word' id='word_1_300' title='bbox 972 3895 1146 3965; x_wconf 91' lang='lat' dir='ltr'><strong>populi</strong></span> <span class='ocrx_word' id='word_1_301' title='bbox 1178 3893 1346 3948; x_wconf 91' lang='lat' dir='ltr'><strong>ﬁdelis</strong></span> <span class='ocrx_word' id='word_1_302' title='bbox 1366 3935 1379 3957; x_wconf 94' lang='lat'><strong>,</strong></span> <span class='ocrx_word' id='word_1_303' title='bbox 1411 3900 1464 3948; x_wconf 91' lang='lat' dir='ltr'><strong>et</strong></span> <span class='ocrx_word' id='word_1_304' title='bbox 1501 3892 1889 3947; x_wconf 90' lang='lat' dir='ltr'><strong>successionem</strong></span> 
     </span>
    </p>
   </div>
   <div class='ocr_carea' id='block_1_42' title="bbox 324 3984 1889 4061">
    <p class='ocr_par' dir='ltr' id='par_1_42' title="bbox 324 3984 1889 4061">
     <span class='ocr_line' id='line_1_42' title="bbox 324 3984 1889 4061; baseline -0.006 -15"><span class='ocrx_word' id='word_1_305' title='bbox 324 3991 488 4061; x_wconf 89' lang='lat' dir='ltr'><strong>prolis</strong></span> <span class='ocrx_word' id='word_1_306' title='bbox 517 3990 768 4046; x_wconf 90' lang='lat' dir='ltr'><strong>deorsum</strong></span> <span class='ocrx_word' id='word_1_307' title='bbox 798 4004 984 4044; x_wconf 88' lang='lat' dir='ltr'><strong>versus</strong></span> <span class='ocrx_word' id='word_1_308' title='bbox 1015 4002 1328 4042; x_wconf 90' lang='lat' dir='ltr'><strong>enumerans</strong></span> <span class='ocrx_word' id='word_1_309' title='bbox 1350 3985 1588 4055; x_wconf 89' lang='lat' dir='ltr'><strong>pervenit</strong></span> <span class='ocrx_word' id='word_1_310' title='bbox 1610 3985 1675 4038; x_wconf 89' lang='lat' dir='ltr'><strong>ad</strong></span> <span class='ocrx_word' id='word_1_311' title='bbox 1705 3984 1889 4054; x_wconf 82' lang='lat' dir='ltr'><strong>David,</strong></span> 
     </span>
    </p>
   </div>
   <div class='ocr_carea' id='block_1_43' title="bbox 321 4076 1887 4150">
    <p class='ocr_par' dir='ltr' id='par_1_43' title="bbox 321 4076 1887 4150">
     <span class='ocr_line' id='line_1_43' title="bbox 321 4076 1887 4150; baseline -0.004 -16"><span class='ocrx_word' id='word_1_312' title='bbox 321 4079 376 4134; x_wconf 92' lang='lat' dir='ltr'><strong>in</strong></span> <span class='ocrx_word' id='word_1_313' title='bbox 397 4095 503 4150; x_wconf 91' lang='lat' dir='ltr'><strong>quo</strong></span> <span class='ocrx_word' id='word_1_314' title='bbox 526 4079 673 4149; x_wconf 87' lang='lat' dir='ltr'><strong>regni</strong></span> <span class='ocrx_word' id='word_1_315' title='bbox 696 4078 1110 4134; x_wconf 88' lang='lat' dir='ltr'><strong>stabilimentqu</strong></span> <span class='ocrx_word' id='word_1_316' title='bbox 1133 4076 1614 4131; x_wconf 88' lang='lat' dir='ltr'><strong>manifestissimum</strong></span> <span class='ocrx_word' id='word_1_317' title='bbox 1635 4085 1851 4144; x_wconf 90' lang='lat' dir='ltr'><strong>apparet</strong></span> <span class='ocrx_word' id='word_1_318' title='bbox 1873 4091 1887 4140; x_wconf 92' lang='lat'><strong>;</strong></span> 
     </span>
    </p>
   </div>
   <div class='ocr_carea' id='block_1_44' title="bbox 328 4167 1890 4242">
    <p class='ocr_par' dir='ltr' id='par_1_44' title="bbox 328 4167 1890 4242">
     <span class='ocr_line' id='line_1_44' title="bbox 328 4167 1890 4242; baseline -0.003 -17"><span class='ocrx_word' id='word_1_319' title='bbox 328 4181 490 4242; x_wconf 88' lang='lat' dir='ltr'><strong>atque</strong></span> <span class='ocrx_word' id='word_1_320' title='bbox 515 4171 638 4230; x_wconf 89' lang='lat' dir='ltr'><strong>inde</strong></span> <span class='ocrx_word' id='word_1_321' title='bbox 663 4187 758 4240; x_wconf 89' lang='lat' dir='ltr'><strong>per</strong></span> <span class='ocrx_word' id='word_1_322' title='bbox 785 4171 1141 4235; x_wconf 87' lang='lat' dir='ltr'><strong>Salomonem,</strong></span> <span class='ocrx_word' id='word_1_323' title='bbox 1172 4176 1350 4223; x_wconf 89' lang='lat' dir='ltr'><strong>natum</strong></span> <span class='ocrx_word' id='word_1_324' title='bbox 1378 4168 1444 4223; x_wconf 93' lang='lat' dir='ltr'><strong>de</strong></span> <span class='ocrx_word' id='word_1_325' title='bbox 1478 4167 1563 4222; x_wconf 89' lang='lat' dir='ltr'><strong>illa</strong></span> <span class='ocrx_word' id='word_1_326' title='bbox 1589 4168 1770 4236; x_wconf 86' lang='lat' dir='ltr'><strong>inqua</strong></span> <span class='ocrx_word' id='word_1_327' title='bbox 1797 4182 1890 4236; x_wconf 85' lang='lat' dir='ltr'><strong>pa-</strong></span> 
     </span>
    </p>
   </div>
   <div class='ocr_carea' id='block_1_45' title="bbox 325 4259 1892 4331">
    <p class='ocr_par' dir='ltr' id='par_1_45' title="bbox 325 4259 1892 4331">
     <span class='ocr_line' id='line_1_45' title="bbox 325 4259 1892 4331; baseline -0.004 -15"><span class='ocrx_word' id='word_1_328' title='bbox 325 4270 406 4316; x_wconf 89' lang='lat' dir='ltr'><strong>ter</strong></span> <span class='ocrx_word' id='word_1_329' title='bbox 433 4262 546 4330; x_wconf 83' lang='lat' dir='ltr'><strong>ejus</strong></span> <span class='ocrx_word' id='word_1_330' title='bbox 577 4271 905 4331; x_wconf 73' lang='lat' dir='ltr'><strong>peccaverat,</strong></span> <span class='ocrx_word' id='word_1_331' title='bbox 930 4262 1144 4328; x_wconf 90' lang='lat' dir='ltr'><strong>stirpem</strong></span> <span class='ocrx_word' id='word_1_332' title='bbox 1173 4259 1372 4329; x_wconf 88' lang='lat' dir='ltr'><strong>regiam</strong></span> <span class='ocrx_word' id='word_1_333' title='bbox 1397 4265 1700 4326; x_wconf 88' lang='lat' dir='ltr'><strong>prosecutus</strong></span> <span class='ocrx_word' id='word_1_334' title='bbox 1727 4271 1892 4324; x_wconf 84' lang='lat' dir='ltr'><strong>usque</strong></span> 
     </span>
    </p>
   </div>
   <div class='ocr_carea' id='block_1_46' title="bbox 323 4347 1894 4423">
    <p class='ocr_par' dir='ltr' id='par_1_46' title="bbox 323 4347 1894 4423">
     <span class='ocr_line' id='line_1_46' title="bbox 323 4347 1894 4423; baseline -0.004 -16"><span class='ocrx_word' id='word_1_335' title='bbox 323 4352 393 4408; x_wconf 81' lang='lat' dir='ltr'><strong>ad</strong></span> <span class='ocrx_word' id='word_1_336' title='bbox 428 4356 827 4423; x_wconf 83' lang='lat' dir='ltr'><strong>generationem</strong></span> <span class='ocrx_word' id='word_1_337' title='bbox 870 4351 1072 4406; x_wconf 89' lang='lat' dir='ltr'><strong>Domini</strong></span> <span class='ocrx_word' id='word_1_338' title='bbox 1104 4350 1340 4419; x_wconf 89' lang='lat' dir='ltr'><strong>perducit</strong></span> <span class='ocrx_word' id='word_1_339' title='bbox 1377 4347 1600 4420; x_wconf 78' lang='lat' dir='ltr'><strong>(Matth.</strong></span> <span class='ocrx_word' id='word_1_340' title='bbox 1628 4363 1666 4414; x_wconf 85' lang='grc' dir='ltr'>ι,</span> <span class='ocrx_word' id='word_1_341' title='bbox 1700 4348 1828 4401; x_wconf 80' lang='grc'><strong>1-17</strong></span> <span class='ocrx_word' id='word_1_342' title='bbox 1850 4347 1894 4416; x_wconf 89' lang='grc'><strong>).·</strong></span> 
     </span>
    </p>
   </div>
   <div class='ocr_carea' id='block_1_47' title="bbox 329 4437 1892 4510">
    <p class='ocr_par' dir='ltr' id='par_1_47' title="bbox 329 4437 1892 4510">
     <span class='ocr_line' id='line_1_47' title="bbox 329 4437 1892 4510; baseline -0.004 -14"><span class='ocrx_word' id='word_1_343' title='bbox 329 4442 502 4496; x_wconf 86' lang='lat' dir='ltr'><strong>Lucas</strong></span> <span class='ocrx_word' id='word_1_344' title='bbox 534 4457 663 4496; x_wconf 86' lang='lat' dir='ltr'><strong>vero</strong></span> <span class='ocrx_word' id='word_1_345' title='bbox 692 4442 826 4495; x_wconf 91' lang='lat' dir='ltr'><strong>alius</strong></span> <span class='ocrx_word' id='word_1_346' title='bbox 855 4440 1198 4510; x_wconf 71' lang='lat' dir='ltr'><strong>evangelista,</strong></span> <span class='ocrx_word' id='word_1_347' title='bbox 1223 4440 1472 4509; x_wconf 88' lang='lat' dir='ltr'><strong>quoniam</strong></span> <span class='ocrx_word' id='word_1_348' title='bbox 1499 4437 1694 4505; x_wconf 83' lang='lat' dir='ltr'><strong>etipse</strong></span> <span class='ocrx_word' id='word_1_349' title='bbox 1728 4451 1892 4507; x_wconf 83' lang='lat' dir='ltr'><strong>gene-</strong></span> 
     </span>
    </p>
   </div>
   <div class='ocr_carea' id='block_1_48' title="bbox 327 4527 1892 4600">
    <p class='ocr_par' dir='ltr' id='par_1_48' title="bbox 327 4527 1892 4600">
     <span class='ocr_line' id='line_1_48' title="bbox 327 4527 1892 4600; baseline -0.004 -12"><span class='ocrx_word' id='word_1_350' title='bbox 327 4533 588 4588; x_wconf 86' lang='lat' dir='ltr'><strong>rationem</strong></span> <span class='ocrx_word' id='word_1_351' title='bbox 631 4532 860 4596; x_wconf 87' lang='lat' dir='ltr'><strong>Domini,</strong></span> <span class='ocrx_word' id='word_1_352' title='bbox 891 4547 1005 4600; x_wconf 77' lang='lat' dir='ltr'><strong>qua:</strong></span> <span class='ocrx_word' id='word_1_353' title='bbox 1041 4531 1328 4586; x_wconf 89' lang='lat' dir='ltr'><strong>secundum</strong></span> <span class='ocrx_word' id='word_1_354' title='bbox 1355 4544 1568 4583; x_wconf 89' lang='lat' dir='ltr'><strong>carnem</strong></span> <span class='ocrx_word' id='word_1_355' title='bbox 1592 4538 1702 4590; x_wconf 60' lang='lat' dir='ltr'><strong>est;</strong></span> <span class='ocrx_word' id='word_1_356' title='bbox 1719 4527 1810 4582; x_wconf 90' lang='lat' dir='ltr'><strong>sed</strong></span> <span class='ocrx_word' id='word_1_357' title='bbox 1842 4527 1892 4581; x_wconf 92' lang='lat' dir='ltr'><strong>in</strong></span> 
     </span>
    </p>
   </div>
   <div class='ocr_carea' id='block_1_49' title="bbox 323 4619 1899 4691">
    <p class='ocr_par' dir='ltr' id='par_1_49' title="bbox 323 4619 1899 4691">
     <span class='ocr_line' id='line_1_49' title="bbox 323 4619 1899 4691; baseline -0.003 -13"><span class='ocrx_word' id='word_1_358' title='bbox 323 4623 641 4678; x_wconf 87' lang='lat' dir='ltr'><strong>sacerdotali</strong></span> <span class='ocrx_word' id='word_1_359' title='bbox 684 4637 906 4691; x_wconf 76' lang='lat' dir='ltr'><strong>persona</strong></span> <span class='ocrx_word' id='word_1_360' title='bbox 945 4621 1305 4691; x_wconf 61' lang='lat' dir='ltr'><strong>explicandam</strong></span> <span class='ocrx_word' id='word_1_361' title='bbox 1347 4619 1609 4689; x_wconf 89' lang='lat' dir='ltr'><strong>suscepit,</strong></span> <span class='ocrx_word' id='word_1_362' title='bbox 1643 4619 1706 4673; x_wconf 92' lang='lat' dir='ltr'><strong>ad</strong></span> <span class='ocrx_word' id='word_1_363' title='bbox 1737 4634 1899 4689; x_wconf 89' lang='lat' dir='ltr'><strong>quam</strong></span> 
     </span>
    </p>
   </div>
   <div class='ocr_carea' id='block_1_50' title="bbox 326 4711 1901 4782">
    <p class='ocr_par' dir='ltr' id='par_1_50' title="bbox 326 4711 1901 4782">
     <span class='ocr_line' id='line_1_50' title="bbox 326 4711 1901 4782; baseline -0.004 -15"><span class='ocrx_word' id='word_1_364' title='bbox 326 4729 610 4782; x_wconf 88' lang='lat' dir='ltr'><strong>personam</strong></span> <span class='ocrx_word' id='word_1_365' title='bbox 639 4713 864 4782; x_wconf 86' lang='lat' dir='ltr'><strong>pertinet</strong></span> <span class='ocrx_word' id='word_1_366' title='bbox 892 4712 1160 4766; x_wconf 88' lang='lat' dir='ltr'><strong>mundatio</strong></span> <span class='ocrx_word' id='word_1_367' title='bbox 1196 4720 1248 4766; x_wconf 91' lang='lat' dir='ltr'><strong>et</strong></span> <span class='ocrx_word' id='word_1_368' title='bbox 1282 4711 1496 4764; x_wconf 88' lang='lat' dir='ltr'><strong>abolitio</strong></span> <span class='ocrx_word' id='word_1_369' title='bbox 1537 4719 1901 4778; x_wconf 76' lang='lat' dir='ltr'><strong>peccatorum,</strong></span> 
     </span>
    </p>
   </div>
   <div class='ocr_carea' id='block_1_51' title="bbox 328 4799 1898 4872">
    <p class='ocr_par' dir='ltr' id='par_1_51' title="bbox 328 4799 1898 4872">
     <span class='ocr_line' id='line_1_51' title="bbox 328 4799 1898 4872; baseline -0.003 -14"><span class='ocrx_word' id='word_1_370' title='bbox 328 4819 430 4858; x_wconf 91' lang='lat' dir='ltr'><strong>non</strong></span> <span class='ocrx_word' id='word_1_371' title='bbox 457 4819 487 4858; x_wconf 88' lang='lat' dir='ltr'><strong>a</strong></span> <span class='ocrx_word' id='word_1_372' title='bbox 516 4804 776 4872; x_wconf 89' lang='lat' dir='ltr'><strong>principio</strong></span> <span class='ocrx_word' id='word_1_373' title='bbox 800 4803 940 4866; x_wconf 88' lang='lat' dir='ltr'><strong>libri,</strong></span> <span class='ocrx_word' id='word_1_374' title='bbox 971 4803 1106 4856; x_wconf 86' lang='lat' dir='ltr'><strong>sicut</strong></span> <span class='ocrx_word' id='word_1_375' title='bbox 1130 4801 1424 4868; x_wconf 80' lang='lat' dir='ltr'><strong>Matth-.eus,</strong></span> <span class='ocrx_word' id='word_1_376' title='bbox 1457 4799 1550 4855; x_wconf 89' lang='lat' dir='ltr'><strong>sed</strong></span> <span class='ocrx_word' id='word_1_377' title='bbox 1575 4801 1640 4853; x_wconf 90' lang='lat' dir='ltr'><strong>ab</strong></span> <span class='ocrx_word' id='word_1_378' title='bbox 1667 4800 1754 4854; x_wconf 91' lang='lat' dir='ltr'><strong>illo</strong></span> <span class='ocrx_word' id='word_1_379' title='bbox 1780 4800 1898 4854; x_wconf 88' lang='lat' dir='ltr'><strong>loco</strong></span> 
     </span>
    </p>
   </div>
   <div class='ocr_carea' id='block_1_52' title="bbox 326 4893 1896 4964">
    <p class='ocr_par' dir='ltr' id='par_1_52' title="bbox 326 4893 1896 4964">
     <span class='ocr_line' id='line_1_52' title="bbox 326 4893 1896 4964; baseline -0.003 -16"><span class='ocrx_word' id='word_1_380' title='bbox 326 4895 413 4949; x_wconf 89' lang='lat' dir='ltr'><strong>ubi</strong></span> <span class='ocrx_word' id='word_1_381' title='bbox 439 4895 738 4964; x_wconf 86' lang='lat' dir='ltr'><strong>baptizatus</strong></span> <span class='ocrx_word' id='word_1_382' title='bbox 767 4904 850 4948; x_wconf 89' lang='lat' dir='ltr'><strong>est</strong></span> <span class='ocrx_word' id='word_1_383' title='bbox 883 4893 1038 4948; x_wconf 84' lang='lat' dir='ltr'><strong>Jesus</strong></span> <span class='ocrx_word' id='word_1_384' title='bbox 1059 4935 1072 4960; x_wconf 97' lang='lat'><strong>,</strong></span> <span class='ocrx_word' id='word_1_385' title='bbox 1103 4893 1191 4947; x_wconf 91' lang='lat' dir='ltr'><strong>ubi</strong></span> <span class='ocrx_word' id='word_1_386' title='bbox 1227 4900 1559 4962; x_wconf 89' lang='lat' dir='ltr'><strong>peccatorum</strong></span> <span class='ocrx_word' id='word_1_387' title='bbox 1595 4902 1896 4946; x_wconf 89' lang='lat' dir='ltr'><strong>nostrorum</strong></span> 
     </span>
    </p>
   </div>
   <div class='ocr_carea' id='block_1_53' title="bbox 326 4981 1896 5053">
    <p class='ocr_par' dir='ltr' id='par_1_53' title="bbox 326 4981 1896 5053">
     <span class='ocr_line' id='line_1_53' title="bbox 326 4981 1896 5053; baseline -0.003 -15"><span class='ocrx_word' id='word_1_388' title='bbox 326 4985 726 5039; x_wconf 89' lang='lat' dir='ltr'><strong>mundationem</strong></span> <span class='ocrx_word' id='word_1_389' title='bbox 749 4985 1124 5053; x_wconf 74' lang='lat' dir='ltr'><strong>prmfiguravit,</strong></span> <span class='ocrx_word' id='word_1_390' title='bbox 1150 4983 1330 5051; x_wconf 88' lang='lat' dir='ltr'><strong>incipit</strong></span> <span class='ocrx_word' id='word_1_391' title='bbox 1351 4991 1624 5052; x_wconf 88' lang='lat' dir='ltr'><strong>parentum</strong></span> <span class='ocrx_word' id='word_1_392' title='bbox 1649 4982 1761 5051; x_wconf 87' lang='lat' dir='ltr'><strong>ejus</strong></span> <span class='ocrx_word' id='word_1_393' title='bbox 1785 4981 1896 5035; x_wconf 90' lang='lat' dir='ltr'><strong>ori-</strong></span> 
     </span>
    </p>
   </div>
   <div class='ocr_carea' id='block_1_54' title="bbox 326 5071 1896 5143">
    <p class='ocr_par' dir='ltr' id='par_1_54' title="bbox 326 5071 1896 5143">
     <span class='ocr_line' id='line_1_54' title="bbox 326 5071 1896 5143; baseline -0.001 -17"><span class='ocrx_word' id='word_1_394' title='bbox 326 5074 501 5143; x_wconf 87' lang='lat' dir='ltr'><strong>ginem</strong></span> <span class='ocrx_word' id='word_1_395' title='bbox 543 5073 804 5143; x_wconf 87' lang='lat' dir='ltr'><strong>gradatim</strong></span> <span class='ocrx_word' id='word_1_396' title='bbox 854 5074 1134 5143; x_wconf 87' lang='lat' dir='ltr'><strong>prosequi;</strong></span> <span class='ocrx_word' id='word_1_397' title='bbox 1168 5088 1338 5142; x_wconf 90' lang='lat' dir='ltr'><strong>neque</strong></span> <span class='ocrx_word' id='word_1_398' title='bbox 1381 5071 1630 5127; x_wconf 78' lang='lat' dir='ltr'><strong>deorsum</strong></span> <span class='ocrx_word' id='word_1_399' title='bbox 1678 5086 1896 5138; x_wconf 89' lang='lat' dir='ltr'><strong>versus,</strong></span> 
     </span>
    </p>
   </div>
   <div class='ocr_carea' id='block_1_55' title="bbox 327 5163 1900 5236">
    <p class='ocr_par' dir='ltr' id='par_1_55' title="bbox 327 5163 1900 5236">
     <span class='ocr_line' id='line_1_55' title="bbox 327 5163 1900 5236; baseline -0.004 -15"><span class='ocrx_word' id='word_1_400' title='bbox 327 5168 468 5221; x_wconf 87' lang='lat' dir='ltr'><strong>sicut</strong></span> <span class='ocrx_word' id='word_1_401' title='bbox 497 5167 584 5220; x_wconf 88' lang='lat' dir='ltr'><strong>ille</strong></span> <span class='ocrx_word' id='word_1_402' title='bbox 623 5165 713 5236; x_wconf 89' lang='lat' dir='ltr'><strong>qni</strong></span> <span class='ocrx_word' id='word_1_403' title='bbox 742 5180 863 5220; x_wconf 87' lang='lat' dir='ltr'><strong>eum</strong></span> <span class='ocrx_word' id='word_1_404' title='bbox 904 5163 970 5218; x_wconf 88' lang='lat' dir='ltr'><strong>ad</strong></span> <span class='ocrx_word' id='word_1_405' title='bbox 995 5164 1381 5233; x_wconf 88' lang='lat' dir='ltr'><strong>susceptionem</strong></span> <span class='ocrx_word' id='word_1_406' title='bbox 1421 5171 1757 5233; x_wconf 77' lang='lat' dir='ltr'><strong>peccatorum</strong></span> <span class='ocrx_word' id='word_1_407' title='bbox 1787 5170 1900 5216; x_wconf 86' lang='lat' dir='ltr'><strong>tan-</strong></span> 
     </span>
    </p>
   </div>
   <div class='ocr_carea' id='block_1_56' title="bbox 325 5253 1898 5326">
    <p class='ocr_par' dir='ltr' id='par_1_56' title="bbox 325 5253 1898 5326">
     <span class='ocr_line' id='line_1_56' title="bbox 325 5253 1898 5326; baseline -0.003 -16"><span class='ocrx_word' id='word_1_408' title='bbox 325 5271 486 5326; x_wconf 83' lang='lat' dir='ltr'><strong>quam</strong></span> <span class='ocrx_word' id='word_1_409' title='bbox 522 5255 934 5311; x_wconf 89' lang='lat' dir='ltr'><strong>descendentem</strong></span> <span class='ocrx_word' id='word_1_410' title='bbox 971 5253 1303 5320; x_wconf 89' lang='lat' dir='ltr'><strong>ostendebat,</strong></span> <span class='ocrx_word' id='word_1_411' title='bbox 1335 5253 1426 5308; x_wconf 92' lang='lat' dir='ltr'><strong>sed</strong></span> <span class='ocrx_word' id='word_1_412' title='bbox 1455 5267 1664 5307; x_wconf 90' lang='lat' dir='ltr'><strong>sursum</strong></span> <span class='ocrx_word' id='word_1_413' title='bbox 1694 5266 1898 5317; x_wconf 88' lang='lat' dir='ltr'><strong>versus,</strong></span> 
     </span>
    </p>
   </div>
   <div class='ocr_carea' id='block_1_57' title="bbox 329 5345 1902 5418">
    <p class='ocr_par' dir='ltr' id='par_1_57' title="bbox 329 5345 1902 5418">
     <span class='ocr_line' id='line_1_57' title="bbox 329 5345 1902 5418; baseline -0.002 -19"><span class='ocrx_word' id='word_1_414' title='bbox 329 5355 577 5418; x_wconf 84' lang='lat' dir='ltr'><strong>tanquam</strong></span> <span class='ocrx_word' id='word_1_415' title='bbox 603 5346 648 5401; x_wconf 89' lang='lat' dir='ltr'><strong>is</strong></span> <span class='ocrx_word' id='word_1_416' title='bbox 665 5347 757 5415; x_wconf 88' lang='lat' dir='ltr'><strong>qui</strong></span> <span class='ocrx_word' id='word_1_417' title='bbox 782 5360 902 5399; x_wconf 91' lang='lat' dir='ltr'><strong>eum</strong></span> <span class='ocrx_word' id='word_1_418' title='bbox 925 5353 1043 5414; x_wconf 86' lang='lat' dir='ltr'><strong>post</strong></span> <span class='ocrx_word' id='word_1_419' title='bbox 1064 5345 1399 5400; x_wconf 91' lang='lat' dir='ltr'><strong>abolitionem</strong></span> <span class='ocrx_word' id='word_1_420' title='bbox 1423 5353 1758 5413; x_wconf 87' lang='lat' dir='ltr'><strong>peccatorum</strong></span> <span class='ocrx_word' id='word_1_421' title='bbox 1787 5355 1902 5396; x_wconf 88' lang='lat' dir='ltr'><strong>tan-</strong></span> 
     </span>
    </p>
   </div>
   <div class='ocr_carea' id='block_1_58' title="bbox 325 5437 1901 5510">
    <p class='ocr_par' dir='ltr' id='par_1_58' title="bbox 325 5437 1901 5510">
     <span class='ocr_line' id='line_1_58' title="bbox 325 5437 1901 5510; baseline -0.003 -17"><span class='ocrx_word' id='word_1_422' title='bbox 325 5455 479 5510; x_wconf 74' lang='lat' dir='ltr'><strong>quam</strong></span> <span class='ocrx_word' id='word_1_423' title='bbox 498 5437 881 5494; x_wconf 80' lang='lat' dir='ltr'><strong>ascendentem</strong></span> <span class='ocrx_word' id='word_1_424' title='bbox 908 5437 1195 5491; x_wconf 88' lang='lat' dir='ltr'><strong>insinuahat</strong></span> <span class='ocrx_word' id='word_1_425' title='bbox 1216 5454 1229 5501; x_wconf 91' lang='lat'><strong>;</strong></span> <span class='ocrx_word' id='word_1_426' title='bbox 1249 5451 1344 5490; x_wconf 92' lang='lat' dir='ltr'><strong>nec</strong></span> <span class='ocrx_word' id='word_1_427' title='bbox 1366 5450 1458 5491; x_wconf 89' lang='lat' dir='ltr'><strong>eos</strong></span> <span class='ocrx_word' id='word_1_428' title='bbox 1488 5445 1750 5505; x_wconf 88' lang='lat' dir='ltr'><strong>parentes,</strong></span> <span class='ocrx_word' id='word_1_429' title='bbox 1770 5449 1901 5503; x_wconf 87' lang='lat' dir='ltr'><strong>quos</strong></span> 
     </span>
    </p>
   </div>
   <div class='ocr_carea' id='block_1_59' title="bbox 323 5524 1902 5599">
    <p class='ocr_par' dir='ltr' id='par_1_59' title="bbox 323 5524 1902 5599">
     <span class='ocr_line' id='line_1_59' title="bbox 323 5524 1902 5599; baseline -0.006 -14"><span class='ocrx_word' id='word_1_430' title='bbox 323 5530 414 5587; x_wconf 81' lang='lat' dir='ltr'><strong>ille</strong></span> <span class='ocrx_word' id='word_1_431' title='bbox 445 5531 736 5587; x_wconf 89' lang='lat' dir='ltr'><strong>nominans</strong></span> <span class='ocrx_word' id='word_1_432' title='bbox 761 5527 924 5599; x_wconf 88' lang='lat' dir='ltr'><strong>(Luc.</strong></span> <span class='ocrx_word' id='word_1_433' title='bbox 954 5543 1031 5593; x_wconf 84' lang='lat' dir='ltr'><strong>ni,</strong></span> <span class='ocrx_word' id='word_1_434' title='bbox 1054 5527 1272 5598; x_wconf 72' lang='lat'><strong>25-58).</strong></span> <span class='ocrx_word' id='word_1_435' title='bbox 1302 5526 1414 5581; x_wconf 81' lang='lat' dir='ltr'><strong>Alia</strong></span> <span class='ocrx_word' id='word_1_436' title='bbox 1445 5527 1584 5582; x_wconf 90' lang='lat' dir='ltr'><strong>enim</strong></span> <span class='ocrx_word' id='word_1_437' title='bbox 1616 5533 1728 5582; x_wconf 89' lang='lat' dir='ltr'><strong>erat</strong></span> <span class='ocrx_word' id='word_1_438' title='bbox 1754 5524 1902 5594; x_wconf 87' lang='lat' dir='ltr'><strong>origo</strong></span> 
     </span>
    </p>
   </div>
   <div class='ocr_carea' id='block_1_60' title="bbox 375 5657 1055 5722">
    <p class='ocr_par' dir='ltr' id='par_1_60' title="bbox 375 5657 1055 5722">
     <span class='ocr_line' id='line_1_60' title="bbox 375 5657 1055 5722; baseline -0.016 -4"><span class='ocrx_word' id='word_1_439' title='bbox 375 5667 393 5699; x_wconf 79' lang='grc'>⁸</span> <span class='ocrx_word' id='word_1_440' title='bbox 416 5667 588 5717; x_wconf 79' lang='lat' dir='ltr'><strong>Plures</strong></span> <span class='ocrx_word' id='word_1_441' title='bbox 612 5671 743 5720; x_wconf 67' lang='lat' dir='ltr'><strong>Mss,</strong></span> <span class='ocrx_word' id='word_1_442' title='bbox 763 5657 1055 5722; x_wconf 68' lang='lat' dir='ltr'><strong>exempftms.</strong></span> 
     </span>
    </p>
   </div>
   <div class='ocr_carea' id='block_1_61' title="bbox 367 5723 1221 5786">
    <p class='ocr_par' dir='ltr' id='par_1_61' title="bbox 367 5723 1221 5786">
     <span class='ocr_line' id='line_1_61' title="bbox 367 5723 1221 5786; baseline 0.007 -22"><span class='ocrx_word' id='word_1_443' title='bbox 367 5731 395 5764; x_wconf 70' lang='grc' dir='ltr'><strong><em>ι</em></strong></span> <span class='ocrx_word' id='word_1_444' title='bbox 417 5732 494 5782; x_wconf 66' lang='grc' dir='ltr'><strong>δίε</strong></span> <span class='ocrx_word' id='word_1_445' title='bbox 508 5735 621 5779; x_wconf 67' lang='grc' dir='ltr'><strong>ωδε.</strong></span> <span class='ocrx_word' id='word_1_446' title='bbox 651 5723 774 5775; x_wconf 68' lang='lat' dir='ltr'><strong>aditi</strong></span> <span class='ocrx_word' id='word_1_447' title='bbox 792 5728 973 5782; x_wconf 84' lang='lat' dir='ltr'><strong>autem,</strong></span> <span class='ocrx_word' id='word_1_448' title='bbox 987 5727 1221 5786; x_wconf 77' lang='lat' dir='ltr'><strong>regnante.</strong></span> 
     </span>
    </p>
   </div>
   <div class='ocr_carea' id='block_1_62' title="bbox 1983 436 3590 509">
    <p class='ocr_par' dir='ltr' id='par_1_62' title="bbox 1983 436 3590 509">
     <span class='ocr_line' id='line_1_62' title="bbox 1983 436 3590 509; baseline 0.011 -19"><span class='ocrx_word' id='word_1_449' title='bbox 1983 436 2350 500; x_wconf 87' lang='lat' dir='ltr'><strong>sacerdotalis,</strong></span> <span class='ocrx_word' id='word_1_450' title='bbox 2383 453 2496 508; x_wconf 81' lang='lat' dir='ltr'><strong>quae</strong></span> <span class='ocrx_word' id='word_1_451' title='bbox 2526 455 2617 509; x_wconf 91' lang='lat' dir='ltr'><strong>per</strong></span> <span class='ocrx_word' id='word_1_452' title='bbox 2655 456 2814 496; x_wconf 73' lang='lat' dir='ltr'><strong>utrum</strong></span> <span class='ocrx_word' id='word_1_453' title='bbox 2838 458 2904 498; x_wconf 86' lang='lat' dir='ltr'><strong>ex</strong></span> <span class='ocrx_word' id='word_1_454' title='bbox 2934 442 3078 497; x_wconf 89' lang='lat' dir='ltr'><strong>ﬁliis</strong></span> <span class='ocrx_word' id='word_1_455' title='bbox 3103 442 3288 509; x_wconf 87' lang='lat' dir='ltr'><strong>David,</strong></span> <span class='ocrx_word' id='word_1_456' title='bbox 3312 446 3468 504; x_wconf 89' lang='lat' dir='ltr'><strong>sicuti</strong></span> <span class='ocrx_word' id='word_1_457' title='bbox 3501 465 3590 508; x_wconf 68' lang='lat' dir='ltr'><strong>rs-</strong></span> 
     </span>
    </p>
   </div>
   <div class='ocr_carea' id='block_1_63' title="bbox 1973 527 3589 614">
    <p class='ocr_par' dir='ltr' id='par_1_63' title="bbox 1973 527 3589 614">
     <span class='ocr_line' id='line_1_63' title="bbox 1973 527 3589 614; baseline 0.014 -34"><span class='ocrx_word' id='word_1_458' title='bbox 1973 527 2139 593; x_wconf 87' lang='lat' dir='ltr'><strong>solet,</strong></span> <span class='ocrx_word' id='word_1_459' title='bbox 2170 528 2238 582; x_wconf 89' lang='lat' dir='ltr'><strong>de</strong></span> <span class='ocrx_word' id='word_1_460' title='bbox 2259 528 2424 585; x_wconf 89' lang='lat' dir='ltr'><strong>tribtts</strong></span> <span class='ocrx_word' id='word_1_461' title='bbox 2450 533 2759 588; x_wconf 89' lang='lat' dir='ltr'><strong>sacerdotali</strong></span> <span class='ocrx_word' id='word_1_462' title='bbox 2797 536 3224 591; x_wconf 87' lang='lat' dir='ltr'><strong>matrimonium</strong></span> <span class='ocrx_word' id='word_1_463' title='bbox 3253 541 3589 614; x_wconf 63' lang='lat' dir='ltr'><strong>sortieuletn,</strong></span> 
     </span>
    </p>
   </div>
   <div class='ocr_carea' id='block_1_64' title="bbox 1980 617 3594 706">
    <p class='ocr_par' dir='ltr' id='par_1_64' title="bbox 1980 617 3594 706">
     <span class='ocr_line' id='line_1_64' title="bbox 1980 617 3594 706; baseline 0.014 -34"><span class='ocrx_word' id='word_1_464' title='bbox 1980 617 2231 672; x_wconf 79' lang='lat' dir='ltr'><strong>effecerat</strong></span> <span class='ocrx_word' id='word_1_465' title='bbox 2256 630 2311 674; x_wconf 92' lang='lat' dir='ltr'><strong>ut</strong></span> <span class='ocrx_word' id='word_1_466' title='bbox 2331 621 2490 676; x_wconf 87' lang='lat' dir='ltr'><strong>Maria</strong></span> <span class='ocrx_word' id='word_1_467' title='bbox 2512 623 2580 678; x_wconf 91' lang='lat' dir='ltr'><strong>de</strong></span> <span class='ocrx_word' id='word_1_468' title='bbox 2606 633 2826 695; x_wconf 86' lang='lat' dir='ltr'><strong>utraque</strong></span> <span class='ocrx_word' id='word_1_469' title='bbox 2854 627 3030 693; x_wconf 91' lang='lat' dir='ltr'><strong>tribu,</strong></span> <span class='ocrx_word' id='word_1_470' title='bbox 3063 627 3125 682; x_wconf 88' lang='lat' dir='ltr'><strong>id</strong></span> <span class='ocrx_word' id='word_1_471' title='bbox 3153 637 3254 692; x_wconf 86' lang='lat' dir='ltr'><strong>est,</strong></span> <span class='ocrx_word' id='word_1_472' title='bbox 3280 629 3346 686; x_wconf 89' lang='lat' dir='ltr'><strong>de</strong></span> <span class='ocrx_word' id='word_1_473' title='bbox 3369 649 3512 706; x_wconf 79' lang='lat' dir='ltr'><strong>regia</strong></span> <span class='ocrx_word' id='word_1_474' title='bbox 3539 648 3594 695; x_wconf 84' lang='lat' dir='ltr'><strong>et</strong></span> 
     </span>
    </p>
   </div>
   <div class='ocr_carea' id='block_1_65' title="bbox 1980 709 3596 789">
    <p class='ocr_par' dir='ltr' id='par_1_65' title="bbox 1980 709 3596 789">
     <span class='ocr_line' id='line_1_65' title="bbox 1980 709 3596 789; baseline 0.015 -29"><span class='ocrx_word' id='word_1_475' title='bbox 1980 709 2296 763; x_wconf 86' lang='lat' dir='ltr'><strong>sacerdotali</strong></span> <span class='ocrx_word' id='word_1_476' title='bbox 2324 712 2690 782; x_wconf 82' lang='lat' dir='ltr'><strong>cognationem</strong></span> <span class='ocrx_word' id='word_1_477' title='bbox 2715 716 2946 772; x_wconf 81' lang='lat' dir='ltr'><strong>duceret.</strong></span> <span class='ocrx_word' id='word_1_478' title='bbox 2975 716 3140 771; x_wconf 86' lang='lat' dir='ltr'><strong>Nam</strong></span> <span class='ocrx_word' id='word_1_479' title='bbox 3168 728 3221 772; x_wconf 88' lang='lat' dir='ltr'><strong>et</strong></span> <span class='ocrx_word' id='word_1_480' title='bbox 3241 725 3450 789; x_wconf 88' lang='lat' dir='ltr'><strong>quando</strong></span> <span class='ocrx_word' id='word_1_481' title='bbox 3469 742 3596 784; x_wconf 88' lang='lat' dir='ltr'><strong>cen-</strong></span> 
     </span>
    </p>
   </div>
   <div class='ocr_carea' id='block_1_66' title="bbox 1977 796 3598 877">
    <p class='ocr_par' dir='ltr' id='par_1_66' title="bbox 1977 796 3598 877">
     <span class='ocr_line' id='line_1_66' title="bbox 1977 796 3598 877; baseline 0.014 -26"><span class='ocrx_word' id='word_1_482' title='bbox 1977 796 2062 851; x_wconf 89' lang='lat' dir='ltr'><strong>siti</strong></span> <span class='ocrx_word' id='word_1_483' title='bbox 2094 809 2216 852; x_wconf 91' lang='lat' dir='ltr'><strong>sunt</strong></span> <span class='ocrx_word' id='word_1_484' title='bbox 2244 799 2439 870; x_wconf 86' lang='lat' dir='ltr'><strong>Joseph</strong></span> <span class='ocrx_word' id='word_1_485' title='bbox 2468 814 2520 857; x_wconf 90' lang='lat' dir='ltr'><strong>et</strong></span> <span class='ocrx_word' id='word_1_486' title='bbox 2544 803 2734 870; x_wconf 82' lang='lat' dir='ltr'><strong>Maria,</strong></span> <span class='ocrx_word' id='word_1_487' title='bbox 2767 807 3034 876; x_wconf 86' lang='lat' dir='ltr'><strong>scriptum</strong></span> <span class='ocrx_word' id='word_1_488' title='bbox 3079 818 3172 864; x_wconf 84' lang='lat' dir='ltr'><strong>cst</strong></span> <span class='ocrx_word' id='word_1_489' title='bbox 3211 825 3304 867; x_wconf 90' lang='lat' dir='ltr'><strong>eos</strong></span> <span class='ocrx_word' id='word_1_490' title='bbox 3339 813 3500 873; x_wconf 86' lang='lat' dir='ltr'><strong>fuisse</strong></span> <span class='ocrx_word' id='word_1_491' title='bbox 3531 822 3598 877; x_wconf 87' lang='lat' dir='ltr'><strong>de</strong></span> 
     </span>
    </p>
   </div>
   <div class='ocr_carea' id='block_1_67' title="bbox 1977 892 3605 974">
    <p class='ocr_par' dir='ltr' id='par_1_67' title="bbox 1977 892 3605 974">
     <span class='ocr_line' id='line_1_67' title="bbox 1977 892 3605 974; baseline 0.014 -29"><span class='ocrx_word' id='word_1_492' title='bbox 1977 892 2160 960; x_wconf 91' lang='lat' dir='ltr'><strong>domo,</strong></span> <span class='ocrx_word' id='word_1_493' title='bbox 2194 894 2245 948; x_wconf 91' lang='lat' dir='ltr'><strong>id</strong></span> <span class='ocrx_word' id='word_1_494' title='bbox 2279 904 2361 950; x_wconf 91' lang='lat' dir='ltr'><strong>est</strong></span> <span class='ocrx_word' id='word_1_495' title='bbox 2395 897 2461 950; x_wconf 90' lang='lat' dir='ltr'><strong>de</strong></span> <span class='ocrx_word' id='word_1_496' title='bbox 2500 913 2694 967; x_wconf 87' lang='lat' dir='ltr'><strong>genere</strong></span> <span class='ocrx_word' id='word_1_497' title='bbox 2721 900 2882 954; x_wconf 86' lang='lat' dir='ltr'><strong>David</strong></span> <span class='ocrx_word' id='word_1_498' title='bbox 2913 900 3060 972; x_wconf 88' lang='lat' dir='ltr'><strong>(Id.</strong></span> <span class='ocrx_word' id='word_1_499' title='bbox 3105 919 3168 970; x_wconf 86' lang='lat' dir='ltr'><strong>ll,</strong></span> <span class='ocrx_word' id='word_1_500' title='bbox 3195 904 3292 974; x_wconf 76' lang='grc'><strong>4).</strong></span> <span class='ocrx_word' id='word_1_501' title='bbox 3323 909 3390 963; x_wconf 85' lang='grc' dir='ltr'><strong>Ει</strong></span> <span class='ocrx_word' id='word_1_502' title='bbox 3429 911 3605 968; x_wconf 60' lang='grc' dir='ltr'><strong>ΕΙίεεμ</strong></span> 
     </span>
    </p>
   </div>
   <div class='ocr_carea' id='block_1_68' title="bbox 1978 976 3592 1067">
    <p class='ocr_par' dir='ltr' id='par_1_68' title="bbox 1978 976 3592 1067">
     <span class='ocr_line' id='line_1_68' title="bbox 1978 976 3592 1067; baseline 0.014 -31"><span class='ocrx_word' id='word_1_503' title='bbox 1978 981 2129 1047; x_wconf 85' lang='lat' dir='ltr'><strong>beth,</strong></span> <span class='ocrx_word' id='word_1_504' title='bbox 2156 999 2275 1052; x_wconf 67' lang='lat' dir='ltr'><strong>qua:</strong></span> <span class='ocrx_word' id='word_1_505' title='bbox 2306 984 2652 1042; x_wconf 87' lang='lat' dir='ltr'><strong>nihilominus</strong></span> <span class='ocrx_word' id='word_1_506' title='bbox 2679 1001 2898 1059; x_wconf 89' lang='lat' dir='ltr'><strong>cognata</strong></span> <span class='ocrx_word' id='word_1_507' title='bbox 2934 990 3153 1046; x_wconf 66' lang='lat' dir='ltr'><strong>Maria:</strong></span> <span class='ocrx_word' id='word_1_508' title='bbox 3183 996 3452 1067; x_wconf 86' lang='lat' dir='ltr'><strong>scribitur,</strong></span> <span class='ocrx_word' id='word_1_509' title='bbox 3481 976 3592 1063; x_wconf 84' lang='lat' dir='ltr'><strong>erat</strong></span> 
     </span>
    </p>
   </div>
   <div class='ocr_carea' id='block_1_69' title="bbox 1980 1071 3596 1153">
    <p class='ocr_par' dir='ltr' id='par_1_69' title="bbox 1980 1071 3596 1153">
     <span class='ocr_line' id='line_1_69' title="bbox 1980 1071 3596 1153; baseline 0.016 -27"><span class='ocrx_word' id='word_1_510' title='bbox 1980 1071 2048 1127; x_wconf 89' lang='lat' dir='ltr'><strong>de</strong></span> <span class='ocrx_word' id='word_1_511' title='bbox 2077 1074 2215 1128; x_wconf 90' lang='lat' dir='ltr'><strong>tribu</strong></span> <span class='ocrx_word' id='word_1_512' title='bbox 2247 1076 2558 1131; x_wconf 82' lang='lat' dir='ltr'><strong>sacerdotali</strong></span> <span class='ocrx_word' id='word_1_513' title='bbox 2584 1077 2710 1150; x_wconf 87' lang='lat' dir='ltr'><strong>(Id.</strong></span> <span class='ocrx_word' id='word_1_514' title='bbox 2741 1095 2778 1145; x_wconf 86' lang='grc' dir='ltr'>ι,</span> <span class='ocrx_word' id='word_1_515' title='bbox 2811 1080 2898 1145; x_wconf 79' lang='grc'><strong>56,</strong></span> <span class='ocrx_word' id='word_1_516' title='bbox 2930 1080 3025 1153; x_wconf 82' lang='grc'><strong>5).</strong></span> <span class='ocrx_word' id='word_1_517' title='bbox 3076 1081 3238 1141; x_wconf 89' lang='lat' dir='ltr'><strong>Sicut</strong></span> <span class='ocrx_word' id='word_1_518' title='bbox 3267 1099 3440 1146; x_wconf 88' lang='lat' dir='ltr'><strong>autem</strong></span> <span class='ocrx_word' id='word_1_519' title='bbox 3470 1095 3596 1152; x_wconf 80' lang='lat' dir='ltr'><strong>Mat-</strong></span> 
     </span>
    </p>
   </div>
   <div class='ocr_carea' id='block_1_70' title="bbox 1983 1165 3595 1255">
    <p class='ocr_par' dir='ltr' id='par_1_70' title="bbox 1983 1165 3595 1255">
     <span class='ocr_line' id='line_1_70' title="bbox 1983 1165 3595 1255; baseline 0.017 -36"><span class='ocrx_word' id='word_1_520' title='bbox 1983 1165 2187 1235; x_wconf 77' lang='lat' dir='ltr'><strong>threus,</strong></span> <span class='ocrx_word' id='word_1_521' title='bbox 2238 1170 2324 1237; x_wconf 85' lang='lat' dir='ltr'><strong>qui</strong></span> <span class='ocrx_word' id='word_1_522' title='bbox 2376 1178 2619 1239; x_wconf 90' lang='lat' dir='ltr'><strong>tanquam</strong></span> <span class='ocrx_word' id='word_1_523' title='bbox 2663 1172 3107 1232; x_wconf 69' lang='lat' dir='ltr'><strong>descendentem</strong></span> <span class='ocrx_word' id='word_1_524' title='bbox 3151 1180 3218 1235; x_wconf 84' lang='lat' dir='ltr'><strong>ad</strong></span> <span class='ocrx_word' id='word_1_525' title='bbox 3263 1186 3595 1255; x_wconf 87' lang='lat' dir='ltr'><strong>suscipienda</strong></span> 
     </span>
    </p>
   </div>
   <div class='ocr_carea' id='block_1_71' title="bbox 1982 1264 3596 1344">
    <p class='ocr_par' dir='ltr' id='par_1_71' title="bbox 1982 1264 3596 1344">
     <span class='ocr_line' id='line_1_71' title="bbox 1982 1264 3596 1344; baseline 0.016 -33"><span class='ocrx_word' id='word_1_526' title='bbox 1982 1267 2197 1326; x_wconf 87' lang='lat' dir='ltr'><strong>peccata</strong></span> <span class='ocrx_word' id='word_1_527' title='bbox 2237 1269 2417 1314; x_wconf 89' lang='lat' dir='ltr'><strong>nostra</strong></span> <span class='ocrx_word' id='word_1_528' title='bbox 2456 1278 2630 1331; x_wconf 82' lang='lat' dir='ltr'><strong>regem</strong></span> <span class='ocrx_word' id='word_1_529' title='bbox 2662 1264 2929 1320; x_wconf 82' lang='lat' dir='ltr'><strong>Christum</strong></span> <span class='ocrx_word' id='word_1_530' title='bbox 2971 1267 3273 1341; x_wconf 89' lang='lat' dir='ltr'><strong>insinuat,</strong></span> <span class='ocrx_word' id='word_1_531' title='bbox 3323 1292 3418 1344; x_wconf 85' lang='lat' dir='ltr'><strong>per</strong></span> <span class='ocrx_word' id='word_1_532' title='bbox 3443 1281 3596 1338; x_wconf 85' lang='lat' dir='ltr'><strong>Salo-</strong></span> 
     </span>
    </p>
   </div>
   <div class='ocr_carea' id='block_1_72' title="bbox 1983 1352 3592 1433">
    <p class='ocr_par' dir='ltr' id='par_1_72' title="bbox 1983 1352 3592 1433">
     <span class='ocr_line' id='line_1_72' title="bbox 1983 1352 3592 1433; baseline 0.008 -30"><span class='ocrx_word' id='word_1_533' title='bbox 1983 1365 2198 1404; x_wconf 90' lang='lat' dir='ltr'><strong>monem</strong></span> <span class='ocrx_word' id='word_1_534' title='bbox 2234 1366 2262 1404; x_wconf 89' lang='lat' dir='ltr'><strong>a</strong></span> <span class='ocrx_word' id='word_1_535' title='bbox 2292 1352 2453 1407; x_wconf 87' lang='lat' dir='ltr'><strong>David</strong></span> <span class='ocrx_word' id='word_1_536' title='bbox 2481 1354 2792 1420; x_wconf 72' lang='lat' dir='ltr'><strong>descendit;</strong></span> <span class='ocrx_word' id='word_1_537' title='bbox 2835 1359 2957 1426; x_wconf 87' lang='lat' dir='ltr'><strong>quia</strong></span> <span class='ocrx_word' id='word_1_538' title='bbox 3001 1361 3282 1420; x_wconf 82' lang='lat' dir='ltr'><strong>Salomon</strong></span> <span class='ocrx_word' id='word_1_539' title='bbox 3321 1370 3386 1425; x_wconf 76' lang='lat' dir='ltr'><strong>de</strong></span> <span class='ocrx_word' id='word_1_540' title='bbox 3425 1374 3508 1429; x_wconf 66' lang='lat' dir='ltr'><strong>ma</strong></span> <span class='ocrx_word' id='word_1_541' title='bbox 3542 1380 3592 1433; x_wconf 74' lang='grc' dir='ltr'><strong>εη</strong></span> 
     </span>
    </p>
   </div>
   <div class='ocr_carea' id='block_1_73' title="bbox 1984 1441 3597 1531">
    <p class='ocr_par' dir='ltr' id='par_1_73' title="bbox 1984 1441 3597 1531">
     <span class='ocr_line' id='line_1_73' title="bbox 1984 1441 3597 1531; baseline 0.014 -41"><span class='ocrx_word' id='word_1_542' title='bbox 1984 1455 2085 1508; x_wconf 87' lang='lat' dir='ltr'><strong>qua</strong></span> <span class='ocrx_word' id='word_1_543' title='bbox 2115 1441 2277 1494; x_wconf 86' lang='lat' dir='ltr'><strong>David</strong></span> <span class='ocrx_word' id='word_1_544' title='bbox 2306 1454 2632 1509; x_wconf 81' lang='lat' dir='ltr'><strong>peccaverat,</strong></span> <span class='ocrx_word' id='word_1_545' title='bbox 2671 1455 2823 1500; x_wconf 87' lang='lat' dir='ltr'><strong>natus</strong></span> <span class='ocrx_word' id='word_1_546' title='bbox 2853 1457 2935 1502; x_wconf 90' lang='lat' dir='ltr'><strong>est</strong></span> <span class='ocrx_word' id='word_1_547' title='bbox 2961 1467 2974 1502; x_wconf 91' lang='lat'><strong>:</strong></span> <span class='ocrx_word' id='word_1_548' title='bbox 3005 1451 3094 1506; x_wconf 82' lang='lat' dir='ltr'><strong>ita</strong></span> <span class='ocrx_word' id='word_1_549' title='bbox 3135 1453 3325 1524; x_wconf 88' lang='lat' dir='ltr'><strong>Lucas,</strong></span> <span class='ocrx_word' id='word_1_550' title='bbox 3361 1465 3448 1531; x_wconf 83' lang='lat' dir='ltr'><strong>qui</strong></span> <span class='ocrx_word' id='word_1_551' title='bbox 3479 1476 3597 1522; x_wconf 69' lang='grc' dir='ltr'><strong>ιειη..</strong></span> 
     </span>
    </p>
   </div>
   <div class='ocr_carea' id='block_1_74' title="bbox 1984 1532 3592 1614">
    <p class='ocr_par' dir='ltr' id='par_1_74' title="bbox 1984 1532 3592 1614">
     <span class='ocr_line' id='line_1_74' title="bbox 1984 1532 3592 1614; baseline 0.014 -32"><span class='ocrx_word' id='word_1_552' title='bbox 1984 1544 2140 1598; x_wconf 87' lang='lat' dir='ltr'><strong>quam</strong></span> <span class='ocrx_word' id='word_1_553' title='bbox 2170 1532 2544 1586; x_wconf 81' lang='lat' dir='ltr'><strong>ascendentem</strong></span> <span class='ocrx_word' id='word_1_554' title='bbox 2587 1546 2702 1603; x_wconf 88' lang='lat' dir='ltr'><strong>post</strong></span> <span class='ocrx_word' id='word_1_555' title='bbox 2730 1538 3089 1596; x_wconf 81' lang='lat' dir='ltr'><strong>abolitionem</strong></span> <span class='ocrx_word' id='word_1_556' title='bbox 3141 1557 3475 1614; x_wconf 88' lang='lat' dir='ltr'><strong>peccatorum</strong></span> <span class='ocrx_word' id='word_1_557' title='bbox 3504 1574 3592 1613; x_wconf 70' lang='lat' dir='ltr'><strong>sa-</strong></span> 
     </span>
    </p>
   </div>
   <div class='ocr_carea' id='block_1_75' title="bbox 1985 1619 3573 1702">
    <p class='ocr_par' dir='ltr' id='par_1_75' title="bbox 1985 1619 3573 1702">
     <span class='ocr_line' id='line_1_75' title="bbox 1985 1619 3573 1702; baseline 0.005 -30"><span class='ocrx_word' id='word_1_558' title='bbox 1985 1619 2254 1674; x_wconf 86' lang='lat' dir='ltr'><strong>cerdotem</strong></span> <span class='ocrx_word' id='word_1_559' title='bbox 2283 1620 2548 1676; x_wconf 82' lang='lat' dir='ltr'><strong>Christum</strong></span> <span class='ocrx_word' id='word_1_560' title='bbox 2584 1625 2825 1691; x_wconf 80' lang='lat' dir='ltr'><strong>insinuat,</strong></span> <span class='ocrx_word' id='word_1_561' title='bbox 2858 1644 2953 1696; x_wconf 87' lang='lat' dir='ltr'><strong>per</strong></span> <span class='ocrx_word' id='word_1_562' title='bbox 2978 1631 3204 1688; x_wconf 78' lang='lat' dir='ltr'><strong>Nathan</strong></span> <span class='ocrx_word' id='word_1_563' title='bbox 3241 1645 3477 1699; x_wconf 50' lang='lat' dir='ltr'><strong>ascendit</strong></span> <span class='ocrx_word' id='word_1_564' title='bbox 3507 1651 3573 1702; x_wconf 64' lang='lat' dir='ltr'><strong>ad</strong></span> 
     </span>
    </p>
   </div>
   <div class='ocr_carea' id='block_1_76' title="bbox 1986 1708 3585 1805">
    <p class='ocr_par' dir='ltr' id='par_1_76' title="bbox 1986 1708 3585 1805">
     <span class='ocr_line' id='line_1_76' title="bbox 1986 1708 3585 1805; baseline 0.005 -30"><span class='ocrx_word' id='word_1_565' title='bbox 1986 1708 2188 1774; x_wconf 55' lang='lat' dir='ltr'><strong>Dav“;</strong></span> <span class='ocrx_word' id='word_1_566' title='bbox 2234 1712 2354 1780; x_wconf 82' lang='lat' dir='ltr'><strong>quia</strong></span> <span class='ocrx_word' id='word_1_567' title='bbox 2396 1712 2597 1766; x_wconf 79' lang='lat' dir='ltr'><strong>Natban</strong></span> <span class='ocrx_word' id='word_1_568' title='bbox 2641 1718 2894 1785; x_wconf 82' lang='lat' dir='ltr'><strong>propheta</strong></span> <span class='ocrx_word' id='word_1_569' title='bbox 2932 1721 3143 1776; x_wconf 89' lang='lat' dir='ltr'><strong>missus</strong></span> <span class='ocrx_word' id='word_1_570' title='bbox 3189 1725 3384 1797; x_wconf 80' lang='lat' dir='ltr'><strong>fuerat,</strong></span> <span class='ocrx_word' id='word_1_571' title='bbox 3432 1737 3585 1805; x_wconf 78' lang='lat' dir='ltr'><strong>cujus</strong></span> 
     </span>
    </p>
   </div>
   <div class='ocr_carea' id='block_1_77' title="bbox 1985 1802 3581 1894">
    <p class='ocr_par' dir='ltr' id='par_1_77' title="bbox 1985 1802 3581 1894">
     <span class='ocr_line' id='line_1_77' title="bbox 1985 1802 3581 1894; baseline 0.016 -40"><span class='ocrx_word' id='word_1_572' title='bbox 1985 1802 2323 1871; x_wconf 89' lang='lat' dir='ltr'><strong>correptione</strong></span> <span class='ocrx_word' id='word_1_573' title='bbox 2369 1804 2528 1859; x_wconf 89' lang='lat' dir='ltr'><strong>David</strong></span> <span class='ocrx_word' id='word_1_574' title='bbox 2571 1807 2730 1876; x_wconf 85' lang='lat' dir='ltr'><strong>ipsius</strong></span> <span class='ocrx_word' id='word_1_575' title='bbox 2775 1812 2976 1876; x_wconf 83' lang='lat' dir='ltr'><strong>peccati</strong></span> <span class='ocrx_word' id='word_1_576' title='bbox 3007 1815 3358 1876; x_wconf 90' lang='lat' dir='ltr'><strong>abolitionem</strong></span> <span class='ocrx_word' id='word_1_577' title='bbox 3405 1802 3581 1894; x_wconf 61' lang='lat' dir='ltr'><strong>pugni-</strong></span> 
     </span>
    </p>
   </div>
   <div class='ocr_carea' id='block_1_78' title="bbox 1989 1894 3578 1986">
    <p class='ocr_par' dir='ltr' id='par_1_78' title="bbox 1989 1894 3578 1986">
     <span class='ocr_line' id='line_1_78' title="bbox 1989 1894 3578 1986; baseline 0.017 -39"><span class='ocrx_word' id='word_1_578' title='bbox 1989 1894 2150 1949; x_wconf 90' lang='lat' dir='ltr'><strong>tendo</strong></span> <span class='ocrx_word' id='word_1_579' title='bbox 2177 1895 2473 1963; x_wconf 88' lang='lat' dir='ltr'><strong>impetravit</strong></span> <span class='ocrx_word' id='word_1_580' title='bbox 2503 1899 2574 1966; x_wconf 88' lang='lat' dir='ltr'><strong>(Il</strong></span> <span class='ocrx_word' id='word_1_581' title='bbox 2599 1898 2724 1968; x_wconf 81' lang='lat' dir='ltr'><strong>Reg.</strong></span> <span class='ocrx_word' id='word_1_582' title='bbox 2752 1917 2841 1963; x_wconf 80' lang='lat' dir='ltr'><strong>xu,</strong></span> <span class='ocrx_word' id='word_1_583' title='bbox 2877 1904 2927 1967; x_wconf 83' lang='lat' dir='ltr'><strong>l,</strong></span> <span class='ocrx_word' id='word_1_584' title='bbox 2959 1906 3061 1974; x_wconf 75' lang='lat' dir='ltr'><strong>l5)</strong></span> <span class='ocrx_word' id='word_1_585' title='bbox 3093 1907 3196 1979; x_wconf 82' lang='grc' dir='ltr'><strong>(α).</strong></span> <span class='ocrx_word' id='word_1_586' title='bbox 3227 1910 3402 1983; x_wconf 88' lang='lat' dir='ltr'><strong>Itaque</strong></span> <span class='ocrx_word' id='word_1_587' title='bbox 3429 1932 3578 1986; x_wconf 86' lang='lat' dir='ltr'><strong>post-</strong></span> 
     </span>
    </p>
   </div>
   <div class='ocr_carea' id='block_1_79' title="bbox 1989 1989 3579 2068">
    <p class='ocr_par' dir='ltr' id='par_1_79' title="bbox 1989 1989 3579 2068">
     <span class='ocr_line' id='line_1_79' title="bbox 1989 1989 3579 2068; baseline 0.015 -28"><span class='ocrx_word' id='word_1_588' title='bbox 1989 2000 2218 2056; x_wconf 85' lang='lat' dir='ltr'><strong>eaquam</strong></span> <span class='ocrx_word' id='word_1_589' title='bbox 2249 1989 2453 2042; x_wconf 89' lang='lat' dir='ltr'><strong>transiit</strong></span> <span class='ocrx_word' id='word_1_590' title='bbox 2485 1989 2650 2044; x_wconf 88' lang='lat' dir='ltr'><strong>Lucas</strong></span> <span class='ocrx_word' id='word_1_591' title='bbox 2675 2008 2954 2061; x_wconf 72' lang='lat' dir='ltr'><strong>personam</strong></span> <span class='ocrx_word' id='word_1_592' title='bbox 2986 1998 3176 2064; x_wconf 87' lang='lat' dir='ltr'><strong>David,</strong></span> <span class='ocrx_word' id='word_1_593' title='bbox 3214 2020 3316 2059; x_wconf 89' lang='lat' dir='ltr'><strong>non</strong></span> <span class='ocrx_word' id='word_1_594' title='bbox 3339 2006 3579 2068; x_wconf 87' lang='lat' dir='ltr'><strong>dissonat</strong></span> 
     </span>
    </p>
   </div>
   <div class='ocr_carea' id='block_1_80' title="bbox 1987 2077 3575 2155">
    <p class='ocr_par' dir='ltr' id='par_1_80' title="bbox 1987 2077 3575 2155">
     <span class='ocr_line' id='line_1_80' title="bbox 1987 2077 3575 2155; baseline 0.016 -24"><span class='ocrx_word' id='word_1_595' title='bbox 1987 2093 2017 2132; x_wconf 88' lang='lat' dir='ltr'><strong>a</strong></span> <span class='ocrx_word' id='word_1_596' title='bbox 2038 2077 2290 2132; x_wconf 84' lang='lat' dir='ltr'><strong>Matthan</strong></span> <span class='ocrx_word' id='word_1_597' title='bbox 2315 2079 2365 2132; x_wconf 93' lang='lat' dir='ltr'><strong>in</strong></span> <span class='ocrx_word' id='word_1_598' title='bbox 2389 2082 2689 2135; x_wconf 84' lang='lat' dir='ltr'><strong>nominibus</strong></span> <span class='ocrx_word' id='word_1_599' title='bbox 2715 2096 3112 2152; x_wconf 84' lang='lat' dir='ltr'><strong>generatorum.</strong></span> <span class='ocrx_word' id='word_1_600' title='bbox 3148 2092 3282 2148; x_wconf 86' lang='lat' dir='ltr'><strong>Nam</strong></span> <span class='ocrx_word' id='word_1_601' title='bbox 3313 2112 3403 2151; x_wconf 68' lang='lat' dir='ltr'><strong>eos</strong></span> <span class='ocrx_word' id='word_1_602' title='bbox 3434 2100 3449 2131; x_wconf 84' lang='lat'>&#39;</span> <span class='ocrx_word' id='word_1_603' title='bbox 3480 2119 3575 2155; x_wconf 87' lang='lat' dir='ltr'><strong>no-</strong></span> 
     </span>
    </p>
   </div>
   <div class='ocr_carea' id='block_1_81' title="bbox 1988 2172 3575 2261">
    <p class='ocr_par' dir='ltr' id='par_1_81' title="bbox 1988 2172 3575 2261">
     <span class='ocr_line' id='line_1_81' title="bbox 1988 2172 3575 2261; baseline 0.01 -37"><span class='ocrx_word' id='word_1_604' title='bbox 1988 2172 2154 2226; x_wconf 89' lang='lat' dir='ltr'><strong>minat</strong></span> <span class='ocrx_word' id='word_1_605' title='bbox 2181 2172 2479 2226; x_wconf 90' lang='lat' dir='ltr'><strong>ascendens</strong></span> <span class='ocrx_word' id='word_1_606' title='bbox 2517 2189 2544 2225; x_wconf 91' lang='lat' dir='ltr'><strong>a</strong></span> <span class='ocrx_word' id='word_1_607' title='bbox 2588 2175 2745 2228; x_wconf 88' lang='lat' dir='ltr'><strong>David</strong></span> <span class='ocrx_word' id='word_1_608' title='bbox 2786 2193 2950 2246; x_wconf 88' lang='lat' dir='ltr'><strong>usque</strong></span> <span class='ocrx_word' id='word_1_609' title='bbox 2995 2181 3062 2234; x_wconf 90' lang='lat' dir='ltr'><strong>ad</strong></span> <span class='ocrx_word' id='word_1_610' title='bbox 3105 2184 3397 2253; x_wconf 88' lang='lat' dir='ltr'><strong>Abraham,</strong></span> <span class='ocrx_word' id='word_1_611' title='bbox 3440 2207 3575 2261; x_wconf 86' lang='lat' dir='ltr'><strong>quos</strong></span> 
     </span>
    </p>
   </div>
   <div class='ocr_carea' id='block_1_82' title="bbox 1988 2264 3575 2339">
    <p class='ocr_par' dir='ltr' id='par_1_82' title="bbox 1988 2264 3575 2339">
     <span class='ocr_line' id='line_1_82' title="bbox 1988 2264 3575 2339; baseline 0.013 -22"><span class='ocrx_word' id='word_1_612' title='bbox 1988 2264 2078 2319; x_wconf 93' lang='lat' dir='ltr'><strong>ille</strong></span> <span class='ocrx_word' id='word_1_613' title='bbox 2107 2264 2439 2318; x_wconf 88' lang='lat' dir='ltr'><strong>descendens</strong></span> <span class='ocrx_word' id='word_1_614' title='bbox 2475 2265 2541 2319; x_wconf 89' lang='lat' dir='ltr'><strong>ab</strong></span> <span class='ocrx_word' id='word_1_615' title='bbox 2571 2267 2836 2320; x_wconf 85' lang='lat' dir='ltr'><strong>Abraham</strong></span> <span class='ocrx_word' id='word_1_616' title='bbox 2881 2286 3048 2339; x_wconf 86' lang='lat' dir='ltr'><strong>usque</strong></span> <span class='ocrx_word' id='word_1_617' title='bbox 3074 2273 3138 2326; x_wconf 91' lang='lat' dir='ltr'><strong>ad</strong></span> <span class='ocrx_word' id='word_1_618' title='bbox 3174 2275 3357 2331; x_wconf 87' lang='lat' dir='ltr'><strong>David.</strong></span> <span class='ocrx_word' id='word_1_619' title='bbox 3390 2282 3433 2333; x_wconf 87' lang='lat' dir='ltr'><strong>A</strong></span> <span class='ocrx_word' id='word_1_620' title='bbox 3474 2284 3575 2337; x_wconf 81' lang='lat' dir='ltr'><strong>Da-</strong></span> 
     </span>
    </p>
   </div>
   <div class='ocr_carea' id='block_1_83' title="bbox 1987 2354 3570 2436">
    <p class='ocr_par' dir='ltr' id='par_1_83' title="bbox 1987 2354 3570 2436">
     <span class='ocr_line' id='line_1_83' title="bbox 1987 2354 3570 2436; baseline 0.011 -28"><span class='ocrx_word' id='word_1_621' title='bbox 1987 2354 2076 2408; x_wconf 87' lang='lat' dir='ltr'><strong>vid</strong></span> <span class='ocrx_word' id='word_1_622' title='bbox 2106 2354 2247 2409; x_wconf 90' lang='lat' dir='ltr'><strong>enim</strong></span> <span class='ocrx_word' id='word_1_623' title='bbox 2278 2355 2328 2408; x_wconf 90' lang='lat' dir='ltr'><strong>in</strong></span> <span class='ocrx_word' id='word_1_624' title='bbox 2357 2355 2488 2408; x_wconf 85' lang='lat' dir='ltr'><strong>duas</strong></span> <span class='ocrx_word' id='word_1_625' title='bbox 2529 2355 2782 2420; x_wconf 77' lang='lat' dir='ltr'><strong>familias,</strong></span> <span class='ocrx_word' id='word_1_626' title='bbox 2818 2360 3014 2428; x_wconf 88' lang='lat' dir='ltr'><strong>regiam</strong></span> <span class='ocrx_word' id='word_1_627' title='bbox 3055 2372 3110 2416; x_wconf 92' lang='lat' dir='ltr'><strong>et</strong></span> <span class='ocrx_word' id='word_1_628' title='bbox 3148 2368 3533 2426; x_wconf 88' lang='lat' dir='ltr'><strong>sacerdotalem</strong></span> <span class='ocrx_word' id='word_1_629' title='bbox 3554 2412 3570 2436; x_wconf 90' lang='lat'><strong>,</strong></span> 
     </span>
    </p>
   </div>
   <div class='ocr_carea' id='block_1_84' title="bbox 1986 2445 3570 2526">
    <p class='ocr_par' dir='ltr' id='par_1_84' title="bbox 1986 2445 3570 2526">
     <span class='ocr_line' id='line_1_84' title="bbox 1986 2445 3570 2526; baseline 0.01 -26"><span class='ocrx_word' id='word_1_630' title='bbox 1986 2447 2136 2516; x_wconf 84' lang='lat' dir='ltr'><strong>origo</strong></span> <span class='ocrx_word' id='word_1_631' title='bbox 2163 2447 2247 2500; x_wconf 86' lang='lat' dir='ltr'><strong>illa</strong></span> <span class='ocrx_word' id='word_1_632' title='bbox 2280 2445 2559 2501; x_wconf 89' lang='lat' dir='ltr'><strong>distributa</strong></span> <span class='ocrx_word' id='word_1_633' title='bbox 2590 2457 2691 2513; x_wconf 91' lang='lat' dir='ltr'><strong>est,</strong></span> <span class='ocrx_word' id='word_1_634' title='bbox 2720 2465 2942 2517; x_wconf 89' lang='lat' dir='ltr'><strong>quarum</strong></span> <span class='ocrx_word' id='word_1_635' title='bbox 2971 2451 3195 2508; x_wconf 87' lang='lat' dir='ltr'><strong>duarum</strong></span> <span class='ocrx_word' id='word_1_636' title='bbox 3229 2457 3570 2526; x_wconf 83' lang='lat' dir='ltr'><strong>familiarum,</strong></span> 
     </span>
    </p>
   </div>
   <div class='ocr_carea' id='block_1_85' title="bbox 1988 2531 3573 2616">
    <p class='ocr_par' dir='ltr' id='par_1_85' title="bbox 1988 2531 3573 2616">
     <span class='ocr_line' id='line_1_85' title="bbox 1988 2531 3573 2616; baseline 0.009 -24"><span class='ocrx_word' id='word_1_637' title='bbox 1988 2537 2128 2592; x_wconf 87' lang='lat' dir='ltr'><strong>sicut</strong></span> <span class='ocrx_word' id='word_1_638' title='bbox 2147 2536 2346 2591; x_wconf 90' lang='lat' dir='ltr'><strong>dictum</strong></span> <span class='ocrx_word' id='word_1_639' title='bbox 2374 2546 2474 2604; x_wconf 91' lang='lat' dir='ltr'><strong>est,</strong></span> <span class='ocrx_word' id='word_1_640' title='bbox 2494 2540 2690 2608; x_wconf 87' lang='lat' dir='ltr'><strong>regiam</strong></span> <span class='ocrx_word' id='word_1_641' title='bbox 2712 2531 3048 2597; x_wconf 83' lang='lat' dir='ltr'><strong>descendens</strong></span> <span class='ocrx_word' id='word_1_642' title='bbox 3069 2545 3367 2616; x_wconf 83' lang='lat' dir='ltr'><strong>Matthaeus,</strong></span> <span class='ocrx_word' id='word_1_643' title='bbox 3395 2567 3573 2608; x_wconf 87' lang='lat' dir='ltr'><strong>sacer-</strong></span> 
     </span>
    </p>
   </div>
   <div class='ocr_carea' id='block_1_86' title="bbox 1989 2628 3574 2701">
    <p class='ocr_par' dir='ltr' id='par_1_86' title="bbox 1989 2628 3574 2701">
     <span class='ocr_line' id='line_1_86' title="bbox 1989 2628 3574 2701; baseline 0.011 -19"><span class='ocrx_word' id='word_1_644' title='bbox 1989 2628 2220 2683; x_wconf 89' lang='lat' dir='ltr'><strong>dotalem</strong></span> <span class='ocrx_word' id='word_1_645' title='bbox 2263 2629 2560 2684; x_wconf 88' lang='lat' dir='ltr'><strong>ascendens</strong></span> <span class='ocrx_word' id='word_1_646' title='bbox 2590 2631 2757 2686; x_wconf 81' lang='lat' dir='ltr'><strong>Lticas</strong></span> <span class='ocrx_word' id='word_1_647' title='bbox 2797 2643 3010 2689; x_wconf 87' lang='lat' dir='ltr'><strong>secutus</strong></span> <span class='ocrx_word' id='word_1_648' title='bbox 3051 2649 3174 2692; x_wconf 90' lang='lat' dir='ltr'><strong>est:</strong></span> <span class='ocrx_word' id='word_1_649' title='bbox 3217 2649 3272 2693; x_wconf 92' lang='lat' dir='ltr'><strong>ut</strong></span> <span class='ocrx_word' id='word_1_650' title='bbox 3317 2642 3574 2701; x_wconf 90' lang='lat' dir='ltr'><strong>Dominus</strong></span> 
     </span>
    </p>
   </div>
   <div class='ocr_carea' id='block_1_87' title="bbox 1989 2720 3573 2798">
    <p class='ocr_par' dir='ltr' id='par_1_87' title="bbox 1989 2720 3573 2798">
     <span class='ocr_line' id='line_1_87' title="bbox 1989 2720 3573 2798; baseline 0.012 -26"><span class='ocrx_word' id='word_1_651' title='bbox 1989 2730 2169 2774; x_wconf 91' lang='lat' dir='ltr'><strong>noster</strong></span> <span class='ocrx_word' id='word_1_652' title='bbox 2193 2720 2347 2775; x_wconf 87' lang='lat' dir='ltr'><strong>Jesus</strong></span> <span class='ocrx_word' id='word_1_653' title='bbox 2377 2721 2614 2775; x_wconf 84' lang='lat' dir='ltr'><strong>Christus</strong></span> <span class='ocrx_word' id='word_1_654' title='bbox 2646 2739 2734 2776; x_wconf 84' lang='lat' dir='ltr'><strong>rex</strong></span> <span class='ocrx_word' id='word_1_655' title='bbox 2768 2735 2820 2777; x_wconf 93' lang='lat' dir='ltr'><strong>et</strong></span> <span class='ocrx_word' id='word_1_656' title='bbox 2860 2728 3112 2782; x_wconf 89' lang='lat' dir='ltr'><strong>sacerdos</strong></span> <span class='ocrx_word' id='word_1_657' title='bbox 3154 2741 3354 2798; x_wconf 91' lang='lat' dir='ltr'><strong>noster,</strong></span> <span class='ocrx_word' id='word_1_658' title='bbox 3387 2745 3440 2789; x_wconf 89' lang='lat' dir='ltr'><strong>et</strong></span> <span class='ocrx_word' id='word_1_659' title='bbox 3481 2753 3573 2791; x_wconf 82' lang='lat' dir='ltr'><strong>co-</strong></span> 
     </span>
    </p>
   </div>
   <div class='ocr_carea' id='block_1_88' title="bbox 1989 2812 3573 2885">
    <p class='ocr_par' dir='ltr' id='par_1_88' title="bbox 1989 2812 3573 2885">
     <span class='ocr_line' id='line_1_88' title="bbox 1989 2812 3573 2885; baseline 0.011 -20"><span class='ocrx_word' id='word_1_660' title='bbox 1989 2812 2294 2880; x_wconf 86' lang='lat' dir='ltr'><strong>gnationem</strong></span> <span class='ocrx_word' id='word_1_661' title='bbox 2325 2812 2546 2866; x_wconf 90' lang='lat' dir='ltr'><strong>duceret</strong></span> <span class='ocrx_word' id='word_1_662' title='bbox 2576 2813 2642 2866; x_wconf 86' lang='lat' dir='ltr'><strong>de</strong></span> <span class='ocrx_word' id='word_1_663' title='bbox 2671 2815 2834 2881; x_wconf 86' lang='lat' dir='ltr'><strong>stirpe</strong></span> <span class='ocrx_word' id='word_1_664' title='bbox 2853 2819 3190 2885; x_wconf 90' lang='lat' dir='ltr'><strong>sacerdotali,</strong></span> <span class='ocrx_word' id='word_1_665' title='bbox 3215 2832 3268 2877; x_wconf 92' lang='lat' dir='ltr'><strong>et</strong></span> <span class='ocrx_word' id='word_1_666' title='bbox 3293 2840 3396 2878; x_wconf 90' lang='lat' dir='ltr'><strong>non</strong></span> <span class='ocrx_word' id='word_1_667' title='bbox 3426 2839 3573 2884; x_wconf 87' lang='lat' dir='ltr'><strong>esset</strong></span> 
     </span>
    </p>
   </div>
   <div class='ocr_carea' id='block_1_89' title="bbox 1991 2901 3566 2982">
    <p class='ocr_par' dir='ltr' id='par_1_89' title="bbox 1991 2901 3566 2982">
     <span class='ocr_line' id='line_1_89' title="bbox 1991 2901 3566 2982; baseline 0.011 -28"><span class='ocrx_word' id='word_1_668' title='bbox 1991 2911 2167 2957; x_wconf 90' lang='lat' dir='ltr'><strong>tamen</strong></span> <span class='ocrx_word' id='word_1_669' title='bbox 2199 2901 2265 2956; x_wconf 91' lang='lat' dir='ltr'><strong>de</strong></span> <span class='ocrx_word' id='word_1_670' title='bbox 2305 2901 2443 2956; x_wconf 85' lang='lat' dir='ltr'><strong>tribu</strong></span> <span class='ocrx_word' id='word_1_671' title='bbox 2480 2903 2790 2957; x_wconf 86' lang='lat' dir='ltr'><strong>sacerdotali</strong></span> <span class='ocrx_word' id='word_1_672' title='bbox 2813 2947 2828 2968; x_wconf 88' lang='lat'><strong>,</strong></span> <span class='ocrx_word' id='word_1_673' title='bbox 2869 2905 2970 2962; x_wconf 91' lang='lat' dir='ltr'><strong>hoc</strong></span> <span class='ocrx_word' id='word_1_674' title='bbox 2997 2919 3107 2974; x_wconf 89' lang='lat' dir='ltr'><strong>est,</strong></span> <span class='ocrx_word' id='word_1_675' title='bbox 3146 2911 3212 2966; x_wconf 92' lang='lat' dir='ltr'><strong>dc</strong></span> <span class='ocrx_word' id='word_1_676' title='bbox 3242 2915 3376 2969; x_wconf 91' lang='lat' dir='ltr'><strong>tribu</strong></span> <span class='ocrx_word' id='word_1_677' title='bbox 3407 2916 3566 2982; x_wconf 89' lang='lat' dir='ltr'><strong>Levi;</strong></span> 
     </span>
    </p>
   </div>
   <div class='ocr_carea' id='block_1_90' title="bbox 1992 2994 3570 3071">
    <p class='ocr_par' dir='ltr' id='par_1_90' title="bbox 1992 2994 3570 3071">
     <span class='ocr_line' id='line_1_90' title="bbox 1992 2994 3570 3071; baseline 0.011 -24"><span class='ocrx_word' id='word_1_678' title='bbox 1992 2994 2088 3049; x_wconf 86' lang='lat' dir='ltr'><strong>sed</strong></span> <span class='ocrx_word' id='word_1_679' title='bbox 2118 3003 2259 3048; x_wconf 87' lang='lat' dir='ltr'><strong>esset</strong></span> <span class='ocrx_word' id='word_1_680' title='bbox 2288 2995 2351 3048; x_wconf 89' lang='lat' dir='ltr'><strong>de</strong></span> <span class='ocrx_word' id='word_1_681' title='bbox 2380 2995 2516 3049; x_wconf 90' lang='lat' dir='ltr'><strong>tribu</strong></span> <span class='ocrx_word' id='word_1_682' title='bbox 2541 2995 2671 3049; x_wconf 87' lang='lat' dir='ltr'><strong>Juda</strong></span> <span class='ocrx_word' id='word_1_683' title='bbox 2694 3039 2708 3059; x_wconf 84' lang='lat'><strong>,</strong></span> <span class='ocrx_word' id='word_1_684' title='bbox 2739 2998 2838 3050; x_wconf 87' lang='lat' dir='ltr'><strong>hoc</strong></span> <span class='ocrx_word' id='word_1_685' title='bbox 2871 3007 2953 3053; x_wconf 88' lang='lat' dir='ltr'><strong>est</strong></span> <span class='ocrx_word' id='word_1_686' title='bbox 2973 3042 2986 3065; x_wconf 93' lang='lat'><strong>,</strong></span> <span class='ocrx_word' id='word_1_687' title='bbox 3013 3001 3080 3056; x_wconf 90' lang='lat' dir='ltr'><strong>de</strong></span> <span class='ocrx_word' id='word_1_688' title='bbox 3107 3003 3244 3058; x_wconf 92' lang='lat' dir='ltr'><strong>tribu</strong></span> <span class='ocrx_word' id='word_1_689' title='bbox 3272 3005 3435 3060; x_wconf 87' lang='lat' dir='ltr'><strong>David</strong></span> <span class='ocrx_word' id='word_1_690' title='bbox 3459 3052 3471 3071; x_wconf 87' lang='lat'><strong>,</strong></span> <span class='ocrx_word' id='word_1_691' title='bbox 3504 3026 3570 3065; x_wconf 86' lang='lat' dir='ltr'><strong>ex</strong></span> 
     </span>
    </p>
   </div>
   <div class='ocr_carea' id='block_1_91' title="bbox 1992 3087 3570 3156">
    <p class='ocr_par' dir='ltr' id='par_1_91' title="bbox 1992 3087 3570 3156">
     <span class='ocr_line' id='line_1_91' title="bbox 1992 3087 3570 3156; baseline 0.011 -17"><span class='ocrx_word' id='word_1_692' title='bbox 1992 3102 2093 3156; x_wconf 90' lang='lat' dir='ltr'><strong>qua</strong></span> <span class='ocrx_word' id='word_1_693' title='bbox 2125 3087 2263 3142; x_wconf 89' lang='lat' dir='ltr'><strong>tribu</strong></span> <span class='ocrx_word' id='word_1_694' title='bbox 2305 3102 2461 3142; x_wconf 90' lang='lat' dir='ltr'><strong>nemo</strong></span> <span class='ocrx_word' id='word_1_695' title='bbox 2492 3088 2715 3142; x_wconf 90' lang='lat' dir='ltr'><strong>intendit</strong></span> <span class='ocrx_word' id='word_1_696' title='bbox 2752 3090 2923 3144; x_wconf 88' lang='lat' dir='ltr'><strong>altari.</strong></span> <span class='ocrx_word' id='word_1_697' title='bbox 2974 3092 3098 3148; x_wconf 86' lang='lat' dir='ltr'><strong>ideo</strong></span> <span class='ocrx_word' id='word_1_698' title='bbox 3138 3105 3191 3149; x_wconf 93' lang='lat' dir='ltr'><strong>et</strong></span> <span class='ocrx_word' id='word_1_699' title='bbox 3231 3096 3368 3153; x_wconf 88' lang='lat' dir='ltr'><strong>ﬁlius</strong></span> <span class='ocrx_word' id='word_1_700' title='bbox 3405 3100 3570 3155; x_wconf 88' lang='lat' dir='ltr'><strong>David</strong></span> 
     </span>
    </p>
   </div>
   <div class='ocr_carea' id='block_1_92' title="bbox 1993 3176 3571 3254">
    <p class='ocr_par' dir='ltr' id='par_1_92' title="bbox 1993 3176 3571 3254">
     <span class='ocr_line' id='line_1_92' title="bbox 1993 3176 3571 3254; baseline 0.011 -25"><span class='ocrx_word' id='word_1_701' title='bbox 1993 3177 2222 3230; x_wconf 80' lang='lat' dir='ltr'><strong>maxime</strong></span> <span class='ocrx_word' id='word_1_702' title='bbox 2270 3176 2464 3231; x_wconf 87' lang='lat' dir='ltr'><strong>dicitur</strong></span> <span class='ocrx_word' id='word_1_703' title='bbox 2510 3178 2798 3232; x_wconf 90' lang='lat' dir='ltr'><strong>secundum</strong></span> <span class='ocrx_word' id='word_1_704' title='bbox 2850 3195 3063 3236; x_wconf 90' lang='lat' dir='ltr'><strong>carnem</strong></span> <span class='ocrx_word' id='word_1_705' title='bbox 3090 3224 3102 3247; x_wconf 91' lang='lat'><strong>,</strong></span> <span class='ocrx_word' id='word_1_706' title='bbox 3147 3187 3266 3254; x_wconf 91' lang='lat' dir='ltr'><strong>quia</strong></span> <span class='ocrx_word' id='word_1_707' title='bbox 3310 3197 3360 3241; x_wconf 93' lang='lat' dir='ltr'><strong>et</strong></span> <span class='ocrx_word' id='word_1_708' title='bbox 3401 3189 3571 3246; x_wconf 86' lang='lat' dir='ltr'><strong>Lucas</strong></span> 
     </span>
    </p>
   </div>
   <div class='ocr_carea' id='block_1_93' title="bbox 1995 3265 3571 3336">
    <p class='ocr_par' dir='ltr' id='par_1_93' title="bbox 1995 3265 3571 3336">
     <span class='ocr_line' id='line_1_93' title="bbox 1995 3265 3571 3336; baseline 0.01 -17"><span class='ocrx_word' id='word_1_709' title='bbox 1995 3265 2311 3332; x_wconf 90' lang='lat' dir='ltr'><strong>ascendens,</strong></span> <span class='ocrx_word' id='word_1_710' title='bbox 2336 3276 2388 3320; x_wconf 92' lang='lat' dir='ltr'><strong>et</strong></span> <span class='ocrx_word' id='word_1_711' title='bbox 2405 3267 2680 3322; x_wconf 65' lang='lat' dir='ltr'><strong>Mattharus</strong></span> <span class='ocrx_word' id='word_1_712' title='bbox 2699 3269 3048 3336; x_wconf 74' lang='lat' dir='ltr'><strong>descendens,</strong></span> <span class='ocrx_word' id='word_1_713' title='bbox 3075 3275 3126 3327; x_wconf 91' lang='lat' dir='ltr'><strong>in</strong></span> <span class='ocrx_word' id='word_1_714' title='bbox 3159 3276 3318 3330; x_wconf 88' lang='lat' dir='ltr'><strong>David</strong></span> <span class='ocrx_word' id='word_1_715' title='bbox 3347 3279 3445 3333; x_wconf 89' lang='lat' dir='ltr'><strong>sibi</strong></span> <span class='ocrx_word' id='word_1_716' title='bbox 3474 3283 3571 3334; x_wconf 88' lang='lat' dir='ltr'><strong>ob-</strong></span> 
     </span>
    </p>
   </div>
   <div class='ocr_carea' id='block_1_94' title="bbox 1993 3358 3570 3428">
    <p class='ocr_par' dir='ltr' id='par_1_94' title="bbox 1993 3358 3570 3428">
     <span class='ocr_line' id='line_1_94' title="bbox 1993 3358 3570 3428; baseline 0.009 -17"><span class='ocrx_word' id='word_1_717' title='bbox 1993 3359 2130 3412; x_wconf 89' lang='lat' dir='ltr'><strong>viam</strong></span> <span class='ocrx_word' id='word_1_718' title='bbox 2163 3358 2282 3412; x_wconf 90' lang='lat' dir='ltr'><strong>faeti</strong></span> <span class='ocrx_word' id='word_1_719' title='bbox 2311 3368 2452 3413; x_wconf 91' lang='lat' dir='ltr'><strong>sunt.</strong></span> <span class='ocrx_word' id='word_1_720' title='bbox 2482 3360 2769 3428; x_wconf 83' lang='lat' dir='ltr'><strong>Oportebat</strong></span> <span class='ocrx_word' id='word_1_721' title='bbox 2795 3363 2934 3416; x_wconf 90' lang='lat' dir='ltr'><strong>enim</strong></span> <span class='ocrx_word' id='word_1_722' title='bbox 2959 3372 3013 3417; x_wconf 94' lang='lat' dir='ltr'><strong>ut</strong></span> <span class='ocrx_word' id='word_1_723' title='bbox 3034 3376 3380 3421; x_wconf 87' lang='lat' dir='ltr'><strong>evacuaturus</strong></span> <span class='ocrx_word' id='word_1_724' title='bbox 3404 3373 3570 3425; x_wconf 85' lang='lat' dir='ltr'><strong>sacri-</strong></span> 
     </span>
    </p>
   </div>
   <div class='ocr_carea' id='block_1_95' title="bbox 1995 3451 3568 3520">
    <p class='ocr_par' dir='ltr' id='par_1_95' title="bbox 1995 3451 3568 3520">
     <span class='ocr_line' id='line_1_95' title="bbox 1995 3451 3568 3520; baseline 0.008 -16"><span class='ocrx_word' id='word_1_725' title='bbox 1995 3451 2111 3506; x_wconf 89' lang='lat' dir='ltr'><strong>ﬁcia</strong></span> <span class='ocrx_word' id='word_1_726' title='bbox 2133 3492 2146 3515; x_wconf 96' lang='lat'><strong>,</strong></span> <span class='ocrx_word' id='word_1_727' title='bbox 2181 3467 2296 3520; x_wconf 58' lang='lat' dir='ltr'><strong>quae</strong></span> <span class='ocrx_word' id='word_1_728' title='bbox 2325 3452 2614 3507; x_wconf 88' lang='lat' dir='ltr'><strong>secundum</strong></span> <span class='ocrx_word' id='word_1_729' title='bbox 2658 3453 2900 3509; x_wconf 88' lang='lat' dir='ltr'><strong>ordinem</strong></span> <span class='ocrx_word' id='word_1_730' title='bbox 2940 3457 3116 3510; x_wconf 88' lang='lat' dir='ltr'><strong>Aaron</strong></span> <span class='ocrx_word' id='word_1_731' title='bbox 3163 3458 3215 3511; x_wconf 91' lang='lat' dir='ltr'><strong>in</strong></span> <span class='ocrx_word' id='word_1_732' title='bbox 3246 3459 3454 3515; x_wconf 86' lang='lat' dir='ltr'><strong>lcvitico</strong></span> <span class='ocrx_word' id='word_1_733' title='bbox 3482 3477 3568 3516; x_wconf 86' lang='lat' dir='ltr'><strong>sa-</strong></span> 
     </span>
    </p>
   </div>
   <div class='ocr_carea' id='block_1_96' title="bbox 1993 3543 3568 3622">
    <p class='ocr_par' dir='ltr' id='par_1_96' title="bbox 1993 3543 3568 3622">
     <span class='ocr_line' id='line_1_96' title="bbox 1993 3543 3568 3622; baseline 0.006 -24"><span class='ocrx_word' id='word_1_734' title='bbox 1993 3543 2230 3599; x_wconf 90' lang='lat' dir='ltr'><strong>cerdotio</strong></span> <span class='ocrx_word' id='word_1_735' title='bbox 2260 3544 2472 3612; x_wconf 86' lang='lat' dir='ltr'><strong>fiebant,</strong></span> <span class='ocrx_word' id='word_1_736' title='bbox 2497 3560 2598 3599; x_wconf 91' lang='lat' dir='ltr'><strong>non</strong></span> <span class='ocrx_word' id='word_1_737' title='bbox 2621 3546 2852 3601; x_wconf 34' lang='lat' dir='ltr'><strong>esset&#39;dc</strong></span> <span class='ocrx_word' id='word_1_738' title='bbox 2883 3547 3018 3603; x_wconf 91' lang='lat' dir='ltr'><strong>tribu</strong></span> <span class='ocrx_word' id='word_1_739' title='bbox 3050 3548 3193 3614; x_wconf 87' lang='lat' dir='ltr'><strong>Levi,</strong></span> <span class='ocrx_word' id='word_1_740' title='bbox 3217 3567 3283 3604; x_wconf 93' lang='lat' dir='ltr'><strong>ne</strong></span> <span class='ocrx_word' id='word_1_741' title='bbox 3312 3552 3375 3606; x_wconf 91' lang='lat' dir='ltr'><strong>ad</strong></span> <span class='ocrx_word' id='word_1_742' title='bbox 3400 3553 3568 3622; x_wconf 88' lang='lat' dir='ltr'><strong>ipsam</strong></span> 
     </span>
    </p>
   </div>
   <div class='ocr_carea' id='block_1_97' title="bbox 1995 3638 3573 3714">
    <p class='ocr_par' dir='ltr' id='par_1_97' title="bbox 1995 3638 3573 3714">
     <span class='ocr_line' id='line_1_97' title="bbox 1995 3638 3573 3714; baseline 0.007 -22"><span class='ocrx_word' id='word_1_743' title='bbox 1995 3638 2219 3705; x_wconf 90' lang='lat' dir='ltr'><strong>tribum,</strong></span> <span class='ocrx_word' id='word_1_744' title='bbox 2261 3647 2318 3694; x_wconf 84' lang='lat' dir='ltr'><strong>et</strong></span> <span class='ocrx_word' id='word_1_745' title='bbox 2353 3639 2417 3693; x_wconf 89' lang='lat' dir='ltr'><strong>ad</strong></span> <span class='ocrx_word' id='word_1_746' title='bbox 2447 3641 2615 3709; x_wconf 87' lang='lat' dir='ltr'><strong>ipsum</strong></span> <span class='ocrx_word' id='word_1_747' title='bbox 2650 3642 3003 3697; x_wconf 87' lang='lat' dir='ltr'><strong>sacerdotium</strong></span> <span class='ocrx_word' id='word_1_748' title='bbox 3038 3643 3178 3714; x_wconf 90' lang='lat' dir='ltr'><strong>quod</strong></span> <span class='ocrx_word' id='word_1_749' title='bbox 3206 3645 3573 3714; x_wconf 86' lang='lat' dir='ltr'><strong>temporaliter</strong></span> 
     </span>
    </p>
   </div>
   <div class='ocr_carea' id='block_1_98' title="bbox 1994 3730 3571 3806">
    <p class='ocr_par' dir='ltr' id='par_1_98' title="bbox 1994 3730 3571 3806">
     <span class='ocr_line' id='line_1_98' title="bbox 1994 3730 3571 3806; baseline 0.005 -22"><span class='ocrx_word' id='word_1_750' title='bbox 1994 3730 2178 3784; x_wconf 88' lang='lat' dir='ltr'><strong>ttmbra</strong></span> <span class='ocrx_word' id='word_1_751' title='bbox 2207 3739 2322 3785; x_wconf 90' lang='lat' dir='ltr'><strong>erat</strong></span> <span class='ocrx_word' id='word_1_752' title='bbox 2349 3730 2530 3794; x_wconf 90' lang='lat' dir='ltr'><strong>futuri,</strong></span> <span class='ocrx_word' id='word_1_753' title='bbox 2559 3733 2827 3802; x_wconf 71' lang='lat' dir='ltr'><strong>pertinere</strong></span> <span class='ocrx_word' id='word_1_754' title='bbox 2850 3733 3122 3789; x_wconf 88' lang='lat' dir='ltr'><strong>videretur</strong></span> <span class='ocrx_word' id='word_1_755' title='bbox 3149 3735 3421 3791; x_wconf 88' lang='lat' dir='ltr'><strong>mundatio</strong></span> <span class='ocrx_word' id='word_1_756' title='bbox 3442 3752 3571 3806; x_wconf 56' lang='lat' dir='ltr'><strong>pce-</strong></span> 
     </span>
    </p>
   </div>
   <div class='ocr_carea' id='block_1_99' title="bbox 1993 3825 3569 3899">
    <p class='ocr_par' dir='ltr' id='par_1_99' title="bbox 1993 3825 3569 3899">
     <span class='ocr_line' id='line_1_99' title="bbox 1993 3825 3569 3899; baseline 0.004 -20"><span class='ocrx_word' id='word_1_757' title='bbox 1993 3831 2229 3879; x_wconf 82' lang='lat' dir='ltr'><strong>calorum</strong></span> <span class='ocrx_word' id='word_1_758' title='bbox 2255 3865 2268 3888; x_wconf 88' lang='lat'><strong>,</strong></span> <span class='ocrx_word' id='word_1_759' title='bbox 2312 3839 2467 3895; x_wconf 89' lang='lat' dir='ltr'><strong>quam</strong></span> <span class='ocrx_word' id='word_1_760' title='bbox 2522 3825 2773 3880; x_wconf 86' lang='lat' dir='ltr'><strong>Dominus</strong></span> <span class='ocrx_word' id='word_1_761' title='bbox 2819 3827 3085 3884; x_wconf 90' lang='lat' dir='ltr'><strong>oblatione</strong></span> <span class='ocrx_word' id='word_1_762' title='bbox 3131 3828 3422 3884; x_wconf 89' lang='lat' dir='ltr'><strong>holocausti</strong></span> <span class='ocrx_word' id='word_1_763' title='bbox 3463 3833 3569 3899; x_wconf 90' lang='lat' dir='ltr'><strong>sui,</strong></span> 
     </span>
    </p>
   </div>
   <div class='ocr_carea' id='block_1_100' title="bbox 1993 3915 3571 3991">
    <p class='ocr_par' dir='ltr' id='par_1_100' title="bbox 1993 3915 3571 3991">
     <span class='ocr_line' id='line_1_100' title="bbox 1993 3915 3571 3991; baseline 0.005 -20"><span class='ocrx_word' id='word_1_764' title='bbox 1993 3915 2133 3986; x_wconf 89' lang='lat' dir='ltr'><strong>quod</strong></span> <span class='ocrx_word' id='word_1_765' title='bbox 2157 3916 2207 3970; x_wconf 92' lang='lat' dir='ltr'><strong>in</strong></span> <span class='ocrx_word' id='word_1_766' title='bbox 2230 3917 2392 3970; x_wconf 83' lang='lat' dir='ltr'><strong>veteri</strong></span> <span class='ocrx_word' id='word_1_767' title='bbox 2415 3917 2714 3972; x_wconf 90' lang='lat' dir='ltr'><strong>sacerdotio</strong></span> <span class='ocrx_word' id='word_1_768' title='bbox 2737 3919 3073 3987; x_wconf 88' lang='lat' dir='ltr'><strong>ﬁgurabatur,</strong></span> <span class='ocrx_word' id='word_1_769' title='bbox 3098 3921 3370 3991; x_wconf 90' lang='lat' dir='ltr'><strong>implevit:</strong></span> <span class='ocrx_word' id='word_1_770' title='bbox 3394 3931 3448 3977; x_wconf 91' lang='lat' dir='ltr'><strong>et</strong></span> <span class='ocrx_word' id='word_1_771' title='bbox 3471 3923 3538 3979; x_wconf 92' lang='lat' dir='ltr'><strong>ho</strong></span> <span class='ocrx_word' id='word_1_772' title='bbox 3554 3955 3571 3965; x_wconf 95' lang='lat'><strong>-</strong></span> 
     </span>
    </p>
   </div>
   <div class='ocr_carea' id='block_1_101' title="bbox 1999 4007 3574 4081">
    <p class='ocr_par' dir='ltr' id='par_1_101' title="bbox 1999 4007 3574 4081">
     <span class='ocr_line' id='line_1_101' title="bbox 1999 4007 3574 4081; baseline 0.004 -19"><span class='ocrx_word' id='word_1_773' title='bbox 1999 4008 2218 4062; x_wconf 88' lang='lat' dir='ltr'><strong>loeausti</strong></span> <span class='ocrx_word' id='word_1_774' title='bbox 2245 4007 2358 4076; x_wconf 87' lang='lat' dir='ltr'><strong>ejus</strong></span> <span class='ocrx_word' id='word_1_775' title='bbox 2389 4007 2670 4078; x_wconf 87' lang='lat' dir='ltr'><strong>imaginem</strong></span> <span class='ocrx_word' id='word_1_776' title='bbox 2699 4011 2719 4040; x_wconf 80' lang='grc'>²</span> <span class='ocrx_word' id='word_1_777' title='bbox 2747 4008 2812 4062; x_wconf 88' lang='lat' dir='ltr'><strong>ad</strong></span> <span class='ocrx_word' id='word_1_778' title='bbox 2840 4010 3149 4064; x_wconf 88' lang='lat' dir='ltr'><strong>memoriam</strong></span> <span class='ocrx_word' id='word_1_779' title='bbox 3171 4012 3432 4081; x_wconf 82' lang='lat' dir='ltr'><strong>passionis</strong></span> <span class='ocrx_word' id='word_1_780' title='bbox 3459 4028 3574 4069; x_wconf 67' lang='lat' dir='ltr'><strong>suae</strong></span> 
     </span>
    </p>
   </div>
   <div class='ocr_carea' id='block_1_102' title="bbox 1997 4097 3572 4165">
    <p class='ocr_par' dir='ltr' id='par_1_102' title="bbox 1997 4097 3572 4165">
     <span class='ocr_line' id='line_1_102' title="bbox 1997 4097 3572 4165; baseline 0.004 -13"><span class='ocrx_word' id='word_1_781' title='bbox 1997 4097 2309 4152; x_wconf 79' lang='lat' dir='ltr'><strong>inEcelesia</strong></span> <span class='ocrx_word' id='word_1_782' title='bbox 2341 4098 2711 4151; x_wconf 83' lang='lat' dir='ltr'><strong>celebrandam</strong></span> <span class='ocrx_word' id='word_1_783' title='bbox 2742 4098 2917 4165; x_wconf 89' lang='lat' dir='ltr'><strong>dedit,</strong></span> <span class='ocrx_word' id='word_1_784' title='bbox 2959 4109 3015 4153; x_wconf 92' lang='lat' dir='ltr'><strong>ut</strong></span> <span class='ocrx_word' id='word_1_785' title='bbox 3055 4111 3197 4155; x_wconf 90' lang='lat' dir='ltr'><strong>esset</strong></span> <span class='ocrx_word' id='word_1_786' title='bbox 3237 4103 3488 4157; x_wconf 79' lang='lat' dir='ltr'><strong>sacerdos</strong></span> <span class='ocrx_word' id='word_1_787' title='bbox 3518 4105 3572 4159; x_wconf 91' lang='lat' dir='ltr'><strong>in</strong></span> 
     </span>
    </p>
   </div>
   <div class='ocr_carea' id='block_1_103' title="bbox 1995 4189 3574 4255">
    <p class='ocr_par' dir='ltr' id='par_1_103' title="bbox 1995 4189 3574 4255">
     <span class='ocr_line' id='line_1_103' title="bbox 1995 4189 3574 4255; baseline 0.003 -13"><span class='ocrx_word' id='word_1_788' title='bbox 1995 4197 2268 4249; x_wconf 76' lang='lat' dir='ltr'><strong>aeternum,</strong></span> <span class='ocrx_word' id='word_1_789' title='bbox 2307 4203 2408 4240; x_wconf 90' lang='lat' dir='ltr'><strong>non</strong></span> <span class='ocrx_word' id='word_1_790' title='bbox 2442 4189 2730 4241; x_wconf 87' lang='lat' dir='ltr'><strong>secundum</strong></span> <span class='ocrx_word' id='word_1_791' title='bbox 2758 4189 2998 4242; x_wconf 89' lang='lat' dir='ltr'><strong>ordinem</strong></span> <span class='ocrx_word' id='word_1_792' title='bbox 3025 4192 3223 4255; x_wconf 87' lang='lat' dir='ltr'><strong>Aaron,</strong></span> <span class='ocrx_word' id='word_1_793' title='bbox 3256 4192 3348 4244; x_wconf 91' lang='lat' dir='ltr'><strong>sed</strong></span> <span class='ocrx_word' id='word_1_794' title='bbox 3380 4207 3574 4247; x_wconf 68' lang='lat' dir='ltr'><strong>secun-</strong></span> 
     </span>
    </p>
   </div>
   <div class='ocr_carea' id='block_1_104' title="bbox 1998 4277 3571 4350">
    <p class='ocr_par' dir='ltr' id='par_1_104' title="bbox 1998 4277 3571 4350">
     <span class='ocr_line' id='line_1_104' title="bbox 1998 4277 3571 4350; baseline 0.004 -18"><span class='ocrx_word' id='word_1_795' title='bbox 1998 4294 2117 4332; x_wconf 85' lang='lat' dir='ltr'><strong>cnm</strong></span> <span class='ocrx_word' id='word_1_796' title='bbox 2145 4277 2384 4331; x_wconf 90' lang='lat' dir='ltr'><strong>ordinem</strong></span> <span class='ocrx_word' id='word_1_797' title='bbox 2417 4278 2798 4331; x_wconf 86' lang='lat' dir='ltr'><strong>Melchisedech</strong></span> <span class='ocrx_word' id='word_1_798' title='bbox 2828 4277 3024 4350; x_wconf 76' lang='lat' dir='ltr'><strong>(Hebr.</strong></span> <span class='ocrx_word' id='word_1_799' title='bbox 3047 4296 3121 4344; x_wconf 74' lang='grc' dir='ltr'><strong>γι,</strong></span> <span class='ocrx_word' id='word_1_800' title='bbox 3149 4280 3273 4349; x_wconf 76' lang='grc'><strong>20).</strong></span> <span class='ocrx_word' id='word_1_801' title='bbox 3305 4279 3464 4349; x_wconf 84' lang='lat' dir='ltr'><strong>Cujus</strong></span> <span class='ocrx_word' id='word_1_802' title='bbox 3494 4286 3571 4338; x_wconf 87' lang='lat' dir='ltr'><strong>rei</strong></span> 
     </span>
    </p>
   </div>
   <div class='ocr_carea' id='block_1_105' title="bbox 1997 4368 3570 4440">
    <p class='ocr_par' dir='ltr' id='par_1_105' title="bbox 1997 4368 3570 4440">
     <span class='ocr_line' id='line_1_105' title="bbox 1997 4368 3570 4440; baseline 0.002 -17"><span class='ocrx_word' id='word_1_803' title='bbox 1997 4378 2384 4424; x_wconf 86' lang='lat' dir='ltr'><strong>sacramentum</strong></span> <span class='ocrx_word' id='word_1_804' title='bbox 2426 4368 2728 4437; x_wconf 82' lang='lat' dir='ltr'><strong>diligentius</strong></span> <span class='ocrx_word' id='word_1_805' title='bbox 2779 4369 2951 4424; x_wconf 89' lang='lat' dir='ltr'><strong>adhuc</strong></span> <span class='ocrx_word' id='word_1_806' title='bbox 2993 4370 3318 4425; x_wconf 89' lang='lat' dir='ltr'><strong>considerari</strong></span> <span class='ocrx_word' id='word_1_807' title='bbox 3375 4381 3570 4440; x_wconf 81' lang='lat' dir='ltr'><strong>potest.</strong></span> 
     </span>
    </p>
   </div>
   <div class='ocr_carea' id='block_1_106' title="bbox 2001 4458 3572 4530">
    <p class='ocr_par' dir='ltr' id='par_1_106' title="bbox 2001 4458 3572 4530">
     <span class='ocr_line' id='line_1_106' title="bbox 2001 4458 3572 4530; baseline 0 -15"><span class='ocrx_word' id='word_1_808' title='bbox 2001 4459 2104 4515; x_wconf 90' lang='lat' dir='ltr'><strong>Sed</strong></span> <span class='ocrx_word' id='word_1_809' title='bbox 2134 4470 2348 4528; x_wconf 88' lang='lat' dir='ltr'><strong>propter</strong></span> <span class='ocrx_word' id='word_1_810' title='bbox 2377 4459 2509 4513; x_wconf 78' lang='lat' dir='ltr'><strong>duos</strong></span> <span class='ocrx_word' id='word_1_811' title='bbox 2543 4458 2713 4527; x_wconf 88' lang='lat' dir='ltr'><strong>pisces</strong></span> <span class='ocrx_word' id='word_1_812' title='bbox 2737 4501 2752 4525; x_wconf 94' lang='lat'><strong>,</strong></span> <span class='ocrx_word' id='word_1_813' title='bbox 2799 4461 2850 4512; x_wconf 92' lang='lat' dir='ltr'><strong>in</strong></span> <span class='ocrx_word' id='word_1_814' title='bbox 2890 4460 3080 4528; x_wconf 89' lang='lat' dir='ltr'><strong>quibus</strong></span> <span class='ocrx_word' id='word_1_815' title='bbox 3117 4460 3250 4515; x_wconf 90' lang='lat' dir='ltr'><strong>duas</strong></span> <span class='ocrx_word' id='word_1_816' title='bbox 3279 4475 3532 4530; x_wconf 79' lang='lat' dir='ltr'><strong>personas</strong></span> <span class='ocrx_word' id='word_1_817' title='bbox 3557 4505 3572 4528; x_wconf 93' lang='lat'><strong>,</strong></span> 
     </span>
    </p>
   </div>
   <div class='ocr_carea' id='block_1_107' title="bbox 2001 4549 3578 4620">
    <p class='ocr_par' dir='ltr' id='par_1_107' title="bbox 2001 4549 3578 4620">
     <span class='ocr_line' id='line_1_107' title="bbox 2001 4549 3578 4620; baseline -0.001 -16"><span class='ocrx_word' id='word_1_818' title='bbox 2001 4550 2200 4620; x_wconf 90' lang='lat' dir='ltr'><strong>regiam</strong></span> <span class='ocrx_word' id='word_1_819' title='bbox 2233 4558 2286 4602; x_wconf 90' lang='lat' dir='ltr'><strong>et</strong></span> <span class='ocrx_word' id='word_1_820' title='bbox 2320 4549 2704 4613; x_wconf 81' lang='lat' dir='ltr'><strong>sacerdotalem</strong></span> <span class='ocrx_word' id='word_1_821' title='bbox 2736 4549 2984 4619; x_wconf 84' lang='lat' dir='ltr'><strong>figuratas</strong></span> <span class='ocrx_word' id='word_1_822' title='bbox 3019 4565 3138 4606; x_wconf 89' lang='lat' dir='ltr'><strong>esse</strong></span> <span class='ocrx_word' id='word_1_823' title='bbox 3165 4550 3420 4616; x_wconf 64' lang='lat' dir='ltr'><strong>diximus,</strong></span> <span class='ocrx_word' id='word_1_824' title='bbox 3448 4550 3578 4611; x_wconf 68' lang='lat' dir='ltr'><strong>bat-.-</strong></span> 
     </span>
    </p>
   </div>
   <div class='ocr_carea' id='block_1_108' title="bbox 2003 4640 3034 4696">
    <p class='ocr_par' dir='ltr' id='par_1_108' title="bbox 2003 4640 3034 4696">
     <span class='ocr_line' id='line_1_108' title="bbox 2003 4640 3034 4696; baseline -0.004 0"><span class='ocrx_word' id='word_1_825' title='bbox 2003 4651 2160 4696; x_wconf 90' lang='lat' dir='ltr'><strong>tenus</strong></span> <span class='ocrx_word' id='word_1_826' title='bbox 2185 4640 2308 4693; x_wconf 90' lang='lat' dir='ltr'><strong>hinc</strong></span> <span class='ocrx_word' id='word_1_827' title='bbox 2339 4648 2614 4693; x_wconf 83' lang='lat' dir='ltr'><strong>tractatum</strong></span> <span class='ocrx_word' id='word_1_828' title='bbox 2646 4656 2764 4696; x_wconf 87' lang='lat' dir='ltr'><strong>esse</strong></span> <span class='ocrx_word' id='word_1_829' title='bbox 2788 4640 3034 4694; x_wconf 90' lang='lat' dir='ltr'><strong>sufﬁciat.</strong></span> 
     </span>
    </p>
   </div>
   <div class='ocr_carea' id='block_1_109' title="bbox 2073 4730 3572 4801">
    <p class='ocr_par' dir='ltr' id='par_1_109' title="bbox 2073 4730 3572 4801">
     <span class='ocr_line' id='line_1_109' title="bbox 2073 4730 3572 4801; baseline 0.002 -15"><span class='ocrx_word' id='word_1_830' title='bbox 2073 4734 2124 4786; x_wconf 77' lang='grc'><strong>5.</strong></span> <span class='ocrx_word' id='word_1_831' title='bbox 2155 4730 2306 4798; x_wconf 84' lang='lat' dir='ltr'><strong>Quod</strong></span> <span class='ocrx_word' id='word_1_832' title='bbox 2347 4741 2524 4784; x_wconf 85' lang='lat' dir='ltr'><strong>autem</strong></span> <span class='ocrx_word' id='word_1_833' title='bbox 2555 4746 2716 4799; x_wconf 81' lang='lat' dir='ltr'><strong>super</strong></span> <span class='ocrx_word' id='word_1_834' title='bbox 2745 4730 2920 4785; x_wconf 89' lang='lat' dir='ltr'><strong>fenum</strong></span> <span class='ocrx_word' id='word_1_835' title='bbox 2957 4731 3115 4786; x_wconf 84' lang='lat' dir='ltr'><strong>turba</strong></span> <span class='ocrx_word' id='word_1_836' title='bbox 3149 4731 3235 4786; x_wconf 88' lang='lat' dir='ltr'><strong>illa</strong></span> <span class='ocrx_word' id='word_1_837' title='bbox 3275 4733 3572 4801; x_wconf 74' lang='lat' dir='ltr'><strong>discubuit,</strong></span> 
     </span>
    </p>
   </div>
   <div class='ocr_carea' id='block_1_110' title="bbox 2001 4819 3572 4894">
    <p class='ocr_par' dir='ltr' id='par_1_110' title="bbox 2001 4819 3572 4894">
     <span class='ocr_line' id='line_1_110' title="bbox 2001 4819 3572 4894; baseline 0.001 -18"><span class='ocrx_word' id='word_1_838' title='bbox 2001 4823 2261 4892; x_wconf 87' lang='lat' dir='ltr'><strong>signiﬁcat</strong></span> <span class='ocrx_word' id='word_1_839' title='bbox 2281 4836 2372 4874; x_wconf 92' lang='lat' dir='ltr'><strong>cos</strong></span> <span class='ocrx_word' id='word_1_840' title='bbox 2393 4822 2477 4890; x_wconf 88' lang='lat' dir='ltr'><strong>qui</strong></span> <span class='ocrx_word' id='word_1_841' title='bbox 2505 4821 2902 4874; x_wconf 81' lang='lat' dir='ltr'><strong>Testamentum</strong></span> <span class='ocrx_word' id='word_1_842' title='bbox 2923 4819 3088 4875; x_wconf 83' lang='lat' dir='ltr'><strong>Vetus</strong></span> <span class='ocrx_word' id='word_1_843' title='bbox 3105 4833 3436 4892; x_wconf 83' lang='lat' dir='ltr'><strong>acceperant;</strong></span> <span class='ocrx_word' id='word_1_844' title='bbox 3452 4827 3572 4894; x_wconf 75' lang='lat' dir='ltr'><strong>quia</strong></span> 
     </span>
    </p>
   </div>
   <div class='ocr_carea' id='block_1_111' title="bbox 2004 4909 3570 4984">
    <p class='ocr_par' dir='ltr' id='par_1_111' title="bbox 2004 4909 3570 4984">
     <span class='ocr_line' id='line_1_111' title="bbox 2004 4909 3570 4984; baseline 0 -17"><span class='ocrx_word' id='word_1_845' title='bbox 2004 4930 2220 4984; x_wconf 87' lang='lat' dir='ltr'><strong>regnum</strong></span> <span class='ocrx_word' id='word_1_846' title='bbox 2264 4909 2340 4965; x_wconf 86' lang='lat' dir='ltr'><strong>eis</strong></span> <span class='ocrx_word' id='word_1_847' title='bbox 2371 4911 2661 4980; x_wconf 85' lang='lat' dir='ltr'><strong>temporale</strong></span> <span class='ocrx_word' id='word_1_848' title='bbox 2701 4919 2755 4965; x_wconf 89' lang='lat' dir='ltr'><strong>et</strong></span> <span class='ocrx_word' id='word_1_849' title='bbox 2791 4910 3083 4966; x_wconf 81' lang='lat' dir='ltr'><strong>Jerusalem</strong></span> <span class='ocrx_word' id='word_1_850' title='bbox 3112 4911 3419 4983; x_wconf 72' lang='lat' dir='ltr'><strong>temporalis</strong></span> <span class='ocrx_word' id='word_1_851' title='bbox 3457 4932 3522 4983; x_wconf 86' lang='lat' dir='ltr'><strong>pr.</strong></span> <span class='ocrx_word' id='word_1_852' title='bbox 3536 4933 3570 4967; x_wconf 70' lang='lat' dir='ltr'><strong>tv</strong></span> 
     </span>
    </p>
   </div>
   <div class='ocr_carea' id='block_1_112' title="bbox 2002 5002 3568 5069">
    <p class='ocr_par' dir='ltr' id='par_1_112' title="bbox 2002 5002 3568 5069">
     <span class='ocr_line' id='line_1_112' title="bbox 2002 5002 3568 5069; baseline 0.003 -11"><span class='ocrx_word' id='word_1_853' title='bbox 2002 5003 2326 5068; x_wconf 89' lang='lat' dir='ltr'><strong>mittebatur,</strong></span> <span class='ocrx_word' id='word_1_854' title='bbox 2354 5002 2404 5055; x_wconf 90' lang='lat' dir='ltr'><strong>in</strong></span> <span class='ocrx_word' id='word_1_855' title='bbox 2446 5017 2540 5069; x_wconf 92' lang='lat' dir='ltr'><strong>spe</strong></span> <span class='ocrx_word' id='word_1_856' title='bbox 2589 5002 2790 5055; x_wconf 86' lang='lat' dir='ltr'><strong>carnali</strong></span> <span class='ocrx_word' id='word_1_857' title='bbox 2831 5002 3119 5058; x_wconf 88' lang='lat' dir='ltr'><strong>collocatos</strong></span> <span class='ocrx_word' id='word_1_858' title='bbox 3167 5004 3348 5059; x_wconf 87' lang='lat' dir='ltr'><strong>fuisse.</strong></span> <span class='ocrx_word' id='word_1_859' title='bbox 3399 5005 3568 5062; x_wconf 71' lang='lat' dir='ltr'><strong>0mm</strong></span> 
     </span>
    </p>
   </div>
   <div class='ocr_carea' id='block_1_113' title="bbox 2005 5095 3561 5170">
    <p class='ocr_par' dir='ltr' id='par_1_113' title="bbox 2005 5095 3561 5170">
     <span class='ocr_line' id='line_1_113' title="bbox 2005 5095 3561 5170; baseline -0.002 -15"><span class='ocrx_word' id='word_1_860' title='bbox 2005 5102 2144 5156; x_wconf 90' lang='lat' dir='ltr'><strong>enim</strong></span> <span class='ocrx_word' id='word_1_861' title='bbox 2171 5116 2288 5151; x_wconf 84' lang='lat' dir='ltr'><strong>caro</strong></span> <span class='ocrx_word' id='word_1_862' title='bbox 2319 5097 2509 5166; x_wconf 79' lang='lat' dir='ltr'><strong>fenum,</strong></span> <span class='ocrx_word' id='word_1_863' title='bbox 2534 5105 2580 5148; x_wconf 82' lang='lat' dir='ltr'><strong>et</strong></span> <span class='ocrx_word' id='word_1_864' title='bbox 2608 5095 2813 5149; x_wconf 80' lang='lat' dir='ltr'><strong>claritas</strong></span> <span class='ocrx_word' id='word_1_865' title='bbox 2841 5097 3056 5150; x_wconf 69' lang='lat' dir='ltr'><strong>hominis</strong></span> <span class='ocrx_word' id='word_1_866' title='bbox 3082 5105 3134 5149; x_wconf 83' lang='lat' dir='ltr'><strong>ut</strong></span> <span class='ocrx_word' id='word_1_867' title='bbox 3163 5099 3259 5166; x_wconf 80' lang='lat' dir='ltr'><strong>ﬂos</strong></span> <span class='ocrx_word' id='word_1_868' title='bbox 3285 5098 3388 5168; x_wconf 73' lang='lat' dir='ltr'><strong>feni</strong></span> <span class='ocrx_word' id='word_1_869' title='bbox 3412 5097 3426 5170; x_wconf 63' lang='grc' dir='ltr'><em>ι</em></span> <span class='ocrx_word' id='word_1_870' title='bbox 3452 5098 3561 5153; x_wconf 76' lang='lat' dir='ltr'><strong>Isti.</strong></span> 
     </span>
    </p>
   </div>
   <div class='ocr_carea' id='block_1_114' title="bbox 2003 5185 3578 5260">
    <p class='ocr_par' dir='ltr' id='par_1_114' title="bbox 2003 5185 3578 5260">
     <span class='ocr_line' id='line_1_114' title="bbox 2003 5185 3578 5260; baseline -0.002 -15"><span class='ocrx_word' id='word_1_871' title='bbox 2003 5207 2092 5257; x_wconf 68' lang='lat' dir='ltr'><strong>xc,</strong></span> <span class='ocrx_word' id='word_1_872' title='bbox 2121 5190 2206 5260; x_wconf 82' lang='lat' dir='ltr'><strong>ﬁ).</strong></span> <span class='ocrx_word' id='word_1_873' title='bbox 2244 5186 2395 5255; x_wconf 80' lang='lat' dir='ltr'><strong>Quod</strong></span> <span class='ocrx_word' id='word_1_874' title='bbox 2427 5195 2601 5240; x_wconf 90' lang='lat' dir='ltr'><strong>autem</strong></span> <span class='ocrx_word' id='word_1_875' title='bbox 2630 5185 2696 5240; x_wconf 90' lang='lat' dir='ltr'><strong>de</strong></span> <span class='ocrx_word' id='word_1_876' title='bbox 2726 5186 2962 5256; x_wconf 90' lang='lat' dir='ltr'><strong>reliquiis</strong></span> <span class='ocrx_word' id='word_1_877' title='bbox 3002 5185 3412 5256; x_wconf 87' lang='lat' dir='ltr'><strong>fragmenlorum</strong></span> <span class='ocrx_word' id='word_1_878' title='bbox 3443 5188 3504 5248; x_wconf 78' lang='lat' dir='ltr'><strong>du</strong></span> <span class='ocrx_word' id='word_1_879' title='bbox 3526 5203 3578 5242; x_wconf 68' lang='lat' dir='ltr'><strong>tt-</strong></span> 
     </span>
    </p>
   </div>
   <div class='ocr_carea' id='block_1_115' title="bbox 2004 5277 3578 5350">
    <p class='ocr_par' dir='ltr' id='par_1_115' title="bbox 2004 5277 3578 5350">
     <span class='ocr_line' id='line_1_115' title="bbox 2004 5277 3578 5350; baseline -0.003 -12"><span class='ocrx_word' id='word_1_880' title='bbox 2004 5281 2173 5338; x_wconf 90' lang='lat' dir='ltr'><strong>decim</strong></span> <span class='ocrx_word' id='word_1_881' title='bbox 2201 5278 2411 5350; x_wconf 88' lang='lat' dir='ltr'><strong>cophini</strong></span> <span class='ocrx_word' id='word_1_882' title='bbox 2444 5277 2797 5332; x_wconf 86' lang='lat' dir='ltr'><strong>buccellarum</strong></span> <span class='ocrx_word' id='word_1_883' title='bbox 2838 5278 3024 5347; x_wconf 89' lang='lat' dir='ltr'><strong>repleti</strong></span> <span class='ocrx_word' id='word_1_884' title='bbox 3054 5287 3204 5346; x_wconf 90' lang='lat' dir='ltr'><strong>sunt,</strong></span> <span class='ocrx_word' id='word_1_885' title='bbox 3247 5278 3509 5349; x_wconf 69' lang='lat' dir='ltr'><strong>signiﬁcat</strong></span> <span class='ocrx_word' id='word_1_886' title='bbox 3527 5289 3578 5334; x_wconf 79' lang='lat' dir='ltr'><strong>at</strong></span> 
     </span>
    </p>
   </div>
   <div class='ocr_carea' id='block_1_116' title="bbox 2070 5464 3372 5530">
    <p class='ocr_par' dir='ltr' id='par_1_116' title="bbox 2070 5464 3372 5530">
     <span class='ocr_line' id='line_1_116' title="bbox 2070 5464 3372 5530; baseline -0.006 -14"><span class='ocrx_word' id='word_1_887' title='bbox 2070 5471 2083 5500; x_wconf 84' lang='grc'>¹</span> <span class='ocrx_word' id='word_1_888' title='bbox 2124 5477 2168 5516; x_wconf 92' lang='lat' dir='ltr'><strong>In</strong></span> <span class='ocrx_word' id='word_1_889' title='bbox 2191 5467 2436 5529; x_wconf 89' lang='lat' dir='ltr'><strong>plerisque</strong></span> <span class='ocrx_word' id='word_1_890' title='bbox 2459 5473 2583 5530; x_wconf 45' lang='lat'><strong>3355.,</strong></span> <span class='ocrx_word' id='word_1_891' title='bbox 2607 5464 2977 5530; x_wconf 74' lang='lat' dir='ltr'><strong>gmwratimmm.</strong></span> <span class='ocrx_word' id='word_1_892' title='bbox 3014 5471 3135 5530; x_wconf 64' lang='lat' dir='ltr'><strong>Ajan</strong></span> <span class='ocrx_word' id='word_1_893' title='bbox 3152 5475 3251 5530; x_wconf 67' lang='lat' dir='ltr'><strong>eos,</strong></span> <span class='ocrx_word' id='word_1_894' title='bbox 3277 5468 3372 5509; x_wconf 88' lang='lat' dir='ltr'><strong>etc.</strong></span> 
     </span>
    </p>
   </div>
   <div class='ocr_carea' id='block_1_117' title="bbox 2070 5520 3580 5588">
    <p class='ocr_par' dir='ltr' id='par_1_117' title="bbox 2070 5520 3580 5588">
     <span class='ocr_line' id='line_1_117' title="bbox 2070 5520 3580 5588; baseline -0.006 -10"><span class='ocrx_word' id='word_1_895' title='bbox 2070 5533 2089 5561; x_wconf 83' lang='grc'>²</span> <span class='ocrx_word' id='word_1_896' title='bbox 2123 5520 2240 5578; x_wconf 77' lang='lat' dir='ltr'><strong>&#39;Ires</strong></span> <span class='ocrx_word' id='word_1_897' title='bbox 2263 5520 2369 5577; x_wconf 59' lang='lat' dir='ltr'><strong>MSS:</strong></span> <span class='ocrx_word' id='word_1_898' title='bbox 2395 5520 2894 5588; x_wconf 35' lang='lat' dir='ltr'><strong>Hegiusfpavarricus</strong></span> <span class='ocrx_word' id='word_1_899' title='bbox 2911 5533 2968 5588; x_wconf 87' lang='lat' dir='ltr'><strong>et</strong></span> <span class='ocrx_word' id='word_1_900' title='bbox 2990 5521 3294 5588; x_wconf 52' lang='lat' dir='ltr'><strong>tgticliaelinus</strong></span> <span class='ocrx_word' id='word_1_901' title='bbox 3311 5555 3326 5579; x_wconf 88' lang='lat'><strong>,</strong></span> <span class='ocrx_word' id='word_1_902' title='bbox 3349 5520 3580 5583; x_wconf 75' lang='lat' dir='ltr'><strong>magnitu-</strong></span> 
     </span>
    </p>
   </div>
   <div class='ocr_carea' id='block_1_118' title="bbox 2006 5582 3580 5650">
    <p class='ocr_par' dir='ltr' id='par_1_118' title="bbox 2006 5582 3580 5650">
     <span class='ocr_line' id='line_1_118' title="bbox 2006 5582 3580 5650; baseline -0.006 -10"><span class='ocrx_word' id='word_1_903' title='bbox 2006 5592 2167 5640; x_wconf 80' lang='lat' dir='ltr'><strong>dinem</strong></span> <span class='ocrx_word' id='word_1_904' title='bbox 2186 5596 2230 5639; x_wconf 80' lang='lat' dir='ltr'><strong>ct</strong></span> <span class='ocrx_word' id='word_1_905' title='bbox 2252 5582 2520 5650; x_wconf 63' lang='lat' dir='ltr'><strong>imagitmﬁt.</strong></span> <span class='ocrx_word' id='word_1_906' title='bbox 2546 5582 2817 5650; x_wconf 85' lang='lat' dir='ltr'><strong>Quanquam</strong></span> <span class='ocrx_word' id='word_1_907' title='bbox 2855 5587 2920 5635; x_wconf 88' lang='lat' dir='ltr'><strong>ibi</strong></span> <span class='ocrx_word' id='word_1_908' title='bbox 2957 5582 3257 5634; x_wconf 79' lang='lat' dir='ltr'><strong>Michaelfaus</strong></span> <span class='ocrx_word' id='word_1_909' title='bbox 3276 5588 3410 5631; x_wconf 86' lang='lat' dir='ltr'><strong>caret</strong></span> <span class='ocrx_word' id='word_1_910' title='bbox 3430 5582 3580 5645; x_wconf 69' lang='lat' dir='ltr'><strong>copur</strong></span> 
     </span>
    </p>
   </div>
   <div class='ocr_carea' id='block_1_119' title="bbox 2009 5651 2500 5714">
    <p class='ocr_par' dir='ltr' id='par_1_119' title="bbox 2009 5651 2500 5714">
     <span class='ocr_line' id='line_1_119' title="bbox 2009 5651 2500 5714; baseline -0.002 -14"><span class='ocrx_word' id='word_1_911' title='bbox 2009 5653 2148 5702; x_wconf 85' lang='lat' dir='ltr'><strong>lativa</strong></span> <span class='ocrx_word' id='word_1_912' title='bbox 2173 5651 2415 5714; x_wconf 70' lang='lat' dir='ltr'><strong>particula,</strong></span> <span class='ocrx_word' id='word_1_913' title='bbox 2439 5656 2500 5699; x_wconf 80' lang='lat' dir='ltr'><strong>et.</strong></span> 
     </span>
    </p>
   </div>
   <div class='ocr_carea' id='block_1_120' title="bbox 2072 5711 2646 5775">
    <p class='ocr_par' dir='ltr' id='par_1_120' title="bbox 2072 5711 2646 5775">
     <span class='ocr_line' id='line_1_120' title="bbox 2072 5711 2646 5775; baseline 0.003 -16"><span class='ocrx_word' id='word_1_914' title='bbox 2072 5716 2143 5775; x_wconf 80' lang='lat' dir='ltr'><strong>(rt)</strong></span> <span class='ocrx_word' id='word_1_915' title='bbox 2173 5711 2190 5761; x_wconf 80' lang='grc' dir='ltr'>Ῑ</span> <span class='ocrx_word' id='word_1_916' title='bbox 2218 5720 2415 5761; x_wconf 74' lang='lat' dir='ltr'><strong>ttetract.</strong></span> <span class='ocrx_word' id='word_1_917' title='bbox 2444 5726 2546 5772; x_wconf 64' lang='lat' dir='ltr'><strong>(ap.</strong></span> <span class='ocrx_word' id='word_1_918' title='bbox 2571 5711 2646 5761; x_wconf 76' lang='lat'><strong>‘26.</strong></span> 
     </span>
    </p>
   </div>
  </div>
