3996 6282
441 242 505 298 εῇ
1150 226 1238 282 DE
1278 221 1587 279 DIVERSIS
1623 208 2141 288 QUASSTIONIBUS
2180 209 2460 279 LXXXIII,
2500 212 2558 269 S.
2600 210 2962 271 AUGUSTINI
3654 213 3743 270 53

443 360 511 413 tle
545 356 710 425 ipsius
754 349 910 421 chis
948 344 1294 415 adapertione
1332 348 1386 396 et
1424 334 1820 425 disputatione,
1859 341 2015 425 quam

442 419 612 505 Jndzei
641 419 960 514 reliquerant
994 445 1049 493 et
1081 436 1457 495 deseruerant,
1488 427 1718 498 repletos
1753 422 1917 478 fuisse
1940 419 2020 473 di-

444 539 678 608 scipulos
718 531 967 597 Domini,
1024 529 1076 584 in
1129 526 1319 597 quibus
1362 517 1719 577 duodenarius
1765 524 2021 608 numerus

446 600 797 699 principatum
822 630 984 679 tenet.
1015 617 1261 675 Nondum
1286 614 1429 670 enim
1468 618 1581 666 erat
1601 600 2021 699 scripturaNovi

442 694 767 776 il‘estantenti
793 756 808 782 ,
847 710 1060 782 quando
1107 706 1392 770 Dominus,
1436 700 1587 772 quasi
1628 694 1918 766 frangendo
1967 699 2022 749 et

384 786 414 881 ξι
442 807 882 883 aperiendoqnod
909 805 1097 860 durum
1124 809 1178 856 et
1200 798 1439 855 clausum
1462 800 1577 850 erat
1600 791 1652 846 in
1674 790 1835 860 Lege,
1859 786 2018 883 disci-

384 877 402 926 ί
444 877 596 973 pulos
632 877 898 971 implent,
926 911 1047 952 cum
1076 895 1155 949 eis
1180 898 1304 963 post
1343 885 1787 945 resurrectionem
1813 877 2021 973 aperuit

442 971 746 1066 Scripturas
773 1000 1002 1055 veteres,
1026 985 1283 1056 incipiens
1300 1000 1332 1037 a
1353 979 1534 1051 Moyse
1554 985 1606 1033 ct
1626 974 1875 1032 omnibus
1899 971 2023 1066 Pro-

444 1062 639 1159 phetis,
668 1085 1021 1154 interpretans
1050 1079 1154 1134 illis
1174 1076 1226 1132 in
1243 1073 1492 1130 omnibus
1509 1067 1797 1140 Scripturis
1816 1081 1934 1141 quae
1952 1062 2022 1159 de

444 1156 560 1248 ipso
603 1186 774 1233 erant.
811 1174 944 1230 Nam
975 1181 1030 1227 et
1075 1180 1199 1226 tunc
1233 1180 1358 1223 eum
1396 1163 1504 1219 duo
1540 1162 1752 1218 illorum
1790 1159 1843 1214 in
1871 1156 2021 1228 panis

444 1267 706 1322 fractione
733 1269 1094 1335 cognoverunt
1114 1257 1271 1330 (Luc.
1299 1270 1450 1322 xxxv,
1472 1252 1701 1323 27-31).

513 1358 567 1412 4.
602 1357 667 1412 Ει
699 1351 1089 1431 ἰάυοιερουιιιια
1121 1349 1290 1419 pastio
1324 1344 1541 1418 populi,
1572 1357 1691 1414 qum
1719 1340 1788 1397 de
1814 1347 2018 1410 septem

445 1449 671 1520 panibus
695 1448 828 1502 facta
852 1456 954 1511 est,
983 1443 1047 1499 ad
1074 1441 1211 1498 Novi
1237 1437 1563 1495 Testamenti
1591 1433 2021 1506 prmdicationem

443 1552 593 1597 recte
622 1538 931 1608 intelligitur
960 1535 1249 1605 pertinere.
1276 1529 1394 1585 Non
1413 1528 1555 1584 enim
1574 1526 1642 1581 ab
1665 1525 1841 1595 aliquo
1864 1538 2025 1578 evan-

441 1631 628 1703 gelista
657 1629 856 1684 dictum
892 1634 974 1681 est
1002 1624 1141 1695 quod
1169 1621 1257 1677 isti
1286 1633 1453 1691 panes
1495 1615 1776 1672 hordeacei
1808 1613 2023 1681 fuerint,

442 1724 583 1778 sicut
606 1721 674 1776 de
704 1719 809 1774 illis
837 1718 1069 1788 quinque
1092 1714 1225 1770 dixit
1260 1712 1513 1768 Joannes.
1542 1708 1671 1764 Haec
1699 1722 1826 1777 ergo
1852 1705 2025 1776 pastio

440 1815 508 1870 de
539 1810 765 1883 panibus
788 1817 991 1879 septem
1019 1807 1084 1863 ad
1109 1803 1330 1877 gratiam
1357 1803 1586 1873 pertinet
1604 1798 1878 1864 Ecclesim,
1905 1811 2025 1867 quas

443 1905 721 1968 notissima
746 1902 832 1957 illa
858 1898 1157 1969 septenario
1176 1896 1345 1952 sancti
1366 1893 1593 1964 Spiritus
1612 1890 1919 1960 operatione
1938 1903 2026 1947 re-

443 1998 581 2054 fecta
613 1996 628 2028 ¹
657 1993 1014 2065 cognoscitur.
1048 1990 1117 2045 Et
1145 1988 1266 2044 ideo
1296 2001 1400 2042 non
1423 1984 1510 2040 bic
1527 1983 1634 2040 duo
1659 1983 1835 2053 pisces
1862 1981 2027 2036 fuisse

441 2089 751 2145 scribuntur
776 2125 791 2150 ,
837 2083 975 2139 sicut
1005 2080 1056 2135 in
1096 2078 1260 2134 veteri
1293 2076 1432 2146 lege,
1465 2074 1555 2129 ubi
1582 2073 1688 2128 duo
1715 2071 1815 2126 soli
1858 2084 2025 2141 unge-

442 2178 657 2243 bantnr,
686 2190 777 2230 rex
807 2183 865 2229 et
891 2170 1173 2235 sacerdos;
1203 2168 1296 2223 sed
1326 2166 1479 2238 pauci
1505 2165 1697 2236 pisces,
1723 2163 1778 2218 id
1803 2170 1907 2229 est,
1935 2159 2029 2232 qui

442 2267 599 2341 primi
639 2265 863 2322 Domino
903 2263 1031 2319 Jesu
1074 2259 1295 2317 Christo
1335 2256 1711 2322 crcdideruut,
1737 2262 1794 2310 et
1819 2254 1873 2309 in
1911 2251 2026 2323 ejus

442 2362 660 2419 nomine
688 2360 835 2416 uncti
867 2368 1012 2423 sunt,
1044 2364 1102 2413 et
1124 2354 1273 2411 missi
1313 2353 1382 2408 ad
1418 2349 1814 2423 prmdieandum
1848 2350 2026 2407 Evan-

440 2454 636 2525 gelinm
658 2494 673 2518 ,
707 2461 762 2507 et
799 2450 864 2507 ad
908 2446 1278 2505 sustinendum
1306 2443 1669 2501 turbulentum
1697 2455 1843 2497 mare
1870 2439 2029 2510 hujus

442 2545 647 2612 saeculi,
680 2554 733 2599 ut
762 2559 858 2613 pro
889 2543 1004 2612 ipso
1037 2554 1232 2610 magno
1268 2537 1435 2608 pisce,
1465 2534 1520 2592 id
1553 2542 1655 2601 est,
1686 2549 1783 2604 pro
1815 2532 2030 2589 Christo

440 2636 709 2707 legatione
734 2634 1117 2703 fungerentur,
1166 2630 1306 2685 sicut
1352 2626 1548 2683 Paulus
1588 2624 1859 2696 apostolus
1899 2622 2031 2681 dicit

442 2725 520 2798 (ll
550 2724 668 2780 Cor.
711 2740 764 2788 ν,
805 2720 927 2795 20).
957 2721 1141 2791 Neque
1175 2721 1228 2775 in
1259 2720 1377 2791 ipsa
1414 2717 1568 2775 turba
1595 2717 1832 2788 quinque
1860 2715 2030 2772 millia

443 2818 718 2871 hominum
756 2814 990 2880 fuerunt,
1020 2814 1160 2869 sicut
1185 2812 1313 2877 illic,
1345 2810 1436 2866 ubi
1465 2809 1710 2865 carnales
1732 2807 1901 2879 iegetn
1932 2821 2025 2865 ac-

441 2910 718 2979 cipientes,
751 2907 807 2962 id
823 2913 922 2971 est,
953 2905 1185 2974 quinque
1210 2902 1455 2959 sensibus
1475 2901 1653 2957 carnis
1670 2899 1833 2955 dediti
1857 2898 2025 2971 signi-

444 2999 699 3063 ﬁcantur;
732 2997 825 3054 sed
861 3003 1088 3068 quatuor
1115 2996 1277 3051 millia
1306 2993 1513 3064 potius,
1551 3006 1660 3063 quo
1686 3005 1913 3051 numero
1950 2989 2025 3048 si-

441 3089 762 3161 gniﬁcantur
776 3087 1094 3158 spirituales,
1109 3092 1327 3156 propter
1349 3093 1578 3155 quatuor
1596 3082 1763 3141 animi
1776 3083 2023 3151 virtutes,

441 3180 635 3251 quibus
661 3180 717 3234 in
743 3179 842 3235 hac
876 3177 986 3237 vita
1020 3176 1370 3247 spiritualiter
1397 3175 1591 3231 vivitur
1612 3214 1627 3238 ,
1655 3172 1988 3244 prudentiam
2007 3215 2027 3244 ,

443 3271 851 3343 temperantiam
874 3312 887 3333 ,
934 3269 1297 3327 fortitudinem
1320 3310 1335 3334 ,
1379 3274 1436 3324 et
1472 3265 1753 3336 justitiam.
1791 3263 2033 3331 Quarum

442 3364 616 3435 prima
653 3372 738 3419 est
772 3361 1004 3433 cognitio
1047 3376 1224 3416 rerum
1262 3359 1681 3431 appetendarum
1722 3367 1777 3415 et
1816 3357 2027 3430 fugien-

443 3456 632 3515 dorum
673 3474 688 3511 :
732 3455 997 3520 secunda,
1038 3453 1326 3511 refrenatio
1366 3452 1671 3524 cupiditatis
1705 3452 1774 3509 ab
1814 3452 1879 3511 iis
1907 3466 2028 3523 quae

444 3547 810 3618 temporaliter
835 3546 1103 3603 delectant
1127 3563 1141 3601 :
1173 3546 1324 3602 tertia
1344 3586 1361 3613 ,
1392 3544 1614 3601 ﬁrmitas
1639 3544 1802 3601 animi
1830 3543 2026 3605 adver-

442 3655 539 3698 sus
566 3656 631 3697 ea
666 3655 787 3711 quze
816 3639 1177 3709 temporaliter
1216 3638 1438 3695 molesta
1472 3646 1635 3693 sunt:
1663 3646 1882 3707 quarta,
1907 3652 2033 3709 qum

441 3746 541 3803 per
576 3742 802 3789 caeteras
826 3745 1015 3788 omnes
1056 3730 1368 3787 dill'unditur
1389 3774 1406 3798 ,
1446 3729 1661 3787 dilectio
1693 3729 1789 3786 Dei
1810 3737 1869 3789 et
1903 3745 2038 3801 pros

441 3822 594 3881 ximi.

410 3950 417 3957 -
513 3915 570 3973 5.
596 3914 738 3972 Sane
763 3924 818 3971 et
837 3914 908 3972 ibi
932 3915 1170 3986 quinque
1190 3916 1352 3972 millia
1383 3914 1682 3983 hominum,
1707 3921 1762 3971 et
1790 3913 1879 3970 hic
1896 3929 2029 3986 qua-

442 4016 566 4066 tuor
591 4007 754 4063 millia
782 4007 1024 4077 exceptis
1070 4007 1384 4063 mulieribus
1420 4014 1476 4062 et
1505 4006 1686 4076 pueris
1725 4005 1885 4062 fuisse
1913 4020 2030 4063 me-

441 4106 722 4157 morantur
749 4097 977 4169 (Matth.
1008 4112 1103 4163 xv,
1132 4094 1329 4169 54-58)
1354 4114 1367 4149 :
1398 4095 1535 4166 quod
1564 4094 1693 4150 mihi
1723 4095 1934 4152 videtur
1958 4095 2037 4153 ad.

440 4186 546 4246 hoc
571 4188 842 4259 pertinere
863 4228 879 4253 ,
918 4195 979 4243 ut
1017 4186 1378 4256 intelligamus
1408 4194 1463 4241 et
1500 4186 1553 4241 in
1596 4185 1791 4257 populo
1818 4185 2028 4243 Veteris

441 4280 770 4339 Testamenti
810 4280 975 4337 fuisse
1016 4279 1277 4350 quosdam
1316 4278 1556 4335 inﬁrmos
1594 4278 1662 4334 ad
1705 4278 2027 4350 implendam

436 4369 697 4443 justitiam
738 4385 860 4440 qua:
894 4353 1186 4425 secundum
1231 4370 1403 4440 legem
1449 4379 1565 4435 est,
1600 4371 1650 4424 in
1695 4385 1796 4440 qua
1822 4368 2027 4439 justitia

441 4462 718 4533 apostolus
758 4460 953 4519 Paulus
991 4460 1107 4516 sine
1143 4460 1358 4530 querela
1394 4474 1454 4515 se
1495 4468 1867 4516 conversatum
1906 4475 2028 4516 esse

442 4553 572 4609 dicit
596 4552 865 4624 (Philipp.
898 4568 976 4619 tn,
1008 4551 1113 4624 6);
1139 4552 1304 4607 fuisse
1330 4553 1455 4607 item
1492 4552 1626 4607 alios
1646 4553 1734 4623 qui
1765 4551 1916 4609 facile
1936 4568 2024 4608 se-

442 4642 767 4699 ducerentur
794 4644 845 4696 in
881 4643 1081 4698 cultum
1114 4641 1397 4698 idolorum.
1423 4642 1553 4709 Quae
1583 4643 1688 4698 duo
1711 4658 1902 4714 genera
1924 4685 1939 4711 ,
1973 4644 2023 4699 id

442 4743 546 4799 est,
575 4733 897 4788 inﬁrmitatis
925 4744 979 4788 et
998 4734 1518 4799 erroris,mulierum
1539 4742 1593 4790 et
1618 4749 1900 4805 puerorum
1925 4749 2023 4790 no-

446 4822 679 4878 minibus
717 4824 936 4893 ﬁgurata
976 4825 1408 4880 sunt..lnﬁrmus
1442 4833 1525 4880 est
1563 4825 1706 4880 enim
1742 4825 2023 4881 mulierum

446 4930 606 4970 sexus
631 4915 698 4969 ad
727 4916 967 4971 actiones
988 4957 1002 4979 ,
1031 4926 1085 4970 ct
1128 4917 1295 4971 facilis
1324 4916 1389 4971 ad
1415 4916 1589 4972 lusum
1617 4917 1858 4986 pueritia.
1886 4917 2023 4985 Quid

438 5017 619 5061 autem
641 5006 784 5060 lusui
810 5007 999 5076 puerili
1028 5016 1131 5062 tam
1156 5008 1330 5063 simile
1349 5016 1449 5069 est.
1476 5024 1632 5078 quam
1656 5008 1793 5064 idola
1813 5010 2021 5076 colere;

441 5098 653 5169 quando
682 5108 738 5154 et
764 5098 1053 5168 Apostolus
1081 5099 1147 5154 ad
1178 5099 1278 5154 hoc
1314 5100 1493 5154 retulit
1523 5100 1623 5154 hoc
1646 5115 1813 5170 genus
1837 5115 2023 5169 snper-

442 5190 698 5255 stitionis,
725 5206 845 5247 cum
871 5191 965 5254 ait,
999 5190 1179 5263 Neque
1207 5192 1357 5247 idolis
1384 5193 1664 5257 servientes,
1697 5193 2024 5262 quemadmo-

439 5281 559 5333 dum
587 5281 793 5347 quidam
819 5297 1012 5348 eorum,
1052 5282 1180 5336 sicut
1203 5282 1445 5352 scriptum
1478 5291 1578 5349 est,
1622 5282 1768 5337 Sedit
1805 5284 2021 5353 populus

439 5374 751 5428 manducare
787 5383 835 5428 et
860 5373 1055 5439 bibere,
1084 5383 1129 5428 et
1153 5383 1476 5429 surrexerunt
1516 5373 1689 5428 ludere
1717 5373 1773 5447 (Ι
1800 5373 1918 5429 Cor.
1958 5391 2018 5441 ι,

441 5465 546 5537 7)?
586 5466 895 5530 Dlulieribus
926 5481 1054 5536 ergo
1093 5466 1294 5522 similes
1321 5474 1508 5533 erant,
1538 5466 1631 5537 qui
1664 5466 1715 5521 in
1746 5468 2015 5525 laboribus

436 5560 884 5631 exspectationis,
913 5575 1019 5631 quo
1054 5575 1222 5632 usque
1250 5559 1316 5615 ad
1353 5561 1611 5630 promissa
1647 5562 1736 5616 Dei
1776 5563 2021 5632 perveni-

499 5674 520 5707 ι
552 5674 781 5738 Verbum,
805 5674 1000 5739 refecta,
1023 5676 1301 5727 restitutum
1322 5674 1402 5726 hic
1420 5681 1497 5728 est
1519 5687 1583 5729 ex
1606 5673 1787 5741 aliquot
1808 5684 1913 5729 Mss.

2126 323 2272 389 rent,
2303 341 2406 381 non
2442 326 2665 382 viriliter
2694 336 3097 397 perseverantes
3129 336 3463 383 tentavcrunt
3492 328 3679 385 Deum
3712 345 3729 380 :

2126 417 2305 486 pueris
2332 426 2506 472 autem
2530 458 2543 482 ,
2585 419 2673 488 qui
2710 420 2960 473 sederunt
2986 422 3305 475 manducare
3330 428 3383 475 et
3413 419 3622 486 bibere,
3666 429 3734 475 et

2127 518 2468 564 surrexerunt
2495 510 2693 564 ludere.
2726 511 2837 565 Non
2869 512 3040 566 solum
3070 522 3246 567 autem
3279 512 3383 580 ibi,
3413 512 3507 569 sed
3545 515 3735 570 etiam

2128 601 2180 656 in
2203 602 2395 673 populo
2426 602 2561 658 Novi
2590 596 2915 658 Testamenti
2952 605 3040 674 qui
3069 621 3171 659 non
3200 604 3489 674 perdurant
3511 622 3732 662 occur-

2126 710 2248 750 rere
2272 696 2324 750 in
2356 696 2524 751 virum
2557 695 2845 768 perfectum
2873 694 3097 768 (Ephes.
3130 696 3333 771 ΝΛΞ),
3366 699 3446 753 vel
3477 699 3748 764 infirmi:

2127 798 2237 846 tate
2262 791 2472 858 virium,
2498 791 2582 846 vel
2609 792 2800 847 mentis
2836 792 3068 858 levitate,
3106 792 3417 849 mulieribus
3445 802 3498 850 et
3527 794 3734 864 pueris

2126 882 2469 952 comparandi
2496 891 2638 937 sunt.
2667 881 2798 937 Nam
2838 883 2941 940 illis
2966 883 3195 951 dicitur,
3224 882 3285 940 Si
3311 893 3475 939 tamen
3507 884 3734 939 initium

2126 973 2417 1028 substantia?
2434 975 2542 1045 ejus
2562 989 2716 1045 usque
2734 974 2786 1029 in
2809 974 2958 1043 ﬁnem
2979 976 3180 1045 firmum
3199 976 3498 1031 retineamus
3519 976 3733 1049 (Hebr.

2127 1080 2203 1133 ιιι,
2235 1064 2371 1137 Η);
2405 1065 2508 1121 illis
2536 1074 2746 1134 autem,
2788 1063 2964 1120 Nolite
2998 1067 3143 1138 pueri
3180 1066 3303 1138 effici
3327 1067 3587 1134 sensibus,
3626 1068 3735 1123 sed

2126 1157 2322 1211 malitia
2346 1156 2565 1226 infantes
2593 1167 2768 1224 estote,
2796 1166 2853 1211 ut
2875 1156 3100 1213 sensibus
3124 1159 3333 1230 perfecti
3359 1160 3470 1214 sitis
3504 1158 3731 1231 (ICor.

2126 1263 2247 1314 XIV,
2274 1247 2397 1320 20).
2432 1249 2499 1303 Et
2542 1249 2661 1306 ideo
2700 1266 2877 1323 neque
2911 1251 2963 1306 ia
3004 1250 3193 1306 Vetere
3214 1292 3228 1316 ,
3259 1267 3433 1324 neque
3463 1253 3516 1309 in
3554 1253 3733 1311 Novo

2127 1338 2476 1397 Testamento
2505 1343 2636 1399 tales
2655 1343 3007 1401 admittuntur
3034 1343 3101 1399 ad
3136 1359 3451 1412 numerum;
3481 1344 3578 1402 sed
3602 1344 3740 1403 sive

2130 1432 2201 1487 ibi
2232 1433 2464 1504 quinque
2495 1435 2657 1490 millia
2678 1477 2693 1502 ,
2734 1437 2847 1491 sive
2875 1435 2961 1491 hic
2995 1446 3225 1506 quatuor
3251 1437 3440 1505 millia,
3471 1437 3735 1508 exceptis

2130 1523 2443 1579 mulieribus
2467 1534 2520 1580 et
2548 1526 2726 1598 pueris
2753 1526 2912 1583 fuisse
2940 1527 3190 1582 dicuntur
3218 1526 3440 1598 (Matth.
3470 1543 3589 1595 XIV,
3623 1528 3731 1596 21,

2129 1624 2175 1670 et
2206 1630 2295 1679 xv,
2328 1615 2450 1686 58).

2200 1706 2252 1765 6.
2283 1705 2536 1773 Quamvis
2557 1722 2684 1763 vero
2709 1718 2763 1763 et
2787 1710 2894 1764 illic
2919 1717 2973 1764 et
3001 1709 3087 1765 hic
3117 1718 3333 1781 propter
3356 1710 3530 1781 ipsum
3558 1710 3737 1773 Chri-

2130 1806 2305 1861 stum,
2332 1796 2422 1868 qui
2454 1798 2667 1857 assidue
2702 1799 2753 1855 in
2785 1799 3072 1870 Scripturis
3113 1817 3269 1863 mons
3295 1803 3598 1873 appellatur
3619 1845 3637 1869 ,
3668 1812 3743 1861 ut

2130 1898 2485 1959 congruenter
2532 1891 2584 1946 in
2626 1901 2808 1947 monte
2838 1903 3061 1961 uterque
3104 1894 3333 1964 papulas
3371 1902 3731 1965 pascerctur;

2133 1980 2218 2037 hic
2249 1990 2423 2041 tamen
2451 1997 2559 2041 non
2586 1982 2637 2037 in
2678 1984 2798 2043 ferto
2824 1983 3202 2051 discumbitur,
3234 1984 3329 2041 sed
3362 1986 3416 2041 in
3443 1994 3614 2045 terra.
3645 1985 3743 2049 lbi;

2132 2075 2273 2129 enim
2313 2074 2573 2131 celsitudo
2611 2074 2808 2133 Christi
2854 2085 3071 2146 propter
3107 2079 3349 2134 carnales
3377 2078 3637 2138 homines
3674 2089 3744 2140 et

2131 2166 2429 2223 Jerusalem
2451 2175 2717 2225 terrenam
2745 2169 2945 2226 carnali
2975 2185 3072 2241 spe
3095 2180 3150 2226 et
3174 2171 3445 2229 desiderio
3473 2175 3686 2245 tegitur
3714 2192 3732 2231 :

2134 2255 2221 2312 hic
2258 2266 2434 2313 autem
2465 2266 2669 2315 remota
2706 2260 2850 2317 omni
2894 2262 3181 2333 cupiditate
3206 2265 3428 2333 carnali,
3460 2266 3743 2325 convivas

2131 2348 2265 2405 Novi
2314 2350 2637 2431 Testamenti
2662 2393 2677 2419 ,
2726 2353 2838 2422 spei
2883 2355 3243 2423 permanentis
3279 2357 3741 2426 ﬁrmamentum,

2134 2449 2384 2514 tanquam
2424 2443 2591 2514 ipsius
2625 2444 2822 2500 montis
2845 2444 3106 2513 soliditas,
3138 2446 3285 2503 nullo
3322 2445 3447 2506 fcno
3474 2448 3737 2520 interpo—

2133 2532 2239 2589 sito
2260 2533 2583 2590 continebat.
3445 2573 3448 2577 η

2206 2624 2259 2677 7.
2310 2624 2377 2679 Et
2408 2625 2659 2696 quoniam
2697 2626 2995 2684 rectissime
3022 2627 3156 2684 dicit
3191 2629 3513 2700 Apostolus,
3572 2629 3743 2689 Prius

2133 2725 2302 2772 autem
2349 2733 2502 2788 want
2549 2718 2737 2773 veniret
2779 2718 2908 2788 ﬁdes
2926 2760 2942 2786 ,
2994 2720 3086 2775 sub
3137 2719 3270 2792 Lege
3311 2720 3745 2779 custodiebantur

2135 2808 2331 2882 (Galat.
2362 2824 2441 2878 ιιι,
2470 2808 2608 2882 25);
2639 2810 2743 2866 hoc
2771 2810 3074 2882 signiﬁcare
3100 2813 3312 2868 videtur
3349 2822 3403 2869 et
3433 2814 3739 2886 Dominus,

2138 2914 2259 2956 cum
2281 2899 2502 2957 dicitde
2526 2901 2609 2957 his
2633 2916 2769 2973 quos
2796 2903 3028 2974 quinque
3052 2904 3277 2973 panibus
3302 2913 3551 2975 pastorus
3583 2915 3734 2974 erat,

2140 2989 2264 3046 Non
2299 3006 2427 3062 opus
2471 2991 2655 3046 habent
2699 2992 2808 3059 ire;
2850 2995 2939 3048 sed
2971 2993 3090 3049 date
3129 2994 3231 3049 illis
3275 3011 3362 3050 eos
3409 2996 3734 3053 manducare

2137 3079 2362 3157 (Matth.
2409 3099 2527 3150 xiv,
2563 3082 2686 3156 l6).
2726 3084 2838 3141 Sub
2877 3085 2961 3141 bis
2996 3094 3177 3149 autem
3215 3089 3392 3145 verbis
3424 3090 3734 3161 ﬁguraliter

2139 3182 2386 3246 tanquam
2424 3174 2798 3231 custodiendi‘
2838 3176 3176 3246 detinentur,
3221 3193 3341 3234 cum
3384 3180 3487 3236 hoc
3536 3180 3731 3237 admo-

2135 3266 2376 3323 nuissent
2402 3266 2671 3338 discipuli,
2694 3275 2747 3322 ut
2774 3267 3063 3324 dimitteret
3099 3285 3212 3325 eos.
3247 3269 3417 3339 Hujus
3443 3286 3581 3327 vero
3608 3283 3733 3329 tur-

2132 3360 2235 3427 bae,
2267 3375 2387 3431 qua:
2415 3359 2483 3416 ad
2511 3367 2716 3430 septem
2746 3374 2912 3430 panes
2939 3362 3187 3431 pertinet,
3219 3362 3362 3417 ultro
3386 3377 3445 3418 se
3473 3363 3728 3420 misereri

2131 3449 2299 3518 dixit,
2339 3450 2482 3522 quod
2506 3451 2618 3522 jam
2659 3453 2850 3508 tertius
2877 3451 2997 3508 dies
3034 3461 3219 3520 esset,
3248 3469 3310 3508 ex
3336 3469 3443 3525 quo
3467 3454 3527 3509 ei:
3555 3454 3728 3525 jejuni

2133 3540 2434 3600 harsissent.
2467 3543 2527 3598 ιιι
2565 3550 2677 3599 toto
2706 3543 2850 3599 enim
2886 3544 3091 3599 szeculo
3114 3545 3325 3615 generis
3363 3544 3588 3602 humani
3618 3554 3730 3602 ter-

2137 3635 2264 3691 tium
2294 3645 2507 3707 tempus
2533 3646 2638 3704 est,
2667 3651 2774 3709 quo
2795 3636 2917 3692 ﬁdei
2942 3637 3247 3693 christiana:
3265 3640 3435 3708 gratia
3463 3639 3592 3696 data
3617 3649 3724 3696 est.

2133 3729 2368 3785 Primum
2390 3742 2469 3785 est
2496 3739 2619 3787 ante
2639 3729 2857 3801 Legem,
2881 3730 3172 3786 secundant
3198 3730 3298 3787 sub
3323 3730 3482 3802 Lege,
3506 3733 3729 3791 tertium

2144 3821 2244 3877 sub
2263 3821 2462 3878 Gratia.
2490 3816 2557 3876 Et
2577 3821 2826 3894 quoniam
2848 3830 3091 3893 quartum
3117 3821 3291 3876 adhuc
3312 3831 3497 3888 restat,
3520 3837 3630 3894 quo
3656 3822 3729 3883 ad

2151 3911 2506 3985 plenissimam
2544 3927 2731 3983 pacem
2766 3913 3061 3970 Jerusalem
3103 3913 3336 3970 caelestis
3372 3917 3593 3971 venturi
3629 3929 3726 3972 su-

2143 4021 2283 4074 mus,
2313 4020 2420 4076 quo
2451 4004 2620 4059 tendit
2644 4004 2884 4075 quisquis
2930 4013 3076 4060 recte
3100 4004 3271 4061 credit
3316 4005 3372 4060 in
3408 4004 3726 4073 Christum;

2133 4103 2415 4169 propterea
2439 4111 2500 4152 se
2526 4095 2655 4151 dicit
2686 4095 2891 4153 turbam
2920 4095 3061 4151 illam
3090 4096 3317 4153 reﬁcere
3346 4097 3634 4165 Dominus,
3654 4112 3725 4154 ne

2133 4188 2383 4245 deﬁciant
2420 4189 2473 4244 in
2514 4189 2619 4244 via.
2647 4187 2751 4245 Ista
2791 4189 2934 4244 enim
2977 4189 3302 4259 dispensatio
3326 4191 3347 4221 ’
3373 4231 3389 4255 ,
3428 4204 3534 4260 qua
3565 4190 3724 4247 nobis

2132 4281 2392 4337 Dominus
2433 4280 2798 4351 temporaliter
2826 4288 2880 4336 et
2914 4281 3189 4336 visibiliter
3225 4280 3278 4335 in
3307 4279 3527 4337 homine
3551 4295 3720 4354 appa-

2131 4388 2251 4430 rere
2276 4373 2523 4444 dignatus
2543 4381 2644 4441 est,
2672 4381 2727 4428 ct
2750 4372 2898 4429 dedit
2924 4373 3077 4428 nobis
3104 4373 3293 4445 pignus
3316 4374 3574 4444 Spiritum
3595 4388 3720 4430 san-

2130 4471 2294 4526 ctum,
2327 4465 2479 4534 cujus
2498 4465 2809 4534 Operatione
2838 4464 3139 4536 septenario
3162 4473 3556 4536 vegetarcmur,
3589 4478 3723 4536 apo-

2131 4554 2314 4609 stolica
2355 4555 2672 4611 auctoritate
2714 4557 2866 4627 quasi
2917 4571 3202 4626 paucorum
3256 4558 3479 4627 piscium
3525 4569 3721 4629 sapore

2130 4647 2416 4718 conjuneto
2448 4667 2461 4702 :
2491 4647 2607 4704 lucc
2631 4663 2760 4719 ergo
2786 4649 3109 4720 dispensatio
3133 4650 3259 4721 quid
3287 4650 3429 4706 aliud
3455 4652 3584 4723 agit,
3616 4648 3719 4705 nisi

2131 4748 2192 4794 ut
2214 4740 2281 4794 ad
2311 4741 2540 4810 palmam
2561 4755 2807 4811 superate
2833 4742 3128 4797 vocationis
3153 4742 3269 4797 sine
3288 4740 3496 4798 defectu
3521 4741 3714 4797 virium

2131 4832 2413 4903 pervenire
2456 4832 2758 4902 possimus?
2808 4831 2907 4887 Per
2935 4832 3088 4901 ﬁdem
3116 4832 3248 4885 enim
3277 4831 3631 4898 ambulamus,
3669 4836 3719 4884 et

2131 4942 2232 4979 non
2270 4941 2357 4994 per
2387 4926 2601 4995 speciem
2634 4923 2716 4995 (II
2759 4925 2875 4978 Cor.
2907 4941 2958 4990 ν,
2993 4924 3046 4989 5,
3076 4925 3107 4978 7
3127 4924 3169 4994 ).
3197 4923 3262 4978 Et
3285 4923 3401 4993 ipse
3438 4921 3714 4994 apostolus

2131 5017 2325 5072 Paulus
2354 5017 2584 5071 nondum
2608 5016 2818 5072 se-dicit
2844 5015 3316 5085 comprehendisse
3340 5030 3562 5087 regnum
3589 5012 3714 5080 Dei,

2133 5108 2240 5164 Sed
2268 5125 2326 5162 ca
2347 5124 2459 5178 qme
2487 5119 2618 5162 retro
2657 5117 2773 5162 sunt
2801 5107 3000 5173 oblitus,
3033 5106 3087 5160 in
3105 5123 3166 5160 ea
3192 5122 3306 5175 qua:
3332 5116 3447 5161 ante
3474 5114 3592 5161 sunt
3619 5118 3711 5157 ea:-

2130 5212 2295 5256 tentus
2315 5243 2328 5266 ,
2360 5202 2631 5255 secundum
2676 5202 2999 5255 intentione»:
3031 5216 3211 5272 sequor
3234 5241 3249 5265 ,
3282 5200 3472 5271 inquit,
3501 5197 3572 5252 ad
3600 5195 3715 5268 pal-

2131 5313 2266 5351 mam
2284 5312 2517 5367 supcrme
2540 5295 2834 5350 vocationis.
2874 5293 3227 5349 Verumtamen
3252 5294 3303 5347 in
3329 5293 3463 5365 quod
3487 5287 3715 5363 pervcni-

2130 5407 2261 5456 ntus,
2294 5391 2345 5444 in
2365 5406 2423 5445 eo
2447 5388 2758 5444 ambulemus
2787 5387 3060 5460 (Philipp.
3097 5404 3172 5450 ιιι,
3203 5386 3430 5458 15-16);
3457 5385 3578 5456 quia
3613 5393 3712 5438 ter-

2194 5553 2210 5583 ι
2246 5550 2319 5599 sic
2338 5549 2505 5611 plures
2534 5555 2637 5599 Mss.
2677 5547 2794 5599 1⁷(ιὶιὶ
2824 5560 2973 5612 vero,
2996 5553 3223 5612 tanquam
3255 5548 3485 5602 custodia.

2129 5614 2303 5730 α’γὶιέ
2328 5607 2530 5724 ctutum,
2564 5616 2655 5663 Ista
2676 5616 2747 5665 est
2768 5610 2896 5665 enim
2917 5607 3221 5675 ίιὶςρειιὲαιὶο.
3242 5614 3384 5665 —-sic
3402 5614 3547 5666 etiam
3564 5607 3706 5672 Lugd-
