3996 6282
259 215 347 273 53

265 341 357 394 lio
385 337 481 392 die
527 333 759 389 Domino
789 329 1124 384 adhxrentes
1153 332 1205 377 ct
1242 321 1306 374 ab
1334 318 1421 372 illo
1449 317 1610 387 pasti,
1642 323 1746 360 non
1772 307 1867 361 de~

269 432 535 486 ticicmus
554 428 606 480 in
628 427 735 479 via.

356 525 416 579 8.
455 520 632 574 Etiam
676 517 765 570 hic
801 530 931 569 sane
973 509 1230 581 [)erveniri
1268 506 1332 559 ad
1367 501 1678 558 comedendi
1721 499 1876 552 tinem

277 634 402 673 non
451 613 652 685 potuit,
686 609 780 664 sed
808 608 1008 661 rrlieta:
1035 611 1157 658 sunt
1183 616 1337 655 esca»
1376 597 1489 652 Non
1519 595 1658 648 enim
1688 591 1876 644 frustra

275 711 358 765 de
393 710 580 763 futuro
606 706 808 758 dictum
833 711 936 763 est,
974 697 1221 759 Putasne,
1251 694 1448 748 ueniens
1479 689 1522 741 Ρ
1524 689 1641 742 ilius
1668 685 1879 738 hominis

277 803 520 858 inueniet
544 801 560 830 ί
584 797 736 868 ﬁdem
762 811 913 860 super
935 801 1117 844 terrain
1147 787 1304 858 (Luc.
1330 800 1481 845 xvnt,
1509 780 1616 853 8)?
1640 781 1702 833 Et
1723 778 1882 832 credo

283 900 366 952 ita
399 895 639 948 futurum
661 930 676 953 ,
706 895 924 958 propter
959 883 1209 937 mulieres
1237 889 1291 934 et
1322 891 1534 947 pueros.
1573 872 1676 928 Sed
1711 883 1882 925 tamen

279 997 510 1057 septem
542 989 754 1052 spartae
783 976 1020 1044 relirptim
1061 974 1476 1043 fmgrnentormn
1516 967 1878 1030 impleverunt,

281 1054 523 1148 att-quas
549 1070 783 1128 Ecclesia
806 1066 1154 1137 scptiformis,
1178 1079 1293 1132 qum
1314 1062 1363 1114 in
1389 1056 1703 1126 Aporalypsi
1728 1054 1884 1106 etiam

281 1145 637 1224 describitur
665 1163 856 1234 (Apoc.
890 1175 927 1222 ι,
965 1157 1053 1226 4),
1102 1155 1345 1224 pertinet,
1382 1151 1431 1204 id
1461 1158 1560 1211 est,
1597 1146 1769 1201 omnis
1800 1145 1889 1212 qui

1706 187 1904 242 LIBER
1947 186 2144 245 UNUS.
3294 217 3299 222 -
3514 177 3586 240 54

1991 305 2110 358 tatis
2164 305 2278 373 ejus
2337 306 2669 362 manifestius
2721 306 2872 361 datus
2911 314 3014 360 cst.
3077 288 3158 343 ΕΙ
3221 286 3325 345 hoc
3385 287 3585 350 (“Clum

1986 405 2097 459 est,
2140 395 2363 465 Spiritus
2407 406 2570 450 autent
2612 397 2832 450 nondum
2858 405 2962 450 erat
3013 385 3166 436 ἶηίδ
3188 395 3206 434 -'
3230 377 3283 434 id
3310 386 3415 449 θεῖν
3447 397 3584 438 non"

1987 489 2108 542 dum
2152 489 2227 543 sic
2255 498 2591 557 apparuerat,
2631 500 2687 543 ut
2714 504 2896 543 omnes
2939 506 3050 544 cur-
3107 473 3305 527 (ῖῖιίυιη
3351 489 3470 530 0858
3509 475 3586 532 fa-

1989 589 2242 634 terentur.
2284 579 2432 634 Sicut
2471 581 2628 633 etiam
2676 581 2926 634 Dominus
2963 564 3216 635 nc‘dum
3247 571 3362 618 eri“
3387 565 3586 621 οιεπίίί·

1987 683 2134 726 catus
2157 672 2293 736 inter
2321 673 2582 736 homines,
2611 672 2703 726 sed
2734 681 2906 727 tamen
2935 655 3264 726 ριθείῖσοιῖο
3290 656 3404 726 eius
3433 670 3591 715 mlef-

1991 782 2051 818 na
2080 781 2345 834 nunquam
2374 782 2492 819 esse
2525 766 2744 819 destitit.
2794 767 2940 820 Sicut
2975 751 3327 822 et!dvcnms
3355 751 3469 820 eius
3523 768 3588 808 ea

1988 857 2097 926 ipsa
2125 856 2320 910 dicitur
2344 857 2727 910 demonstratio
2757 859 2808 910 in
2830 873 2990 912 carne
3025 841 3268 910 ιιπιίιιί·
3299 841 3428 895 Nam
3460 843 3588 899 “hic

1988 949 2148 1012 venit,
2184 947 2269 1000 ubi
2295 958 2408 1000 erat
2437 965 2449 999 :
2481 949 2602 1017 quia
2631 949 2680 1001 in
2707 965 2799 1001 sua
2845 949 3055 1018 propria
3080 933 3269 997 ’τεηίιὶ
3299 942 3371 995 εἴ.
3410 934 3462 988 in
3491 937 3586 989 hoc

1987 1038 2176 1090 mundo
2197 1047 2322 1100 erat,
2348 1047 2393 1090 et
2417 1037 2631 1091 mundus
2648 1039 2912 1109 peripsum
2942 1029 3204 1108 factus?“
3223 1021 3398 1094 (Joan-
3421 1040 3458 1088 ιν
3491 1028 3579 1093 Η»

1991 1127 2098 1200 10).
2118 1130 2401 1198 Sicntergo
2419 1129 2624 1182 Domini
2640 1129 2897 1185 adventus
2911 1123 3230 1200 attollis"-ur
3253 1113 3580 1170 ἀθηῖοηεῑτίι·

1990 1225 2063 1277 tio
2089 1223 2397 1292 corporalis,
2423 1231 2603 1276 tamen
2621 1233 2742 1278 ante
2770 1222 2907 1277 hanc
2927 1205 3441 1292 dfmllS‘mlioncm
3466 1207 3580 1276 ipse

287 1256 735 1331 perseveraverit
777 1268 943 1322 usque
972 1251 1024 1303 in
1059 1249 1235 1302 tinem.
1285 1247 1376 1299 llle
1419 1243 1560 1297 enim
1593 1241 1680 1310 qui
1721 1236 1847 1292 dixit
1872 1277 1887 1301 ,

295 1355 569 1414 Putasne,
613 1349 810 1402 veniens
851 1342 898 1396 ιν
900 1342 1018 1397 ilius
1047 1339 1262 1393 hominis
1307 1335 1520 1390 inveniet
1550 1332 1701 1402 [idem
1744 1345 1893 1400 super

293 1448 542 1505 terram?
574 1441 888 1514 significavit
915 1436 1128 1507 quidem
1156 1434 1206 1486 in
1238 1440 1476 1486 extremo
1505 1424 1733 1480 convivii
1758 1426 1778 1453 ‘
1808 1438 1896 1478 rc-

291 1542 475 1611 liuqni
509 1554 668 1608 posse
711 1544 765 1590 et
799 1532 976 1588 deseri
1006 1543 1158 1584 escas
1185 1540 1310 1581 snas
1335 1542 1348 1576 :
1378 1521 1472 1578 sed
1502 1519 1750 1591 quoniam
1780 1517 1897 1586 ipse

291 1607 435 1687 item
467 1607 619 1692 dixit,
655 1628 751 1693 Qui
777 1622 1159 1693 perseveraverit
1184 1633 1338 1686 usque
1360 1616 1412 1669 in
1438 1616 1588 1682 ﬁnem
1613 1611 1654 1675 ³,
1686 1611 1766 1664 hic
1792 1607 1901 1662 sals

291 1741 393 1776 ens
420 1723 516 1773 erit
547 1722 564 1787 (
586 1718 770 1771 Matth.
799 1730 945 1775 xxiv,
975 1711 1106 1781 15);
1131 1705 1443 1778 significavit
1470 1719 1572 1757 non
1596 1700 1897 1756 defuturam

1991 1317 2042 1369 in
2084 1315 2326 1368 omnibus
2380 1314 2658 1385 Prophetis
2700 1316 2898 1370 sanctis
2939 1297 3186 1385 hamum
3221 1297 3312 1350 Dei
3345 1297 3574 1354 Verbum

1990 1415 2044 1462 et
2068 1407 2157 1461 Dei
2185 1405 2450 1475 Sapientia
2478 1381 2686 1459 locutus
2732 1417 2811 1460 est
2838 1426 2850 1460 :
2881 1377 3052 1482 εἰς,ῗὲ
3069 1385 3323 1482 ξιάνθηξυε
3344 1384 3570 1456 δρίΐίῑυε

1993 1500 2158 1555 sancti
2201 1499 2582 1553 demonstratio
2630 1499 2856 1567 Spiritus
2903 1474 3082 1567 saw"?
3112 1487 3188 1532 εει
3239 1478 3364 1546 ῖβδίδ
3411 1479 3568 1534 Etiam

1993 1500 2158 1555 sancti
2201 1499 2582 1553 demonstratio
2630 1499 2856 1567 Spiritus
2903 1475 3082 1558 sam".
3112 1487 3188 1532 εει
3239 1478 3364 1546 ῖβδίδ
3411 1479 3568 1534 Etiam

1993 1591 2160 1645 oculis
2204 1591 2430 1653 carneis,
2479 1590 2688 1658 quando
2730 1591 2866 1642 νίκης
2904 1558 3159 1653 axillis
3183 1568 3376 1624 diVisus
3411 1583 3573 1640 δυβεῐ·

1994 1697 2088 1724 ρης
2137 1691 2186 1724 Μ
2218 1690 2491 1724 emnnrnnt
2522 1681 2661 1724 lnmti
2695 1679 2881 1724 linmnis
2908 1655 3078 1724 (Αειὲθ
3129 1700 3142 1724 ν
3173 1658 3222 1721 δ’
3261 1658 3336 1724 4)·
3362 1660 3492 1715 Nam
3524 1661 3571 1718 Si

1994 1697 2108 1749 COS,
2137 1691 2191 1736 et
2218 1655 2661 1750 cwpcrunt'loqni
2695 1679 2881 1748 linguis
2908 1655 3142 1750 (Amyli.
3173 1658 3222 1721 5,
3261 1658 3336 1731 4).
3362 1660 3492 1715 Nam
3524 1661 3571 1718 si

1999 1793 2100 1831 non
2133 1783 2248 1830 erat
2283 1775 2333 1828 in
2361 1773 2665 1826 hominibus
2691 1773 2914 1839 Spiritus
2954 1753 3068 1839 sani

300 1813 648 1871 Eeelesiam,
693 1823 811 1876 qum
841 1802 1144 1873 septenario
1176 1811 1398 1853 numero
1435 1794 1651 1850 eosdem
1693 1798 1898 1860 septem

298 1919 484 1974 mnes
509 1899 863 1954 almudantius
887 1894 1124 1964 recipiat,
1150 1901 1202 1946 et
1223 1889 1500 1944 latitudine
1522 1883 1698 1940 cordis
1713 1880 1756 1949 ⁸,
1779 1895 1899 1950 qua:

298 1972 487 2063 ipsam
518 1989 967 2061 perseverantiam
999 1986 1053 2039 in
1092 1981 1292 2053 sportis
1319 1979 1529 2034 videtur
1558 1972 1857 2044 signiﬁcare
1879 2009 1896 2035 ,

299 2092 611 2140 eont'neat.

301 2201 479 2256 LXII.
525 2199 599 2254 De
625 2215 680 2252 eo
712 2196 846 2268 quod
870 2195 1110 2265 scriptum
1137 2200 1208 2246 est
1233 2189 1285 2243 in
1315 2184 1607 2257 Evangelia,
1635 2181 1766 2249 Quia
1812 2180 1904 2234 ba-

385 2292 621 2363 ptizabat
646 2289 800 2344 Jesns
826 2287 1006 2356 plures
1034 2299 1190 2354 quam
1222 2281 1487 2346 Joannes;
1514 2275 1756 2349 quamvis
1791 2272 1904 2340 ipse

387 2400 500 2438 non
530 2381 838 2450 baptizaret,
865 2376 959 2431 sed
979 2373 1222 2443 discipuli
1249 2372 1362 2442 ejus
1387 2371 1565 2441 (Joan.
1597 2385 1673 2436 tv,
1699 2366 1748 2428 l,
1781 2363 1860 2434 2).

388 2494 661 2562 Quarritur
678 2502 856 2546 utrum
880 2489 967 2560 qui
999 2487 1247 2558 baptizati
1268 2494 1390 2540 sunt
1411 2485 1501 2540 illo
1533 2496 1769 2553 tempore
1797 2496 1902 2552 quo

305 2587 578 2654 scriptum
600 2593 674 2638 est
701 2582 984 2636 Dominum
1019 2595 1116 2648 per
1142 2578 1429 2646 discipulos
1457 2591 1583 2632 suos
1608 2575 1904 2644 baptizasse

311 2681 509 2747 plures
543 2692 700 2746 quam
737 2675 972 2730 Joannes
992 2715 1006 2736 ,
1034 2670 1336 2740 acceperint
1361 2668 1614 2738 Spiritum
1641 2674 1904 2720 sanctum.

313 2775 449 2828 Alio
475 2772 618 2826 enim
653 2771 772 2824 loco
810 2766 1084 2835 Evangelii
1129 2765 1208 2819 sic
1249 2763 1442 2818 dicitur
1469 2780 1481 2816 :
1512 2760 1732 2830 Spiritus
1776 2758 1906 2811 enim

314 2864 552 2918 nondum
592 2872 698 2915 erat
727 2861 878 2913 datas
899 2899 915 2924 ,
946 2859 1064 2929 quia
1091 2856 1244 2910 Jesus
1268 2853 1490 2908 nondum
1520 2859 1625 2906 erat
1651 2849 1907 2918 clari/ica.-

317 2968 410 3010 tu:
434 2953 574 3026 (Ιώ,
609 2969 709 3017 vn,
743 2950 858 3021 '59).
895 2951 959 3004 Et
987 2948 1236 3003 facillime
1264 2946 1478 3016 quidem
1512 2944 1581 2998 ita
1616 2941 1907 3012 responde-

319 3056 436 3110 tur,
466 3044 605 3116 quod
633 3043 890 3097 Dominus
925 3041 1081 3097 Jcsus
1101 3083 1116 3104 ,
1159 3040 1249 3109 qui
1277 3038 1439 3094 etiam
1481 3045 1719 3091 mortuos
1747 3033 1912 3089 susci-

321 3139 516 3202 tabat,
563 3145 768 3206 poterat
797 3133 1066 3188 neminem
1095 3133 1310 3186 illorum
1335 3130 1472 3186 mori
1506 3129 1683 3186 sinere
1701 3168 1716 3192 ,
1744 3124 1916 3181 donec

324 3239 456 3301 post
491 3229 605 3298 ejus
643 3227 1100 3290 clariﬁcationem,
1156 3223 1208 3277 id
1255 3232 1359 3289 est,
1409 3218 1856 3277 resurrectionem
1883 3230 1912 3270 a

329 3324 560 3378 mortuis
587 3329 638 3375 ct
663 3319 1030 3375 ascensionem
1071 3316 1122 3370 in
1151 3315 1366 3379 malum,
1411 3313 1712 3380 acciperent
1741 3308 1912 3378 Spiri-

325 3426 446 3470 tum
467 3420 728 3468 sanctum.
753 3408 859 3464 Sed
885 3408 1116 3464 occurrit
1139 3406 1318 3460 animo
1342 3405 1476 3458 latro
1497 3404 1584 3458 ille
1602 3403 1688 3456 cui
1715 3401 1913 3455 dictum

318 3515 437 3571 cst,
503 3504 654 3557 Amen
701 3502 813 3555 dico
858 3500 972 3566 tibi,
1022 3497 1172 3552 hodie
1213 3512 1406 3549 mecum
1434 3494 1532 3548 eris
1561 3493 1613 3547 in
1639 3490 1914 3563 paradiso;

324 3597 424 3667 qui
459 3612 558 3651 nec
586 3596 758 3664 ipsum
803 3591 1135 3661 Baptismum
1173 3595 1448 3655 acceperat
1602 3585 1912 3652 Quanquam

327 3690 642 3752 Cornelius,
669 3695 724 3740 et
760 3683 850 3754 qui
885 3699 1004 3738 cum
1044 3697 1114 3736 eo
1141 3696 1202 3734 ex
1245 3678 1503 3734 Gentibus
1539 3675 1909 3740 crediderant,

327 3783 587 3852 Spiritum
613 3789 852 3832 sanctum
873 3776 1032 3830 etiam
1061 3773 1366 3844 priusquam
1396 3769 1792 3835 baptizarentur
1819 3779 1910 3822 nt:-

328 3876 571 3944 ceperint
600 3873 732 3942 (Act.
756 3887 822 3934 ι,
855 3871 944 3934 4t,
971 3867 1060 3938 47)
1087 3885 1101 3921 :
1126 3882 1229 3920 non
1261 3875 1436 3919 tamen
1468 3862 1623 3916 video
1645 3858 1912 3930 quomodo

330 3979 389 4023 et
433 3967 520 4020 ille
558 3966 691 4019 latro
733 3964 848 4017 sine
873 3960 1074 4030 Spiritu
1104 3965 1288 4014 sancto
1315 3956 1490 4012 dicere
1519 3953 1767 4024 potuerit,
1797 3949 1910 4004 Me-

330 4069 504 4113 mento
526 4058 636 4118 mei,
672 4054 904 4119 Domine,
932 4052 1050 4105 dum
1073 4050 1262 4103 veneris
1288 4049 1340 4101 in
1363 4063 1574 4118 regnum
1605 4055 1740 4100 tuum
1761 4042 1910 4114 (Luc.

331 4165 488 4211 um,
520 4149 608 4213 43,
635 4146 748 4220 4'2).
787 4144 950 4197 Nemo
987 4142 1128 4196 enim
1161 4139 1318 4205 dicit,
1351 4137 1599 4191 Dominus
1634 4135 1804 4198 Iesus,
1840 4134 1914 4186 ait

333 4241 646 4308 Apostolus,
669 4237 767 4290 nisi
801 4237 852 4289 in
880 4235 1079 4303 Spiritu
1108 4240 1278 4286 sancto
1309 4229 1351 4302 (1
1373 4228 1492 4285 Cor.
1521 4244 1612 4291 xu,
1644 4226 1718 4297 5).
1749 4225 1911 4294 Cujus

333 4331 458 4386 tidei
484 4330 704 4382 fructum
736 4328 848 4396 ipse
872 4325 1125 4379 Dominus
1152 4320 1465 4376 monstravit
1500 4319 1684 4374 dicens
1705 4360 1720 4384 ,
1752 4317 1913 4371 Amen

333 4423 450 4474 dico
475 4421 580 4483 tibi,
602 4419 748 4471 hodie
783 4434 975 4469 mecum
1005 4417 1100 4468 eris
1126 4415 1175 4467 in
1201 4415 1455 4483 paradiso.
1483 4410 1758 4480 Quomodo
1785 4426 1912 4480 ergo

337 4511 590 4565 ineffabili
646 4517 901 4576 potestate
950 4506 1272 4561 dominantis
1325 4505 1460 4558 Dei“
1509 4514 1668 4572 atque
1709 4500 1911 4570 justitia

337 4603 644 4670 deputatum
688 4611 768 4653 est
805 4599 969 4652 etiam
1013 4594 1276 4666 Baptisma
1327 4595 1563 4649 credenti
1605 4594 1813 4657 latroni,
1860 4599 1916 4646 et

342 4709 438 4763 pro
459 4704 674 4763 accepto
715 4693 947 4746 habitum
990 4692 1041 4744 in
1071 4690 1248 4743 animo
1284 4689 1481 4749 libero,
1523 4686 1660 4756 quod
1703 4685 1753 4738 in
1795 4700 1912 4737 cor-

344 4799 471 4852 pore
506 4784 755 4837 crucitixo
791 4781 958 4849 accipi
998 4797 1103 4834 non
1145 4778 1392 4847 poterat“
1444 4777 1520 4830 sic
1575 4778 1736 4830 etiam
1792 4774 1912 4842 Spi-

342 4876 472 4927 ritus
526 4884 740 4926 sanctus
799 4872 1025 4926 latenter
1090 4870 1314 4924 dabatur
1358 4875 1479 4920 ante
1541 4865 1750 4921 Domini
1801 4864 1911 4919 cla-

341 4966 724 5031 rilicationem;
789 4972 908 5033 post
959 4960 1437 5016 manifestationetu
1489 4965 1665 5015 autem
1719 4956 1911 5011 divini-

407 5101 422 5130 ι
435 5105 626 5167 .nat._ac
647 5097 813 5160 plures
829 5105 958 5167 foss,
987 5103 1187 5145 Putasne
1216 5092 1366 5144 veniet
1387 5091 1538 5143 Filias
1551 5090 1750 5141 nonanis
1770 5100 1814 5142 et
1837 5091 1912 5143 in-

344 5158 506 5210 veniet.
523 5161 594 5208 sic
616 5157 804 5210 rursum
827 5157 965 5206 infra.

404 5224 423 5252 ³
447 5222 579 5275 Editi,
608 5219 832 5270 convicio.
859 5225 1033 5268 Atatss.
1062 5217 1302 5280 plerique,
1329 5213 1540 5280 εοηυὶιὴἱ.

401 5283 423 5354 ἲ
445 5281 813 5354 fletique
842 5275 1659 5354 ηεαιτιδ.ι1ῑιί,ρείδβυιξνιῖικξεΐίεαξηεέξ
1680 5275 1910 5354 ittﬁnm

383 5345 420 5413 ,ι
444 5338 887 5413 EditiJatt'tudinem
909 5338 1084 5413 cordis.
1106 5338 1387 5413 Concinnius
1406 5348 1533 5400 Mss,
1546 5338 1796 5410 tq'titmuie
1808 5353 1915 5390 cor-

338 5405 548 5475 ιίὶδηρεᾴ
564 5399 628 5454 ex
656 5406 731 5475 his
753 5402 918 5475 plures
938 5405 1415 5475 sieprosequuntur':
1440 5399 1549 5475 qua:
1570 5399 1674 5465 ipsa
1698 5414 1913 5464 perseve-

336 5467 492 5517 rantia
509 5466 559 5516 in
582 5461 950 5529 synn'tis'videtur
971 5461 1249 5529 significari,
1273 5461 1519 5514 contineat.

395 5531 418 5562 ⁵
436 5535 486 5577 tn
510 5523 690 5590 aliquot
713 5534 818 5576 Mss.
843 5523 1102 5585 omittitur,
1117 5523 1219 5575 Dtt'.

394 5590 418 5620 ⁸
439 5598 635 5651 Septem
660 5597 787 5646 Mss,
805 5600 907 5651 non
919 5593 1081 5651 potest.

389 5651 462 5715 (α)
496 5658 511 5700 t
533 5656 736 5702 ttctraa.
760 5660 865 5711 cap.

3079 1955 3135 1979 Γ---
3145 1974 3184 1979 .-.
3240 1967 3242 1979 Α

1997 1958 2103 2024 vid,
2137 1957 2201 2010 Et
2233 1956 2480 2026 Spiritum
2506 1967 2736 2008 sanctum
2765 1965 2902 2004 tuum
2926 1967 2984 2002 ne
3013 1955 3194 2019 (ιιιίειναέ

2003 2068 2048 2117 ι,
2081 2050 2207 2120 15)?
2234 2052 2336 2102 Aut
2366 2046 2630 2118 quomodo
2650 2044 2862 2113 impleta
2884 2052 2965 2095 est
2996 2026 3338 2120 Elisabctml
3366 2026 3569 2118 Fleba-

2004 2143 2103 2196 rias
2132 2142 2212 2195 vir
2246 2140 2361 2210 ejus
2387 2149 2442 2193 ut
2470 2136 2865 2207 prOphetarent,
2887 2143 2938 2188 et
2969 2135 3132 2200 Anna,
3158 2148 3210 2192 et
3231 2113 3471 2212 εῆιίέῦην
3499 2121 3569 2175 d0

2007 2232 2188 2303 quibus
2212 2209 2456 2286 omnibus
2475 2227 2728 2297 scriptum
2755 2235 2836 2282 est
2855 2224 2994 2295 quod
3013 2225 3202 2293 impleti
3219 2209 3426 2303 Spit“
3439 2227 3565 2265 83n-

2007 2333 2103 2389 cto,
2128 2324 2213 2378 illa
2230 2339 2346 2393 qua:
2375 2322 2426 2375 in
2447 2318 2968 2390 Evangeliolegimus
2989 2317 3212 2372 dixerint
3235 2317 3379 2388 (Luc.
3401 2304 3562 2370 ἵζ’-Η-

2008 2413 2085 2478 45,
2110 2413 2299 2477 60-79,
2332 2423 2384 2468 et
2412 2429 2468 2471 ιι.
2495 2409 2688 2483 25-38)
2710 2410 2732 2463 τ
2755 2407 2823 2465 Ut
2852 2417 3030 2462 autem
3053 2408 3286 2477 qumdam
3320 2409 3563 2462 latentttr.

2009 2503 2240 2575 quaedam
2262 2519 2387 2559 vero
2411 2518 2508 2575 per
2531 2505 2829 2557 creaturam
2859 2499 3114 2554 visibilem
3142 2499 3504 2575 vism

2009 2601 2282 2664 operetur,
2331 2593 2561 2664 pertinet
2612 2591 2676 2645 ad
2730 2590 3556 2676 gubernatiotmuvm

2009 2701 2103 2757 qua
2148 2701 2335 2741 omnes
2374 2685 2566 2739 divina:
2605 2684 2844 2737 actiones
2884 2678 3145 2765 lg",.,}’ﬁn-.
3204 2706 3611 2765 ιρηῳονυηηυθ

2011 2731 2103 2757 ν-
2152 2731 2335 2741 ν--ι--νν
2377 2731 2566 2739 ς---η--τ
2606 2731 2842 2737 -ν-σ--η-
2884 2731 2896 2735 -
3205 2731 3306 2746 η...
3547 2731 3606 2752 ,ηε

2010 2776 2216 2832 ordine‘
2243 2791 2307 2831 ac
2339 2731 3086 2849 distinctioncAplt'.Lti'trrrima
3116 2731 3458 2849 peraguirtur,
3487 2731 3606 2840 citat

2011 2865 2114 2935 ipsa
2141 2866 2386 2922 divinitas
2415 2880 2513 2920 nec
2554 2840 2818 2923 tangitur
2843 2882 2939 2921 nec
2968 2868 3151 2936 migret
3183 2869 3332 2935 locis,
3364 2840 3462 2928 nec
3489 2886 3608 2929 ten-

2012 2956 2157 3012 datur
2184 2937 2890 3044 varietuyets’temporibus.
2943 2959 3221 3025 Quomodo
3273 2971 3449 3018 autem
3493 2969 3606 3034 ipse

2016 3039 2487 3106 Wst-cum
2520 3049 2747 3103 habebat
2774 3050 2954 3120 utique
2989 3050 3241 3119 Spiritum
3267 3067 3510 3109 sanetum
3550 3059 3601 3111 in

2019 3139 2136 3206 ipso
2166 3139 2382 3191 homine
2411 3153 2568 3206 quem
2617 3138 2852 3208 gerebat,
2901 3141 3113 3208 quando
3141 3150 3197 3195 ut
3241 3143 3601 3210 baptizaretur

2019 3229 2161 3283 venit
2177 3228 2243 3282 ad
2258 3228 2540 3292 Joannem,
2554 3237 2608 3282 et
2626 3237 2799 3282 tamen
2820 3240 3162 3301 posteaquam
3180 3233 3476 3302 baptizatus
3493 3249 3595 3299 est,

2017 3318 2344 3375 descendere
2373 3319 2438 3372 in.
2460 3334 2580 3373 eum
2603 3319 2829 3388 Spiritus
2857 3333 3074 3376 sanctus
3110 3324 3252 3378 visus
3277 3332 3361 3378 est
3410 3325 3460 3378 in
3505 3340 3601 3378 c0-

2020 3411 2215 3465 lumbrc
2242 3410 2421 3480 specie
2466 3408 2676 3480 (Matth.
2702 3416 2779 3477 nt,
2824 3413 3052 3482 1346):
3093 3415 3169 3469 sic
3200 3414 3600 3486 intelligendnm

2018 3513 2100 3560 est
2127 3515 2181 3559 et
2209 3512 2332 3558 ante
2360 3502 2698 3559 manifestum
2724 3513 2779 3559 ct
2807 3505 3070 3561 visibilem
3108 3507 3394 3562 adventurm
3425 3507 3598 3577 Spiri-

2019 3605 2102 3651 tus
2125 3596 2292 3651 sancti
2329 3610 2692 3665 quoscumque
2723 3595 2966 3652 homines
2991 3609 3204 3653 sanctos
3232 3614 3354 3654 cum
3377 3600 3603 3655 latenter

2017 3687 2213 3741 habere
2251 3686 2503 3754 potuisse.
2542 3685 2618 3740 tta
2656 3702 2787 3743 sane
2818 3688 2921 3743 hoc
2953 3688 3206 3756 diximus,
3236 3700 3293 3743 ut
3339 3690 3603 3759 intelliga-

2017 3792 2134 3832 mus
2160 3778 2319 3832 ctiam
2362 3777 2462 3831 ista
2495 3776 2607 3848 ipsa
2655 3777 2844 3833 visibili
2881 3778 3337 3834 demonstratione
3372 3780 3602 3847 Spiritus

2016 3869 2220 3932 sancti,
2253 3867 2342 3937 qui
2367 3868 2625 3922 adventus
2656 3868 2776 3937 ejus
2797 3868 3008 3934 dicitur,
3041 3869 3290 3925 ineffabili
3312 3869 3469 3923 modo
3497 3871 3600 3923 lar-

2014 3960 2132 4029 gius
2163 3958 2216 4012 in
2245 3957 2515 4012 hominum
2538 3957 2694 4012 corda
2725 3959 2806 4013 vel
2827 3958 2985 4014 etiam
3015 3958 3334 4030 incogitabili
3368 3960 3598 4030 plenitu-

2013 4049 2192 4104 dincm
2223 4048 2340 4118 ejus
2360 4047 2606 4102 infusam.

2552 4137 2732 4192 LXIil.
2777 4136 2855 4191 De
2883 4136 3062 4191 Verbo.

2087 4230 2150 4283 In
2171 4230 2419 4301 principio
2446 4239 2550 4282 erat
2589 4227 2802 4282 Verbum
2835 4225 3014 4298 (Joan.
3039 4244 3084 4295 ι,
3122 4227 3198 4300 Ι).
3242 4227 3394 4296 Quod
3419 4246 3594 4299 grmce

2017 4334 2145 4391 λόγος
2173 4324 2383 4389 dicitur,
2413 4322 2573 4378 latine
2612 4331 2668 4376 et
2695 4322 2952 4376 rationem
2983 4331 3037 4377 et
3062 4323 3282 4377 verbum
3311 4323 3592 4393 signiﬁcat.

2017 4417 2120 4471 Sed
2147 4417 2246 4470 hoc
2274 4416 2389 4470 loco
2417 4415 2608 4469 melius
2636 4414 2852 4468 verbum
2893 4409 3320 4483 interpretamur,
3352 4425 3409 4469 ut
3436 4417 3599 4486 signi-

2018 4512 2201 4564 tiectnr
2231 4526 2336 4562 non
2363 4511 2534 4564 solum
2567 4508 2631 4561 ad
2674 4508 2883 4562 Patrem
2928 4513 3201 4576 respectus
3223 4549 3238 4574 ,
3271 4508 3364 4562 sed
3408 4508 3473 4562 ad
3507 4508 3594 4564 illa

2015 4604 2172 4658 etiam
2218 4618 2335 4671 qua)
2382 4617 2474 4669 per
2522 4599 2748 4653 Verbum
2797 4597 2935 4655 facta
2963 4608 3087 4651 sunt
3111 4598 3379 4667 operativa
3412 4608 3596 4668 poten-

2019 4696 2107 4747 tia.
2141 4694 2291 4746 llatio
2317 4701 2490 4746 autem
2513 4731 2527 4758 ,
2559 4692 2656 4745 etsi
2687 4689 2816 4744 nihil
2845 4704 2939 4758 per
2963 4689 3104 4743 illam
3139 4690 3258 4757 fiat,
3287 4700 3430 4746 recte
3459 4693 3597 4747 ratio

2016 4785 2226 4840 dicitur.

2053 4883 2056 4886 ‘
2331 4873 2516 4928 LXIV.
2559 4872 2636 4926 De
2671 4872 2882 4927 muliere
2918 4871 3268 4928 Samaritana.

2089 4973 2140 5024 1.
2183 4967 2496 5038 Evangelica
2539 4973 2872 5020 sacramenta
2911 4965 2964 5019 in
3014 4964 3220 5019 Domini
3251 4965 3418 5020 nostri
3464 4966 3590 5023 Jesu

2016 5061 2208 5116 Christi
2237 5058 2392 5112 dictis
2422 5057 2678 5127 factisque
2717 5055 2919 5126 signata
2960 5069 3064 5110 non
3103 5056 3348 5111 omnibus
3378 5070 3589 5128 patent,

2016 5164 2067 5210 et
2087 5168 2148 5207 ea
2176 5150 2413 5206 nonnulli
2459 5149 2632 5204 minus
2659 5147 2940 5217 diligenter
2967 5148 3246 5218 minusque
3289 5149 3466 5203 sobrie
3505 5150 3592 5204 in-

2018 5240 2386 5312 terpretando,
2431 5238 2655 5293 alterunt
2700 5239 3008 5308 plerumque
3051 5252 3149 5306 pro
3190 5238 3360 5292 salute
3407 5239 3588 5306 perni-

2015 5337 2150 5391 ciem
2173 5379 2187 5401 ,
2217 5345 2271 5390 et
2299 5350 2390 5404 pro
2414 5332 2712 5402 cognitione
2731 5331 2969 5386 veritatis
2998 5345 3232 5385 errorem
3259 5347 3272 5382 :
3307 5330 3443 5383 inter
3461 5345 3584 5398 quae

2016 5427 2144 5482 illud
2171 5435 2252 5481 est
2271 5433 2656 5479 sacramentum
2677 5466 2691 5489 ,
2713 5421 2854 5493 quod
2877 5420 3128 5489 scriptum
3159 5428 3236 5474 est
3259 5459 3273 5484 ,
3305 5419 3584 5474 Dominutn

2079 5588 2092 5617 ¹
2131 5586 2264 5642 mliti,
2283 5582 2474 5645 ordines
2507 5596 2521 5632 :
2549 5597 2633 5645 pro
2654 5594 2750 5644 quo
2775 5579 2977 5628 Vaticani
3001 5577 3177 5627 codicis
3206 5577 3490 5627 auctoritate
3505 5589 3593 5628 re-

1994 5658 2003 5668 '
2015 5649 2248 5708 ponimus,
2259 5643 2442 5695 ordine.

3085 2516 3114 2552 η
3142 2499 3246 2560 vis;
3491 2504 3570 2554 ius
