  <div class='ocr_page' id='page_1' title='image "/cluster/home/n/w/nwhite01/storage/ocr_20150623/40/uva.x000669811/035.png"; bbox 0 0 3988 6434; ppageno 0'>
   <div class='ocr_carea' id='block_1_1' title="bbox 1088 94 1115 173">
    <p class='ocr_par' dir='ltr' id='par_1_1' title="bbox 1088 94 1115 173">
     <span class='ocr_line' id='line_1_1' title="bbox 1088 94 1115 173; baseline 0 -24"><span class='ocrx_word' id='word_1_1' title='bbox 1088 94 1115 173; x_wconf 30' lang='grc' dir='ltr'><strong>ΙΙ</strong></span> 
     </span>
    </p>
   </div>
   <div class='ocr_carea' id='block_1_2' title="bbox 1064 204 1081 239">
    <p class='ocr_par' dir='ltr' id='par_1_2' title="bbox 1064 204 1081 239">
     <span class='ocr_line' id='line_1_2' title="bbox 1064 204 1081 239; baseline 0 0"><span class='ocrx_word' id='word_1_2' title='bbox 1064 204 1081 239; x_wconf 73' lang='lat' dir='ltr'><strong>l</strong></span> 
     </span>
    </p>
   </div>
   <div class='ocr_carea' id='block_1_3' title="bbox 403 278 1051 385">
    <p class='ocr_par' dir='ltr' id='par_1_3' title="bbox 403 278 1051 385">
     <span class='ocr_line' id='line_1_3' title="bbox 403 278 1051 385; baseline 0.003 -2"><span class='ocrx_word' id='word_1_3' title='bbox 403 322 479 383; x_wconf 77' lang='lat' dir='ltr'><strong>ss</strong></span> <span class='ocrx_word' id='word_1_4' title='bbox 995 278 1051 385; x_wconf 61' lang='grc'><strong><em>1</em></strong></span> 
     </span>
    </p>
   </div>
   <div class='ocr_carea' id='block_1_4' title="bbox 411 384 2143 557">
    <p class='ocr_par' dir='ltr' id='par_1_4' title="bbox 411 384 2143 557">
     <span class='ocr_line' id='line_1_4' title="bbox 411 384 2143 557; baseline -0.003 -57"><span class='ocrx_word' id='word_1_5' title='bbox 411 443 547 499; x_wconf 65' lang='lat' dir='ltr'><strong>hora</strong></span> <span class='ocrx_word' id='word_1_6' title='bbox 571 422 677 484; x_wconf 64' lang='grc' dir='ltr'><strong>δῖοί</strong></span> <span class='ocrx_word' id='word_1_7' title='bbox 704 384 1243 557; x_wconf 48' lang='grc' dir='ltr'><strong>δθλᾶἒέξωῖῖῗιξεθ</strong></span> <span class='ocrx_word' id='word_1_8' title='bbox 1267 446 1333 501; x_wconf 88' lang='lat' dir='ltr'><strong>ad</strong></span> <span class='ocrx_word' id='word_1_9' title='bbox 1366 456 1578 516; x_wconf 83' lang='lat' dir='ltr'><strong>puteum</strong></span> <span class='ocrx_word' id='word_1_10' title='bbox 1615 445 1780 500; x_wconf 79' lang='lat' dir='ltr'><strong>Jacob</strong></span> <span class='ocrx_word' id='word_1_11' title='bbox 1800 486 1815 511; x_wconf 92' lang='lat'><strong>,</strong></span> <span class='ocrx_word' id='word_1_12' title='bbox 1846 444 2143 512; x_wconf 76' lang='lat' dir='ltr'><strong>fessumque</strong></span> 
     </span>
     <span class='ocr_line' id='line_1_5' title="bbox 419 519 2136 557; baseline 0 0"><span class='ocrx_word' id='word_1_13' title='bbox 419 533 483 557; x_wconf 61' lang='grc' dir='ltr'><strong>,ιι</strong></span> <span class='ocrx_word' id='word_1_14' title='bbox 514 521 783 557; x_wconf 68' lang='lat' dir='ltr'><strong>mum-ese</strong></span> <span class='ocrx_word' id='word_1_15' title='bbox 824 519 841 554; x_wconf 87' lang='grc' dir='ltr'>ι</span> <span class='ocrx_word' id='word_1_16' title='bbox 954 532 969 556; x_wconf 71' lang='grc' dir='ltr'>ι</span> <span class='ocrx_word' id='word_1_17' title='bbox 1166 549 1200 557; x_wconf 34' lang='grc' dir='ltr'><strong>ν.</strong></span> <span class='ocrx_word' id='word_1_18' title='bbox 1250 555 1265 557; x_wconf 91' lang='lat'><em>_</em></span> <span class='ocrx_word' id='word_1_19' title='bbox 1322 556 1329 557; x_wconf 61' lang='lat'><strong><em>,</em></strong></span> <span class='ocrx_word' id='word_1_20' title='bbox 1414 539 1533 557; x_wconf 33' lang='grc' dir='ltr'><strong>ιομηη</strong></span> <span class='ocrx_word' id='word_1_21' title='bbox 1586 538 1912 557; x_wconf 36' lang='grc' dir='ltr'><strong>σΑ-.,με.-..-</strong></span> <span class='ocrx_word' id='word_1_22' title='bbox 1962 544 2136 557; x_wconf 29' lang='lat' dir='ltr'><strong>“una-</strong></span> 
     </span>
    </p>
   </div>
   <div class='ocr_carea' id='block_1_5' title="bbox 417 521 783 592">
    <p class='ocr_par' dir='ltr' id='par_1_5' title="bbox 417 521 783 592">
     <span class='ocr_line' id='line_1_6' title="bbox 417 521 783 592; baseline -0.014 -16"><span class='ocrx_word' id='word_1_23' title='bbox 417 533 486 592; x_wconf 68' lang='lat' dir='ltr'><strong>ab</strong></span> <span class='ocrx_word' id='word_1_24' title='bbox 514 524 703 583; x_wconf 76' lang='lat' dir='ltr'><strong>itinere</strong></span> <span class='ocrx_word' id='word_1_25' title='bbox 726 521 783 563; x_wconf 59' lang='lat' dir='ltr'><strong>se</strong></span> 
     </span>
    </p>
   </div>
   <div class='ocr_carea' id='block_1_6' title="bbox 954 488 2141 649">
    <p class='ocr_par' dir='ltr' id='par_1_6' title="bbox 954 488 2141 649">
     <span class='ocr_line' id='line_1_7' title="bbox 1076 488 2141 516; baseline -0.007 -14"><span class='ocrx_word' id='word_1_26' title='bbox 1076 508 1077 511; x_wconf 29' lang='grc' dir='ltr'><strong>η</strong></span> <span class='ocrx_word' id='word_1_27' title='bbox 1186 488 1243 503; x_wconf 65' lang='grc' dir='ltr'><strong>υ..</strong></span> <span class='ocrx_word' id='word_1_28' title='bbox 1267 488 1333 501; x_wconf 82' lang='lat'><strong>....</strong></span> <span class='ocrx_word' id='word_1_29' title='bbox 1366 488 1578 516; x_wconf 54' lang='grc' dir='ltr'><strong>νην...</strong></span> <span class='ocrx_word' id='word_1_30' title='bbox 1615 488 1778 500; x_wconf 60' lang='grc' dir='ltr'><strong>-..νυν</strong></span> <span class='ocrx_word' id='word_1_31' title='bbox 1800 488 1815 511; x_wconf 91' lang='grc'>,</span> <span class='ocrx_word' id='word_1_32' title='bbox 1846 488 2141 512; x_wconf 64' lang='grc' dir='ltr'><strong>.νυ,......,--</strong></span> 
     </span>
     <span class='ocr_line' id='line_1_8' title="bbox 954 488 2141 649; baseline -0.002 -56"><span class='ocrx_word' id='word_1_33' title='bbox 954 488 1207 649; x_wconf 39' lang='lat'><strong>&#39;30:&quot;;</strong></span> <span class='ocrx_word' id='word_1_34' title='bbox 1246 555 1274 592; x_wconf 88' lang='lat' dir='ltr'><strong>a</strong></span> <span class='ocrx_word' id='word_1_35' title='bbox 1320 539 1542 594; x_wconf 80' lang='lat' dir='ltr'><strong>muliere</strong></span> <span class='ocrx_word' id='word_1_36' title='bbox 1586 538 1920 593; x_wconf 78' lang='lat' dir='ltr'><strong>Samaritana</strong></span> <span class='ocrx_word' id='word_1_37' title='bbox 1962 544 2141 606; x_wconf 86' lang='lat' dir='ltr'><strong>potqu</strong></span> 
     </span>
     <span class='ocr_line' id='line_1_9' title="bbox 1140 627 2137 649; baseline 0 0"><span class='ocrx_word' id='word_1_38' title='bbox 1140 646 1231 649; x_wconf 38' lang='lat' dir='ltr'><strong>.-AA_</strong></span> <span class='ocrx_word' id='word_1_39' title='bbox 1268 631 1313 649; x_wconf 66' lang='lat'><strong>9..</strong></span> <span class='ocrx_word' id='word_1_40' title='bbox 1369 629 1544 649; x_wconf 62' lang='grc' dir='ltr'><strong>--.Ι-..-</strong></span> <span class='ocrx_word' id='word_1_41' title='bbox 1591 628 1980 649; x_wconf 55' lang='grc' dir='ltr'><strong>σ-..ε.,.--..-.μ--...</strong></span> <span class='ocrx_word' id='word_1_42' title='bbox 2027 627 2137 649; x_wconf 53' lang='lat' dir='ltr'><strong>In-..</strong></span> 
     </span>
    </p>
   </div>
   <div class='ocr_carea' id='block_1_7' title="bbox 423 599 2142 714">
    <p class='ocr_par' dir='ltr' id='par_1_7' title="bbox 423 599 2142 714">
     <span class='ocr_line' id='line_1_10' title="bbox 423 599 2142 714; baseline 0.002 -35"><span class='ocrx_word' id='word_1_43' title='bbox 423 617 653 711; x_wconf 55' lang='lat' dir='ltr'><strong>petisse.</strong></span> <span class='ocrx_word' id='word_1_44' title='bbox 677 599 1049 714; x_wconf 41' lang='lat' dir='ltr'><strong>itncftiﬁlg</strong></span> <span class='ocrx_word' id='word_1_45' title='bbox 1266 631 1318 683; x_wconf 93' lang='lat' dir='ltr'><strong>in</strong></span> <span class='ocrx_word' id='word_1_46' title='bbox 1361 629 1547 684; x_wconf 85' lang='lat' dir='ltr'><strong>eodem</strong></span> <span class='ocrx_word' id='word_1_47' title='bbox 1591 628 1983 697; x_wconf 88' lang='lat' dir='ltr'><strong>Scripturarum</strong></span> <span class='ocrx_word' id='word_1_48' title='bbox 2027 627 2142 682; x_wconf 92' lang='lat' dir='ltr'><strong>loco</strong></span> 
     </span>
    </p>
   </div>
   <div class='ocr_carea' id='block_1_8' title="bbox 428 680 2142 817">
    <p class='ocr_par' dir='ltr' id='par_1_8' title="bbox 428 680 2142 817">
     <span class='ocr_line' id='line_1_11' title="bbox 428 680 2142 817; baseline -0.002 -43"><span class='ocrx_word' id='word_1_49' title='bbox 428 680 759 769; x_wconf 55' lang='grc' dir='ltr'><strong>δὶεευίίωδθ</strong></span> <span class='ocrx_word' id='word_1_50' title='bbox 782 680 1370 817; x_wconf 48' lang='grc' dir='ltr'><strong>ξλξξξᾝαξᾚοωηάα</strong></span> <span class='ocrx_word' id='word_1_51' title='bbox 1417 718 1683 773; x_wconf 89' lang='lat' dir='ltr'><strong>dicuntur.</strong></span> <span class='ocrx_word' id='word_1_52' title='bbox 1731 718 1806 773; x_wconf 93' lang='lat' dir='ltr'><strong>De</strong></span> <span class='ocrx_word' id='word_1_53' title='bbox 1848 732 1950 787; x_wconf 90' lang='lat' dir='ltr'><strong>qua</strong></span> <span class='ocrx_word' id='word_1_54' title='bbox 1990 732 2048 772; x_wconf 89' lang='lat' dir='ltr'><strong>re</strong></span> <span class='ocrx_word' id='word_1_55' title='bbox 2090 716 2142 771; x_wconf 89' lang='lat' dir='ltr'><strong>id</strong></span> 
     </span>
     <span class='ocr_line' id='line_1_12' title="bbox 500 793 2111 817; baseline 0 0"><span class='ocrx_word' id='word_1_56' title='bbox 500 799 605 817; x_wconf 28' lang='grc' dir='ltr'><strong>ψ-</strong></span> <span class='ocrx_word' id='word_1_57' title='bbox 652 793 789 817; x_wconf 73' lang='grc' dir='ltr'><strong>ηιηρι</strong></span> <span class='ocrx_word' id='word_1_58' title='bbox 1402 809 1415 817; x_wconf 93' lang='grc'><strong>.</strong></span> <span class='ocrx_word' id='word_1_59' title='bbox 1465 809 1477 817; x_wconf 93' lang='grc'><strong>.</strong></span> <span class='ocrx_word' id='word_1_60' title='bbox 1694 809 1725 817; x_wconf 93' lang='grc'><strong>..</strong></span> <span class='ocrx_word' id='word_1_61' title='bbox 1858 807 1888 817; x_wconf 62' lang='grc' dir='ltr'><em>η</em></span> <span class='ocrx_word' id='word_1_62' title='bbox 1956 808 1967 817; x_wconf 96' lang='grc'><strong>.</strong></span> <span class='ocrx_word' id='word_1_63' title='bbox 2100 808 2111 817; x_wconf 93' lang='grc'><strong>.</strong></span> 
     </span>
    </p>
   </div>
   <div class='ocr_carea' id='block_1_9' title="bbox 1076 807 2144 911">
    <p class='ocr_par' dir='ltr' id='par_1_9' title="bbox 1076 807 2144 911">
     <span class='ocr_line' id='line_1_13' title="bbox 1076 807 2144 911; baseline 0 -48"><span class='ocrx_word' id='word_1_64' title='bbox 1076 818 1226 911; x_wconf 42' lang='lat' dir='ltr'><strong>uest,</strong></span> <span class='ocrx_word' id='word_1_65' title='bbox 1276 809 1417 879; x_wconf 88' lang='lat' dir='ltr'><strong>quod</strong></span> <span class='ocrx_word' id='word_1_66' title='bbox 1463 809 1516 864; x_wconf 90' lang='lat' dir='ltr'><strong>in</strong></span> <span class='ocrx_word' id='word_1_67' title='bbox 1565 809 1812 864; x_wconf 90' lang='lat' dir='ltr'><strong>omnibus</strong></span> <span class='ocrx_word' id='word_1_68' title='bbox 1855 807 2144 911; x_wconf 61' lang='lat' dir='ltr'><strong>scripturis</strong></span> 
     </span>
    </p>
   </div>
   <div class='ocr_carea' id='block_1_10' title="bbox 1077 899 2143 991">
    <p class='ocr_par' dir='ltr' id='par_1_10' title="bbox 1077 899 2143 991">
     <span class='ocr_line' id='line_1_14' title="bbox 1077 899 2143 991; baseline -0.005 -33"><span class='ocrx_word' id='word_1_69' title='bbox 1077 899 1348 991; x_wconf 60' lang='lat' dir='ltr'><strong>Ir&#39;ustodiri</strong></span> <span class='ocrx_word' id='word_1_70' title='bbox 1377 910 1621 972; x_wconf 84' lang='lat' dir='ltr'><strong>oportet,</strong></span> <span class='ocrx_word' id='word_1_71' title='bbox 1654 909 1712 956; x_wconf 91' lang='lat' dir='ltr'><strong>ut</strong></span> <span class='ocrx_word' id='word_1_72' title='bbox 1737 899 2032 957; x_wconf 78' lang='lat' dir='ltr'><strong>secundum</strong></span> <span class='ocrx_word' id='word_1_73' title='bbox 2077 899 2143 953; x_wconf 85' lang='lat' dir='ltr'><strong>ﬁ-</strong></span> 
     </span>
    </p>
   </div>
   <div class='ocr_carea' id='block_1_11' title="bbox 1086 992 1618 1064">
    <p class='ocr_par' dir='ltr' id='par_1_11' title="bbox 1086 992 1618 1064">
     <span class='ocr_line' id='line_1_15' title="bbox 1086 992 1618 1064; baseline -0.004 -15"><span class='ocrx_word' id='word_1_74' title='bbox 1086 992 1121 1049; x_wconf 74' lang='grc' dir='ltr'><strong>ἐὶ</strong></span> <span class='ocrx_word' id='word_1_75' title='bbox 1151 994 1314 1051; x_wconf 86' lang='lat' dir='ltr'><strong>divini</strong></span> <span class='ocrx_word' id='word_1_76' title='bbox 1339 994 1618 1064; x_wconf 73' lang='lat' dir='ltr'><strong>expositio.</strong></span> 
     </span>
    </p>
   </div>
   <div class='ocr_carea' id='block_1_12' title="bbox 1045 1068 2140 1154">
    <p class='ocr_par' dir='ltr' id='par_1_12' title="bbox 1045 1068 2140 1154">
     <span class='ocr_line' id='line_1_16' title="bbox 1045 1068 2140 1154; baseline -0.002 -14"><span class='ocrx_word' id='word_1_77' title='bbox 1045 1068 1161 1154; x_wconf 59' lang='grc' dir='ltr'>ί.ιίθί</span> <span class='ocrx_word' id='word_1_78' title='bbox 1189 1097 1336 1142; x_wconf 82' lang='lat' dir='ltr'><strong>sexta</strong></span> <span class='ocrx_word' id='word_1_79' title='bbox 1355 1087 1499 1141; x_wconf 92' lang='lat' dir='ltr'><strong>venit</strong></span> <span class='ocrx_word' id='word_1_80' title='bbox 1527 1083 1591 1140; x_wconf 91' lang='lat' dir='ltr'><strong>ad</strong></span> <span class='ocrx_word' id='word_1_81' title='bbox 1623 1093 1841 1154; x_wconf 91' lang='lat' dir='ltr'><strong>puteum</strong></span> <span class='ocrx_word' id='word_1_82' title='bbox 1883 1082 2140 1138; x_wconf 85' lang='lat' dir='ltr'><strong>Dominus</strong></span> 
     </span>
    </p>
   </div>
   <div class='ocr_carea' id='block_1_13' title="bbox 958 1174 2137 1245">
    <p class='ocr_par' dir='ltr' id='par_1_13' title="bbox 958 1174 2137 1245">
     <span class='ocr_line' id='line_1_17' title="bbox 958 1174 2137 1245; baseline -0.005 -12"><span class='ocrx_word' id='word_1_83' title='bbox 958 1174 1271 1245; x_wconf 48' lang='lat' dir='ltr'><strong>:ELputeo</strong></span> <span class='ocrx_word' id='word_1_84' title='bbox 1318 1176 1657 1234; x_wconf 80' lang='lat' dir='ltr'><strong>tenebrosam</strong></span> <span class='ocrx_word' id='word_1_85' title='bbox 1703 1174 2137 1245; x_wconf 76' lang='lat' dir='ltr'><strong>profunditatem.</strong></span> 
     </span>
    </p>
   </div>
   <div class='ocr_carea' id='block_1_14' title="bbox 470 1229 2137 1371">
    <p class='ocr_par' dir='ltr' id='par_1_14' title="bbox 470 1229 2137 1371">
     <span class='ocr_line' id='line_1_18' title="bbox 470 1229 2137 1371; baseline 0.006 -63"><span class='ocrx_word' id='word_1_86' title='bbox 470 1229 1341 1371; x_wconf 47' lang='lat' dir='ltr'><strong>Mmoqeurlc’femzm‘eigere</strong></span> <span class='ocrx_word' id='word_1_87' title='bbox 1380 1267 1560 1322; x_wconf 87' lang='lat' dir='ltr'><strong>mundi</strong></span> <span class='ocrx_word' id='word_1_88' title='bbox 1589 1229 1746 1334; x_wconf 68' lang='lat' dir='ltr'><strong>hujtis</strong></span> <span class='ocrx_word' id='word_1_89' title='bbox 1778 1265 1984 1319; x_wconf 87' lang='lat' dir='ltr'><strong>inlimas</strong></span> <span class='ocrx_word' id='word_1_90' title='bbox 2014 1279 2137 1334; x_wconf 85' lang='lat' dir='ltr'><strong>par-</strong></span> 
     </span>
     <span class='ocr_line' id='line_1_19' title="bbox 476 1342 2023 1371; baseline 0 0"><span class='ocrx_word' id='word_1_91' title='bbox 476 1363 555 1371; x_wconf 50' lang='lat'><strong>.--</strong></span> <span class='ocrx_word' id='word_1_92' title='bbox 630 1342 661 1371; x_wconf 72' lang='grc' dir='ltr'><strong>ι,</strong></span> <span class='ocrx_word' id='word_1_93' title='bbox 710 1345 767 1371; x_wconf 66' lang='lat' dir='ltr'><strong>ac</strong></span> <span class='ocrx_word' id='word_1_94' title='bbox 811 1367 822 1371; x_wconf 84' lang='lat'><strong>-</strong></span> <span class='ocrx_word' id='word_1_95' title='bbox 1195 1366 1199 1371; x_wconf 96' lang='lat'><strong>.</strong></span> <span class='ocrx_word' id='word_1_96' title='bbox 1482 1360 1514 1371; x_wconf 73' lang='grc' dir='ltr'><strong>ι.</strong></span> <span class='ocrx_word' id='word_1_97' title='bbox 1549 1356 1585 1371; x_wconf 66' lang='grc' dir='ltr'><strong>υ..</strong></span> <span class='ocrx_word' id='word_1_98' title='bbox 1685 1359 1698 1371; x_wconf 76' lang='grc' dir='ltr'><strong><em>σ</em></strong></span> <span class='ocrx_word' id='word_1_99' title='bbox 1834 1356 1855 1371; x_wconf 79' lang='grc' dir='ltr'><strong>ι-</strong></span> <span class='ocrx_word' id='word_1_100' title='bbox 2005 1357 2023 1371; x_wconf 75' lang='grc' dir='ltr'>ι</span> 
     </span>
    </p>
   </div>
   <div class='ocr_carea' id='block_1_15' title="bbox 475 1320 2135 1461">
    <p class='ocr_par' dir='ltr' id='par_1_15' title="bbox 475 1320 2135 1461">
     <span class='ocr_line' id='line_1_20' title="bbox 475 1320 2135 1461; baseline 0.002 -52"><span class='ocrx_word' id='word_1_101' title='bbox 475 1363 559 1409; x_wconf 83' lang='lat' dir='ltr'><strong>tes</strong></span> <span class='ocrx_word' id='word_1_102' title='bbox 577 1388 592 1413; x_wconf 67' lang='grc' dir='ltr'><strong>ν</strong></span> <span class='ocrx_word' id='word_1_103' title='bbox 630 1338 683 1396; x_wconf 62' lang='lat' dir='ltr'><strong>id</strong></span> <span class='ocrx_word' id='word_1_104' title='bbox 709 1336 793 1461; x_wconf 49' lang='lat'><strong>35‘</strong></span> <span class='ocrx_word' id='word_1_105' title='bbox 810 1320 1148 1461; x_wconf 51' lang='grc' dir='ltr'><strong>ἰίθέἔξξζᾜ</strong></span> <span class='ocrx_word' id='word_1_106' title='bbox 1170 1320 1346 1461; x_wconf 51' lang='grc' dir='ltr'><strong>ἓυίιιιο</strong></span> <span class='ocrx_word' id='word_1_107' title='bbox 1375 1360 1522 1416; x_wconf 90' lang='lat' dir='ltr'><strong>venit</strong></span> <span class='ocrx_word' id='word_1_108' title='bbox 1549 1320 1803 1414; x_wconf 70' lang='lat' dir='ltr'><strong>Dominus</strong></span> <span class='ocrx_word' id='word_1_109' title='bbox 1827 1356 1978 1413; x_wconf 87' lang='lat' dir='ltr'><strong>Jesus</strong></span> <span class='ocrx_word' id='word_1_110' title='bbox 2005 1357 2135 1412; x_wconf 82' lang='lat' dir='ltr'><strong>hora</strong></span> 
     </span>
     <span class='ocr_line' id='line_1_21' title="bbox 490 1429 2135 1461; baseline 0 0"><span class='ocrx_word' id='word_1_111' title='bbox 490 1447 630 1461; x_wconf 28' lang='grc' dir='ltr'><strong>γη-.-</strong></span> <span class='ocrx_word' id='word_1_112' title='bbox 698 1429 711 1461; x_wconf 75' lang='grc' dir='ltr'>ς</span> <span class='ocrx_word' id='word_1_113' title='bbox 776 1435 831 1461; x_wconf 63' lang='lat' dir='ltr'><strong>pc</strong></span> <span class='ocrx_word' id='word_1_114' title='bbox 864 1456 875 1461; x_wconf 68' lang='lat'><strong>-</strong></span> <span class='ocrx_word' id='word_1_115' title='bbox 1520 1453 1531 1461; x_wconf 89' lang='lat'><strong>.</strong></span> <span class='ocrx_word' id='word_1_116' title='bbox 1604 1452 1616 1461; x_wconf 94' lang='lat'><strong>.</strong></span> <span class='ocrx_word' id='word_1_117' title='bbox 1803 1450 1816 1461; x_wconf 89' lang='lat'><strong>.</strong></span> <span class='ocrx_word' id='word_1_118' title='bbox 2123 1451 2135 1461; x_wconf 87' lang='lat'><strong>.</strong></span> 
     </span>
    </p>
   </div>
   <div class='ocr_carea' id='block_1_16' title="bbox 481 1411 2144 1547">
    <p class='ocr_par' dir='ltr' id='par_1_16' title="bbox 481 1411 2144 1547">
     <span class='ocr_line' id='line_1_22' title="bbox 481 1411 2144 1547; baseline 0.004 -47"><span class='ocrx_word' id='word_1_119' title='bbox 481 1447 634 1498; x_wconf 61' lang='lat' dir='ltr'><strong>scita</strong></span> <span class='ocrx_word' id='word_1_120' title='bbox 657 1474 672 1498; x_wconf 74' lang='grc' dir='ltr'><strong>ν</strong></span> <span class='ocrx_word' id='word_1_121' title='bbox 698 1425 749 1547; x_wconf 54' lang='grc' dir='ltr'><strong>ίίξ</strong></span> <span class='ocrx_word' id='word_1_122' title='bbox 776 1411 1316 1547; x_wconf 47' lang='grc' dir='ltr'><strong>ιῖΓΝἵιθῖθ</strong></span> <span class='ocrx_word' id='word_1_123' title='bbox 1352 1453 1562 1524; x_wconf 83' lang='lat' dir='ltr'><strong>generis</strong></span> <span class='ocrx_word' id='word_1_124' title='bbox 1601 1450 1854 1516; x_wconf 87' lang='lat' dir='ltr'><strong>humani,</strong></span> <span class='ocrx_word' id='word_1_125' title='bbox 1886 1451 2144 1522; x_wconf 80' lang='lat' dir='ltr'><strong>tanquam‘</strong></span> 
     </span>
    </p>
   </div>
   <div class='ocr_carea' id='block_1_17' title="bbox 493 1511 2135 1646">
    <p class='ocr_par' dir='ltr' id='par_1_17' title="bbox 493 1511 2135 1646">
     <span class='ocr_line' id='line_1_23' title="bbox 493 1511 2135 1646; baseline 0.004 -54"><span class='ocrx_word' id='word_1_126' title='bbox 493 1551 545 1591; x_wconf 75' lang='lat' dir='ltr'><strong>in</strong></span> <span class='ocrx_word' id='word_1_127' title='bbox 571 1521 838 1583; x_wconf 61' lang='lat' dir='ltr'><strong>senectute</strong></span> <span class='ocrx_word' id='word_1_128' title='bbox 860 1511 1414 1646; x_wconf 45' lang='lat' dir='ltr'><strong>iitr&#39;zlglmominis,</strong></span> <span class='ocrx_word' id='word_1_129' title='bbox 1458 1560 1564 1616; x_wconf 86' lang='lat' dir='ltr'><strong>quo</strong></span> <span class='ocrx_word' id='word_1_130' title='bbox 1606 1545 1856 1614; x_wconf 86' lang='lat' dir='ltr'><strong>jubemur</strong></span> <span class='ocrx_word' id='word_1_131' title='bbox 1893 1544 2046 1609; x_wconf 83' lang='lat' dir='ltr'><strong>exui,</strong></span> <span class='ocrx_word' id='word_1_132' title='bbox 2078 1553 2135 1600; x_wconf 93' lang='lat' dir='ltr'><strong>ut</strong></span> 
     </span>
     <span class='ocr_line' id='line_1_24' title="bbox 495 1619 1627 1646; baseline 0.002 -2"><span class='ocrx_word' id='word_1_133' title='bbox 495 1631 509 1644; x_wconf 76' lang='grc' dir='ltr'><strong>ο</strong></span> <span class='ocrx_word' id='word_1_134' title='bbox 536 1645 539 1646; x_wconf 33' lang='grc' dir='ltr'><em>ν</em></span> <span class='ocrx_word' id='word_1_135' title='bbox 558 1625 775 1646; x_wconf 59' lang='grc' dir='ltr'><strong>,Ξαλαιπηιδ</strong></span> <span class='ocrx_word' id='word_1_136' title='bbox 834 1619 868 1646; x_wconf 79' lang='lat' dir='ltr'><strong>n</strong></span> <span class='ocrx_word' id='word_1_137' title='bbox 983 1630 1000 1646; x_wconf 67' lang='grc' dir='ltr'>δ</span> <span class='ocrx_word' id='word_1_138' title='bbox 1208 1639 1220 1646; x_wconf 90' lang='grc'><strong>.</strong></span> <span class='ocrx_word' id='word_1_139' title='bbox 1440 1639 1454 1646; x_wconf 86' lang='grc'><strong><em>-</em></strong></span> <span class='ocrx_word' id='word_1_140' title='bbox 1597 1638 1627 1646; x_wconf 60' lang='grc' dir='ltr'><strong>λ</strong></span> 
     </span>
    </p>
   </div>
   <div class='ocr_carea' id='block_1_18' title="bbox 495 1608 2131 1734">
    <p class='ocr_par' dir='ltr' id='par_1_18' title="bbox 495 1608 2131 1734">
     <span class='ocr_line' id='line_1_25' title="bbox 495 1608 2131 1734; baseline 0.004 -49"><span class='ocrx_word' id='word_1_141' title='bbox 495 1625 775 1685; x_wconf 58' lang='lat' dir='ltr'><strong>induam”</strong></span> <span class='ocrx_word' id='word_1_142' title='bbox 834 1608 1223 1734; x_wconf 46' lang='grc' dir='ltr'><strong>’δὲζθῷξξωὶ</strong></span> <span class='ocrx_word' id='word_1_143' title='bbox 1261 1608 1548 1695; x_wconf 77' lang='lat' dir='ltr'><strong>secundum</strong></span> <span class='ocrx_word' id='word_1_144' title='bbox 1594 1638 1759 1693; x_wconf 89' lang='lat' dir='ltr'><strong>Deum</strong></span> <span class='ocrx_word' id='word_1_145' title='bbox 1806 1645 2014 1691; x_wconf 89' lang='lat' dir='ltr'><strong>creatus</strong></span> <span class='ocrx_word' id='word_1_146' title='bbox 2049 1645 2131 1692; x_wconf 91' lang='lat' dir='ltr'><strong>est</strong></span> 
     </span>
    </p>
   </div>
   <div class='ocr_carea' id='block_1_19' title="bbox 816 1673 2125 1825">
    <p class='ocr_par' dir='ltr' id='par_1_19' title="bbox 816 1673 2125 1825">
     <span class='ocr_line' id='line_1_26' title="bbox 971 1673 2125 1741; baseline -0.025 -27"><span class='ocrx_word' id='word_1_147' title='bbox 971 1673 1085 1741; x_wconf 50' lang='grc' dir='ltr'><strong>ψει</strong></span> <span class='ocrx_word' id='word_1_148' title='bbox 1209 1673 1223 1690; x_wconf 83' lang='grc'>⁸</span> <span class='ocrx_word' id='word_1_149' title='bbox 1261 1673 1548 1695; x_wconf 66' lang='grc' dir='ltr'><strong>ονυιυιυυιιι</strong></span> <span class='ocrx_word' id='word_1_150' title='bbox 1594 1673 1759 1693; x_wconf 73' lang='grc' dir='ltr'><strong>υυυιιι</strong></span> <span class='ocrx_word' id='word_1_151' title='bbox 1806 1673 2014 1691; x_wconf 54' lang='lat' dir='ltr'><strong>munus.</strong></span> <span class='ocrx_word' id='word_1_152' title='bbox 2050 1673 2125 1692; x_wconf 61' lang='grc' dir='ltr'><strong>μοι</strong></span> 
     </span>
     <span class='ocr_line' id='line_1_27' title="bbox 816 1673 2125 1825; baseline -0.014 -22"><span class='ocrx_word' id='word_1_153' title='bbox 816 1673 1202 1825; x_wconf 23' lang='lat' dir='ltr'><strong>ﬂatum&quot;?</strong></span> <span class='ocrx_word' id='word_1_154' title='bbox 1190 1730 1318 1786; x_wconf 81' lang='lat' dir='ltr'><strong>Nam</strong></span> <span class='ocrx_word' id='word_1_155' title='bbox 1360 1742 1508 1797; x_wconf 84' lang='lat' dir='ltr'><strong>sexta</strong></span> <span class='ocrx_word' id='word_1_156' title='bbox 1548 1741 1678 1787; x_wconf 74' lang='lat' dir='ltr'><strong>tetas</strong></span> <span class='ocrx_word' id='word_1_157' title='bbox 1720 1743 1965 1787; x_wconf 83' lang='lat' dir='ltr'><strong>senectus</strong></span> <span class='ocrx_word' id='word_1_158' title='bbox 2005 1738 2125 1797; x_wconf 89' lang='lat' dir='ltr'><strong>est;</strong></span> 
     </span>
     <span class='ocr_line' id='line_1_28' title="bbox 816 1800 2058 1825; baseline -0.023 0"><span class='ocrx_word' id='word_1_159' title='bbox 816 1800 926 1825; x_wconf 73' lang='lat' dir='ltr'><strong>nm.</strong></span> <span class='ocrx_word' id='word_1_160' title='bbox 961 1820 973 1825; x_wconf 85' lang='lat'>_</span> <span class='ocrx_word' id='word_1_161' title='bbox 1134 1823 1145 1825; x_wconf 73' lang='lat'><strong><em>_</em></strong></span> <span class='ocrx_word' id='word_1_162' title='bbox 1235 1821 1244 1825; x_wconf 34' lang='grc' dir='ltr'><strong>Α</strong></span> <span class='ocrx_word' id='word_1_163' title='bbox 1530 1823 1537 1825; x_wconf 25' lang='grc' dir='ltr'><strong>Α</strong></span> <span class='ocrx_word' id='word_1_164' title='bbox 1792 1823 1802 1825; x_wconf 17' lang='grc' dir='ltr'>ξ</span> <span class='ocrx_word' id='word_1_165' title='bbox 1835 1824 1841 1825; x_wconf 17' lang='lat'><em>7</em></span> <span class='ocrx_word' id='word_1_166' title='bbox 2047 1823 2058 1825; x_wconf 30' lang='grc' dir='ltr'><strong>Δ</strong></span> 
     </span>
    </p>
   </div>
   <div class='ocr_carea' id='block_1_20' title="bbox 507 1797 2123 1905">
    <p class='ocr_par' dir='ltr' id='par_1_20' title="bbox 507 1797 2123 1905">
     <span class='ocr_line' id='line_1_29' title="bbox 507 1797 2123 1905; baseline 0.007 -40"><span class='ocrx_word' id='word_1_167' title='bbox 507 1807 757 1886; x_wconf 82' lang='lat' dir='ltr'><strong>quoniam</strong></span> <span class='ocrx_word' id='word_1_168' title='bbox 777 1797 1312 1905; x_wconf 35' lang='lat' dir='ltr'><strong>Piimagg‘glantia;</strong></span> <span class='ocrx_word' id='word_1_169' title='bbox 1345 1823 1574 1881; x_wconf 88' lang='lat' dir='ltr'><strong>secunda</strong></span> <span class='ocrx_word' id='word_1_170' title='bbox 1594 1864 1610 1888; x_wconf 91' lang='lat'><strong>,</strong></span> <span class='ocrx_word' id='word_1_171' title='bbox 1657 1823 1906 1892; x_wconf 85' lang='lat' dir='ltr'><strong>pueritia;</strong></span> <span class='ocrx_word' id='word_1_172' title='bbox 1939 1823 2123 1891; x_wconf 91' lang='lat' dir='ltr'><strong>tertia,</strong></span> 
     </span>
    </p>
   </div>
   <div class='ocr_carea' id='block_1_21' title="bbox 514 1894 2123 2007">
    <p class='ocr_par' dir='ltr' id='par_1_21' title="bbox 514 1894 2123 2007">
     <span class='ocr_line' id='line_1_30' title="bbox 514 1894 2123 2007; baseline 0.011 -55"><span class='ocrx_word' id='word_1_173' title='bbox 514 1894 1228 2007; x_wconf 38' lang='lat' dir='ltr'><strong>adulescenttaiépiarta,</strong></span> <span class='ocrx_word' id='word_1_174' title='bbox 1275 1913 1555 1981; x_wconf 84' lang='lat' dir='ltr'><strong>juventus;</strong></span> <span class='ocrx_word' id='word_1_175' title='bbox 1610 1915 1823 1983; x_wconf 85' lang='lat' dir='ltr'><strong>quinta,</strong></span> <span class='ocrx_word' id='word_1_176' title='bbox 1874 1915 2123 1985; x_wconf 72' lang='lat' dir='ltr'><strong>gravitas.</strong></span> 
     </span>
    </p>
   </div>
   <div class='ocr_carea' id='block_1_22' title="bbox 518 1984 2123 2082">
    <p class='ocr_par' dir='ltr' id='par_1_22' title="bbox 518 1984 2123 2082">
     <span class='ocr_line' id='line_1_31' title="bbox 518 1984 2123 2082; baseline 0.007 -31"><span class='ocrx_word' id='word_1_177' title='bbox 518 1984 1218 2082; x_wconf 42' lang='lat' dir='ltr'><strong>Veterisiffl‘lf‘zigbumiuis</strong></span> <span class='ocrx_word' id='word_1_178' title='bbox 1241 2005 1373 2067; x_wconf 87' lang='lat' dir='ltr'><strong>vita,</strong></span> <span class='ocrx_word' id='word_1_179' title='bbox 1414 2020 1535 2075; x_wconf 67' lang='lat' dir='ltr'><strong>qua:</strong></span> <span class='ocrx_word' id='word_1_180' title='bbox 1574 1984 2123 2063; x_wconf 15' lang='lat' dir='ltr'><strong>secundumrcarnem</strong></span> 
     </span>
    </p>
   </div>
   <div class='ocr_carea' id='block_1_23' title="bbox 532 2069 2121 2164">
    <p class='ocr_par' dir='ltr' id='par_1_23' title="bbox 532 2069 2121 2164">
     <span class='ocr_line' id='line_1_32' title="bbox 532 2069 2121 2164; baseline 0.008 -23"><span class='ocrx_word' id='word_1_181' title='bbox 532 2069 801 2164; x_wconf 57' lang='grc' dir='ltr'><strong>ῑθιιιβθνῖξιί</strong></span> <span class='ocrx_word' id='word_1_182' title='bbox 817 2069 1148 2164; x_wconf 36' lang='lat' dir='ltr'><strong>criminatio</strong></span> <span class='ocrx_word' id='word_1_183' title='bbox 1162 2069 1448 2164; x_wconf 65' lang='lat' dir='ltr'><strong>peragitur,</strong></span> <span class='ocrx_word' id='word_1_184' title='bbox 1464 2103 1618 2151; x_wconf 84' lang='lat' dir='ltr'><strong>sexta</strong></span> <span class='ocrx_word' id='word_1_185' title='bbox 1644 2105 1801 2152; x_wconf 62' lang='lat' dir='ltr'><strong>aetate</strong></span> <span class='ocrx_word' id='word_1_186' title='bbox 1818 2107 2089 2154; x_wconf 90' lang='lat' dir='ltr'><strong>senectute</strong></span> <span class='ocrx_word' id='word_1_187' title='bbox 2107 2101 2121 2131; x_wconf 83' lang='grc'>¹</span> 
     </span>
    </p>
   </div>
   <div class='ocr_carea' id='block_1_24' title="bbox 533 2114 2122 2425">
    <p class='ocr_par' dir='ltr' id='par_1_24' title="bbox 533 2114 2122 2425">
     <span class='ocr_line' id='line_1_33' title="bbox 534 2114 2121 2164; baseline 0.008 -23"><span class='ocrx_word' id='word_1_188' title='bbox 534 2114 801 2147; x_wconf 74' lang='grc' dir='ltr'><strong>ιῠιιιγν·““⁸”</strong></span> <span class='ocrx_word' id='word_1_189' title='bbox 822 2114 844 2120; x_wconf 84' lang='lat'>&#39;</span> <span class='ocrx_word' id='word_1_190' title='bbox 857 2114 869 2116; x_wconf 78' lang='lat'>&#39;</span> <span class='ocrx_word' id='word_1_191' title='bbox 955 2114 1148 2154; x_wconf 79' lang='lat' dir='ltr'><strong>tantone</strong></span> <span class='ocrx_word' id='word_1_192' title='bbox 1162 2114 1446 2164; x_wconf 80' lang='lat' dir='ltr'><strong>peragitur,</strong></span> <span class='ocrx_word' id='word_1_193' title='bbox 1464 2114 1618 2151; x_wconf 67' lang='lat' dir='ltr'><strong>sexui</strong></span> <span class='ocrx_word' id='word_1_194' title='bbox 1644 2114 1801 2152; x_wconf 62' lang='lat' dir='ltr'><strong>nitate</strong></span> <span class='ocrx_word' id='word_1_195' title='bbox 1818 2114 2089 2154; x_wconf 84' lang='lat' dir='ltr'><strong>seuecmte</strong></span> <span class='ocrx_word' id='word_1_196' title='bbox 2107 2114 2121 2131; x_wconf 85' lang='lat'><strong>‘</strong></span> 
     </span>
     <span class='ocr_line' id='line_1_34' title="bbox 533 2114 2122 2425; baseline 0.008 -193"><span class='ocrx_word' id='word_1_197' title='bbox 533 2114 948 2425; x_wconf 42' lang='lat' dir='ltr'><strong>concly</strong></span> <span class='ocrx_word' id='word_1_198' title='bbox 970 2188 1070 2257; x_wconf 85' lang='lat' dir='ltr'><strong>Qua</strong></span> <span class='ocrx_word' id='word_1_199' title='bbox 1121 2194 1392 2241; x_wconf 87' lang='lat' dir='ltr'><strong>senectute</strong></span> <span class='ocrx_word' id='word_1_200' title='bbox 1411 2226 1430 2252; x_wconf 89' lang='lat'><strong>,</strong></span> <span class='ocrx_word' id='word_1_201' title='bbox 1461 2194 1519 2241; x_wconf 91' lang='lat' dir='ltr'><strong>ut</strong></span> <span class='ocrx_word' id='word_1_202' title='bbox 1539 2186 1645 2241; x_wconf 86' lang='lat' dir='ltr'><strong>dixi</strong></span> <span class='ocrx_word' id='word_1_203' title='bbox 1671 2228 1688 2255; x_wconf 89' lang='lat'><strong>,</strong></span> <span class='ocrx_word' id='word_1_204' title='bbox 1717 2187 1927 2243; x_wconf 87' lang='lat' dir='ltr'><strong>humani</strong></span> <span class='ocrx_word' id='word_1_205' title='bbox 1958 2205 2122 2260; x_wconf 82' lang='lat' dir='ltr'><strong>gene-</strong></span> 
     </span>
     <span class='ocr_line' id='line_1_35' title="bbox 538 2260 2120 2348; baseline 0.004 -19"><span class='ocrx_word' id='word_1_206' title='bbox 538 2266 617 2323; x_wconf 72' lang='lat' dir='ltr'><strong>ris</strong></span> <span class='ocrx_word' id='word_1_207' title='bbox 640 2260 772 2314; x_wconf 73' lang='lat' dir='ltr'><strong>Dom</strong></span> <span class='ocrx_word' id='word_1_208' title='bbox 857 2292 914 2332; x_wconf 92' lang='lat' dir='ltr'><strong>us</strong></span> <span class='ocrx_word' id='word_1_209' title='bbox 935 2284 1110 2334; x_wconf 88' lang='lat' dir='ltr'><strong>noster</strong></span> <span class='ocrx_word' id='word_1_210' title='bbox 1133 2282 1188 2331; x_wconf 82' lang='lat' dir='ltr'><strong>et</strong></span> <span class='ocrx_word' id='word_1_211' title='bbox 1215 2286 1423 2331; x_wconf 89' lang='lat' dir='ltr'><strong>creator</strong></span> <span class='ocrx_word' id='word_1_212' title='bbox 1448 2276 1599 2333; x_wconf 90' lang='lat' dir='ltr'><strong>nobis</strong></span> <span class='ocrx_word' id='word_1_213' title='bbox 1628 2287 1683 2333; x_wconf 93' lang='lat' dir='ltr'><strong>et</strong></span> <span class='ocrx_word' id='word_1_214' title='bbox 1711 2289 1982 2348; x_wconf 86' lang='lat' dir='ltr'><strong>reparator</strong></span> <span class='ocrx_word' id='word_1_215' title='bbox 2022 2281 2086 2336; x_wconf 91' lang='lat' dir='ltr'><strong>ad</strong></span> <span class='ocrx_word' id='word_1_216' title='bbox 2102 2311 2120 2323; x_wconf 85' lang='lat'><strong>-</strong></span> 
     </span>
     <span class='ocr_line' id='line_1_36' title="bbox 545 2353 2116 2425; baseline 0.005 -8"><span class='ocrx_word' id='word_1_217' title='bbox 545 2353 690 2413; x_wconf 65' lang='lat' dir='ltr'><strong>vettit</strong></span> <span class='ocrx_word' id='word_1_218' title='bbox 726 2406 740 2425; x_wconf 88' lang='lat'><strong>,</strong></span> <span class='ocrx_word' id='word_1_219' title='bbox 778 2375 833 2422; x_wconf 90' lang='lat' dir='ltr'><strong>ut</strong></span> <span class='ocrx_word' id='word_1_220' title='bbox 865 2372 1115 2425; x_wconf 90' lang='lat' dir='ltr'><strong>moriente</strong></span> <span class='ocrx_word' id='word_1_221' title='bbox 1142 2369 1344 2424; x_wconf 84' lang='lat' dir='ltr'><strong>scilicet</strong></span> <span class='ocrx_word' id='word_1_222' title='bbox 1369 2379 1549 2425; x_wconf 87' lang='lat' dir='ltr'><strong>vetere</strong></span> <span class='ocrx_word' id='word_1_223' title='bbox 1569 2370 1784 2425; x_wconf 86' lang='lat' dir='ltr'><strong>homine</strong></span> <span class='ocrx_word' id='word_1_224' title='bbox 1802 2415 1816 2425; x_wconf 89' lang='lat'><strong>.</strong></span> <span class='ocrx_word' id='word_1_225' title='bbox 1846 2389 2037 2425; x_wconf 86' lang='lat' dir='ltr'><strong>novum</strong></span> <span class='ocrx_word' id='word_1_226' title='bbox 2066 2375 2116 2425; x_wconf 88' lang='lat' dir='ltr'><strong>in</strong></span> 
     </span>
    </p>
   </div>
   <div class='ocr_carea' id='block_1_25' title="bbox 1090 567 1143 622">
    <p class='ocr_par' dir='ltr' id='par_1_25' title="bbox 1090 567 1143 622">
     <span class='ocr_line' id='line_1_37' title="bbox 1090 567 1143 622; baseline 0.019 -1"><span class='ocrx_word' id='word_1_227' title='bbox 1090 567 1143 622; x_wconf 82' lang='lat' dir='ltr'><strong>in</strong></span> 
     </span>
    </p>
   </div>
   <div class='ocr_carea' id='block_1_26' title="bbox 972 854 1072 1014">
    <p class='ocr_par' dir='ltr' id='par_1_26' title="bbox 972 854 1072 1014">
     <span class='ocr_line' id='line_1_38' title="bbox 972 854 1072 1014; baseline 0.01 -21"><span class='ocrx_word' id='word_1_228' title='bbox 972 854 1072 1014; x_wconf 55' lang='grc' dir='ltr'>Ξῖ</span> 
     </span>
    </p>
   </div>
   <div class='ocr_carea' id='block_1_27' title="bbox 950 1014 1090 1190">
    <p class='ocr_par' dir='ltr' id='par_1_27' title="bbox 950 1014 1090 1190">
     <span class='ocr_line' id='line_1_39' title="bbox 950 1014 1090 1190; baseline 0 0"><span class='ocrx_word' id='word_1_229' title='bbox 950 1014 1090 1190; x_wconf 58' lang='lat' dir='ltr'><strong>tt</strong></span> 
     </span>
    </p>
   </div>
   <div class='ocr_carea' id='block_1_28' title="bbox 1050 1190 1147 1273">
    <p class='ocr_par' dir='ltr' id='par_1_28' title="bbox 1050 1190 1147 1273">
     <span class='ocr_line' id='line_1_40' title="bbox 1050 1190 1147 1273; baseline 0 0"><span class='ocrx_word' id='word_1_230' title='bbox 1050 1190 1147 1273; x_wconf 69' lang='grc' dir='ltr'>ΗΞ</span> 
     </span>
    </p>
   </div>
   <div class='ocr_carea' id='block_1_29' title="bbox 462 1137 962 1229">
    <p class='ocr_par' dir='ltr' id='par_1_29' title="bbox 462 1137 962 1229">
     <span class='ocr_line' id='line_1_41' title="bbox 462 1137 962 1229; baseline -0.012 -26"><span class='ocrx_word' id='word_1_231' title='bbox 462 1174 667 1229; x_wconf 52' lang='lat' dir='ltr'><strong>noster.</strong></span> <span class='ocrx_word' id='word_1_232' title='bbox 694 1146 860 1205; x_wconf 80' lang='lat' dir='ltr'><strong>Video</strong></span> <span class='ocrx_word' id='word_1_233' title='bbox 905 1137 962 1229; x_wconf 51' lang='grc' dir='ltr'><strong>ἰιξ</strong></span> 
     </span>
    </p>
   </div>
   <div class='ocr_carea' id='block_1_30' title="bbox 538 2251 2120 2348">
    <p class='ocr_par' dir='ltr' id='par_1_30' title="bbox 538 2251 2120 2348">
     <span class='ocr_line' id='line_1_42' title="bbox 538 2251 2120 2348; baseline 0.004 -19"><span class='ocrx_word' id='word_1_234' title='bbox 538 2266 617 2323; x_wconf 72' lang='lat' dir='ltr'><strong>ris</strong></span> <span class='ocrx_word' id='word_1_235' title='bbox 640 2251 914 2348; x_wconf 47' lang='lat' dir='ltr'><strong>D&quot;mins</strong></span> <span class='ocrx_word' id='word_1_236' title='bbox 935 2251 1110 2334; x_wconf 73' lang='lat' dir='ltr'><strong>noster</strong></span> <span class='ocrx_word' id='word_1_237' title='bbox 1133 2282 1188 2331; x_wconf 82' lang='lat' dir='ltr'><strong>et</strong></span> <span class='ocrx_word' id='word_1_238' title='bbox 1215 2286 1423 2331; x_wconf 89' lang='lat' dir='ltr'><strong>creator</strong></span> <span class='ocrx_word' id='word_1_239' title='bbox 1448 2276 1599 2333; x_wconf 90' lang='lat' dir='ltr'><strong>nobis</strong></span> <span class='ocrx_word' id='word_1_240' title='bbox 1628 2287 1683 2333; x_wconf 93' lang='lat' dir='ltr'><strong>et</strong></span> <span class='ocrx_word' id='word_1_241' title='bbox 1711 2289 1982 2348; x_wconf 86' lang='lat' dir='ltr'><strong>reparator</strong></span> <span class='ocrx_word' id='word_1_242' title='bbox 2022 2281 2086 2336; x_wconf 91' lang='lat' dir='ltr'><strong>ad</strong></span> <span class='ocrx_word' id='word_1_243' title='bbox 2102 2311 2120 2323; x_wconf 85' lang='lat'><strong>-</strong></span> 
     </span>
    </p>
   </div>
   <div class='ocr_carea' id='block_1_31' title="bbox 545 2353 2116 2439">
    <p class='ocr_par' dir='ltr' id='par_1_31' title="bbox 545 2353 2116 2439">
     <span class='ocr_line' id='line_1_43' title="bbox 545 2353 2116 2439; baseline 0.007 -21"><span class='ocrx_word' id='word_1_244' title='bbox 545 2353 833 2439; x_wconf 51' lang='lat' dir='ltr'><strong>venifr&#39;rut</strong></span> <span class='ocrx_word' id='word_1_245' title='bbox 865 2372 1115 2427; x_wconf 89' lang='lat' dir='ltr'><strong>moriente</strong></span> <span class='ocrx_word' id='word_1_246' title='bbox 1142 2369 1344 2424; x_wconf 82' lang='lat' dir='ltr'><strong>scilicet</strong></span> <span class='ocrx_word' id='word_1_247' title='bbox 1369 2379 1549 2427; x_wconf 87' lang='lat' dir='ltr'><strong>vetere</strong></span> <span class='ocrx_word' id='word_1_248' title='bbox 1569 2370 1784 2428; x_wconf 85' lang='lat' dir='ltr'><strong>homine</strong></span> <span class='ocrx_word' id='word_1_249' title='bbox 1802 2415 1816 2439; x_wconf 94' lang='lat'><strong>,</strong></span> <span class='ocrx_word' id='word_1_250' title='bbox 1846 2389 2037 2428; x_wconf 86' lang='lat' dir='ltr'><strong>novum</strong></span> <span class='ocrx_word' id='word_1_251' title='bbox 2066 2375 2116 2429; x_wconf 90' lang='lat' dir='ltr'><strong>in</strong></span> 
     </span>
    </p>
   </div>
   <div class='ocr_carea' id='block_1_32' title="bbox 550 2432 2113 2530">
    <p class='ocr_par' dir='ltr' id='par_1_32' title="bbox 550 2432 2113 2530">
     <span class='ocr_line' id='line_1_44' title="bbox 550 2432 2113 2530; baseline 0.008 -21"><span class='ocrx_word' id='word_1_252' title='bbox 550 2432 1005 2528; x_wconf 53' lang='lat' dir='ltr'><strong>sexbustitueret,</strong></span> <span class='ocrx_word' id='word_1_253' title='bbox 1033 2477 1192 2530; x_wconf 87' lang='lat' dir='ltr'><strong>quem</strong></span> <span class='ocrx_word' id='word_1_254' title='bbox 1218 2471 1434 2518; x_wconf 81' lang='lat' dir='ltr'><strong>exutum</strong></span> <span class='ocrx_word' id='word_1_255' title='bbox 1469 2463 1589 2519; x_wconf 87' lang='lat' dir='ltr'><strong>labe</strong></span> <span class='ocrx_word' id='word_1_256' title='bbox 1624 2473 1832 2520; x_wconf 91' lang='lat' dir='ltr'><strong>terrena</strong></span> <span class='ocrx_word' id='word_1_257' title='bbox 1866 2466 1915 2520; x_wconf 90' lang='lat' dir='ltr'><strong>in</strong></span> <span class='ocrx_word' id='word_1_258' title='bbox 1958 2468 2113 2521; x_wconf 73' lang='lat' dir='ltr'><strong>cmic-</strong></span> 
     </span>
    </p>
   </div>
   <div class='ocr_carea' id='block_1_33' title="bbox 547 2544 2159 2625">
    <p class='ocr_par' dir='ltr' id='par_1_33' title="bbox 547 2544 2159 2625">
     <span class='ocr_line' id='line_1_45' title="bbox 547 2544 2159 2625; baseline 0.009 -26"><span class='ocrx_word' id='word_1_259' title='bbox 547 2544 646 2599; x_wconf 88' lang='lat' dir='ltr'><strong>stia</strong></span> <span class='ocrx_word' id='word_1_260' title='bbox 667 2562 827 2619; x_wconf 80' lang='lat' dir='ltr'><strong>regna</strong></span> <span class='ocrx_word' id='word_1_261' title='bbox 857 2549 1187 2607; x_wconf 79' lang='lat' dir='ltr'><strong>transferret.</strong></span> <span class='ocrx_word' id='word_1_262' title='bbox 1218 2554 1356 2624; x_wconf 79' lang='lat' dir='ltr'><strong>Ergo</strong></span> <span class='ocrx_word' id='word_1_263' title='bbox 1392 2570 1541 2615; x_wconf 73' lang='lat' dir='ltr'><strong>nunc</strong></span> <span class='ocrx_word' id='word_1_264' title='bbox 1572 2564 1763 2625; x_wconf 89' lang='lat' dir='ltr'><strong>puteus</strong></span> <span class='ocrx_word' id='word_1_265' title='bbox 1782 2596 1796 2621; x_wconf 91' lang='lat'><strong>,</strong></span> <span class='ocrx_word' id='word_1_266' title='bbox 1829 2565 1887 2611; x_wconf 90' lang='lat' dir='ltr'><strong>ut</strong></span> <span class='ocrx_word' id='word_1_267' title='bbox 1918 2557 2111 2613; x_wconf 88' lang='lat' dir='ltr'><strong>dictum</strong></span> <span class='ocrx_word' id='word_1_268' title='bbox 2146 2575 2159 2584; x_wconf 87' lang='grc'><strong>·</strong></span> 
     </span>
    </p>
   </div>
   <div class='ocr_carea' id='block_1_34' title="bbox 418 2627 2110 2753">
    <p class='ocr_par' dir='ltr' id='par_1_34' title="bbox 418 2627 2110 2753">
     <span class='ocr_line' id='line_1_46' title="bbox 418 2627 2110 2753; baseline 0.011 -64"><span class='ocrx_word' id='word_1_269' title='bbox 418 2627 1072 2753; x_wconf 47' lang='lat' dir='ltr'><strong>VMMs</strong></span> <span class='ocrx_word' id='word_1_270' title='bbox 1100 2651 1364 2699; x_wconf 88' lang='lat' dir='ltr'><strong>terrenum</strong></span> <span class='ocrx_word' id='word_1_271' title='bbox 1409 2645 1645 2702; x_wconf 86' lang='lat' dir='ltr'><strong>laborem</strong></span> <span class='ocrx_word' id='word_1_272' title='bbox 1676 2654 1728 2702; x_wconf 89' lang='lat' dir='ltr'><strong>ct</strong></span> <span class='ocrx_word' id='word_1_273' title='bbox 1767 2663 2003 2705; x_wconf 90' lang='lat' dir='ltr'><strong>errorem</strong></span> <span class='ocrx_word' id='word_1_274' title='bbox 2036 2658 2110 2708; x_wconf 87' lang='lat' dir='ltr'><strong>te-</strong></span> 
     </span>
    </p>
   </div>
   <div class='ocr_carea' id='block_1_35' title="bbox 342 2718 1054 2743">
    <p class='ocr_par' dir='ltr' id='par_1_35' title="bbox 342 2718 1054 2743">
     <span class='ocr_line' id='line_1_47' title="bbox 342 2718 1054 2743; baseline 0.007 0"><span class='ocrx_word' id='word_1_275' title='bbox 342 2718 443 2743; x_wconf 32' lang='lat' dir='ltr'><strong>rx;</strong></span> <span class='ocrx_word' id='word_1_276' title='bbox 472 2718 575 2743; x_wconf 61' lang='grc' dir='ltr'><strong>,δι’</strong></span> <span class='ocrx_word' id='word_1_277' title='bbox 614 2718 627 2725; x_wconf 77' lang='grc'><strong>⁷</strong></span> <span class='ocrx_word' id='word_1_278' title='bbox 696 2718 743 2729; x_wconf 42' lang='grc' dir='ltr'><strong>Ἴ</strong></span> <span class='ocrx_word' id='word_1_279' title='bbox 959 2718 1054 2729; x_wconf 47' lang='grc' dir='ltr'><strong>’Ἶ““</strong></span> 
     </span>
    </p>
   </div>
   <div class='ocr_carea' id='block_1_36' title="bbox 511 2734 2109 2816">
    <p class='ocr_par' dir='ltr' id='par_1_36' title="bbox 511 2734 2109 2816">
     <span class='ocr_line' id='line_1_48' title="bbox 511 2734 2109 2816; baseline 0.003 -11"><span class='ocrx_word' id='word_1_280' title='bbox 511 2734 743 2805; x_wconf 67' lang='grc' dir='ltr'><strong>Ξθδνοεθ</strong></span> <span class='ocrx_word' id='word_1_281' title='bbox 765 2734 1427 2816; x_wconf 53' lang='lat' dir='ltr'><strong>prol‘unditatéﬁuiigniacal</strong></span> <span class='ocrx_word' id='word_1_282' title='bbox 1453 2739 1493 2789; x_wconf 79' lang='grc' dir='ltr'><strong><em>ὀ</em></strong></span> <span class='ocrx_word' id='word_1_283' title='bbox 1522 2736 1592 2792; x_wconf 55' lang='lat' dir='ltr'><strong>Et</strong></span> <span class='ocrx_word' id='word_1_284' title='bbox 1615 2745 1861 2809; x_wconf 72' lang='grc' dir='ltr'><strong>(ιυοιιίίιτη</strong></span> <span class='ocrx_word' id='word_1_285' title='bbox 1885 2747 2109 2803; x_wconf 62' lang='lat' dir='ltr'><strong>exterit!</strong></span> 
     </span>
    </p>
   </div>
   <div class='ocr_carea' id='block_1_37' title="bbox 511 2833 1491 2906">
    <p class='ocr_par' dir='ltr' id='par_1_37' title="bbox 511 2833 1491 2906">
     <span class='ocr_line' id='line_1_49' title="bbox 511 2833 1491 2906; baseline -0.008 -9"><span class='ocrx_word' id='word_1_286' title='bbox 511 2849 595 2897; x_wconf 83' lang='lat' dir='ltr'><strong>est</strong></span> <span class='ocrx_word' id='word_1_287' title='bbox 624 2840 785 2895; x_wconf 91' lang='lat' dir='ltr'><strong>homo</strong></span> <span class='ocrx_word' id='word_1_288' title='bbox 812 2848 963 2896; x_wconf 90' lang='lat' dir='ltr'><strong>vetus</strong></span> <span class='ocrx_word' id='word_1_289' title='bbox 983 2882 998 2906; x_wconf 94' lang='lat'><strong>,</strong></span> <span class='ocrx_word' id='word_1_290' title='bbox 1036 2849 1089 2896; x_wconf 90' lang='lat' dir='ltr'><strong>et</strong></span> <span class='ocrx_word' id='word_1_291' title='bbox 1118 2833 1491 2906; x_wconf 62' lang='lat' dir='ltr'><strong>notheri</strong></span> 
     </span>
    </p>
   </div>
   <div class='ocr_carea' id='block_1_38' title="bbox 511 2931 2104 3003">
    <p class='ocr_par' dir='ltr' id='par_1_38' title="bbox 511 2931 2104 3003">
     <span class='ocr_line' id='line_1_50' title="bbox 511 2931 2104 3003; baseline -0.001 -15"><span class='ocrx_word' id='word_1_292' title='bbox 511 2932 581 2988; x_wconf 77' lang='lat' dir='ltr'><strong>ab</strong></span> <span class='ocrx_word' id='word_1_293' title='bbox 609 2932 864 3001; x_wconf 88' lang='lat' dir='ltr'><strong>Apostolo</strong></span> <span class='ocrx_word' id='word_1_294' title='bbox 885 2972 900 2996; x_wconf 95' lang='lat'><strong>,</strong></span> <span class='ocrx_word' id='word_1_295' title='bbox 930 2931 996 2985; x_wconf 83' lang='lat' dir='ltr'><strong>Et</strong></span> <span class='ocrx_word' id='word_1_296' title='bbox 1022 2934 1066 2986; x_wconf 89' lang='lat' dir='ltr'><strong>si</strong></span> <span class='ocrx_word' id='word_1_297' title='bbox 1098 2933 1314 2987; x_wconf 75' lang='lat' dir='ltr'><strong>exterior</strong></span> <span class='ocrx_word' id='word_1_298' title='bbox 1354 2931 1726 3003; x_wconf 61' lang='lat' dir='ltr'><strong>homoster</strong></span> <span class='ocrx_word' id='word_1_299' title='bbox 1752 2933 2104 3003; x_wconf 86' lang='lat' dir='ltr'><strong>corrumpitur,</strong></span> 
     </span>
    </p>
   </div>
   <div class='ocr_carea' id='block_1_39' title="bbox 510 3022 2105 3078">
    <p class='ocr_par' dir='ltr' id='par_1_39' title="bbox 510 3022 2105 3078">
     <span class='ocr_line' id='line_1_51' title="bbox 510 3022 2105 3078; baseline 0.001 -1"><span class='ocrx_word' id='word_1_300' title='bbox 510 3023 601 3078; x_wconf 87' lang='lat' dir='ltr'><strong>sed</strong></span> <span class='ocrx_word' id='word_1_301' title='bbox 627 3023 836 3077; x_wconf 85' lang='lat' dir='ltr'><strong>interior</strong></span> <span class='ocrx_word' id='word_1_302' title='bbox 858 3032 1124 3076; x_wconf 82' lang='lat' dir='ltr'><strong>renovatur</strong></span> <span class='ocrx_word' id='word_1_303' title='bbox 1147 3023 1209 3076; x_wconf 88' lang='lat' dir='ltr'><strong>de</strong></span> <span class='ocrx_word' id='word_1_304' title='bbox 1232 3023 1314 3076; x_wconf 87' lang='lat' dir='ltr'><strong>die</strong></span> <span class='ocrx_word' id='word_1_305' title='bbox 1334 3024 1389 3077; x_wconf 92' lang='lat' dir='ltr'><strong>in</strong></span> <span class='ocrx_word' id='word_1_306' title='bbox 1426 3023 1558 3078; x_wconf 87' lang='lat' dir='ltr'><strong>diem</strong></span> <span class='ocrx_word' id='word_1_307' title='bbox 1576 3022 1952 3078; x_wconf 69' lang='lat' dir='ltr'><strong>Nectissime</strong></span> <span class='ocrx_word' id='word_1_308' title='bbox 1993 3039 2105 3078; x_wconf 81' lang='lat' dir='ltr'><strong>om-</strong></span> 
     </span>
    </p>
   </div>
   <div class='ocr_carea' id='block_1_40' title="bbox 510 3111 2102 3199">
    <p class='ocr_par' dir='ltr' id='par_1_40' title="bbox 510 3111 2102 3199">
     <span class='ocr_line' id='line_1_52' title="bbox 510 3111 2102 3199; baseline 0.002 -31"><span class='ocrx_word' id='word_1_309' title='bbox 510 3114 641 3169; x_wconf 85' lang='lat' dir='ltr'><strong>nino</strong></span> <span class='ocrx_word' id='word_1_310' title='bbox 663 3111 932 3185; x_wconf 92' lang='lat' dir='ltr'><strong>(quoniam</strong></span> <span class='ocrx_word' id='word_1_311' title='bbox 953 3112 1127 3167; x_wconf 89' lang='lat' dir='ltr'><strong>omnia</strong></span> <span class='ocrx_word' id='word_1_312' title='bbox 1150 3111 1373 3168; x_wconf 90' lang='lat' dir='ltr'><strong>visibilia</strong></span> <span class='ocrx_word' id='word_1_313' title='bbox 1398 3113 1463 3168; x_wconf 91' lang='lat' dir='ltr'><strong>ad</strong></span> <span class='ocrx_word' id='word_1_314' title='bbox 1485 3111 2102 3199; x_wconf 59' lang='lat' dir='ltr'><strong>exteriorEnnlmﬁtiucp</strong></span> 
     </span>
    </p>
   </div>
   <div class='ocr_carea' id='block_1_41' title="bbox 510 3204 2093 3282">
    <p class='ocr_par' dir='ltr' id='par_1_41' title="bbox 510 3204 2093 3282">
     <span class='ocr_line' id='line_1_53' title="bbox 510 3204 2093 3282; baseline 0.003 -22"><span class='ocrx_word' id='word_1_315' title='bbox 510 3206 812 3276; x_wconf 85' lang='lat' dir='ltr'><strong>pertinent,</strong></span> <span class='ocrx_word' id='word_1_316' title='bbox 859 3205 1049 3276; x_wconf 87' lang='lat' dir='ltr'><strong>quibus</strong></span> <span class='ocrx_word' id='word_1_317' title='bbox 1087 3204 1374 3260; x_wconf 83' lang='lat' dir='ltr'><strong>christiana</strong></span> <span class='ocrx_word' id='word_1_318' title='bbox 1414 3205 1694 3276; x_wconf 85' lang='lat' dir='ltr'><strong>disciplina</strong></span> <span class='ocrx_word' id='word_1_319' title='bbox 1738 3204 2093 3282; x_wconf 75' lang='lat' dir='ltr'><strong>renuntiatur)</strong></span> 
     </span>
    </p>
   </div>
   <div class='ocr_carea' id='block_1_42' title="bbox 510 3296 2098 3365">
    <p class='ocr_par' dir='ltr' id='par_1_42' title="bbox 510 3296 2098 3365">
     <span class='ocr_line' id='line_1_54' title="bbox 510 3296 2098 3365; baseline 0.003 -13"><span class='ocrx_word' id='word_1_320' title='bbox 510 3297 643 3353; x_wconf 86' lang='lat' dir='ltr'><strong>hora</strong></span> <span class='ocrx_word' id='word_1_321' title='bbox 669 3305 819 3352; x_wconf 86' lang='lat' dir='ltr'><strong>sexta</strong></span> <span class='ocrx_word' id='word_1_322' title='bbox 848 3297 993 3352; x_wconf 86' lang='lat' dir='ltr'><strong>venit</strong></span> <span class='ocrx_word' id='word_1_323' title='bbox 1035 3297 1289 3351; x_wconf 91' lang='lat' dir='ltr'><strong>Dominus</strong></span> <span class='ocrx_word' id='word_1_324' title='bbox 1316 3296 1381 3351; x_wconf 92' lang='lat' dir='ltr'><strong>ad</strong></span> <span class='ocrx_word' id='word_1_325' title='bbox 1417 3305 1664 3365; x_wconf 88' lang='lat' dir='ltr'><strong>puteum,</strong></span> <span class='ocrx_word' id='word_1_326' title='bbox 1695 3296 1745 3351; x_wconf 90' lang='lat' dir='ltr'><strong>id</strong></span> <span class='ocrx_word' id='word_1_327' title='bbox 1771 3306 1884 3365; x_wconf 91' lang='lat' dir='ltr'><strong>est,</strong></span> <span class='ocrx_word' id='word_1_328' title='bbox 1920 3298 2098 3357; x_wconf 90' lang='lat' dir='ltr'><strong>medio</strong></span> 
     </span>
    </p>
   </div>
   <div class='ocr_carea' id='block_1_43' title="bbox 1689 3084 1804 3170">
    <p class='ocr_par' dir='ltr' id='par_1_43' title="bbox 1689 3087 1804 3170">
     <span class='ocr_line' id='line_1_55' title="bbox 1689 3087 1804 3170; baseline 0.017 -1"><span class='ocrx_word' id='word_1_329' title='bbox 1689 3087 1804 3170; x_wconf 52' lang='lat' dir='ltr'><strong>km</strong></span> 
     </span>
    </p>
   </div>
   <div class='ocr_carea' id='block_1_44' title="bbox 511 3388 2099 3459">
    <p class='ocr_par' dir='ltr' id='par_1_44' title="bbox 511 3388 2099 3459">
     <span class='ocr_line' id='line_1_56' title="bbox 511 3388 2099 3459; baseline 0.001 -13"><span class='ocrx_word' id='word_1_330' title='bbox 511 3390 621 3457; x_wconf 81' lang='lat' dir='ltr'><strong>die,</strong></span> <span class='ocrx_word' id='word_1_331' title='bbox 651 3389 792 3445; x_wconf 88' lang='lat' dir='ltr'><strong>unde</strong></span> <span class='ocrx_word' id='word_1_332' title='bbox 816 3389 924 3459; x_wconf 91' lang='lat' dir='ltr'><strong>jam</strong></span> <span class='ocrx_word' id='word_1_333' title='bbox 947 3389 1133 3458; x_wconf 90' lang='lat' dir='ltr'><strong>incipit</strong></span> <span class='ocrx_word' id='word_1_334' title='bbox 1149 3388 1230 3443; x_wconf 90' lang='lat' dir='ltr'><strong>sol</strong></span> <span class='ocrx_word' id='word_1_335' title='bbox 1260 3388 1360 3443; x_wconf 89' lang='lat' dir='ltr'><strong>iste</strong></span> <span class='ocrx_word' id='word_1_336' title='bbox 1385 3388 1606 3444; x_wconf 86' lang='lat' dir='ltr'><strong>visibilis</strong></span> <span class='ocrx_word' id='word_1_337' title='bbox 1629 3389 1895 3446; x_wconf 88' lang='lat' dir='ltr'><strong>declinare</strong></span> <span class='ocrx_word' id='word_1_338' title='bbox 1924 3390 1976 3445; x_wconf 92' lang='lat' dir='ltr'><strong>in</strong></span> <span class='ocrx_word' id='word_1_339' title='bbox 2007 3407 2099 3448; x_wconf 84' lang='lat' dir='ltr'><strong>oc-</strong></span> 
     </span>
    </p>
   </div>
   <div class='ocr_carea' id='block_1_45' title="bbox 511 3478 2095 3551">
    <p class='ocr_par' dir='ltr' id='par_1_45' title="bbox 511 3478 2095 3551">
     <span class='ocr_line' id='line_1_57' title="bbox 511 3478 2095 3551; baseline 0.001 -15"><span class='ocrx_word' id='word_1_340' title='bbox 511 3494 692 3536; x_wconf 86' lang='lat' dir='ltr'><strong>casum</strong></span> <span class='ocrx_word' id='word_1_341' title='bbox 720 3499 733 3534; x_wconf 91' lang='lat'>:</span> <span class='ocrx_word' id='word_1_342' title='bbox 761 3480 1015 3551; x_wconf 82' lang='lat' dir='ltr'><strong>quoniam</strong></span> <span class='ocrx_word' id='word_1_343' title='bbox 1038 3487 1091 3534; x_wconf 91' lang='lat' dir='ltr'><strong>et</strong></span> <span class='ocrx_word' id='word_1_344' title='bbox 1111 3479 1270 3534; x_wconf 87' lang='lat' dir='ltr'><strong>nobis</strong></span> <span class='ocrx_word' id='word_1_345' title='bbox 1287 3479 1493 3534; x_wconf 85' lang='lat' dir='ltr'><strong>vocatis</strong></span> <span class='ocrx_word' id='word_1_346' title='bbox 1512 3494 1544 3534; x_wconf 96' lang='lat' dir='ltr'><strong>a</strong></span> <span class='ocrx_word' id='word_1_347' title='bbox 1572 3478 1785 3537; x_wconf 85' lang='lat' dir='ltr'><strong>Christo</strong></span> <span class='ocrx_word' id='word_1_348' title='bbox 1808 3481 2095 3539; x_wconf 87' lang='lat' dir='ltr'><strong>visibilium</strong></span> 
     </span>
    </p>
   </div>
   <div class='ocr_carea' id='block_1_46' title="bbox 512 3566 2099 3632">
    <p class='ocr_par' dir='ltr' id='par_1_46' title="bbox 512 3566 2099 3632">
     <span class='ocr_line' id='line_1_58' title="bbox 512 3566 2099 3632; baseline 0.003 -8"><span class='ocrx_word' id='word_1_349' title='bbox 512 3569 796 3626; x_wconf 86' lang='lat' dir='ltr'><strong>delectatio</strong></span> <span class='ocrx_word' id='word_1_350' title='bbox 825 3569 1098 3632; x_wconf 85' lang='lat' dir='ltr'><strong>minuitur,</strong></span> <span class='ocrx_word' id='word_1_351' title='bbox 1130 3576 1189 3623; x_wconf 91' lang='lat' dir='ltr'><strong>ut</strong></span> <span class='ocrx_word' id='word_1_352' title='bbox 1214 3566 1557 3624; x_wconf 88' lang='lat' dir='ltr'><strong>invisibilium</strong></span> <span class='ocrx_word' id='word_1_353' title='bbox 1598 3583 1781 3625; x_wconf 87' lang='lat' dir='ltr'><strong>amore</strong></span> <span class='ocrx_word' id='word_1_354' title='bbox 1818 3568 1978 3627; x_wconf 87' lang='lat' dir='ltr'><strong>homo</strong></span> <span class='ocrx_word' id='word_1_355' title='bbox 2017 3571 2099 3628; x_wconf 87' lang='lat' dir='ltr'><strong>in-</strong></span> 
     </span>
    </p>
   </div>
   <div class='ocr_carea' id='block_1_47' title="bbox 514 3658 2095 3734">
    <p class='ocr_par' dir='ltr' id='par_1_47' title="bbox 514 3658 2095 3734">
     <span class='ocr_line' id='line_1_59' title="bbox 514 3658 2095 3734; baseline 0.002 -18"><span class='ocrx_word' id='word_1_356' title='bbox 514 3663 677 3717; x_wconf 89' lang='lat' dir='ltr'><strong>terior</strong></span> <span class='ocrx_word' id='word_1_357' title='bbox 700 3661 721 3692; x_wconf 88' lang='grc'>³</span> <span class='ocrx_word' id='word_1_358' title='bbox 749 3670 1043 3729; x_wconf 87' lang='lat' dir='ltr'><strong>recreatus,</strong></span> <span class='ocrx_word' id='word_1_359' title='bbox 1071 3659 1135 3714; x_wconf 89' lang='lat' dir='ltr'><strong>ad</strong></span> <span class='ocrx_word' id='word_1_360' title='bbox 1166 3658 1469 3715; x_wconf 89' lang='lat' dir='ltr'><strong>interiorem</strong></span> <span class='ocrx_word' id='word_1_361' title='bbox 1489 3660 1662 3717; x_wconf 89' lang='lat' dir='ltr'><strong>lucem</strong></span> <span class='ocrx_word' id='word_1_362' title='bbox 1690 3676 1808 3731; x_wconf 63' lang='lat' dir='ltr'><strong>quae</strong></span> <span class='ocrx_word' id='word_1_363' title='bbox 1828 3678 2095 3734; x_wconf 84' lang='lat' dir='ltr'><strong>nunquam</strong></span> 
     </span>
    </p>
   </div>
   <div class='ocr_carea' id='block_1_48' title="bbox 513 3750 2096 3824">
    <p class='ocr_par' dir='ltr' id='par_1_48' title="bbox 513 3750 2096 3824">
     <span class='ocr_line' id='line_1_60' title="bbox 513 3750 2096 3824; baseline 0 -16"><span class='ocrx_word' id='word_1_364' title='bbox 513 3752 739 3816; x_wconf 89' lang='lat' dir='ltr'><strong>occidit,</strong></span> <span class='ocrx_word' id='word_1_365' title='bbox 783 3760 1106 3817; x_wconf 68' lang='lat' dir='ltr'><strong>revertatur,</strong></span> <span class='ocrx_word' id='word_1_366' title='bbox 1140 3750 1430 3805; x_wconf 90' lang='lat' dir='ltr'><strong>secundum</strong></span> <span class='ocrx_word' id='word_1_367' title='bbox 1469 3751 1813 3822; x_wconf 86' lang='lat' dir='ltr'><strong>apostolicam</strong></span> <span class='ocrx_word' id='word_1_368' title='bbox 1856 3752 2096 3824; x_wconf 86' lang='lat' dir='ltr'><strong>discipli-</strong></span> 
     </span>
    </p>
   </div>
   <div class='ocr_carea' id='block_1_49' title="bbox 513 3840 2097 3914">
    <p class='ocr_par' dir='ltr' id='par_1_49' title="bbox 513 3840 2097 3914">
     <span class='ocr_line' id='line_1_61' title="bbox 513 3840 2097 3914; baseline 0 -16"><span class='ocrx_word' id='word_1_369' title='bbox 513 3858 637 3898; x_wconf 89' lang='lat' dir='ltr'><strong>nam</strong></span> <span class='ocrx_word' id='word_1_370' title='bbox 656 3883 671 3908; x_wconf 93' lang='lat'><strong>,</strong></span> <span class='ocrx_word' id='word_1_371' title='bbox 702 3857 808 3897; x_wconf 90' lang='lat' dir='ltr'><strong>non</strong></span> <span class='ocrx_word' id='word_1_372' title='bbox 836 3855 1082 3912; x_wconf 74' lang='lat' dir='ltr'><strong>quzerens</strong></span> <span class='ocrx_word' id='word_1_373' title='bbox 1110 3856 1224 3911; x_wconf 70' lang='lat' dir='ltr'><strong>qua:</strong></span> <span class='ocrx_word' id='word_1_374' title='bbox 1251 3840 1503 3905; x_wconf 87' lang='lat' dir='ltr'><strong>videntur,</strong></span> <span class='ocrx_word' id='word_1_375' title='bbox 1542 3842 1632 3895; x_wconf 87' lang='lat' dir='ltr'><strong>sed</strong></span> <span class='ocrx_word' id='word_1_376' title='bbox 1663 3858 1776 3914; x_wconf 73' lang='lat' dir='ltr'><strong>qua:</strong></span> <span class='ocrx_word' id='word_1_377' title='bbox 1803 3859 1904 3898; x_wconf 90' lang='lat' dir='ltr'><strong>non</strong></span> <span class='ocrx_word' id='word_1_378' title='bbox 1925 3844 2097 3898; x_wconf 87' lang='lat' dir='ltr'><strong>viden-</strong></span> 
     </span>
    </p>
   </div>
   <div class='ocr_carea' id='block_1_50' title="bbox 515 3932 2097 4004">
    <p class='ocr_par' dir='ltr' id='par_1_50' title="bbox 515 3932 2097 4004">
     <span class='ocr_line' id='line_1_62' title="bbox 515 3932 2097 4004; baseline 0.002 -17"><span class='ocrx_word' id='word_1_379' title='bbox 515 3944 598 3988; x_wconf 90' lang='lat' dir='ltr'><strong>tur</strong></span> <span class='ocrx_word' id='word_1_380' title='bbox 627 3949 646 3987; x_wconf 90' lang='lat'><strong><em>:</em></strong></span> <span class='ocrx_word' id='word_1_381' title='bbox 670 3949 783 4002; x_wconf 72' lang='lat' dir='ltr'><strong>qua:</strong></span> <span class='ocrx_word' id='word_1_382' title='bbox 825 3933 958 3987; x_wconf 88' lang='lat' dir='ltr'><strong>enim</strong></span> <span class='ocrx_word' id='word_1_383' title='bbox 993 3932 1238 3997; x_wconf 88' lang='lat' dir='ltr'><strong>videntur,</strong></span> <span class='ocrx_word' id='word_1_384' title='bbox 1269 3933 1566 4003; x_wconf 81' lang='lat' dir='ltr'><strong>temporalia</strong></span> <span class='ocrx_word' id='word_1_385' title='bbox 1607 3943 1757 4000; x_wconf 87' lang='lat' dir='ltr'><strong>sunt;</strong></span> <span class='ocrx_word' id='word_1_386' title='bbox 1786 3950 1898 4004; x_wconf 70' lang='lat' dir='ltr'><strong>qua:</strong></span> <span class='ocrx_word' id='word_1_387' title='bbox 1933 3944 2097 3990; x_wconf 83' lang='lat' dir='ltr'><strong>autent</strong></span> 
     </span>
    </p>
   </div>
   <div class='ocr_carea' id='block_1_51' title="bbox 515 4023 1882 4100">
    <p class='ocr_par' dir='ltr' id='par_1_51' title="bbox 515 4023 1882 4100">
     <span class='ocr_line' id='line_1_63' title="bbox 515 4023 1882 4100; baseline 0.001 -20"><span class='ocrx_word' id='word_1_388' title='bbox 515 4043 614 4080; x_wconf 83' lang='lat' dir='ltr'><strong>non</strong></span> <span class='ocrx_word' id='word_1_389' title='bbox 645 4025 895 4091; x_wconf 83' lang='lat' dir='ltr'><strong>videntur,</strong></span> <span class='ocrx_word' id='word_1_390' title='bbox 930 4032 1118 4078; x_wconf 65' lang='lat' dir='ltr'><strong>aeterna</strong></span> <span class='ocrx_word' id='word_1_391' title='bbox 1144 4034 1259 4079; x_wconf 87' lang='lat' dir='ltr'><strong>sunt</strong></span> <span class='ocrx_word' id='word_1_392' title='bbox 1287 4025 1353 4096; x_wconf 86' lang='lat' dir='ltr'><strong>(ll</strong></span> <span class='ocrx_word' id='word_1_393' title='bbox 1379 4023 1498 4080; x_wconf 86' lang='lat' dir='ltr'><strong>Cor.</strong></span> <span class='ocrx_word' id='word_1_394' title='bbox 1528 4042 1600 4091; x_wconf 83' lang='lat' dir='ltr'><strong>tv,</strong></span> <span class='ocrx_word' id='word_1_395' title='bbox 1631 4027 1700 4081; x_wconf 79' lang='grc'><strong>16</strong></span> <span class='ocrx_word' id='word_1_396' title='bbox 1722 4069 1738 4095; x_wconf 84' lang='grc'><em>,</em></span> <span class='ocrx_word' id='word_1_397' title='bbox 1769 4028 1882 4100; x_wconf 76' lang='grc'><strong>18).</strong></span> 
     </span>
    </p>
   </div>
   <div class='ocr_carea' id='block_1_52' title="bbox 587 4114 2098 4189">
    <p class='ocr_par' dir='ltr' id='par_1_52' title="bbox 587 4114 2098 4189">
     <span class='ocr_line' id='line_1_64' title="bbox 587 4114 2098 4189; baseline 0.001 -16"><span class='ocrx_word' id='word_1_398' title='bbox 587 4119 642 4173; x_wconf 78' lang='lat'><strong>3.</strong></span> <span class='ocrx_word' id='word_1_399' title='bbox 668 4115 819 4184; x_wconf 86' lang='lat' dir='ltr'><strong>Quod</strong></span> <span class='ocrx_word' id='word_1_400' title='bbox 846 4124 1023 4171; x_wconf 88' lang='lat' dir='ltr'><strong>autem</strong></span> <span class='ocrx_word' id='word_1_401' title='bbox 1049 4114 1298 4186; x_wconf 81' lang='lat' dir='ltr'><strong>fatigatus</strong></span> <span class='ocrx_word' id='word_1_402' title='bbox 1319 4117 1467 4172; x_wconf 81' lang='lat' dir='ltr'><strong>venit</strong></span> <span class='ocrx_word' id='word_1_403' title='bbox 1494 4117 1561 4173; x_wconf 90' lang='lat' dir='ltr'><strong>ad</strong></span> <span class='ocrx_word' id='word_1_404' title='bbox 1593 4127 1807 4189; x_wconf 89' lang='lat' dir='ltr'><strong>puteum</strong></span> <span class='ocrx_word' id='word_1_405' title='bbox 1829 4161 1842 4186; x_wconf 95' lang='lat'><strong>,</strong></span> <span class='ocrx_word' id='word_1_406' title='bbox 1876 4119 2098 4174; x_wconf 89' lang='lat' dir='ltr'><strong>inﬁrmi-</strong></span> 
     </span>
    </p>
   </div>
   <div class='ocr_carea' id='block_1_53' title="bbox 516 4208 2094 4279">
    <p class='ocr_par' dir='ltr' id='par_1_53' title="bbox 516 4208 2094 4279">
     <span class='ocr_line' id='line_1_65' title="bbox 516 4208 2094 4279; baseline 0.001 -14"><span class='ocrx_word' id='word_1_407' title='bbox 516 4219 676 4265; x_wconf 87' lang='lat' dir='ltr'><strong>tatem</strong></span> <span class='ocrx_word' id='word_1_408' title='bbox 707 4209 883 4263; x_wconf 90' lang='lat' dir='ltr'><strong>carnis</strong></span> <span class='ocrx_word' id='word_1_409' title='bbox 924 4208 1221 4279; x_wconf 79' lang='lat' dir='ltr'><strong>signiﬁcat;</strong></span> <span class='ocrx_word' id='word_1_410' title='bbox 1265 4209 1408 4279; x_wconf 88' lang='lat' dir='ltr'><strong>quod</strong></span> <span class='ocrx_word' id='word_1_411' title='bbox 1457 4209 1623 4277; x_wconf 89' lang='lat' dir='ltr'><strong>sedit,</strong></span> <span class='ocrx_word' id='word_1_412' title='bbox 1672 4210 2026 4267; x_wconf 86' lang='lat' dir='ltr'><strong>humilitatem</strong></span> <span class='ocrx_word' id='word_1_413' title='bbox 2080 4230 2094 4266; x_wconf 90' lang='lat'><strong>:</strong></span> 
     </span>
    </p>
   </div>
   <div class='ocr_carea' id='block_1_54' title="bbox 511 4300 2095 4373">
    <p class='ocr_par' dir='ltr' id='par_1_54' title="bbox 511 4300 2095 4373">
     <span class='ocr_line' id='line_1_66' title="bbox 511 4300 2095 4373; baseline 0.003 -18"><span class='ocrx_word' id='word_1_414' title='bbox 511 4302 635 4371; x_wconf 89' lang='lat' dir='ltr'><strong>quia</strong></span> <span class='ocrx_word' id='word_1_415' title='bbox 659 4310 715 4355; x_wconf 89' lang='lat' dir='ltr'><strong>et</strong></span> <span class='ocrx_word' id='word_1_416' title='bbox 752 4300 1169 4356; x_wconf 88' lang='lat' dir='ltr'><strong>imbecillitatem</strong></span> <span class='ocrx_word' id='word_1_417' title='bbox 1193 4303 1368 4358; x_wconf 87' lang='lat' dir='ltr'><strong>carnis</strong></span> <span class='ocrx_word' id='word_1_418' title='bbox 1418 4316 1515 4373; x_wconf 88' lang='lat' dir='ltr'><strong>pro</strong></span> <span class='ocrx_word' id='word_1_419' title='bbox 1558 4302 1713 4358; x_wconf 90' lang='lat' dir='ltr'><strong>nobis</strong></span> <span class='ocrx_word' id='word_1_420' title='bbox 1741 4302 2010 4373; x_wconf 87' lang='lat' dir='ltr'><strong>suscepit,</strong></span> <span class='ocrx_word' id='word_1_421' title='bbox 2043 4313 2095 4359; x_wconf 91' lang='lat' dir='ltr'><strong>et</strong></span> 
     </span>
    </p>
   </div>
   <div class='ocr_carea' id='block_1_55' title="bbox 513 4394 2093 4467">
    <p class='ocr_par' dir='ltr' id='par_1_55' title="bbox 513 4394 2093 4467">
     <span class='ocr_line' id='line_1_67' title="bbox 513 4394 2093 4467; baseline 0.001 -16"><span class='ocrx_word' id='word_1_422' title='bbox 513 4395 675 4451; x_wconf 86' lang='lat' dir='ltr'><strong>homo</strong></span> <span class='ocrx_word' id='word_1_423' title='bbox 695 4394 997 4448; x_wconf 86' lang='lat' dir='ltr'><strong>hominibus</strong></span> <span class='ocrx_word' id='word_1_424' title='bbox 1018 4402 1123 4449; x_wconf 90' lang='lat' dir='ltr'><strong>tam</strong></span> <span class='ocrx_word' id='word_1_425' title='bbox 1151 4395 1424 4451; x_wconf 88' lang='lat' dir='ltr'><strong>humiliter</strong></span> <span class='ocrx_word' id='word_1_426' title='bbox 1447 4409 1706 4465; x_wconf 86' lang='lat' dir='ltr'><strong>apparere</strong></span> <span class='ocrx_word' id='word_1_427' title='bbox 1724 4395 1970 4467; x_wconf 76' lang='lat' dir='ltr'><strong>dignatus</strong></span> <span class='ocrx_word' id='word_1_428' title='bbox 1990 4406 2093 4452; x_wconf 91' lang='lat' dir='ltr'><strong>est.</strong></span> 
     </span>
    </p>
   </div>
   <div class='ocr_carea' id='block_1_56' title="bbox 514 4484 2099 4557">
    <p class='ocr_par' dir='ltr' id='par_1_56' title="bbox 514 4484 2099 4557">
     <span class='ocr_line' id='line_1_68' title="bbox 514 4484 2099 4557; baseline 0.001 -15"><span class='ocrx_word' id='word_1_429' title='bbox 514 4487 590 4542; x_wconf 92' lang='lat' dir='ltr'><strong>De</strong></span> <span class='ocrx_word' id='word_1_430' title='bbox 633 4486 732 4541; x_wconf 91' lang='lat' dir='ltr'><strong>hac</strong></span> <span class='ocrx_word' id='word_1_431' title='bbox 778 4484 1080 4541; x_wconf 85' lang='lat' dir='ltr'><strong>inﬁrmitate</strong></span> <span class='ocrx_word' id='word_1_432' title='bbox 1110 4487 1285 4541; x_wconf 85' lang='lat' dir='ltr'><strong>carnis</strong></span> <span class='ocrx_word' id='word_1_433' title='bbox 1329 4485 1582 4557; x_wconf 82' lang='lat' dir='ltr'><strong>propheta</strong></span> <span class='ocrx_word' id='word_1_434' title='bbox 1623 4487 1794 4541; x_wconf 91' lang='lat' dir='ltr'><strong>dicit:</strong></span> <span class='ocrx_word' id='word_1_435' title='bbox 1838 4486 2006 4542; x_wconf 87' lang='lat' dir='ltr'><strong>Homo</strong></span> <span class='ocrx_word' id='word_1_436' title='bbox 2043 4489 2099 4543; x_wconf 88' lang='lat' dir='ltr'><strong>in</strong></span> 
     </span>
    </p>
   </div>
   <div class='ocr_carea' id='block_1_57' title="bbox 514 4575 2091 4652">
    <p class='ocr_par' dir='ltr' id='par_1_57' title="bbox 514 4575 2091 4652">
     <span class='ocr_line' id='line_1_69' title="bbox 514 4575 2091 4652; baseline 0.002 -18"><span class='ocrx_word' id='word_1_437' title='bbox 514 4580 668 4650; x_wconf 85' lang='lat' dir='ltr'><strong>plaga</strong></span> <span class='ocrx_word' id='word_1_438' title='bbox 688 4579 896 4649; x_wconf 88' lang='lat' dir='ltr'><strong>positus,</strong></span> <span class='ocrx_word' id='word_1_439' title='bbox 912 4588 957 4633; x_wconf 90' lang='lat' dir='ltr'><strong>et</strong></span> <span class='ocrx_word' id='word_1_440' title='bbox 982 4578 1141 4633; x_wconf 87' lang='lat' dir='ltr'><strong>sciens</strong></span> <span class='ocrx_word' id='word_1_441' title='bbox 1153 4583 1284 4650; x_wconf 78' lang='lat' dir='ltr'><strong>ferre</strong></span> <span class='ocrx_word' id='word_1_442' title='bbox 1306 4575 1693 4631; x_wconf 82' lang='lat' dir='ltr'><strong>imbecillitatem</strong></span> <span class='ocrx_word' id='word_1_443' title='bbox 1711 4576 1858 4648; x_wconf 88' lang='lat' dir='ltr'><strong>(Isai.</strong></span> <span class='ocrx_word' id='word_1_444' title='bbox 1887 4595 1995 4644; x_wconf 81' lang='lat' dir='ltr'>LIII,</span> <span class='ocrx_word' id='word_1_445' title='bbox 2016 4580 2091 4652; x_wconf 82' lang='lat'><strong>5).</strong></span> 
     </span>
    </p>
   </div>
   <div class='ocr_carea' id='block_1_58' title="bbox 517 4667 2097 4738">
    <p class='ocr_par' dir='ltr' id='par_1_58' title="bbox 517 4667 2097 4738">
     <span class='ocr_line' id='line_1_70' title="bbox 517 4667 2097 4738; baseline 0.001 -14"><span class='ocrx_word' id='word_1_446' title='bbox 517 4672 591 4726; x_wconf 91' lang='lat' dir='ltr'><strong>De</strong></span> <span class='ocrx_word' id='word_1_447' title='bbox 622 4669 916 4726; x_wconf 85' lang='lat' dir='ltr'><strong>humilitate</strong></span> <span class='ocrx_word' id='word_1_448' title='bbox 946 4684 1074 4728; x_wconf 88' lang='lat' dir='ltr'><strong>vero</strong></span> <span class='ocrx_word' id='word_1_449' title='bbox 1095 4669 1381 4738; x_wconf 87' lang='lat' dir='ltr'><strong>Apostolus</strong></span> <span class='ocrx_word' id='word_1_450' title='bbox 1407 4667 1638 4737; x_wconf 84' lang='lat' dir='ltr'><strong>laquitur</strong></span> <span class='ocrx_word' id='word_1_451' title='bbox 1662 4668 1844 4725; x_wconf 89' lang='lat' dir='ltr'><strong>dicens</strong></span> <span class='ocrx_word' id='word_1_452' title='bbox 1869 4689 1881 4724; x_wconf 91' lang='lat'>:</span> <span class='ocrx_word' id='word_1_453' title='bbox 1912 4671 2097 4726; x_wconf 79' lang='lat' dir='ltr'><strong>[Iumi-</strong></span> 
     </span>
    </p>
   </div>
   <div class='ocr_carea' id='block_1_59' title="bbox 472 4742 2091 4832">
    <p class='ocr_par' dir='ltr' id='par_1_59' title="bbox 472 4742 2091 4832">
     <span class='ocr_line' id='line_1_71' title="bbox 472 4742 2091 4832; baseline 0.002 -18"><span class='ocrx_word' id='word_1_454' title='bbox 472 4742 479 4749; x_wconf 16' lang='lat' dir='ltr'><strong>ﬁ</strong></span> <span class='ocrx_word' id='word_1_455' title='bbox 514 4760 656 4815; x_wconf 89' lang='lat' dir='ltr'><strong>liavit</strong></span> <span class='ocrx_word' id='word_1_456' title='bbox 682 4776 763 4827; x_wconf 91' lang='lat' dir='ltr'><strong>se,</strong></span> <span class='ocrx_word' id='word_1_457' title='bbox 792 4760 954 4830; x_wconf 83' lang='lat' dir='ltr'><strong>factus</strong></span> <span class='ocrx_word' id='word_1_458' title='bbox 978 4757 1206 4813; x_wconf 85' lang='lat' dir='ltr'><strong>subditus</strong></span> <span class='ocrx_word' id='word_1_459' title='bbox 1230 4773 1386 4827; x_wconf 86' lang='lat' dir='ltr'><strong>usque</strong></span> <span class='ocrx_word' id='word_1_460' title='bbox 1411 4756 1480 4810; x_wconf 89' lang='lat' dir='ltr'><strong>ad</strong></span> <span class='ocrx_word' id='word_1_461' title='bbox 1502 4765 1711 4812; x_wconf 87' lang='lat' dir='ltr'><strong>mortem</strong></span> <span class='ocrx_word' id='word_1_462' title='bbox 1745 4758 2000 4832; x_wconf 78' lang='lat' dir='ltr'><strong>(Philipp.</strong></span> <span class='ocrx_word' id='word_1_463' title='bbox 2032 4778 2091 4829; x_wconf 87' lang='lat' dir='ltr'><strong>tt,</strong></span> 
     </span>
    </p>
   </div>
   <div class='ocr_carea' id='block_1_60' title="bbox 514 4847 2095 4923">
    <p class='ocr_par' dir='ltr' id='par_1_60' title="bbox 514 4847 2095 4923">
     <span class='ocr_line' id='line_1_72' title="bbox 514 4847 2095 4923; baseline 0.003 -16"><span class='ocrx_word' id='word_1_464' title='bbox 514 4850 594 4923; x_wconf 89' lang='lat'><strong>8).</strong></span> <span class='ocrx_word' id='word_1_465' title='bbox 617 4850 927 4922; x_wconf 88' lang='lat' dir='ltr'><strong>Quanquam</strong></span> <span class='ocrx_word' id='word_1_466' title='bbox 976 4849 1102 4904; x_wconf 91' lang='lat' dir='ltr'><strong>illud</strong></span> <span class='ocrx_word' id='word_1_467' title='bbox 1144 4848 1283 4918; x_wconf 87' lang='lat' dir='ltr'><strong>quod</strong></span> <span class='ocrx_word' id='word_1_468' title='bbox 1311 4847 1479 4914; x_wconf 85' lang='lat' dir='ltr'><strong>sedit,</strong></span> <span class='ocrx_word' id='word_1_469' title='bbox 1523 4850 1772 4918; x_wconf 90' lang='lat' dir='ltr'><strong>quoniam</strong></span> <span class='ocrx_word' id='word_1_470' title='bbox 1813 4854 1987 4909; x_wconf 90' lang='lat' dir='ltr'><strong>solent</strong></span> <span class='ocrx_word' id='word_1_471' title='bbox 2011 4869 2095 4911; x_wconf 85' lang='lat' dir='ltr'><strong>se-</strong></span> 
     </span>
    </p>
   </div>
   <div class='ocr_carea' id='block_1_61' title="bbox 515 4939 2093 5010">
    <p class='ocr_par' dir='ltr' id='par_1_61' title="bbox 515 4939 2093 5010">
     <span class='ocr_line' id='line_1_73' title="bbox 515 4939 2093 5010; baseline -0.006 -10"><span class='ocrx_word' id='word_1_472' title='bbox 515 4944 643 5000; x_wconf 87' lang='lat' dir='ltr'><strong>dere</strong></span> <span class='ocrx_word' id='word_1_473' title='bbox 687 4943 967 5007; x_wconf 87' lang='lat' dir='ltr'><strong>doctores,</strong></span> <span class='ocrx_word' id='word_1_474' title='bbox 1017 4940 1185 5010; x_wconf 81' lang='lat' dir='ltr'><strong>possit</strong></span> <span class='ocrx_word' id='word_1_475' title='bbox 1222 4939 1326 4995; x_wconf 88' lang='lat' dir='ltr'><strong>alio</strong></span> <span class='ocrx_word' id='word_1_476' title='bbox 1367 4941 1630 4995; x_wconf 90' lang='lat' dir='ltr'><strong>intellectu</strong></span> <span class='ocrx_word' id='word_1_477' title='bbox 1674 4958 1780 5001; x_wconf 91' lang='lat' dir='ltr'><strong>non</strong></span> <span class='ocrx_word' id='word_1_478' title='bbox 1825 4944 2093 5001; x_wconf 87' lang='lat' dir='ltr'><strong>humilita-</strong></span> 
     </span>
    </p>
   </div>
   <div class='ocr_carea' id='block_1_62' title="bbox 515 5032 2089 5110">
    <p class='ocr_par' dir='ltr' id='par_1_62' title="bbox 515 5032 2089 5110">
     <span class='ocr_line' id='line_1_74' title="bbox 515 5032 2089 5110; baseline 0.003 -16"><span class='ocrx_word' id='word_1_479' title='bbox 515 5040 585 5094; x_wconf 87' lang='lat' dir='ltr'><strong>tis</strong></span> <span class='ocrx_word' id='word_1_480' title='bbox 622 5037 935 5092; x_wconf 86' lang='lat' dir='ltr'><strong>modestiam</strong></span> <span class='ocrx_word' id='word_1_481' title='bbox 954 5075 970 5100; x_wconf 90' lang='lat'><strong>,</strong></span> <span class='ocrx_word' id='word_1_482' title='bbox 998 5033 1090 5088; x_wconf 92' lang='lat' dir='ltr'><strong>sed</strong></span> <span class='ocrx_word' id='word_1_483' title='bbox 1114 5032 1348 5103; x_wconf 80' lang='lat' dir='ltr'><strong>magistri</strong></span> <span class='ocrx_word' id='word_1_484' title='bbox 1378 5033 1746 5093; x_wconf 88' lang='lat' dir='ltr'><strong>demonstrare</strong></span> <span class='ocrx_word' id='word_1_485' title='bbox 1788 5055 2089 5110; x_wconf 76' lang='lat' dir='ltr'><strong>personam.</strong></span> 
     </span>
    </p>
   </div>
   <div class='ocr_carea' id='block_1_63' title="bbox 584 5130 2088 5211">
    <p class='ocr_par' dir='ltr' id='par_1_63' title="bbox 584 5130 2088 5211">
     <span class='ocr_line' id='line_1_75' title="bbox 584 5130 2088 5211; baseline 0.009 -24"><span class='ocrx_word' id='word_1_486' title='bbox 584 5133 639 5187; x_wconf 70' lang='grc'><strong>4.</strong></span> <span class='ocrx_word' id='word_1_487' title='bbox 679 5130 782 5188; x_wconf 87' lang='lat' dir='ltr'><strong>Sed</strong></span> <span class='ocrx_word' id='word_1_488' title='bbox 821 5130 985 5199; x_wconf 80' lang='lat' dir='ltr'><strong>quaeri</strong></span> <span class='ocrx_word' id='word_1_489' title='bbox 1019 5136 1192 5198; x_wconf 86' lang='lat' dir='ltr'><strong>potest</strong></span> <span class='ocrx_word' id='word_1_490' title='bbox 1219 5144 1382 5199; x_wconf 89' lang='lat' dir='ltr'><strong>quare</strong></span> <span class='ocrx_word' id='word_1_491' title='bbox 1411 5145 1443 5185; x_wconf 90' lang='lat' dir='ltr'><strong>a</strong></span> <span class='ocrx_word' id='word_1_492' title='bbox 1478 5133 1698 5190; x_wconf 87' lang='lat' dir='ltr'><strong>muliere</strong></span> <span class='ocrx_word' id='word_1_493' title='bbox 1726 5136 2088 5211; x_wconf 87' lang='lat' dir='ltr'><strong>Samaritana,</strong></span> 
     </span>
    </p>
   </div>
   <div class='ocr_carea' id='block_1_64' title="bbox 514 5218 2093 5297">
    <p class='ocr_par' dir='ltr' id='par_1_64' title="bbox 514 5218 2093 5297">
     <span class='ocr_line' id='line_1_76' title="bbox 514 5218 2093 5297; baseline 0.008 -20"><span class='ocrx_word' id='word_1_494' title='bbox 514 5238 633 5295; x_wconf 65' lang='lat' dir='ltr'><strong>qua:</strong></span> <span class='ocrx_word' id='word_1_495' title='bbox 663 5221 864 5292; x_wconf 76' lang='lat' dir='ltr'><strong>hydria:</strong></span> <span class='ocrx_word' id='word_1_496' title='bbox 890 5232 1026 5288; x_wconf 88' lang='lat' dir='ltr'><strong>aqua</strong></span> <span class='ocrx_word' id='word_1_497' title='bbox 1056 5218 1336 5288; x_wconf 79' lang='lat' dir='ltr'><strong>implenda:</strong></span> <span class='ocrx_word' id='word_1_498' title='bbox 1381 5222 1549 5292; x_wconf 85' lang='lat' dir='ltr'><strong>gratia</strong></span> <span class='ocrx_word' id='word_1_499' title='bbox 1590 5236 1810 5283; x_wconf 89' lang='lat' dir='ltr'><strong>venerat</strong></span> <span class='ocrx_word' id='word_1_500' title='bbox 1840 5230 1879 5297; x_wconf 86' lang='grc'><strong>¹,</strong></span> <span class='ocrx_word' id='word_1_501' title='bbox 1908 5231 2093 5291; x_wconf 89' lang='lat' dir='ltr'><strong>bibere</strong></span> 
     </span>
    </p>
   </div>
   <div class='ocr_carea' id='block_1_65' title="bbox 514 5310 2093 5386">
    <p class='ocr_par' dir='ltr' id='par_1_65' title="bbox 514 5310 2093 5386">
     <span class='ocr_line' id='line_1_77' title="bbox 514 5310 2093 5386; baseline 0.008 -18"><span class='ocrx_word' id='word_1_502' title='bbox 514 5310 895 5386; x_wconf 87' lang='lat' dir='ltr'><strong>postulaverit,</strong></span> <span class='ocrx_word' id='word_1_503' title='bbox 937 5323 1058 5364; x_wconf 88' lang='lat' dir='ltr'><strong>cum</strong></span> <span class='ocrx_word' id='word_1_504' title='bbox 1106 5312 1220 5380; x_wconf 90' lang='lat' dir='ltr'><strong>ipse</strong></span> <span class='ocrx_word' id='word_1_505' title='bbox 1263 5322 1445 5381; x_wconf 90' lang='lat' dir='ltr'><strong>postea</strong></span> <span class='ocrx_word' id='word_1_506' title='bbox 1494 5314 1782 5386; x_wconf 90' lang='lat' dir='ltr'><strong>spiritualis</strong></span> <span class='ocrx_word' id='word_1_507' title='bbox 1824 5318 1987 5380; x_wconf 84' lang='lat' dir='ltr'><strong>fontis</strong></span> <span class='ocrx_word' id='word_1_508' title='bbox 2015 5325 2093 5380; x_wconf 84' lang='lat' dir='ltr'><strong>af-</strong></span> 
     </span>
    </p>
   </div>
   <div class='ocr_carea' id='block_1_66' title="bbox 578 5442 1500 5502">
    <p class='ocr_par' dir='ltr' id='par_1_66' title="bbox 578 5442 1500 5502">
     <span class='ocr_line' id='line_1_78' title="bbox 578 5442 1500 5502; baseline 0.009 -10"><span class='ocrx_word' id='word_1_509' title='bbox 578 5447 593 5477; x_wconf 82' lang='grc'>¹</span> <span class='ocrx_word' id='word_1_510' title='bbox 619 5445 693 5493; x_wconf 85' lang='lat' dir='ltr'><strong>sic</strong></span> <span class='ocrx_word' id='word_1_511' title='bbox 710 5450 815 5493; x_wconf 74' lang='lat' dir='ltr'><strong>Mss.</strong></span> <span class='ocrx_word' id='word_1_512' title='bbox 841 5447 897 5493; x_wconf 79' lang='lat' dir='ltr'><strong>At</strong></span> <span class='ocrx_word' id='word_1_513' title='bbox 918 5442 1052 5502; x_wconf 81' lang='lat' dir='ltr'><strong>editi,</strong></span> <span class='ocrx_word' id='word_1_514' title='bbox 1079 5451 1218 5497; x_wconf 74' lang='lat' dir='ltr'><strong>(etate</strong></span> <span class='ocrx_word' id='word_1_515' title='bbox 1235 5448 1500 5500; x_wconf 75' lang='lat' dir='ltr'><strong>senectutis.</strong></span> 
     </span>
    </p>
   </div>
   <div class='ocr_carea' id='block_1_67' title="bbox 474 5505 2096 5583">
    <p class='ocr_par' dir='ltr' id='par_1_67' title="bbox 474 5505 2096 5583">
     <span class='ocr_line' id='line_1_79' title="bbox 474 5505 2096 5583; baseline 0.004 -29"><span class='ocrx_word' id='word_1_516' title='bbox 474 5510 485 5521; x_wconf 91' lang='lat'><strong><em>&#39;</em></strong></span> <span class='ocrx_word' id='word_1_517' title='bbox 546 5509 595 5583; x_wconf 43' lang='grc' dir='ltr'><strong>ι’</strong></span> <span class='ocrx_word' id='word_1_518' title='bbox 617 5506 770 5583; x_wconf 64' lang='lat' dir='ltr'><strong>miti,</strong></span> <span class='ocrx_word' id='word_1_519' title='bbox 785 5505 1130 5583; x_wconf 74' lang='lat' dir='ltr'><strong>_prof_tmditate</strong></span> <span class='ocrx_word' id='word_1_520' title='bbox 1164 5514 1211 5559; x_wconf 88' lang='lat' dir='ltr'><strong>et</strong></span> <span class='ocrx_word' id='word_1_521' title='bbox 1244 5508 1526 5562; x_wconf 75' lang='lat' dir='ltr'><strong>obscuritate</strong></span> <span class='ocrx_word' id='word_1_522' title='bbox 1557 5510 1812 5579; x_wconf 71' lang='lat' dir='ltr'><strong>signiﬁcat.</strong></span> <span class='ocrx_word' id='word_1_523' title='bbox 1853 5518 2018 5583; x_wconf 60' lang='lat' dir='ltr'><strong>abest,</strong></span> <span class='ocrx_word' id='word_1_524' title='bbox 2047 5529 2096 5576; x_wconf 73' lang='grc' dir='ltr'><strong>ει</strong></span> 
     </span>
    </p>
   </div>
   <div class='ocr_carea' id='block_1_68' title="bbox 510 5568 1009 5628">
    <p class='ocr_par' dir='ltr' id='par_1_68' title="bbox 510 5568 1009 5628">
     <span class='ocr_line' id='line_1_80' title="bbox 510 5568 1009 5628; baseline -0.008 -8"><span class='ocrx_word' id='word_1_525' title='bbox 510 5568 814 5628; x_wconf 82' lang='lat' dir='ltr'><strong>obscuritate,</strong></span> <span class='ocrx_word' id='word_1_526' title='bbox 832 5580 861 5617; x_wconf 88' lang='lat' dir='ltr'><strong>a</strong></span> 
     </span>
    </p>
   </div>
   <div class='ocr_carea' id='block_1_69' title="bbox 577 5630 2089 5698">
    <p class='ocr_par' dir='ltr' id='par_1_69' title="bbox 577 5630 2089 5698">
     <span class='ocr_line' id='line_1_81' title="bbox 577 5630 2089 5698; baseline 0.015 -22"><span class='ocrx_word' id='word_1_527' title='bbox 577 5630 599 5661; x_wconf 82' lang='grc'>³</span> <span class='ocrx_word' id='word_1_528' title='bbox 620 5635 693 5698; x_wconf 55' lang='lat' dir='ltr'><strong>gr.</strong></span> <span class='ocrx_word' id='word_1_529' title='bbox 721 5636 773 5679; x_wconf 92' lang='lat' dir='ltr'><strong>et</strong></span> <span class='ocrx_word' id='word_1_530' title='bbox 817 5636 946 5689; x_wconf 88' lang='lat' dir='ltr'><strong>Lov.,</strong></span> <span class='ocrx_word' id='word_1_531' title='bbox 980 5632 1191 5682; x_wconf 73' lang='lat' dir='ltr'><strong>exterior</strong></span> <span class='ocrx_word' id='word_1_532' title='bbox 1219 5644 1237 5682; x_wconf 84' lang='lat'><strong>.&#39;</strong></span> <span class='ocrx_word' id='word_1_533' title='bbox 1280 5637 1663 5698; x_wconf 81' lang='lat' dir='ltr'><strong>repugnantibus</strong></span> <span class='ocrx_word' id='word_1_534' title='bbox 1690 5646 1795 5691; x_wconf 73' lang='lat' dir='ltr'><strong>Mss.</strong></span> <span class='ocrx_word' id='word_1_535' title='bbox 1835 5649 1888 5693; x_wconf 90' lang='lat' dir='ltr'><strong>et</strong></span> <span class='ocrx_word' id='word_1_536' title='bbox 1910 5650 2008 5696; x_wconf 82' lang='lat' dir='ltr'><strong>ttat.</strong></span> <span class='ocrx_word' id='word_1_537' title='bbox 2031 5673 2089 5687; x_wconf 78' lang='lat'><strong>-</strong></span> 
     </span>
    </p>
   </div>
   <div class='ocr_carea' id='block_1_70' title="bbox 512 5690 1390 5753">
    <p class='ocr_par' dir='ltr' id='par_1_70' title="bbox 512 5690 1390 5753">
     <span class='ocr_line' id='line_1_82' title="bbox 512 5690 1390 5753; baseline 0.008 -15"><span class='ocrx_word' id='word_1_538' title='bbox 512 5690 734 5753; x_wconf 77' lang='lat' dir='ltr'><strong>l.ugd._et</strong></span> <span class='ocrx_word' id='word_1_539' title='bbox 758 5701 894 5753; x_wconf 67' lang='lat' dir='ltr'><strong>Ven,</strong></span> <span class='ocrx_word' id='word_1_540' title='bbox 920 5700 975 5742; x_wconf 89' lang='lat' dir='ltr'><strong>ut</strong></span> <span class='ocrx_word' id='word_1_541' title='bbox 997 5699 1066 5741; x_wconf 74' lang='lat' dir='ltr'><strong>Fr.</strong></span> <span class='ocrx_word' id='word_1_542' title='bbox 1087 5701 1138 5743; x_wconf 81' lang='lat' dir='ltr'><strong>ct</strong></span> <span class='ocrx_word' id='word_1_543' title='bbox 1162 5701 1269 5744; x_wconf 70' lang='lat' dir='ltr'><strong>Inv.</strong></span> <span class='ocrx_word' id='word_1_544' title='bbox 1337 5690 1390 5745; x_wconf 65' lang='lat' dir='ltr'><strong>bi.</strong></span> 
     </span>
    </p>
   </div>
   <div class='ocr_carea' id='block_1_71' title="bbox 580 5751 1959 5825">
    <p class='ocr_par' dir='ltr' id='par_1_71' title="bbox 580 5751 1959 5825">
     <span class='ocr_line' id='line_1_83' title="bbox 580 5751 1959 5825; baseline 0.012 -26"><span class='ocrx_word' id='word_1_545' title='bbox 580 5754 597 5785; x_wconf 76' lang='grc' dir='ltr'><strong>ι</strong></span> <span class='ocrx_word' id='word_1_546' title='bbox 624 5751 811 5819; x_wconf 72' lang='lat' dir='ltr'><strong>Aliquot</strong></span> <span class='ocrx_word' id='word_1_547' title='bbox 835 5751 961 5816; x_wconf 69' lang='lat' dir='ltr'><strong>Mss,</strong></span> <span class='ocrx_word' id='word_1_548' title='bbox 985 5767 1093 5819; x_wconf 82' lang='lat' dir='ltr'><strong>qua:</strong></span> <span class='ocrx_word' id='word_1_549' title='bbox 1109 5769 1249 5820; x_wconf 61' lang='lat' dir='ltr'><strong>aqua:</strong></span> <span class='ocrx_word' id='word_1_550' title='bbox 1271 5757 1557 5812; x_wconf 77' lang='lat' dir='ltr'><strong>hauriendw</strong></span> <span class='ocrx_word' id='word_1_551' title='bbox 1574 5761 1730 5825; x_wconf 82' lang='lat' dir='ltr'><strong>gratia</strong></span> <span class='ocrx_word' id='word_1_552' title='bbox 1754 5772 1959 5817; x_wconf 81' lang='lat' dir='ltr'><strong>venerat.</strong></span> 
     </span>
    </p>
   </div>
   <div class='ocr_carea' id='block_1_72' title="bbox 1196 296 3128 399">
    <p class='ocr_par' dir='ltr' id='par_1_72' title="bbox 1196 296 3128 399">
     <span class='ocr_line' id='line_1_84' title="bbox 1196 296 3128 399; baseline 0.006 -15"><span class='ocrx_word' id='word_1_553' title='bbox 1196 296 1209 313; x_wconf 48' lang='lat'><strong><em>&#39;</em></strong></span> <span class='ocrx_word' id='word_1_554' title='bbox 1298 330 1387 385; x_wconf 82' lang='lat' dir='ltr'><strong>DE</strong></span> <span class='ocrx_word' id='word_1_555' title='bbox 1424 330 1729 387; x_wconf 75' lang='lat' dir='ltr'><strong>DIVERSIS</strong></span> <span class='ocrx_word' id='word_1_556' title='bbox 1767 324 2283 399; x_wconf 65' lang='lat' dir='ltr'><strong>QU.ESTIONIBUS</strong></span> <span class='ocrx_word' id='word_1_557' title='bbox 2323 328 2619 397; x_wconf 73' lang='lat' dir='ltr'><strong>LXXXIII,</strong></span> <span class='ocrx_word' id='word_1_558' title='bbox 2664 332 2719 389; x_wconf 92' lang='lat' dir='ltr'><strong>S.</strong></span> <span class='ocrx_word' id='word_1_559' title='bbox 2759 335 3128 394; x_wconf 74' lang='lat' dir='ltr'><strong>AUGUSTINI</strong></span> 
     </span>
    </p>
   </div>
   <div class='ocr_carea' id='block_1_73' title="bbox 3755 350 3813 406">
    <p class='ocr_par' dir='ltr' id='par_1_73' title="bbox 3755 350 3813 406">
     <span class='ocr_line' id='line_1_85' title="bbox 3755 350 3813 406; baseline 0.017 -1"><span class='ocrx_word' id='word_1_560' title='bbox 3755 350 3813 406; x_wconf 79' lang='grc'><strong>56</strong></span> 
     </span>
    </p>
   </div>
   <div class='ocr_carea' id='block_1_74' title="bbox 2253 438 3811 527">
    <p class='ocr_par' dir='ltr' id='par_1_74' title="bbox 2253 438 3811 527">
     <span class='ocr_line' id='line_1_86' title="bbox 2253 438 3811 527; baseline 0.017 -34"><span class='ocrx_word' id='word_1_561' title='bbox 2253 438 2521 497; x_wconf 81' lang='lat' dir='ltr'><strong>ﬂuentiam</strong></span> <span class='ocrx_word' id='word_1_562' title='bbox 2546 460 2604 498; x_wconf 88' lang='lat' dir='ltr'><strong>se</strong></span> <span class='ocrx_word' id='word_1_563' title='bbox 2634 449 2934 516; x_wconf 84' lang='lat' dir='ltr'><strong>petentibus</strong></span> <span class='ocrx_word' id='word_1_564' title='bbox 2963 451 3090 507; x_wconf 89' lang='lat' dir='ltr'><strong>dare</strong></span> <span class='ocrx_word' id='word_1_565' title='bbox 3119 469 3276 523; x_wconf 85' lang='lat' dir='ltr'><strong>posse</strong></span> <span class='ocrx_word' id='word_1_566' title='bbox 3302 456 3701 527; x_wconf 79' lang='lat' dir='ltr'><strong>praedicaverit‘?</strong></span> <span class='ocrx_word' id='word_1_567' title='bbox 3719 462 3811 520; x_wconf 68' lang='lat' dir='ltr'><strong>Sed</strong></span> 
     </span>
    </p>
   </div>
   <div class='ocr_carea' id='block_1_75' title="bbox 2247 533 3809 625">
    <p class='ocr_par' dir='ltr' id='par_1_75' title="bbox 2247 533 3809 625">
     <span class='ocr_line' id='line_1_87' title="bbox 2247 533 3809 625; baseline 0.017 -40"><span class='ocrx_word' id='word_1_568' title='bbox 2247 533 2449 589; x_wconf 89' lang='lat' dir='ltr'><strong>scilicet</strong></span> <span class='ocrx_word' id='word_1_569' title='bbox 2473 537 2684 593; x_wconf 90' lang='lat' dir='ltr'><strong>sitiebat</strong></span> <span class='ocrx_word' id='word_1_570' title='bbox 2724 540 2979 598; x_wconf 79' lang='lat' dir='ltr'><strong>Dominus</strong></span> <span class='ocrx_word' id='word_1_571' title='bbox 3018 545 3258 603; x_wconf 90' lang='lat' dir='ltr'><strong>mulieris</strong></span> <span class='ocrx_word' id='word_1_572' title='bbox 3303 549 3442 604; x_wconf 91' lang='lat' dir='ltr'><strong>illius</strong></span> <span class='ocrx_word' id='word_1_573' title='bbox 3486 550 3677 620; x_wconf 85' lang='lat' dir='ltr'><strong>ﬁdem,</strong></span> <span class='ocrx_word' id='word_1_574' title='bbox 3706 572 3809 625; x_wconf 73' lang='lat' dir='ltr'><strong>qua:</strong></span> 
     </span>
    </p>
   </div>
   <div class='ocr_carea' id='block_1_76' title="bbox 2247 622 3809 702">
    <p class='ocr_par' dir='ltr' id='par_1_76' title="bbox 2247 622 3809 702">
     <span class='ocr_line' id='line_1_88' title="bbox 2247 622 3809 702; baseline 0.017 -27"><span class='ocrx_word' id='word_1_575' title='bbox 2247 622 2495 692; x_wconf 88' lang='lat' dir='ltr'><strong>quoniam</strong></span> <span class='ocrx_word' id='word_1_576' title='bbox 2518 624 2850 685; x_wconf 84' lang='lat' dir='ltr'><strong>Samaritana</strong></span> <span class='ocrx_word' id='word_1_577' title='bbox 2869 641 3004 696; x_wconf 86' lang='lat' dir='ltr'><strong>erat,</strong></span> <span class='ocrx_word' id='word_1_578' title='bbox 3023 643 3077 689; x_wconf 88' lang='lat' dir='ltr'><strong>et</strong></span> <span class='ocrx_word' id='word_1_579' title='bbox 3101 635 3240 691; x_wconf 88' lang='lat' dir='ltr'><strong>solet</strong></span> <span class='ocrx_word' id='word_1_580' title='bbox 3265 636 3503 694; x_wconf 86' lang='lat' dir='ltr'><strong>Samaria</strong></span> <span class='ocrx_word' id='word_1_581' title='bbox 3518 622 3809 702; x_wconf 74' lang='lat' dir='ltr'><strong>idololatria:</strong></span> 
     </span>
    </p>
   </div>
   <div class='ocr_carea' id='block_1_77' title="bbox 2247 714 3810 802">
    <p class='ocr_par' dir='ltr' id='par_1_77' title="bbox 2247 714 3810 802">
     <span class='ocr_line' id='line_1_89' title="bbox 2247 714 3810 802; baseline 0.014 -34"><span class='ocrx_word' id='word_1_582' title='bbox 2247 714 2531 786; x_wconf 76' lang='lat' dir='ltr'><strong>imaginem</strong></span> <span class='ocrx_word' id='word_1_583' title='bbox 2556 720 2824 777; x_wconf 90' lang='lat' dir='ltr'><strong>sustinere</strong></span> <span class='ocrx_word' id='word_1_584' title='bbox 2850 740 2863 776; x_wconf 92' lang='lat'><strong>:</strong></span> <span class='ocrx_word' id='word_1_585' title='bbox 2894 723 2993 794; x_wconf 92' lang='lat' dir='ltr'><strong>ipsi</strong></span> <span class='ocrx_word' id='word_1_586' title='bbox 3016 726 3157 780; x_wconf 89' lang='lat' dir='ltr'><strong>enim</strong></span> <span class='ocrx_word' id='word_1_587' title='bbox 3182 732 3410 799; x_wconf 84' lang='lat' dir='ltr'><strong>separati</strong></span> <span class='ocrx_word' id='word_1_588' title='bbox 3439 745 3471 785; x_wconf 84' lang='lat' dir='ltr'><strong>a</strong></span> <span class='ocrx_word' id='word_1_589' title='bbox 3497 734 3691 802; x_wconf 76' lang='lat' dir='ltr'><strong>populo</strong></span> <span class='ocrx_word' id='word_1_590' title='bbox 3730 736 3810 791; x_wconf 82' lang='lat' dir='ltr'><strong>Ju-</strong></span> 
     </span>
    </p>
   </div>
   <div class='ocr_carea' id='block_1_78' title="bbox 2246 804 3805 895">
    <p class='ocr_par' dir='ltr' id='par_1_78' title="bbox 2246 804 3805 895">
     <span class='ocr_line' id='line_1_90' title="bbox 2246 804 3805 895; baseline 0.013 -34"><span class='ocrx_word' id='word_1_591' title='bbox 2246 804 2502 876; x_wconf 73' lang='lat' dir='ltr'><strong>daeorum,</strong></span> <span class='ocrx_word' id='word_1_592' title='bbox 2549 810 2850 868; x_wconf 86' lang='lat' dir='ltr'><strong>simulacris</strong></span> <span class='ocrx_word' id='word_1_593' title='bbox 2901 824 3170 873; x_wconf 88' lang='lat' dir='ltr'><strong>mutorum</strong></span> <span class='ocrx_word' id='word_1_594' title='bbox 3216 821 3520 877; x_wconf 87' lang='lat' dir='ltr'><strong>animalium</strong></span> <span class='ocrx_word' id='word_1_595' title='bbox 3538 842 3565 889; x_wconf 72' lang='lat'><strong>,&#39;</strong></span> <span class='ocrx_word' id='word_1_596' title='bbox 3601 826 3652 880; x_wconf 91' lang='lat' dir='ltr'><strong>id</strong></span> <span class='ocrx_word' id='word_1_597' title='bbox 3703 838 3805 895; x_wconf 87' lang='lat' dir='ltr'><strong>est,</strong></span> 
     </span>
    </p>
   </div>
   <div class='ocr_carea' id='block_1_79' title="bbox 2244 896 3806 973">
    <p class='ocr_par' dir='ltr' id='par_1_79' title="bbox 2244 896 3806 973">
     <span class='ocr_line' id='line_1_91' title="bbox 2244 896 3806 973; baseline 0.017 -25"><span class='ocrx_word' id='word_1_598' title='bbox 2244 896 2416 952; x_wconf 89' lang='lat' dir='ltr'><strong>vaccis</strong></span> <span class='ocrx_word' id='word_1_599' title='bbox 2431 899 2608 954; x_wconf 88' lang='lat' dir='ltr'><strong>aureis</strong></span> <span class='ocrx_word' id='word_1_600' title='bbox 2631 901 2928 957; x_wconf 85' lang='lat' dir='ltr'><strong>animarum</strong></span> <span class='ocrx_word' id='word_1_601' title='bbox 2952 919 3169 961; x_wconf 89' lang='lat' dir='ltr'><strong>suarum</strong></span> <span class='ocrx_word' id='word_1_602' title='bbox 3191 907 3356 966; x_wconf 87' lang='lat' dir='ltr'><strong>decus</strong></span> <span class='ocrx_word' id='word_1_603' title='bbox 3367 910 3680 970; x_wconf 81' lang='lat' dir='ltr'><strong>addixeram</strong></span> <span class='ocrx_word' id='word_1_604' title='bbox 3695 934 3710 970; x_wconf 86' lang='lat'><strong>:</strong></span> <span class='ocrx_word' id='word_1_605' title='bbox 3728 934 3806 973; x_wconf 85' lang='lat' dir='ltr'><strong>ve-</strong></span> 
     </span>
    </p>
   </div>
   <div class='ocr_carea' id='block_1_80' title="bbox 2244 990 3806 1071">
    <p class='ocr_par' dir='ltr' id='par_1_80' title="bbox 2244 990 3806 1071">
     <span class='ocr_line' id='line_1_92' title="bbox 2244 990 3806 1071; baseline 0.014 -33"><span class='ocrx_word' id='word_1_606' title='bbox 2244 995 2394 1040; x_wconf 89' lang='lat' dir='ltr'><strong>nerat</strong></span> <span class='ocrx_word' id='word_1_607' title='bbox 2429 996 2605 1044; x_wconf 90' lang='lat' dir='ltr'><strong>autem</strong></span> <span class='ocrx_word' id='word_1_608' title='bbox 2632 990 2890 1048; x_wconf 91' lang='lat' dir='ltr'><strong>Dominus</strong></span> <span class='ocrx_word' id='word_1_609' title='bbox 2914 1003 3099 1051; x_wconf 82' lang='lat' dir='ltr'><strong>noster</strong></span> <span class='ocrx_word' id='word_1_610' title='bbox 3119 996 3276 1055; x_wconf 85' lang='lat' dir='ltr'><strong>Jesus</strong></span> <span class='ocrx_word' id='word_1_611' title='bbox 3295 1041 3308 1066; x_wconf 96' lang='lat'><strong>,</strong></span> <span class='ocrx_word' id='word_1_612' title='bbox 3339 1007 3397 1055; x_wconf 89' lang='lat' dir='ltr'><strong>ut</strong></span> <span class='ocrx_word' id='word_1_613' title='bbox 3424 1003 3659 1071; x_wconf 81' lang='lat' dir='ltr'><strong>gentium</strong></span> <span class='ocrx_word' id='word_1_614' title='bbox 3686 1006 3806 1060; x_wconf 85' lang='lat' dir='ltr'><strong>mul-</strong></span> 
     </span>
    </p>
   </div>
   <div class='ocr_carea' id='block_1_81' title="bbox 2246 1076 3801 1157">
    <p class='ocr_par' dir='ltr' id='par_1_81' title="bbox 2246 1076 3801 1157">
     <span class='ocr_line' id='line_1_93' title="bbox 2246 1076 3801 1157; baseline 0.014 -28"><span class='ocrx_word' id='word_1_615' title='bbox 2246 1076 2522 1133; x_wconf 89' lang='lat' dir='ltr'><strong>titudinem</strong></span> <span class='ocrx_word' id='word_1_616' title='bbox 2544 1121 2560 1147; x_wconf 94' lang='lat'><strong>,</strong></span> <span class='ocrx_word' id='word_1_617' title='bbox 2591 1096 2711 1151; x_wconf 68' lang='lat' dir='ltr'><strong>qua:</strong></span> <span class='ocrx_word' id='word_1_618' title='bbox 2736 1083 3038 1141; x_wconf 85' lang='lat' dir='ltr'><strong>simulacris</strong></span> <span class='ocrx_word' id='word_1_619' title='bbox 3066 1089 3363 1157; x_wconf 88' lang='lat' dir='ltr'><strong>serviebat;</strong></span> <span class='ocrx_word' id='word_1_620' title='bbox 3404 1092 3472 1147; x_wconf 86' lang='lat' dir='ltr'><strong>ad</strong></span> <span class='ocrx_word' id='word_1_621' title='bbox 3517 1094 3801 1152; x_wconf 89' lang='lat' dir='ltr'><strong>munimen-</strong></span> 
     </span>
    </p>
   </div>
   <div class='ocr_carea' id='block_1_82' title="bbox 2243 1168 3800 1256">
    <p class='ocr_par' dir='ltr' id='par_1_82' title="bbox 2243 1168 3800 1256">
     <span class='ocr_line' id='line_1_94' title="bbox 2243 1168 3800 1256; baseline 0.017 -36"><span class='ocrx_word' id='word_1_622' title='bbox 2243 1173 2348 1220; x_wconf 90' lang='lat' dir='ltr'><strong>tum</strong></span> <span class='ocrx_word' id='word_1_623' title='bbox 2378 1169 2394 1200; x_wconf 80' lang='grc'>¹</span> <span class='ocrx_word' id='word_1_624' title='bbox 2424 1168 2546 1226; x_wconf 89' lang='lat' dir='ltr'><strong>ﬁdei</strong></span> <span class='ocrx_word' id='word_1_625' title='bbox 2582 1172 2888 1230; x_wconf 73' lang='lat' dir='ltr'><strong>cltristiante</strong></span> <span class='ocrx_word' id='word_1_626' title='bbox 2915 1186 2970 1233; x_wconf 92' lang='lat' dir='ltr'><strong>et</strong></span> <span class='ocrx_word' id='word_1_627' title='bbox 3003 1177 3327 1252; x_wconf 72' lang='lat' dir='ltr'><strong>incorrupta:</strong></span> <span class='ocrx_word' id='word_1_628' title='bbox 3352 1184 3622 1256; x_wconf 79' lang='lat' dir='ltr'><strong>religionis</strong></span> <span class='ocrx_word' id='word_1_629' title='bbox 3648 1187 3800 1245; x_wconf 85' lang='lat' dir='ltr'><strong>addu-</strong></span> 
     </span>
    </p>
   </div>
   <div class='ocr_carea' id='block_1_83' title="bbox 2238 1259 3801 1345">
    <p class='ocr_par' dir='ltr' id='par_1_83' title="bbox 2238 1259 3801 1345">
     <span class='ocr_line' id='line_1_95' title="bbox 2238 1259 3801 1345; baseline 0.015 -33"><span class='ocrx_word' id='word_1_630' title='bbox 2238 1266 2400 1314; x_wconf 89' lang='lat' dir='ltr'><strong>ceret.</strong></span> <span class='ocrx_word' id='word_1_631' title='bbox 2433 1259 2556 1317; x_wconf 90' lang='lat' dir='ltr'><strong>Non</strong></span> <span class='ocrx_word' id='word_1_632' title='bbox 2586 1273 2659 1319; x_wconf 87' lang='lat' dir='ltr'><strong>est</strong></span> <span class='ocrx_word' id='word_1_633' title='bbox 2678 1267 2818 1321; x_wconf 90' lang='lat' dir='ltr'><strong>enim</strong></span> <span class='ocrx_word' id='word_1_634' title='bbox 2843 1308 2859 1336; x_wconf 92' lang='lat'><strong>,</strong></span> <span class='ocrx_word' id='word_1_635' title='bbox 2891 1268 3094 1341; x_wconf 88' lang='lat' dir='ltr'><strong>inquit,</strong></span> <span class='ocrx_word' id='word_1_636' title='bbox 3123 1289 3252 1343; x_wconf 84' lang='lat' dir='ltr'><strong>opus</strong></span> <span class='ocrx_word' id='word_1_637' title='bbox 3278 1276 3418 1330; x_wconf 86' lang='lat' dir='ltr'><strong>sanis</strong></span> <span class='ocrx_word' id='word_1_638' title='bbox 3445 1280 3700 1345; x_wconf 85' lang='lat' dir='ltr'><strong>medicus,</strong></span> <span class='ocrx_word' id='word_1_639' title='bbox 3726 1282 3801 1336; x_wconf 74' lang='lat' dir='ltr'><strong>sed</strong></span> 
     </span>
    </p>
   </div>
   <div class='ocr_carea' id='block_1_84' title="bbox 2236 1347 3800 1439">
    <p class='ocr_par' dir='ltr' id='par_1_84' title="bbox 2236 1347 3800 1439">
     <span class='ocr_line' id='line_1_96' title="bbox 2236 1347 3800 1439; baseline 0.016 -39"><span class='ocrx_word' id='word_1_640' title='bbox 2236 1347 2367 1403; x_wconf 88' lang='lat' dir='ltr'><strong>male</strong></span> <span class='ocrx_word' id='word_1_641' title='bbox 2402 1349 2697 1409; x_wconf 74' lang='lat' dir='ltr'><strong>habentibus</strong></span> <span class='ocrx_word' id='word_1_642' title='bbox 2724 1355 2937 1429; x_wconf 80' lang='lat' dir='ltr'><strong>(Matth.</strong></span> <span class='ocrx_word' id='word_1_643' title='bbox 2968 1375 3018 1414; x_wconf 74' lang='grc' dir='ltr'>ιχ</span> <span class='ocrx_word' id='word_1_644' title='bbox 3039 1401 3055 1425; x_wconf 88' lang='grc'><strong><em>,</em></strong></span> <span class='ocrx_word' id='word_1_645' title='bbox 3097 1361 3211 1434; x_wconf 77' lang='grc'><strong>12).</strong></span> <span class='ocrx_word' id='word_1_646' title='bbox 3254 1365 3449 1421; x_wconf 90' lang='lat' dir='ltr'><strong>Eorum</strong></span> <span class='ocrx_word' id='word_1_647' title='bbox 3489 1382 3617 1439; x_wconf 80' lang='lat' dir='ltr'><strong>ergo</strong></span> <span class='ocrx_word' id='word_1_648' title='bbox 3659 1369 3800 1425; x_wconf 85' lang='lat' dir='ltr'><strong>ﬁdem</strong></span> 
     </span>
    </p>
   </div>
   <div class='ocr_carea' id='block_1_85' title="bbox 2234 1436 3799 1530">
    <p class='ocr_par' dir='ltr' id='par_1_85' title="bbox 2234 1436 3799 1530">
     <span class='ocr_line' id='line_1_97' title="bbox 2234 1436 3799 1530; baseline 0.018 -40"><span class='ocrx_word' id='word_1_649' title='bbox 2234 1436 2378 1507; x_wconf 89' lang='lat' dir='ltr'><strong>sitit,</strong></span> <span class='ocrx_word' id='word_1_650' title='bbox 2408 1456 2506 1510; x_wconf 79' lang='lat' dir='ltr'><strong>pro</strong></span> <span class='ocrx_word' id='word_1_651' title='bbox 2529 1444 2721 1514; x_wconf 87' lang='lat' dir='ltr'><strong>quibus</strong></span> <span class='ocrx_word' id='word_1_652' title='bbox 2744 1450 3052 1518; x_wconf 77' lang='lat' dir='ltr'><strong>sanguinem</strong></span> <span class='ocrx_word' id='word_1_653' title='bbox 3092 1453 3249 1510; x_wconf 89' lang='lat' dir='ltr'><strong>l‘udit.</strong></span> <span class='ocrx_word' id='word_1_654' title='bbox 3278 1456 3421 1513; x_wconf 79' lang='lat' dir='ltr'><strong>Dixit</strong></span> <span class='ocrx_word' id='word_1_655' title='bbox 3444 1436 3573 1530; x_wconf 74' lang='lat' dir='ltr'><strong>ergo</strong></span> <span class='ocrx_word' id='word_1_656' title='bbox 3593 1460 3660 1516; x_wconf 92' lang='lat' dir='ltr'><strong>ad</strong></span> <span class='ocrx_word' id='word_1_657' title='bbox 3689 1476 3799 1518; x_wconf 89' lang='lat' dir='ltr'><strong>eam</strong></span> 
     </span>
    </p>
   </div>
   <div class='ocr_carea' id='block_1_86' title="bbox 2232 1526 3799 1623">
    <p class='ocr_par' dir='ltr' id='par_1_86' title="bbox 2232 1526 3799 1623">
     <span class='ocr_line' id='line_1_98' title="bbox 2232 1526 3799 1623; baseline 0.017 -40"><span class='ocrx_word' id='word_1_658' title='bbox 2232 1526 2387 1586; x_wconf 84' lang='lat' dir='ltr'><strong>Jesus</strong></span> <span class='ocrx_word' id='word_1_659' title='bbox 2420 1549 2434 1586; x_wconf 92' lang='lat'><strong>:</strong></span> <span class='ocrx_word' id='word_1_660' title='bbox 2467 1532 2674 1605; x_wconf 73' lang='lat' dir='ltr'><strong>Mulier,</strong></span> <span class='ocrx_word' id='word_1_661' title='bbox 2705 1538 2773 1593; x_wconf 87' lang='lat' dir='ltr'><strong>da</strong></span> <span class='ocrx_word' id='word_1_662' title='bbox 2799 1540 2923 1595; x_wconf 85' lang='lat' dir='ltr'><strong>mihi</strong></span> <span class='ocrx_word' id='word_1_663' title='bbox 2951 1542 3132 1599; x_wconf 82' lang='lat' dir='ltr'><strong>bibere.</strong></span> <span class='ocrx_word' id='word_1_664' title='bbox 3165 1545 3232 1601; x_wconf 85' lang='lat' dir='ltr'><strong>Et</strong></span> <span class='ocrx_word' id='word_1_665' title='bbox 3258 1556 3316 1602; x_wconf 91' lang='lat' dir='ltr'><strong>ut</strong></span> <span class='ocrx_word' id='word_1_666' title='bbox 3343 1526 3557 1606; x_wconf 80' lang='lat' dir='ltr'><strong>noveris</strong></span> <span class='ocrx_word' id='word_1_667' title='bbox 3581 1553 3705 1623; x_wconf 89' lang='lat' dir='ltr'><strong>quid</strong></span> <span class='ocrx_word' id='word_1_668' title='bbox 3732 1554 3799 1609; x_wconf 86' lang='lat' dir='ltr'><strong>si-</strong></span> 
     </span>
    </p>
   </div>
   <div class='ocr_carea' id='block_1_87' title="bbox 2232 1619 3799 1707">
    <p class='ocr_par' dir='ltr' id='par_1_87' title="bbox 2232 1619 3799 1707">
     <span class='ocr_line' id='line_1_99' title="bbox 2232 1619 3799 1707; baseline 0.017 -33"><span class='ocrx_word' id='word_1_669' title='bbox 2232 1619 2397 1677; x_wconf 88' lang='lat' dir='ltr'><strong>tiebat</strong></span> <span class='ocrx_word' id='word_1_670' title='bbox 2432 1623 2687 1684; x_wconf 89' lang='lat' dir='ltr'><strong>Dominus</strong></span> <span class='ocrx_word' id='word_1_671' title='bbox 2726 1640 2930 1701; x_wconf 85' lang='lat' dir='ltr'><strong>noster,</strong></span> <span class='ocrx_word' id='word_1_672' title='bbox 2962 1643 3083 1703; x_wconf 86' lang='lat' dir='ltr'><strong>post</strong></span> <span class='ocrx_word' id='word_1_673' title='bbox 3110 1638 3378 1707; x_wconf 89' lang='lat' dir='ltr'><strong>paululum</strong></span> <span class='ocrx_word' id='word_1_674' title='bbox 3405 1619 3625 1698; x_wconf 73' lang='lat' dir='ltr'><strong>veniunt</strong></span> <span class='ocrx_word' id='word_1_675' title='bbox 3649 1644 3799 1701; x_wconf 87' lang='lat' dir='ltr'><strong>disci-</strong></span> 
     </span>
    </p>
   </div>
   <div class='ocr_carea' id='block_1_88' title="bbox 2229 1709 3799 1791">
    <p class='ocr_par' dir='ltr' id='par_1_88' title="bbox 2229 1709 3799 1791">
     <span class='ocr_line' id='line_1_100' title="bbox 2229 1709 3799 1791; baseline 0.018 -29"><span class='ocrx_word' id='word_1_676' title='bbox 2229 1709 2341 1778; x_wconf 88' lang='lat' dir='ltr'><strong>puli</strong></span> <span class='ocrx_word' id='word_1_677' title='bbox 2372 1712 2518 1781; x_wconf 87' lang='lat' dir='ltr'><strong>ejus,</strong></span> <span class='ocrx_word' id='word_1_678' title='bbox 2550 1716 2641 1785; x_wconf 93' lang='lat' dir='ltr'><strong>qui</strong></span> <span class='ocrx_word' id='word_1_679' title='bbox 2670 1732 3015 1788; x_wconf 79' lang='lat' dir='ltr'><strong>perrexerant</strong></span> <span class='ocrx_word' id='word_1_680' title='bbox 3049 1724 3101 1780; x_wconf 91' lang='lat' dir='ltr'><strong>in</strong></span> <span class='ocrx_word' id='word_1_681' title='bbox 3129 1726 3395 1783; x_wconf 85' lang='lat' dir='ltr'><strong>civitatem</strong></span> <span class='ocrx_word' id='word_1_682' title='bbox 3417 1739 3473 1784; x_wconf 90' lang='lat' dir='ltr'><strong>ut</strong></span> <span class='ocrx_word' id='word_1_683' title='bbox 3494 1732 3644 1789; x_wconf 87' lang='lat' dir='ltr'><strong>cibos</strong></span> <span class='ocrx_word' id='word_1_684' title='bbox 3667 1749 3799 1791; x_wconf 86' lang='lat' dir='ltr'><strong>eme-</strong></span> 
     </span>
    </p>
   </div>
   <div class='ocr_carea' id='block_1_89' title="bbox 2227 1807 3793 1885">
    <p class='ocr_par' dir='ltr' id='par_1_89' title="bbox 2227 1807 3793 1885">
     <span class='ocr_line' id='line_1_101' title="bbox 2227 1807 3793 1885; baseline 0.019 -29"><span class='ocrx_word' id='word_1_685' title='bbox 2227 1814 2381 1872; x_wconf 84' lang='lat' dir='ltr'><strong>rent,</strong></span> <span class='ocrx_word' id='word_1_686' title='bbox 2409 1815 2463 1860; x_wconf 88' lang='lat' dir='ltr'><strong>et</strong></span> <span class='ocrx_word' id='word_1_687' title='bbox 2479 1807 2664 1864; x_wconf 85' lang='lat' dir='ltr'><strong>dicunt</strong></span> <span class='ocrx_word' id='word_1_688' title='bbox 2688 1812 2776 1869; x_wconf 89' lang='lat' dir='ltr'><strong>ei:</strong></span> <span class='ocrx_word' id='word_1_689' title='bbox 2811 1813 3002 1883; x_wconf 85' lang='lat' dir='ltr'><strong>Rabbi,</strong></span> <span class='ocrx_word' id='word_1_690' title='bbox 3035 1820 3307 1876; x_wconf 82' lang='lat' dir='ltr'><strong>manduca.</strong></span> <span class='ocrx_word' id='word_1_691' title='bbox 3340 1822 3444 1879; x_wconf 80' lang='lat' dir='ltr'><strong>Ille</strong></span> <span class='ocrx_word' id='word_1_692' title='bbox 3475 1836 3648 1883; x_wconf 85' lang='lat' dir='ltr'><strong>autem</strong></span> <span class='ocrx_word' id='word_1_693' title='bbox 3673 1830 3793 1885; x_wconf 58' lang='lat' dir='ltr'><strong>diuit</strong></span> 
     </span>
    </p>
   </div>
   <div class='ocr_carea' id='block_1_90' title="bbox 2226 1895 3798 1985">
    <p class='ocr_par' dir='ltr' id='par_1_90' title="bbox 2226 1895 3798 1985">
     <span class='ocr_line' id='line_1_102' title="bbox 2226 1895 3798 1985; baseline 0.02 -37"><span class='ocrx_word' id='word_1_694' title='bbox 2226 1895 2299 1950; x_wconf 88' lang='lat' dir='ltr'><strong>eis</strong></span> <span class='ocrx_word' id='word_1_695' title='bbox 2321 1912 2341 1950; x_wconf 89' lang='lat'><strong><em>:</em></strong></span> <span class='ocrx_word' id='word_1_696' title='bbox 2370 1896 2482 1970; x_wconf 85' lang='lat' dir='ltr'><strong>Ego</strong></span> <span class='ocrx_word' id='word_1_697' title='bbox 2509 1901 2666 1957; x_wconf 86' lang='lat' dir='ltr'><strong>habeo</strong></span> <span class='ocrx_word' id='word_1_698' title='bbox 2682 1920 2846 1961; x_wconf 87' lang='lat' dir='ltr'><strong>escam</strong></span> <span class='ocrx_word' id='word_1_699' title='bbox 2864 1911 3187 1979; x_wconf 85' lang='lat' dir='ltr'><strong>manducare,</strong></span> <span class='ocrx_word' id='word_1_700' title='bbox 3204 1931 3354 1985; x_wconf 83' lang='lat' dir='ltr'><strong>quant</strong></span> <span class='ocrx_word' id='word_1_701' title='bbox 3372 1935 3457 1975; x_wconf 90' lang='lat' dir='ltr'><strong>vos</strong></span> <span class='ocrx_word' id='word_1_702' title='bbox 3473 1923 3692 1977; x_wconf 78' lang='lat' dir='ltr'><strong>nescitis.</strong></span> <span class='ocrx_word' id='word_1_703' title='bbox 3713 1922 3798 1978; x_wconf 86' lang='lat' dir='ltr'><strong>Di-</strong></span> 
     </span>
    </p>
   </div>
   <div class='ocr_carea' id='block_1_91' title="bbox 2227 1991 3802 2085">
    <p class='ocr_par' dir='ltr' id='par_1_91' title="bbox 2227 1991 3802 2085">
     <span class='ocr_line' id='line_1_103' title="bbox 2227 1991 3802 2085; baseline 0.02 -48"><span class='ocrx_word' id='word_1_704' title='bbox 2227 1994 2345 2040; x_wconf 85' lang='lat' dir='ltr'><strong>cunt</strong></span> <span class='ocrx_word' id='word_1_705' title='bbox 2365 2004 2486 2059; x_wconf 89' lang='lat' dir='ltr'><strong>ergo</strong></span> <span class='ocrx_word' id='word_1_706' title='bbox 2503 1991 2743 2063; x_wconf 75' lang='lat' dir='ltr'><strong>discipuli</strong></span> <span class='ocrx_word' id='word_1_707' title='bbox 2764 1998 2874 2066; x_wconf 82' lang='lat' dir='ltr'><strong>ejus</strong></span> <span class='ocrx_word' id='word_1_708' title='bbox 2891 2000 2959 2052; x_wconf 91' lang='lat' dir='ltr'><strong>ad</strong></span> <span class='ocrx_word' id='word_1_709' title='bbox 2978 2001 3273 2060; x_wconf 86' lang='lat' dir='ltr'><strong>alterutrum</strong></span> <span class='ocrx_word' id='word_1_710' title='bbox 3291 2022 3310 2061; x_wconf 92' lang='lat'><strong><em>:</em></strong></span> <span class='ocrx_word' id='word_1_711' title='bbox 3341 2006 3607 2081; x_wconf 84' lang='lat' dir='ltr'><strong>Numquid</strong></span> <span class='ocrx_word' id='word_1_712' title='bbox 3625 2013 3802 2085; x_wconf 77' lang='lat' dir='ltr'><strong>aliquis</strong></span> 
     </span>
    </p>
   </div>
   <div class='ocr_carea' id='block_1_92' title="bbox 2224 2078 3800 2160">
    <p class='ocr_par' dir='ltr' id='par_1_92' title="bbox 2224 2078 3800 2160">
     <span class='ocr_line' id='line_1_104' title="bbox 2224 2078 3800 2160; baseline 0.018 -31"><span class='ocrx_word' id='word_1_713' title='bbox 2224 2078 2393 2133; x_wconf 87' lang='lat' dir='ltr'><strong>attulit</strong></span> <span class='ocrx_word' id='word_1_714' title='bbox 2411 2081 2458 2136; x_wconf 86' lang='lat' dir='ltr'><strong>ei</strong></span> <span class='ocrx_word' id='word_1_715' title='bbox 2476 2085 2823 2143; x_wconf 83' lang='lat' dir='ltr'><strong>manducare?</strong></span> <span class='ocrx_word' id='word_1_716' title='bbox 2849 2088 2989 2145; x_wconf 79' lang='lat' dir='ltr'><strong>Dixit</strong></span> <span class='ocrx_word' id='word_1_717' title='bbox 3005 2094 3077 2148; x_wconf 86' lang='lat' dir='ltr'><strong>eis</strong></span> <span class='ocrx_word' id='word_1_718' title='bbox 3094 2094 3245 2151; x_wconf 70' lang='lat' dir='ltr'><strong>Iesus</strong></span> <span class='ocrx_word' id='word_1_719' title='bbox 3266 2114 3285 2152; x_wconf 90' lang='lat'><strong><em>:</em></strong></span> <span class='ocrx_word' id='word_1_720' title='bbox 3315 2097 3467 2156; x_wconf 80' lang='lat' dir='ltr'><strong>Cibus</strong></span> <span class='ocrx_word' id='word_1_721' title='bbox 3656 2078 3725 2160; x_wconf 75' lang='lat' dir='ltr'><strong>est</strong></span> <span class='ocrx_word' id='word_1_722' title='bbox 3751 2112 3800 2158; x_wconf 88' lang='lat' dir='ltr'><strong>ut</strong></span> 
     </span>
    </p>
   </div>
   <div class='ocr_carea' id='block_1_93' title="bbox 2228 2171 3799 2264">
    <p class='ocr_par' dir='ltr' id='par_1_93' title="bbox 2228 2171 3799 2264">
     <span class='ocr_line' id='line_1_105' title="bbox 2228 2171 3799 2264; baseline 0.017 -41"><span class='ocrx_word' id='word_1_723' title='bbox 2228 2171 2413 2238; x_wconf 80' lang='lat' dir='ltr'><strong>faciam</strong></span> <span class='ocrx_word' id='word_1_724' title='bbox 2455 2176 2566 2246; x_wconf 82' lang='lat' dir='ltr'><strong>ejus</strong></span> <span class='ocrx_word' id='word_1_725' title='bbox 2607 2178 2911 2235; x_wconf 73' lang='lat' dir='ltr'><strong>voluntate»:</strong></span> <span class='ocrx_word' id='word_1_726' title='bbox 2940 2185 3026 2255; x_wconf 86' lang='lat' dir='ltr'><strong>qui</strong></span> <span class='ocrx_word' id='word_1_727' title='bbox 3051 2202 3128 2240; x_wconf 89' lang='lat' dir='ltr'><strong>me</strong></span> <span class='ocrx_word' id='word_1_728' title='bbox 3156 2189 3324 2256; x_wconf 87' lang='lat' dir='ltr'><strong>misit,</strong></span> <span class='ocrx_word' id='word_1_729' title='bbox 3367 2201 3416 2245; x_wconf 86' lang='lat' dir='ltr'><strong>et</strong></span> <span class='ocrx_word' id='word_1_730' title='bbox 3457 2201 3511 2246; x_wconf 89' lang='lat' dir='ltr'><strong>ut</strong></span> <span class='ocrx_word' id='word_1_731' title='bbox 3547 2195 3799 2264; x_wconf 81' lang='lat' dir='ltr'><strong>perﬁcth</strong></span> 
     </span>
    </p>
   </div>
   <div class='ocr_carea' id='block_1_94' title="bbox 2222 2264 3800 2348">
    <p class='ocr_par' dir='ltr' id='par_1_94' title="bbox 2222 2264 3800 2348">
     <span class='ocr_line' id='line_1_106' title="bbox 2222 2264 3800 2348; baseline 0.017 -35"><span class='ocrx_word' id='word_1_732' title='bbox 2222 2276 2351 2332; x_wconf 87' lang='lat' dir='ltr'><strong>opus</strong></span> <span class='ocrx_word' id='word_1_733' title='bbox 2378 2264 2508 2333; x_wconf 83' lang='lat' dir='ltr'><strong>ejus.</strong></span> <span class='ocrx_word' id='word_1_734' title='bbox 2539 2265 2802 2338; x_wconf 89' lang='lat' dir='ltr'><strong>Numquid</strong></span> <span class='ocrx_word' id='word_1_735' title='bbox 2845 2271 2929 2326; x_wconf 90' lang='lat' dir='ltr'><strong>hic</strong></span> <span class='ocrx_word' id='word_1_736' title='bbox 2960 2275 3269 2348; x_wconf 79' lang='lat' dir='ltr'><strong>intelligitur</strong></span> <span class='ocrx_word' id='word_1_737' title='bbox 3297 2280 3405 2335; x_wconf 83' lang='lat' dir='ltr'><strong>alia</strong></span> <span class='ocrx_word' id='word_1_738' title='bbox 3433 2284 3683 2340; x_wconf 86' lang='lat' dir='ltr'><strong>voluntas</strong></span> <span class='ocrx_word' id='word_1_739' title='bbox 3710 2285 3800 2340; x_wconf 85' lang='lat' dir='ltr'><strong>Pa-</strong></span> 
     </span>
    </p>
   </div>
   <div class='ocr_carea' id='block_1_95' title="bbox 2224 2350 3800 2444">
    <p class='ocr_par' dir='ltr' id='par_1_95' title="bbox 2224 2350 3800 2444">
     <span class='ocr_line' id='line_1_107' title="bbox 2224 2350 3800 2444; baseline 0.018 -41"><span class='ocrx_word' id='word_1_740' title='bbox 2224 2350 2350 2416; x_wconf 90' lang='lat' dir='ltr'><strong>tris,</strong></span> <span class='ocrx_word' id='word_1_741' title='bbox 2382 2353 2471 2422; x_wconf 91' lang='lat' dir='ltr'><strong>qui</strong></span> <span class='ocrx_word' id='word_1_742' title='bbox 2510 2368 2631 2410; x_wconf 90' lang='lat' dir='ltr'><strong>eum</strong></span> <span class='ocrx_word' id='word_1_743' title='bbox 2674 2357 2818 2414; x_wconf 90' lang='lat' dir='ltr'><strong>misit</strong></span> <span class='ocrx_word' id='word_1_744' title='bbox 2842 2401 2855 2423; x_wconf 89' lang='lat'><strong>,</strong></span> <span class='ocrx_word' id='word_1_745' title='bbox 2903 2371 2956 2418; x_wconf 90' lang='lat' dir='ltr'><strong>et</strong></span> <span class='ocrx_word' id='word_1_746' title='bbox 2984 2378 3117 2434; x_wconf 91' lang='lat' dir='ltr'><strong>opus</strong></span> <span class='ocrx_word' id='word_1_747' title='bbox 3147 2367 3261 2436; x_wconf 86' lang='lat' dir='ltr'><strong>ejus</strong></span> <span class='ocrx_word' id='word_1_748' title='bbox 3286 2370 3429 2440; x_wconf 89' lang='lat' dir='ltr'><strong>quod</strong></span> <span class='ocrx_word' id='word_1_749' title='bbox 3458 2386 3516 2427; x_wconf 90' lang='lat' dir='ltr'><strong>se</strong></span> <span class='ocrx_word' id='word_1_750' title='bbox 3545 2374 3800 2444; x_wconf 88' lang='lat' dir='ltr'><strong>perﬁcere</strong></span> 
     </span>
    </p>
   </div>
   <div class='ocr_carea' id='block_1_96' title="bbox 2221 2442 3799 2536">
    <p class='ocr_par' dir='ltr' id='par_1_96' title="bbox 2221 2442 3799 2536">
     <span class='ocr_line' id='line_1_108' title="bbox 2221 2442 3799 2536; baseline 0.016 -41"><span class='ocrx_word' id='word_1_751' title='bbox 2221 2442 2357 2498; x_wconf 88' lang='lat' dir='ltr'><strong>velle</strong></span> <span class='ocrx_word' id='word_1_752' title='bbox 2397 2448 2709 2517; x_wconf 87' lang='lat' dir='ltr'><strong>respondit,</strong></span> <span class='ocrx_word' id='word_1_753' title='bbox 2740 2451 2840 2506; x_wconf 88' lang='lat' dir='ltr'><strong>nisi</strong></span> <span class='ocrx_word' id='word_1_754' title='bbox 2868 2461 2922 2508; x_wconf 93' lang='lat' dir='ltr'><strong>ut</strong></span> <span class='ocrx_word' id='word_1_755' title='bbox 2946 2470 3043 2509; x_wconf 92' lang='lat' dir='ltr'><strong>nos</strong></span> <span class='ocrx_word' id='word_1_756' title='bbox 3068 2457 3137 2512; x_wconf 93' lang='lat' dir='ltr'><strong>ad</strong></span> <span class='ocrx_word' id='word_1_757' title='bbox 3169 2458 3324 2515; x_wconf 89' lang='lat' dir='ltr'><strong>ﬁdem</strong></span> <span class='ocrx_word' id='word_1_758' title='bbox 3354 2476 3504 2517; x_wconf 89' lang='lat' dir='ltr'><strong>suam</strong></span> <span class='ocrx_word' id='word_1_759' title='bbox 3546 2442 3577 2518; x_wconf 69' lang='grc' dir='ltr'><strong>ξι</strong></span> <span class='ocrx_word' id='word_1_760' title='bbox 3628 2467 3799 2536; x_wconf 89' lang='lat' dir='ltr'><strong>perni-</strong></span> 
     </span>
    </p>
   </div>
   <div class='ocr_carea' id='block_1_97' title="bbox 2219 2532 3799 2627">
    <p class='ocr_par' dir='ltr' id='par_1_97' title="bbox 2219 2532 3799 2627">
     <span class='ocr_line' id='line_1_109' title="bbox 2219 2532 3799 2627; baseline 0.018 -40"><span class='ocrx_word' id='word_1_761' title='bbox 2219 2532 2365 2588; x_wconf 89' lang='lat' dir='ltr'><strong>cioso</strong></span> <span class='ocrx_word' id='word_1_762' title='bbox 2385 2536 2568 2591; x_wconf 89' lang='lat' dir='ltr'><strong>mundi</strong></span> <span class='ocrx_word' id='word_1_763' title='bbox 2597 2554 2779 2597; x_wconf 88' lang='lat' dir='ltr'><strong>errore</strong></span> <span class='ocrx_word' id='word_1_764' title='bbox 2801 2550 3173 2603; x_wconf 79' lang='lat' dir='ltr'><strong>converteret?</strong></span> <span class='ocrx_word' id='word_1_765' title='bbox 3197 2549 3376 2617; x_wconf 88' lang='lat' dir='ltr'><strong>Qualis</strong></span> <span class='ocrx_word' id='word_1_766' title='bbox 3401 2564 3482 2610; x_wconf 90' lang='lat' dir='ltr'><strong>est</strong></span> <span class='ocrx_word' id='word_1_767' title='bbox 3507 2532 3645 2627; x_wconf 75' lang='lat' dir='ltr'><strong>ergo</strong></span> <span class='ocrx_word' id='word_1_768' title='bbox 3659 2558 3799 2614; x_wconf 89' lang='lat' dir='ltr'><strong>cibus</strong></span> 
     </span>
    </p>
   </div>
   <div class='ocr_carea' id='block_1_98' title="bbox 2219 2626 3800 2710">
    <p class='ocr_par' dir='ltr' id='par_1_98' title="bbox 2219 2626 3800 2710">
     <span class='ocr_line' id='line_1_110' title="bbox 2219 2626 3800 2710; baseline 0.02 -32"><span class='ocrx_word' id='word_1_769' title='bbox 2219 2626 2367 2694; x_wconf 92' lang='lat' dir='ltr'><strong>ejus,</strong></span> <span class='ocrx_word' id='word_1_770' title='bbox 2400 2627 2518 2682; x_wconf 89' lang='lat' dir='ltr'><strong>talis</strong></span> <span class='ocrx_word' id='word_1_771' title='bbox 2560 2638 2614 2685; x_wconf 89' lang='lat' dir='ltr'><strong>et</strong></span> <span class='ocrx_word' id='word_1_772' title='bbox 2658 2643 2832 2700; x_wconf 82' lang='lat' dir='ltr'><strong>pctus.</strong></span> <span class='ocrx_word' id='word_1_773' title='bbox 2876 2635 3209 2710; x_wconf 86' lang='lat' dir='ltr'><strong>Quapropter</strong></span> <span class='ocrx_word' id='word_1_774' title='bbox 3238 2642 3339 2700; x_wconf 91' lang='lat' dir='ltr'><strong>hoc</strong></span> <span class='ocrx_word' id='word_1_775' title='bbox 3368 2646 3418 2700; x_wconf 93' lang='lat' dir='ltr'><strong>iu</strong></span> <span class='ocrx_word' id='word_1_776' title='bbox 3450 2648 3537 2703; x_wconf 87' lang='lat' dir='ltr'><strong>illa</strong></span> <span class='ocrx_word' id='word_1_777' title='bbox 3578 2626 3800 2708; x_wconf 86' lang='lat' dir='ltr'><strong>muliere</strong></span> 
     </span>
    </p>
   </div>
   <div class='ocr_carea' id='block_1_99' title="bbox 2217 2716 3798 2813">
    <p class='ocr_par' dir='ltr' id='par_1_99' title="bbox 2217 2716 3798 2813">
     <span class='ocr_line' id='line_1_111' title="bbox 2217 2716 3798 2813; baseline 0.016 -41"><span class='ocrx_word' id='word_1_778' title='bbox 2217 2716 2463 2785; x_wconf 82' lang='lat' dir='ltr'><strong>sitiebat,</strong></span> <span class='ocrx_word' id='word_1_779' title='bbox 2500 2728 2557 2774; x_wconf 94' lang='lat' dir='ltr'><strong>ut</strong></span> <span class='ocrx_word' id='word_1_780' title='bbox 2597 2721 2793 2780; x_wconf 82' lang='lat' dir='ltr'><strong>faceret</strong></span> <span class='ocrx_word' id='word_1_781' title='bbox 2822 2727 2871 2780; x_wconf 93' lang='lat' dir='ltr'><strong>in</strong></span> <span class='ocrx_word' id='word_1_782' title='bbox 2902 2742 2964 2781; x_wconf 87' lang='lat' dir='ltr'><strong>ea</strong></span> <span class='ocrx_word' id='word_1_783' title='bbox 2992 2731 3318 2789; x_wconf 85' lang='lat' dir='ltr'><strong>voluntatem</strong></span> <span class='ocrx_word' id='word_1_784' title='bbox 3358 2736 3529 2794; x_wconf 85' lang='lat' dir='ltr'><strong>Patris</strong></span> <span class='ocrx_word' id='word_1_785' title='bbox 3548 2781 3563 2806; x_wconf 93' lang='lat'><strong>,</strong></span> <span class='ocrx_word' id='word_1_786' title='bbox 3594 2751 3656 2796; x_wconf 88' lang='lat' dir='ltr'><strong>et</strong></span> <span class='ocrx_word' id='word_1_787' title='bbox 3683 2757 3798 2813; x_wconf 88' lang='lat' dir='ltr'><strong>per-</strong></span> 
     </span>
    </p>
   </div>
   <div class='ocr_carea' id='block_1_100' title="bbox 2216 2806 3803 2902">
    <p class='ocr_par' dir='ltr' id='par_1_100' title="bbox 2216 2806 3803 2902">
     <span class='ocr_line' id='line_1_112' title="bbox 2216 2806 3803 2902; baseline 0.018 -41"><span class='ocrx_word' id='word_1_788' title='bbox 2216 2806 2397 2864; x_wconf 83' lang='lat' dir='ltr'><strong>liceret</strong></span> <span class='ocrx_word' id='word_1_789' title='bbox 2413 2824 2548 2881; x_wconf 88' lang='lat' dir='ltr'><strong>opus</strong></span> <span class='ocrx_word' id='word_1_790' title='bbox 2566 2813 2701 2882; x_wconf 91' lang='lat' dir='ltr'><strong>ejus.</strong></span> <span class='ocrx_word' id='word_1_791' title='bbox 2725 2815 2827 2872; x_wconf 90' lang='lat' dir='ltr'><strong>Sed</strong></span> <span class='ocrx_word' id='word_1_792' title='bbox 2857 2822 3139 2878; x_wconf 88' lang='lat' dir='ltr'><strong>carnaliter</strong></span> <span class='ocrx_word' id='word_1_793' title='bbox 3160 2825 3456 2898; x_wconf 83' lang='lat' dir='ltr'><strong>intelligens</strong></span> <span class='ocrx_word' id='word_1_794' title='bbox 3485 2806 3803 2902; x_wconf 76' lang='lat' dir='ltr'><strong>respondit:</strong></span> 
     </span>
    </p>
   </div>
   <div class='ocr_carea' id='block_1_101' title="bbox 2213 2895 3798 2992">
    <p class='ocr_par' dir='ltr' id='par_1_101' title="bbox 2213 2895 3798 2992">
     <span class='ocr_line' id='line_1_113' title="bbox 2213 2895 3798 2992; baseline 0.017 -41"><span class='ocrx_word' id='word_1_795' title='bbox 2213 2895 2293 2952; x_wconf 86' lang='lat' dir='ltr'><strong>Tu</strong></span> <span class='ocrx_word' id='word_1_796' title='bbox 2320 2915 2433 2953; x_wconf 88' lang='lat' dir='ltr'><strong>cum</strong></span> <span class='ocrx_word' id='word_1_797' title='bbox 2470 2903 2539 2957; x_wconf 90' lang='lat' dir='ltr'><strong>sis</strong></span> <span class='ocrx_word' id='word_1_798' title='bbox 2570 2902 2811 2972; x_wconf 64' lang='lat' dir='ltr'><strong>Iudaeus,</strong></span> <span class='ocrx_word' id='word_1_799' title='bbox 2839 2911 3087 2978; x_wconf 91' lang='lat' dir='ltr'><strong>quomodo</strong></span> <span class='ocrx_word' id='word_1_800' title='bbox 3123 2930 3156 2967; x_wconf 91' lang='lat' dir='ltr'><strong>a</strong></span> <span class='ocrx_word' id='word_1_801' title='bbox 3194 2931 3272 2970; x_wconf 85' lang='lat' dir='ltr'><strong>me</strong></span> <span class='ocrx_word' id='word_1_802' title='bbox 3312 2918 3474 2973; x_wconf 87' lang='lat' dir='ltr'><strong>bibere</strong></span> <span class='ocrx_word' id='word_1_803' title='bbox 3496 2924 3660 2992; x_wconf 81' lang='lat' dir='ltr'><strong>petis,</strong></span> <span class='ocrx_word' id='word_1_804' title='bbox 3690 2941 3798 2978; x_wconf 88' lang='lat' dir='ltr'><strong>cum</strong></span> 
     </span>
    </p>
   </div>
   <div class='ocr_carea' id='block_1_102' title="bbox 2212 2989 3783 3072">
    <p class='ocr_par' dir='ltr' id='par_1_102' title="bbox 2212 2989 3783 3072">
     <span class='ocr_line' id='line_1_114' title="bbox 2212 2989 3783 3072; baseline 0.018 -30"><span class='ocrx_word' id='word_1_805' title='bbox 2212 2989 2308 3044; x_wconf 89' lang='lat' dir='ltr'><strong>sim</strong></span> <span class='ocrx_word' id='word_1_806' title='bbox 2334 2993 2515 3048; x_wconf 85' lang='lat' dir='ltr'><strong>mulier</strong></span> <span class='ocrx_word' id='word_1_807' title='bbox 2537 2994 2900 3054; x_wconf 85' lang='lat' dir='ltr'><strong>Samaritana?</strong></span> <span class='ocrx_word' id='word_1_808' title='bbox 2921 3000 3042 3057; x_wconf 84' lang='lat' dir='ltr'><strong>Non</strong></span> <span class='ocrx_word' id='word_1_809' title='bbox 3063 3006 3193 3060; x_wconf 87' lang='lat' dir='ltr'><strong>enim</strong></span> <span class='ocrx_word' id='word_1_810' title='bbox 3217 3019 3492 3065; x_wconf 86' lang='lat' dir='ltr'><strong>coutunlur</strong></span> <span class='ocrx_word' id='word_1_811' title='bbox 3512 3012 3693 3070; x_wconf 78' lang='lat' dir='ltr'><strong>Judwi</strong></span> <span class='ocrx_word' id='word_1_812' title='bbox 3712 3015 3783 3072; x_wconf 90' lang='lat' dir='ltr'><strong>Sa</strong></span> 
     </span>
    </p>
   </div>
   <div class='ocr_carea' id='block_1_103' title="bbox 2212 3084 3796 3163">
    <p class='ocr_par' dir='ltr' id='par_1_103' title="bbox 2212 3084 3796 3163">
     <span class='ocr_line' id='line_1_115' title="bbox 2212 3084 3796 3163; baseline 0.017 -28"><span class='ocrx_word' id='word_1_813' title='bbox 2212 3084 2494 3141; x_wconf 88' lang='lat' dir='ltr'><strong>maritanis.</strong></span> <span class='ocrx_word' id='word_1_814' title='bbox 2526 3088 2619 3143; x_wconf 91' lang='lat' dir='ltr'><strong>Cui</strong></span> <span class='ocrx_word' id='word_1_815' title='bbox 2645 3090 2901 3148; x_wconf 91' lang='lat' dir='ltr'><strong>Dominus</strong></span> <span class='ocrx_word' id='word_1_816' title='bbox 2928 3104 3109 3152; x_wconf 90' lang='lat' dir='ltr'><strong>noster</strong></span> <span class='ocrx_word' id='word_1_817' title='bbox 3135 3098 3267 3154; x_wconf 81' lang='lat' dir='ltr'><strong>dixit</strong></span> <span class='ocrx_word' id='word_1_818' title='bbox 3298 3118 3311 3154; x_wconf 91' lang='lat'><strong>:</strong></span> <span class='ocrx_word' id='word_1_819' title='bbox 3341 3101 3404 3157; x_wconf 91' lang='lat' dir='ltr'><strong>Si</strong></span> <span class='ocrx_word' id='word_1_820' title='bbox 3426 3105 3583 3161; x_wconf 88' lang='lat' dir='ltr'><strong>scires</strong></span> <span class='ocrx_word' id='word_1_821' title='bbox 3609 3109 3796 3163; x_wconf 88' lang='lat' dir='ltr'><strong>donum</strong></span> 
     </span>
    </p>
   </div>
   <div class='ocr_carea' id='block_1_104' title="bbox 2246 3175 3797 3273">
    <p class='ocr_par' dir='ltr' id='par_1_104' title="bbox 2246 3175 3797 3273">
     <span class='ocr_line' id='line_1_116' title="bbox 2246 3175 3797 3273; baseline 0.016 -43"><span class='ocrx_word' id='word_1_822' title='bbox 2246 3175 2409 3254; x_wconf 37' lang='lat' dir='ltr'><strong>[silet</strong></span> <span class='ocrx_word' id='word_1_823' title='bbox 2430 3179 2542 3252; x_wconf 80' lang='lat' dir='ltr'><strong>quis</strong></span> <span class='ocrx_word' id='word_1_824' title='bbox 2568 3192 2641 3237; x_wconf 86' lang='lat' dir='ltr'><strong>est</strong></span> <span class='ocrx_word' id='word_1_825' title='bbox 2664 3183 2749 3254; x_wconf 85' lang='lat' dir='ltr'><strong>qui</strong></span> <span class='ocrx_word' id='word_1_826' title='bbox 2770 3184 2891 3239; x_wconf 85' lang='lat' dir='ltr'><strong>dicit</strong></span> <span class='ocrx_word' id='word_1_827' title='bbox 2921 3187 3042 3255; x_wconf 90' lang='lat' dir='ltr'><strong>tibi,</strong></span> <span class='ocrx_word' id='word_1_828' title='bbox 3070 3188 3148 3244; x_wconf 90' lang='lat' dir='ltr'><strong>Da</strong></span> <span class='ocrx_word' id='word_1_829' title='bbox 3172 3192 3298 3247; x_wconf 87' lang='lat' dir='ltr'><strong>mihi</strong></span> <span class='ocrx_word' id='word_1_830' title='bbox 3324 3193 3524 3262; x_wconf 88' lang='lat' dir='ltr'><strong>bibere;</strong></span> <span class='ocrx_word' id='word_1_831' title='bbox 3554 3209 3610 3254; x_wconf 89' lang='lat' dir='ltr'><strong>tu</strong></span> <span class='ocrx_word' id='word_1_832' title='bbox 3641 3202 3797 3273; x_wconf 81' lang='lat' dir='ltr'><strong>magis</strong></span> 
     </span>
    </p>
   </div>
   <div class='ocr_carea' id='block_1_105' title="bbox 2205 3270 3798 3351">
    <p class='ocr_par' dir='ltr' id='par_1_105' title="bbox 2205 3270 3798 3351">
     <span class='ocr_line' id='line_1_117' title="bbox 2205 3270 3798 3351; baseline 0.015 -29"><span class='ocrx_word' id='word_1_833' title='bbox 2205 3270 2412 3340; x_wconf 83' lang='lat' dir='ltr'><strong>petisses</strong></span> <span class='ocrx_word' id='word_1_834' title='bbox 2441 3271 2503 3325; x_wconf 90' lang='lat' dir='ltr'><strong>ab</strong></span> <span class='ocrx_word' id='word_1_835' title='bbox 2532 3289 2620 3341; x_wconf 90' lang='lat' dir='ltr'><strong>eo,</strong></span> <span class='ocrx_word' id='word_1_836' title='bbox 2649 3283 2696 3328; x_wconf 92' lang='lat' dir='ltr'><strong>et</strong></span> <span class='ocrx_word' id='word_1_837' title='bbox 2734 3274 2951 3331; x_wconf 81' lang='lat' dir='ltr'><strong>dedisset</strong></span> <span class='ocrx_word' id='word_1_838' title='bbox 2993 3279 3083 3333; x_wconf 84' lang='lat' dir='ltr'><strong>tibi</strong></span> <span class='ocrx_word' id='word_1_839' title='bbox 3123 3297 3309 3351; x_wconf 89' lang='lat' dir='ltr'><strong>aquant</strong></span> <span class='ocrx_word' id='word_1_840' title='bbox 3345 3286 3550 3344; x_wconf 85' lang='lat' dir='ltr'><strong>vivam:</strong></span> <span class='ocrx_word' id='word_1_841' title='bbox 3589 3300 3649 3347; x_wconf 89' lang='lat' dir='ltr'><strong>ut</strong></span> <span class='ocrx_word' id='word_1_842' title='bbox 3676 3270 3798 3346; x_wconf 82' lang='lat' dir='ltr'><strong>hinc</strong></span> 
     </span>
    </p>
   </div>
   <div class='ocr_carea' id='block_1_106' title="bbox 2204 3363 3795 3454">
    <p class='ocr_par' dir='ltr' id='par_1_106' title="bbox 2204 3363 3795 3454">
     <span class='ocr_line' id='line_1_118' title="bbox 2204 3363 3795 3454; baseline 0.014 -37"><span class='ocrx_word' id='word_1_843' title='bbox 2204 3363 2254 3418; x_wconf 87' lang='lat' dir='ltr'><strong>ei</strong></span> <span class='ocrx_word' id='word_1_844' title='bbox 2275 3364 2609 3433; x_wconf 86' lang='lat' dir='ltr'><strong>ostenderet,</strong></span> <span class='ocrx_word' id='word_1_845' title='bbox 2654 3382 2759 3423; x_wconf 91' lang='lat' dir='ltr'><strong>non</strong></span> <span class='ocrx_word' id='word_1_846' title='bbox 2787 3384 2847 3424; x_wconf 91' lang='lat' dir='ltr'><strong>se</strong></span> <span class='ocrx_word' id='word_1_847' title='bbox 2888 3370 3045 3426; x_wconf 88' lang='lat' dir='ltr'><strong>talem</strong></span> <span class='ocrx_word' id='word_1_848' title='bbox 3081 3388 3272 3444; x_wconf 89' lang='lat' dir='ltr'><strong>aquam</strong></span> <span class='ocrx_word' id='word_1_849' title='bbox 3319 3379 3550 3449; x_wconf 85' lang='lat' dir='ltr'><strong>petisse,</strong></span> <span class='ocrx_word' id='word_1_850' title='bbox 3580 3384 3795 3454; x_wconf 88' lang='lat' dir='ltr'><strong>qualem</strong></span> 
     </span>
    </p>
   </div>
   <div class='ocr_carea' id='block_1_107' title="bbox 2202 3453 3795 3535">
    <p class='ocr_par' dir='ltr' id='par_1_107' title="bbox 2202 3453 3795 3535">
     <span class='ocr_line' id='line_1_119' title="bbox 2202 3453 3795 3535; baseline 0.013 -27"><span class='ocrx_word' id='word_1_851' title='bbox 2202 3453 2318 3524; x_wconf 89' lang='lat' dir='ltr'><strong>ipsa</strong></span> <span class='ocrx_word' id='word_1_852' title='bbox 2379 3455 2749 3524; x_wconf 77' lang='lat' dir='ltr'><strong>intellexerat;</strong></span> <span class='ocrx_word' id='word_1_853' title='bbox 2816 3459 2911 3515; x_wconf 88' lang='lat' dir='ltr'><strong>scd</strong></span> <span class='ocrx_word' id='word_1_854' title='bbox 2988 3462 3108 3532; x_wconf 90' lang='lat' dir='ltr'><strong>quia</strong></span> <span class='ocrx_word' id='word_1_855' title='bbox 3176 3464 3289 3535; x_wconf 90' lang='lat' dir='ltr'><strong>ipse</strong></span> <span class='ocrx_word' id='word_1_856' title='bbox 3348 3468 3566 3526; x_wconf 88' lang='lat' dir='ltr'><strong>sitiebat</strong></span> <span class='ocrx_word' id='word_1_857' title='bbox 3604 3453 3795 3529; x_wconf 12' lang='lat' dir='ltr'><strong>itidem</strong></span> 
     </span>
    </p>
   </div>
   <div class='ocr_carea' id='block_1_108' title="bbox 2202 3546 3796 3625">
    <p class='ocr_par' dir='ltr' id='par_1_108' title="bbox 2202 3546 3796 3625">
     <span class='ocr_line' id='line_1_120' title="bbox 2202 3546 3796 3625; baseline 0.013 -22"><span class='ocrx_word' id='word_1_858' title='bbox 2202 3546 2360 3619; x_wconf 84' lang='lat' dir='ltr'><strong>ejus,</strong></span> <span class='ocrx_word' id='word_1_859' title='bbox 2418 3549 2698 3621; x_wconf 86' lang='lat' dir='ltr'><strong>eidemque</strong></span> <span class='ocrx_word' id='word_1_860' title='bbox 2760 3552 2959 3607; x_wconf 84' lang='lat' dir='ltr'><strong>sitienti</strong></span> <span class='ocrx_word' id='word_1_861' title='bbox 3026 3555 3281 3625; x_wconf 87' lang='lat' dir='ltr'><strong>Spiritum</strong></span> <span class='ocrx_word' id='word_1_862' title='bbox 3349 3571 3596 3620; x_wconf 89' lang='lat' dir='ltr'><strong>sanctum</strong></span> <span class='ocrx_word' id='word_1_863' title='bbox 3667 3566 3796 3623; x_wconf 86' lang='lat' dir='ltr'><strong>dare</strong></span> 
     </span>
    </p>
   </div>
   <div class='ocr_carea' id='block_1_109' title="bbox 2202 3639 3793 3723">
    <p class='ocr_par' dir='ltr' id='par_1_109' title="bbox 2202 3639 3793 3723">
     <span class='ocr_line' id='line_1_121' title="bbox 2202 3639 3793 3723; baseline 0.011 -29"><span class='ocrx_word' id='word_1_864' title='bbox 2202 3639 2467 3711; x_wconf 91' lang='lat' dir='ltr'><strong>cupiebat.</strong></span> <span class='ocrx_word' id='word_1_865' title='bbox 2519 3640 2666 3695; x_wconf 86' lang='lat' dir='ltr'><strong>Hane</strong></span> <span class='ocrx_word' id='word_1_866' title='bbox 2703 3642 2844 3697; x_wconf 91' lang='lat' dir='ltr'><strong>enim</strong></span> <span class='ocrx_word' id='word_1_867' title='bbox 2890 3651 3037 3701; x_wconf 91' lang='lat' dir='ltr'><strong>recte</strong></span> <span class='ocrx_word' id='word_1_868' title='bbox 3087 3647 3429 3720; x_wconf 83' lang='lat' dir='ltr'><strong>intelligimus</strong></span> <span class='ocrx_word' id='word_1_869' title='bbox 3469 3667 3666 3723; x_wconf 88' lang='lat' dir='ltr'><strong>aquam</strong></span> <span class='ocrx_word' id='word_1_870' title='bbox 3715 3656 3793 3710; x_wconf 85' lang='lat' dir='ltr'><strong>vi-</strong></span> 
     </span>
    </p>
   </div>
   <div class='ocr_carea' id='block_1_110' title="bbox 2202 3731 3795 3810">
    <p class='ocr_par' dir='ltr' id='par_1_110' title="bbox 2202 3731 3795 3810">
     <span class='ocr_line' id='line_1_122' title="bbox 2202 3731 3795 3810; baseline 0.011 -26"><span class='ocrx_word' id='word_1_871' title='bbox 2202 3746 2324 3785; x_wconf 89' lang='lat' dir='ltr'><strong>vam</strong></span> <span class='ocrx_word' id='word_1_872' title='bbox 2345 3772 2360 3797; x_wconf 93' lang='lat'><strong>,</strong></span> <span class='ocrx_word' id='word_1_873' title='bbox 2392 3731 2534 3801; x_wconf 90' lang='lat' dir='ltr'><strong>quod</strong></span> <span class='ocrx_word' id='word_1_874' title='bbox 2583 3742 2666 3788; x_wconf 90' lang='lat' dir='ltr'><strong>est</strong></span> <span class='ocrx_word' id='word_1_875' title='bbox 2710 3733 2909 3789; x_wconf 91' lang='lat' dir='ltr'><strong>donum</strong></span> <span class='ocrx_word' id='word_1_876' title='bbox 2934 3735 3062 3802; x_wconf 91' lang='lat' dir='ltr'><strong>Dei,</strong></span> <span class='ocrx_word' id='word_1_877' title='bbox 3096 3737 3233 3794; x_wconf 91' lang='lat' dir='ltr'><strong>sicut</strong></span> <span class='ocrx_word' id='word_1_878' title='bbox 3258 3739 3370 3810; x_wconf 87' lang='lat' dir='ltr'><strong>ipse</strong></span> <span class='ocrx_word' id='word_1_879' title='bbox 3398 3743 3505 3810; x_wconf 88' lang='lat' dir='ltr'><strong>ait,</strong></span> <span class='ocrx_word' id='word_1_880' title='bbox 3540 3746 3605 3799; x_wconf 85' lang='lat' dir='ltr'><strong>Si</strong></span> <span class='ocrx_word' id='word_1_881' title='bbox 3642 3748 3795 3801; x_wconf 82' lang='lat' dir='ltr'><strong>scires</strong></span> 
     </span>
    </p>
   </div>
   <div class='ocr_carea' id='block_1_111' title="bbox 2204 3822 3795 3903">
    <p class='ocr_par' dir='ltr' id='par_1_111' title="bbox 2204 3822 3795 3903">
     <span class='ocr_line' id='line_1_123' title="bbox 2204 3822 3795 3903; baseline 0.01 -28"><span class='ocrx_word' id='word_1_882' title='bbox 2204 3822 2393 3877; x_wconf 88' lang='lat' dir='ltr'><strong>donum</strong></span> <span class='ocrx_word' id='word_1_883' title='bbox 2420 3822 2535 3878; x_wconf 89' lang='lat' dir='ltr'><strong>Dei.</strong></span> <span class='ocrx_word' id='word_1_884' title='bbox 2560 3824 2627 3879; x_wconf 86' lang='lat' dir='ltr'><strong>Et</strong></span> <span class='ocrx_word' id='word_1_885' title='bbox 2652 3825 2789 3880; x_wconf 91' lang='lat' dir='ltr'><strong>sicut</strong></span> <span class='ocrx_word' id='word_1_886' title='bbox 2823 3825 2965 3882; x_wconf 89' lang='lat' dir='ltr'><strong>idem</strong></span> <span class='ocrx_word' id='word_1_887' title='bbox 2996 3827 3227 3885; x_wconf 81' lang='lat' dir='ltr'><strong>Joannes</strong></span> <span class='ocrx_word' id='word_1_888' title='bbox 3256 3833 3585 3903; x_wconf 78' lang='lat' dir='ltr'><strong>evangelista</strong></span> <span class='ocrx_word' id='word_1_889' title='bbox 3630 3845 3795 3891; x_wconf 84' lang='lat' dir='ltr'><strong>testa-</strong></span> 
     </span>
    </p>
   </div>
   <div class='ocr_carea' id='block_1_112' title="bbox 2204 3914 3792 3992">
    <p class='ocr_par' dir='ltr' id='par_1_112' title="bbox 2204 3914 3792 3992">
     <span class='ocr_line' id='line_1_124' title="bbox 2204 3914 3792 3992; baseline 0.008 -24"><span class='ocrx_word' id='word_1_890' title='bbox 2204 3921 2289 3969; x_wconf 83' lang='lat' dir='ltr'><strong>tur</strong></span> <span class='ocrx_word' id='word_1_891' title='bbox 2311 3914 2417 3968; x_wconf 87' lang='lat' dir='ltr'><strong>alio</strong></span> <span class='ocrx_word' id='word_1_892' title='bbox 2446 3914 2563 3971; x_wconf 89' lang='lat' dir='ltr'><strong>loco</strong></span> <span class='ocrx_word' id='word_1_893' title='bbox 2588 3915 2771 3972; x_wconf 78' lang='lat' dir='ltr'><strong>dicens</strong></span> <span class='ocrx_word' id='word_1_894' title='bbox 2797 3934 2811 3970; x_wconf 91' lang='lat'><strong>:</strong></span> <span class='ocrx_word' id='word_1_895' title='bbox 2844 3919 2984 3988; x_wconf 88' lang='lat' dir='ltr'><strong>quod</strong></span> <span class='ocrx_word' id='word_1_896' title='bbox 3018 3919 3181 3974; x_wconf 92' lang='lat' dir='ltr'><strong>stabat</strong></span> <span class='ocrx_word' id='word_1_897' title='bbox 3224 3920 3404 3989; x_wconf 84' lang='lat' dir='ltr'><strong>Jesus,</strong></span> <span class='ocrx_word' id='word_1_898' title='bbox 3431 3933 3478 3977; x_wconf 90' lang='lat' dir='ltr'><strong>et</strong></span> <span class='ocrx_word' id='word_1_899' title='bbox 3502 3927 3792 3992; x_wconf 87' lang='lat' dir='ltr'><strong>clamabat,</strong></span> 
     </span>
    </p>
   </div>
   <div class='ocr_carea' id='block_1_113' title="bbox 2205 4004 3792 4082">
    <p class='ocr_par' dir='ltr' id='par_1_113' title="bbox 2205 4004 3792 4082">
     <span class='ocr_line' id='line_1_125' title="bbox 2205 4004 3792 4082; baseline 0.009 -23"><span class='ocrx_word' id='word_1_900' title='bbox 2205 4004 2267 4059; x_wconf 90' lang='lat' dir='ltr'><strong>Si</strong></span> <span class='ocrx_word' id='word_1_901' title='bbox 2289 4006 2401 4076; x_wconf 87' lang='lat' dir='ltr'><strong>quis</strong></span> <span class='ocrx_word' id='word_1_902' title='bbox 2426 4006 2562 4075; x_wconf 89' lang='lat' dir='ltr'><strong>sitit,</strong></span> <span class='ocrx_word' id='word_1_903' title='bbox 2594 4009 2759 4062; x_wconf 85' lang='lat' dir='ltr'><strong>veniat</strong></span> <span class='ocrx_word' id='word_1_904' title='bbox 2779 4018 2826 4063; x_wconf 90' lang='lat' dir='ltr'><strong>et</strong></span> <span class='ocrx_word' id='word_1_905' title='bbox 2851 4010 2983 4063; x_wconf 90' lang='lat' dir='ltr'><strong>bibat</strong></span> <span class='ocrx_word' id='word_1_906' title='bbox 3006 4027 3023 4065; x_wconf 90' lang='lat'><strong><em>:</em></strong></span> <span class='ocrx_word' id='word_1_907' title='bbox 3045 4012 3129 4081; x_wconf 87' lang='lat' dir='ltr'><strong>qui</strong></span> <span class='ocrx_word' id='word_1_908' title='bbox 3149 4014 3306 4068; x_wconf 88' lang='lat' dir='ltr'><strong>credit</strong></span> <span class='ocrx_word' id='word_1_909' title='bbox 3328 4015 3381 4068; x_wconf 89' lang='lat' dir='ltr'><strong>in</strong></span> <span class='ocrx_word' id='word_1_910' title='bbox 3411 4032 3520 4082; x_wconf 86' lang='lat' dir='ltr'><strong>me,</strong></span> <span class='ocrx_word' id='word_1_911' title='bbox 3555 4021 3690 4073; x_wconf 87' lang='lat' dir='ltr'><strong>sicut</strong></span> <span class='ocrx_word' id='word_1_912' title='bbox 3711 4020 3792 4073; x_wconf 76' lang='lat' dir='ltr'><strong>di-</strong></span> 
     </span>
    </p>
   </div>
   <div class='ocr_carea' id='block_1_114' title="bbox 2202 4096 3789 4178">
    <p class='ocr_par' dir='ltr' id='par_1_114' title="bbox 2202 4096 3789 4178">
     <span class='ocr_line' id='line_1_126' title="bbox 2202 4096 3789 4178; baseline 0.008 -30"><span class='ocrx_word' id='word_1_913' title='bbox 2202 4096 2268 4149; x_wconf 91' lang='lat' dir='ltr'><strong>cit</strong></span> <span class='ocrx_word' id='word_1_914' title='bbox 2292 4096 2557 4167; x_wconf 86' lang='lat' dir='ltr'><strong>Scriptura</strong></span> <span class='ocrx_word' id='word_1_915' title='bbox 2574 4140 2589 4166; x_wconf 91' lang='lat'><strong>,</strong></span> <span class='ocrx_word' id='word_1_916' title='bbox 2620 4100 2833 4169; x_wconf 80' lang='lat' dir='ltr'><strong>ﬂumina</strong></span> <span class='ocrx_word' id='word_1_917' title='bbox 2862 4100 2924 4154; x_wconf 90' lang='lat' dir='ltr'><strong>de</strong></span> <span class='ocrx_word' id='word_1_918' title='bbox 2946 4112 3114 4155; x_wconf 86' lang='lat' dir='ltr'><strong>ventre</strong></span> <span class='ocrx_word' id='word_1_919' title='bbox 3142 4105 3251 4174; x_wconf 88' lang='lat' dir='ltr'><strong>ejus</strong></span> <span class='ocrx_word' id='word_1_920' title='bbox 3285 4106 3620 4178; x_wconf 81' lang='lat' dir='ltr'><strong>[tuent&#39;aqtue</strong></span> <span class='ocrx_word' id='word_1_921' title='bbox 3646 4110 3789 4164; x_wconf 79' lang='lat' dir='ltr'><strong>vime.</strong></span> 
     </span>
    </p>
   </div>
   <div class='ocr_carea' id='block_1_115' title="bbox 2202 4184 3796 4269">
    <p class='ocr_par' dir='ltr' id='par_1_115' title="bbox 2202 4184 3796 4269">
     <span class='ocr_line' id='line_1_127' title="bbox 2202 4184 3796 4269; baseline 0.009 -30"><span class='ocrx_word' id='word_1_922' title='bbox 2202 4184 2601 4258; x_wconf 86' lang='lat' dir='ltr'><strong>Consequeuter</strong></span> <span class='ocrx_word' id='word_1_923' title='bbox 2634 4190 2851 4245; x_wconf 89' lang='lat' dir='ltr'><strong>omnino</strong></span> <span class='ocrx_word' id='word_1_924' title='bbox 2876 4233 2889 4250; x_wconf 81' lang='lat'><strong>.</strong></span> <span class='ocrx_word' id='word_1_925' title='bbox 2925 4190 3025 4258; x_wconf 85' lang='lat' dir='ltr'><strong>Qui</strong></span> <span class='ocrx_word' id='word_1_926' title='bbox 3050 4193 3238 4261; x_wconf 88' lang='lat' dir='ltr'><strong>credit,</strong></span> <span class='ocrx_word' id='word_1_927' title='bbox 3268 4194 3458 4264; x_wconf 90' lang='lat' dir='ltr'><strong>inquit,</strong></span> <span class='ocrx_word' id='word_1_928' title='bbox 3480 4197 3532 4251; x_wconf 87' lang='lat' dir='ltr'><strong>in</strong></span> <span class='ocrx_word' id='word_1_929' title='bbox 3566 4216 3670 4263; x_wconf 90' lang='lat' dir='ltr'><strong>me,</strong></span> <span class='ocrx_word' id='word_1_930' title='bbox 3693 4201 3796 4269; x_wconf 79' lang='lat' dir='ltr'><strong>ﬂu-</strong></span> 
     </span>
    </p>
   </div>
   <div class='ocr_carea' id='block_1_116' title="bbox 2204 4276 3793 4358">
    <p class='ocr_par' dir='ltr' id='par_1_116' title="bbox 2204 4276 3793 4358">
     <span class='ocr_line' id='line_1_128' title="bbox 2204 4276 3793 4358; baseline 0.007 -29"><span class='ocrx_word' id='word_1_931' title='bbox 2204 4276 2339 4331; x_wconf 86' lang='lat' dir='ltr'><strong>mina</strong></span> <span class='ocrx_word' id='word_1_932' title='bbox 2380 4277 2442 4330; x_wconf 86' lang='lat' dir='ltr'><strong>de</strong></span> <span class='ocrx_word' id='word_1_933' title='bbox 2486 4288 2654 4333; x_wconf 86' lang='lat' dir='ltr'><strong>ventre</strong></span> <span class='ocrx_word' id='word_1_934' title='bbox 2695 4281 2804 4350; x_wconf 87' lang='lat' dir='ltr'><strong>ejus</strong></span> <span class='ocrx_word' id='word_1_935' title='bbox 2848 4281 3009 4350; x_wconf 81' lang='lat' dir='ltr'><strong>[luent</strong></span> <span class='ocrx_word' id='word_1_936' title='bbox 3056 4298 3201 4345; x_wconf 72' lang='lat' dir='ltr'><strong>itqtuz</strong></span> <span class='ocrx_word' id='word_1_937' title='bbox 3248 4283 3373 4338; x_wconf 74' lang='lat' dir='ltr'><strong>viva:</strong></span> <span class='ocrx_word' id='word_1_938' title='bbox 3401 4287 3566 4356; x_wconf 85' lang='lat' dir='ltr'><strong>:quia</strong></span> <span class='ocrx_word' id='word_1_939' title='bbox 3616 4289 3793 4358; x_wconf 82' lang='lat' dir='ltr'><strong>primo</strong></span> 
     </span>
    </p>
   </div>
   <div class='ocr_carea' id='block_1_117' title="bbox 2203 4367 3792 4449">
    <p class='ocr_par' dir='ltr' id='par_1_117' title="bbox 2203 4367 3792 4449">
     <span class='ocr_line' id='line_1_129' title="bbox 2203 4367 3792 4449; baseline 0.008 -27"><span class='ocrx_word' id='word_1_940' title='bbox 2203 4367 2471 4423; x_wconf 88' lang='lat' dir='ltr'><strong>credimus</strong></span> <span class='ocrx_word' id='word_1_941' title='bbox 2490 4411 2503 4435; x_wconf 93' lang='lat'><strong>,</strong></span> <span class='ocrx_word' id='word_1_942' title='bbox 2531 4380 2587 4425; x_wconf 90' lang='lat' dir='ltr'><strong>ut</strong></span> <span class='ocrx_word' id='word_1_943' title='bbox 2616 4370 2730 4427; x_wconf 81' lang='lat' dir='ltr'><strong>haec</strong></span> <span class='ocrx_word' id='word_1_944' title='bbox 2749 4370 2888 4426; x_wconf 85' lang='lat' dir='ltr'><strong>dona</strong></span> <span class='ocrx_word' id='word_1_945' title='bbox 2918 4389 3236 4428; x_wconf 90' lang='lat' dir='ltr'><strong>mercamur.</strong></span> <span class='ocrx_word' id='word_1_946' title='bbox 3267 4375 3392 4432; x_wconf 75' lang='lat' dir='ltr'><strong>Hzrc</strong></span> <span class='ocrx_word' id='word_1_947' title='bbox 3413 4393 3540 4449; x_wconf 81' lang='lat' dir='ltr'><strong>ergo</strong></span> <span class='ocrx_word' id='word_1_948' title='bbox 3565 4379 3792 4436; x_wconf 83' lang='lat' dir='ltr'><strong>ﬁumina</strong></span> 
     </span>
    </p>
   </div>
   <div class='ocr_carea' id='block_1_118' title="bbox 2202 4461 3794 4536">
    <p class='ocr_par' dir='ltr' id='par_1_118' title="bbox 2202 4461 3794 4536">
     <span class='ocr_line' id='line_1_130' title="bbox 2202 4461 3794 4536; baseline 0.009 -23"><span class='ocrx_word' id='word_1_949' title='bbox 2202 4473 2352 4530; x_wconf 60' lang='lat' dir='ltr'><strong>aquai</strong></span> <span class='ocrx_word' id='word_1_950' title='bbox 2382 4461 2516 4515; x_wconf 73' lang='lat' dir='ltr'><strong>viva:</strong></span> <span class='ocrx_word' id='word_1_951' title='bbox 2545 4478 2664 4532; x_wconf 69' lang='lat' dir='ltr'><strong>quae</strong></span> <span class='ocrx_word' id='word_1_952' title='bbox 2704 4463 2775 4517; x_wconf 90' lang='lat' dir='ltr'><strong>illi</strong></span> <span class='ocrx_word' id='word_1_953' title='bbox 2809 4464 3017 4519; x_wconf 92' lang='lat' dir='ltr'><strong>mulieri</strong></span> <span class='ocrx_word' id='word_1_954' title='bbox 3044 4466 3255 4521; x_wconf 82' lang='lat' dir='ltr'><strong>volebat</strong></span> <span class='ocrx_word' id='word_1_955' title='bbox 3280 4468 3407 4522; x_wconf 84' lang='lat' dir='ltr'><strong>dare</strong></span> <span class='ocrx_word' id='word_1_956' title='bbox 3427 4512 3442 4536; x_wconf 92' lang='lat'><strong>,</strong></span> <span class='ocrx_word' id='word_1_957' title='bbox 3475 4487 3688 4529; x_wconf 87' lang='lat' dir='ltr'><strong>merces</strong></span> <span class='ocrx_word' id='word_1_958' title='bbox 3714 4482 3794 4528; x_wconf 90' lang='lat' dir='ltr'><strong>est</strong></span> 
     </span>
    </p>
   </div>
   <div class='ocr_carea' id='block_1_119' title="bbox 2205 4548 3793 4630">
    <p class='ocr_par' dir='ltr' id='par_1_119' title="bbox 2205 4548 3793 4630">
     <span class='ocr_line' id='line_1_131' title="bbox 2205 4548 3793 4630; baseline 0.011 -28"><span class='ocrx_word' id='word_1_959' title='bbox 2205 4548 2328 4604; x_wconf 90' lang='lat' dir='ltr'><strong>ﬁdei</strong></span> <span class='ocrx_word' id='word_1_960' title='bbox 2354 4566 2513 4620; x_wconf 87' lang='lat' dir='ltr'><strong>quam</strong></span> <span class='ocrx_word' id='word_1_961' title='bbox 2544 4553 2690 4622; x_wconf 87' lang='lat' dir='ltr'><strong>prius</strong></span> <span class='ocrx_word' id='word_1_962' title='bbox 2717 4554 2767 4607; x_wconf 90' lang='lat' dir='ltr'><strong>in</strong></span> <span class='ocrx_word' id='word_1_963' title='bbox 2800 4553 2883 4607; x_wconf 88' lang='lat' dir='ltr'><strong>illa</strong></span> <span class='ocrx_word' id='word_1_964' title='bbox 2917 4555 3148 4610; x_wconf 89' lang='lat' dir='ltr'><strong>sitiebat.</strong></span> <span class='ocrx_word' id='word_1_965' title='bbox 3177 4556 3340 4628; x_wconf 90' lang='lat' dir='ltr'><strong>Cujus</strong></span> <span class='ocrx_word' id='word_1_966' title='bbox 3368 4576 3519 4630; x_wconf 76' lang='lat' dir='ltr'><strong>aqum</strong></span> <span class='ocrx_word' id='word_1_967' title='bbox 3551 4566 3691 4619; x_wconf 78' lang='lat' dir='ltr'><strong>vivae</strong></span> <span class='ocrx_word' id='word_1_968' title='bbox 3715 4566 3793 4619; x_wconf 80' lang='lat' dir='ltr'><strong>in-</strong></span> 
     </span>
    </p>
   </div>
   <div class='ocr_carea' id='block_1_120' title="bbox 2204 4641 3790 4724">
    <p class='ocr_par' dir='ltr' id='par_1_120' title="bbox 2204 4641 3790 4724">
     <span class='ocr_line' id='line_1_132' title="bbox 2204 4641 3790 4724; baseline 0.011 -31"><span class='ocrx_word' id='word_1_969' title='bbox 2204 4641 2631 4709; x_wconf 79' lang='lat' dir='ltr'><strong>tcrpretationcnt</strong></span> <span class='ocrx_word' id='word_1_970' title='bbox 2686 4644 2751 4697; x_wconf 86' lang='lat' dir='ltr'><strong>ita</strong></span> <span class='ocrx_word' id='word_1_971' title='bbox 2797 4644 3010 4714; x_wconf 85' lang='lat' dir='ltr'><strong>subjicit</strong></span> <span class='ocrx_word' id='word_1_972' title='bbox 3041 4664 3053 4700; x_wconf 91' lang='lat'><strong>:</strong></span> <span class='ocrx_word' id='word_1_973' title='bbox 3088 4645 3201 4701; x_wconf 68' lang='lat' dir='ltr'><strong>Hoc</strong></span> <span class='ocrx_word' id='word_1_974' title='bbox 3244 4659 3441 4715; x_wconf 84' lang='lat' dir='ltr'><strong>autent,</strong></span> <span class='ocrx_word' id='word_1_975' title='bbox 3478 4652 3685 4724; x_wconf 82' lang='lat' dir='ltr'><strong>inquit,</strong></span> <span class='ocrx_word' id='word_1_976' title='bbox 3711 4658 3790 4710; x_wconf 84' lang='lat' dir='ltr'><strong>di-</strong></span> 
     </span>
    </p>
   </div>
   <div class='ocr_carea' id='block_1_121' title="bbox 2202 4732 3791 4819">
    <p class='ocr_par' dir='ltr' id='par_1_121' title="bbox 2202 4732 3791 4819">
     <span class='ocr_line' id='line_1_133' title="bbox 2202 4732 3791 4819; baseline 0.012 -33"><span class='ocrx_word' id='word_1_977' title='bbox 2202 4732 2342 4787; x_wconf 88' lang='lat' dir='ltr'><strong>cebat</strong></span> <span class='ocrx_word' id='word_1_978' title='bbox 2394 4733 2457 4787; x_wconf 88' lang='lat' dir='ltr'><strong>de</strong></span> <span class='ocrx_word' id='word_1_979' title='bbox 2518 4734 2716 4806; x_wconf 88' lang='lat' dir='ltr'><strong>Spiritu</strong></span> <span class='ocrx_word' id='word_1_980' title='bbox 2767 4753 2911 4807; x_wconf 87' lang='lat' dir='ltr'><strong>quem</strong></span> <span class='ocrx_word' id='word_1_981' title='bbox 2969 4741 3230 4806; x_wconf 85' lang='lat' dir='ltr'><strong>accepturi</strong></span> <span class='ocrx_word' id='word_1_982' title='bbox 3277 4753 3419 4797; x_wconf 87' lang='lat' dir='ltr'><strong>erant</strong></span> <span class='ocrx_word' id='word_1_983' title='bbox 3474 4747 3529 4800; x_wconf 90' lang='lat' dir='ltr'><strong>hi</strong></span> <span class='ocrx_word' id='word_1_984' title='bbox 3587 4751 3683 4819; x_wconf 89' lang='lat' dir='ltr'><strong>qui</strong></span> <span class='ocrx_word' id='word_1_985' title='bbox 3741 4752 3791 4805; x_wconf 87' lang='lat' dir='ltr'><strong>in</strong></span> 
     </span>
    </p>
   </div>
   <div class='ocr_carea' id='block_1_122' title="bbox 2205 4825 3793 4910">
    <p class='ocr_par' dir='ltr' id='par_1_122' title="bbox 2205 4825 3793 4910">
     <span class='ocr_line' id='line_1_134' title="bbox 2205 4825 3793 4910; baseline 0.003 -31"><span class='ocrx_word' id='word_1_986' title='bbox 2205 4842 2319 4880; x_wconf 88' lang='lat' dir='ltr'><strong>eum</strong></span> <span class='ocrx_word' id='word_1_987' title='bbox 2362 4825 2602 4879; x_wconf 86' lang='lat' dir='ltr'><strong>credituri</strong></span> <span class='ocrx_word' id='word_1_988' title='bbox 2675 4836 2839 4881; x_wconf 87' lang='lat' dir='ltr'><strong>erant.</strong></span> <span class='ocrx_word' id='word_1_989' title='bbox 2924 4826 3169 4882; x_wconf 83' lang='lat' dir='ltr'><strong>Nondum</strong></span> <span class='ocrx_word' id='word_1_990' title='bbox 3229 4842 3397 4887; x_wconf 76' lang='lat' dir='ltr'><strong>autem</strong></span> <span class='ocrx_word' id='word_1_991' title='bbox 3456 4848 3564 4891; x_wconf 84' lang='lat' dir='ltr'><strong>erat</strong></span> <span class='ocrx_word' id='word_1_992' title='bbox 3618 4840 3793 4910; x_wconf 71' lang='lat' dir='ltr'><strong>Spin&#39;-</strong></span> 
     </span>
    </p>
   </div>
   <div class='ocr_carea' id='block_1_123' title="bbox 2204 4898 3792 4999">
    <p class='ocr_par' dir='ltr' id='par_1_123' title="bbox 2204 4898 3792 4999">
     <span class='ocr_line' id='line_1_135' title="bbox 2204 4898 3792 4999; baseline 0.011 -31"><span class='ocrx_word' id='word_1_993' title='bbox 2204 4928 2283 4974; x_wconf 88' lang='lat' dir='ltr'><strong>tus</strong></span> <span class='ocrx_word' id='word_1_994' title='bbox 2348 4898 2531 4985; x_wconf 74' lang='lat' dir='ltr'><strong>datus,</strong></span> <span class='ocrx_word' id='word_1_995' title='bbox 2586 4917 2703 4986; x_wconf 87' lang='lat' dir='ltr'><strong>quia</strong></span> <span class='ocrx_word' id='word_1_996' title='bbox 2760 4917 2913 4973; x_wconf 78' lang='lat' dir='ltr'><strong>Iesus</strong></span> <span class='ocrx_word' id='word_1_997' title='bbox 2973 4920 3202 4974; x_wconf 85' lang='lat' dir='ltr'><strong>nondum</strong></span> <span class='ocrx_word' id='word_1_998' title='bbox 3250 4927 3418 4994; x_wconf 76' lang='lat' dir='ltr'><strong>fuerat</strong></span> <span class='ocrx_word' id='word_1_999' title='bbox 3476 4928 3792 4999; x_wconf 74' lang='lat' dir='ltr'><strong>clari/icatus</strong></span> 
     </span>
    </p>
   </div>
   <div class='ocr_carea' id='block_1_124' title="bbox 2202 5004 3789 5085">
    <p class='ocr_par' dir='ltr' id='par_1_124' title="bbox 2202 5004 3789 5085">
     <span class='ocr_line' id='line_1_136' title="bbox 2202 5004 3789 5085; baseline 0.011 -24"><span class='ocrx_word' id='word_1_1000' title='bbox 2202 5007 2380 5077; x_wconf 85' lang='lat' dir='ltr'><strong>(Joan.</strong></span> <span class='ocrx_word' id='word_1_1001' title='bbox 2408 5023 2481 5061; x_wconf 86' lang='lat' dir='ltr'><strong>vn</strong></span> <span class='ocrx_word' id='word_1_1002' title='bbox 2506 5048 2521 5072; x_wconf 89' lang='lat'><strong>,</strong></span> <span class='ocrx_word' id='word_1_1003' title='bbox 2547 5004 2754 5079; x_wconf 77' lang='lat'><strong>57-59).</strong></span> <span class='ocrx_word' id='word_1_1004' title='bbox 2784 5007 2895 5063; x_wconf 79' lang='lat' dir='ltr'><strong>Hoc</strong></span> <span class='ocrx_word' id='word_1_1005' title='bbox 2923 5008 3101 5079; x_wconf 80' lang='lat' dir='ltr'><strong>itaque</strong></span> <span class='ocrx_word' id='word_1_1006' title='bbox 3139 5012 3336 5068; x_wconf 88' lang='lat' dir='ltr'><strong>donum</strong></span> <span class='ocrx_word' id='word_1_1007' title='bbox 3361 5016 3591 5085; x_wconf 90' lang='lat' dir='ltr'><strong>Spiritus</strong></span> <span class='ocrx_word' id='word_1_1008' title='bbox 3621 5025 3789 5078; x_wconf 90' lang='lat' dir='ltr'><strong>sancti</strong></span> 
     </span>
    </p>
   </div>
   <div class='ocr_carea' id='block_1_125' title="bbox 2201 5098 3785 5182">
    <p class='ocr_par' dir='ltr' id='par_1_125' title="bbox 2201 5098 3785 5182">
     <span class='ocr_line' id='line_1_137' title="bbox 2201 5098 3785 5182; baseline 0.011 -28"><span class='ocrx_word' id='word_1_1009' title='bbox 2201 5107 2284 5154; x_wconf 89' lang='lat' dir='ltr'><strong>est</strong></span> <span class='ocrx_word' id='word_1_1010' title='bbox 2303 5140 2317 5164; x_wconf 93' lang='lat'><strong>,</strong></span> <span class='ocrx_word' id='word_1_1011' title='bbox 2341 5098 2481 5169; x_wconf 90' lang='lat' dir='ltr'><strong>quod</strong></span> <span class='ocrx_word' id='word_1_1012' title='bbox 2507 5106 2626 5168; x_wconf 91' lang='lat' dir='ltr'><strong>post</strong></span> <span class='ocrx_word' id='word_1_1013' title='bbox 2654 5112 2803 5153; x_wconf 88' lang='lat' dir='ltr'><strong>suam</strong></span> <span class='ocrx_word' id='word_1_1014' title='bbox 2830 5100 3260 5158; x_wconf 86' lang='lat' dir='ltr'><strong>clariﬁcatiouem</strong></span> <span class='ocrx_word' id='word_1_1015' title='bbox 3302 5105 3449 5162; x_wconf 89' lang='lat' dir='ltr'><strong>dedit</strong></span> <span class='ocrx_word' id='word_1_1016' title='bbox 3485 5109 3749 5170; x_wconf 78' lang='lat' dir='ltr'><strong>Ecclesia:</strong></span> <span class='ocrx_word' id='word_1_1017' title='bbox 3771 5157 3785 5182; x_wconf 93' lang='lat'><strong>,</strong></span> 
     </span>
    </p>
   </div>
   <div class='ocr_carea' id='block_1_126' title="bbox 2200 5188 3786 5272">
    <p class='ocr_par' dir='ltr' id='par_1_126' title="bbox 2200 5188 3786 5272">
     <span class='ocr_line' id='line_1_138' title="bbox 2200 5188 3786 5272; baseline 0.009 -27"><span class='ocrx_word' id='word_1_1018' title='bbox 2200 5190 2337 5246; x_wconf 86' lang='lat' dir='ltr'><strong>sicut</strong></span> <span class='ocrx_word' id='word_1_1019' title='bbox 2355 5191 2458 5245; x_wconf 86' lang='lat' dir='ltr'><strong>alia</strong></span> <span class='ocrx_word' id='word_1_1020' title='bbox 2484 5188 2756 5259; x_wconf 91' lang='lat' dir='ltr'><strong>Scriptura</strong></span> <span class='ocrx_word' id='word_1_1021' title='bbox 2775 5189 2939 5245; x_wconf 87' lang='lat' dir='ltr'><strong>dicit:</strong></span> <span class='ocrx_word' id='word_1_1022' title='bbox 2963 5191 3246 5248; x_wconf 82' lang='lat' dir='ltr'><strong>Ascendens</strong></span> <span class='ocrx_word' id='word_1_1023' title='bbox 3269 5197 3320 5249; x_wconf 88' lang='lat' dir='ltr'><strong>in</strong></span> <span class='ocrx_word' id='word_1_1024' title='bbox 3348 5199 3509 5255; x_wconf 86' lang='lat' dir='ltr'><strong>altum</strong></span> <span class='ocrx_word' id='word_1_1025' title='bbox 3531 5206 3786 5272; x_wconf 79' lang='lat' dir='ltr'><strong>captivum</strong></span> 
     </span>
    </p>
   </div>
   <div class='ocr_carea' id='block_1_127' title="bbox 2201 5280 3788 5365">
    <p class='ocr_par' dir='ltr' id='par_1_127' title="bbox 2201 5280 3788 5365">
     <span class='ocr_line' id='line_1_139' title="bbox 2201 5280 3788 5365; baseline 0.01 -27"><span class='ocrx_word' id='word_1_1026' title='bbox 2201 5283 2346 5338; x_wconf 72' lang='lat' dir='ltr'><strong>duxit</strong></span> <span class='ocrx_word' id='word_1_1027' title='bbox 2365 5281 2735 5353; x_wconf 86' lang='lat' dir='ltr'><strong>captivitatem;</strong></span> <span class='ocrx_word' id='word_1_1028' title='bbox 2764 5280 2900 5337; x_wconf 87' lang='lat' dir='ltr'><strong>dedit</strong></span> <span class='ocrx_word' id='word_1_1029' title='bbox 2928 5283 3062 5339; x_wconf 87' lang='lat' dir='ltr'><strong>dona</strong></span> <span class='ocrx_word' id='word_1_1030' title='bbox 3086 5286 3372 5343; x_wconf 85' lang='lat' dir='ltr'><strong>hominibus</strong></span> <span class='ocrx_word' id='word_1_1031' title='bbox 3400 5290 3571 5361; x_wconf 85' lang='lat' dir='ltr'><strong>(Psal.</strong></span> <span class='ocrx_word' id='word_1_1032' title='bbox 3605 5312 3788 5365; x_wconf 82' lang='lat' dir='ltr'><strong>vau,</strong></span> 
     </span>
    </p>
   </div>
   <div class='ocr_carea' id='block_1_128' title="bbox 2202 5372 2722 5446">
    <p class='ocr_par' dir='ltr' id='par_1_128' title="bbox 2202 5372 2722 5446">
     <span class='ocr_line' id='line_1_140' title="bbox 2202 5372 2722 5446; baseline 0 -20"><span class='ocrx_word' id='word_1_1033' title='bbox 2202 5376 2304 5446; x_wconf 64' lang='lat' dir='ltr'><strong>i9;</strong></span> <span class='ocrx_word' id='word_1_1034' title='bbox 2334 5373 2527 5445; x_wconf 85' lang='lat' dir='ltr'><strong>Ephes.</strong></span> <span class='ocrx_word' id='word_1_1035' title='bbox 2549 5388 2621 5439; x_wconf 83' lang='lat' dir='ltr'><strong>tv,</strong></span> <span class='ocrx_word' id='word_1_1036' title='bbox 2644 5372 2722 5441; x_wconf 88' lang='lat'><strong>8).</strong></span> 
     </span>
    </p>
   </div>
   <div class='ocr_carea' id='block_1_129' title="bbox 2272 5464 3787 5543">
    <p class='ocr_par' dir='ltr' id='par_1_129' title="bbox 2272 5464 3787 5543">
     <span class='ocr_line' id='line_1_141' title="bbox 2272 5464 3787 5543; baseline 0.008 -20"><span class='ocrx_word' id='word_1_1037' title='bbox 2272 5468 2326 5523; x_wconf 84' lang='lat'><strong>5.</strong></span> <span class='ocrx_word' id='word_1_1038' title='bbox 2356 5465 2460 5522; x_wconf 90' lang='lat' dir='ltr'><strong>Sed</strong></span> <span class='ocrx_word' id='word_1_1039' title='bbox 2485 5464 2658 5520; x_wconf 90' lang='lat' dir='ltr'><strong>adhuc</strong></span> <span class='ocrx_word' id='word_1_1040' title='bbox 2682 5464 2769 5519; x_wconf 88' lang='lat' dir='ltr'><strong>illa</strong></span> <span class='ocrx_word' id='word_1_1041' title='bbox 2808 5466 2995 5520; x_wconf 90' lang='lat' dir='ltr'><strong>mulier</strong></span> <span class='ocrx_word' id='word_1_1042' title='bbox 3019 5469 3303 5525; x_wconf 88' lang='lat' dir='ltr'><strong>carnaliter</strong></span> <span class='ocrx_word' id='word_1_1043' title='bbox 3326 5473 3499 5543; x_wconf 90' lang='lat' dir='ltr'><strong>sapit;</strong></span> <span class='ocrx_word' id='word_1_1044' title='bbox 3532 5475 3615 5531; x_wconf 89' lang='lat' dir='ltr'><strong>sic</strong></span> <span class='ocrx_word' id='word_1_1045' title='bbox 3644 5479 3787 5534; x_wconf 85' lang='lat' dir='ltr'><strong>enim</strong></span> 
     </span>
    </p>
   </div>
   <div class='ocr_carea' id='block_1_130' title="bbox 2200 5551 3785 5638">
    <p class='ocr_par' dir='ltr' id='par_1_130' title="bbox 2200 5551 3785 5638">
     <span class='ocr_line' id='line_1_142' title="bbox 2200 5551 3785 5638; baseline 0.004 -22"><span class='ocrx_word' id='word_1_1046' title='bbox 2200 5551 2472 5631; x_wconf 77' lang='lat' dir='ltr'><strong>respondit</strong></span> <span class='ocrx_word' id='word_1_1047' title='bbox 2499 5575 2512 5613; x_wconf 91' lang='lat'><strong>:</strong></span> <span class='ocrx_word' id='word_1_1048' title='bbox 2542 5556 2754 5612; x_wconf 88' lang='lat' dir='ltr'><strong>Domine</strong></span> <span class='ocrx_word' id='word_1_1049' title='bbox 2773 5596 2788 5621; x_wconf 85' lang='lat'><strong>,</strong></span> <span class='ocrx_word' id='word_1_1050' title='bbox 2821 5574 2977 5628; x_wconf 83' lang='lat' dir='ltr'><strong>neque</strong></span> <span class='ocrx_word' id='word_1_1051' title='bbox 3000 5560 3334 5615; x_wconf 75' lang='lat' dir='ltr'><strong>[maritorium</strong></span> <span class='ocrx_word' id='word_1_1052' title='bbox 3378 5564 3561 5632; x_wconf 86' lang='lat' dir='ltr'><strong>habes,</strong></span> <span class='ocrx_word' id='word_1_1053' title='bbox 3610 5578 3659 5621; x_wconf 88' lang='lat' dir='ltr'><strong>et</strong></span> <span class='ocrx_word' id='word_1_1054' title='bbox 3690 5586 3785 5638; x_wconf 78' lang='lat' dir='ltr'><strong>pu-</strong></span> 
     </span>
    </p>
   </div>
   <div class='ocr_carea' id='block_1_131' title="bbox 2203 5709 3796 5825">
    <p class='ocr_par' dir='ltr' id='par_1_131' title="bbox 2203 5709 3796 5825">
     <span class='ocr_line' id='line_1_143' title="bbox 2203 5709 3796 5825; baseline 0.008 -66"><span class='ocrx_word' id='word_1_1055' title='bbox 2203 5777 2221 5825; x_wconf 50' lang='lat' dir='ltr'><strong><em>t</em></strong></span> <span class='ocrx_word' id='word_1_1056' title='bbox 2265 5712 2284 5744; x_wconf 80' lang='grc' dir='ltr'>ι</span> <span class='ocrx_word' id='word_1_1057' title='bbox 2311 5718 2418 5761; x_wconf 78' lang='lat' dir='ltr'><strong>Mss.</strong></span> <span class='ocrx_word' id='word_1_1058' title='bbox 2441 5709 2637 5775; x_wconf 84' lang='lat' dir='ltr'><strong>aliquot,</strong></span> <span class='ocrx_word' id='word_1_1059' title='bbox 2663 5710 2729 5761; x_wconf 89' lang='lat' dir='ltr'><strong>ad</strong></span> <span class='ocrx_word' id='word_1_1060' title='bbox 2747 5716 3113 5764; x_wconf 84' lang='lat' dir='ltr'><strong>monumentum.</strong></span> <span class='ocrx_word' id='word_1_1061' title='bbox 3140 5721 3193 5767; x_wconf 81' lang='lat' dir='ltr'><strong>Et</strong></span> <span class='ocrx_word' id='word_1_1062' title='bbox 3212 5717 3423 5782; x_wconf 87' lang='lat' dir='ltr'><strong>quidam,</strong></span> <span class='ocrx_word' id='word_1_1063' title='bbox 3439 5717 3506 5769; x_wconf 83' lang='lat' dir='ltr'><strong>ad</strong></span> <span class='ocrx_word' id='word_1_1064' title='bbox 3525 5732 3796 5777; x_wconf 64' lang='lat' dir='ltr'><strong>maneman-</strong></span> 
     </span>
     <span class='ocr_line' id='line_1_144' title="bbox 2223 5785 2321 5824; baseline -0.041 0"><span class='ocrx_word' id='word_1_1065' title='bbox 2223 5785 2321 5824; x_wconf 84' lang='lat' dir='ltr'><strong>um.</strong></span> 
     </span>
    </p>
   </div>
   <div class='ocr_carea' id='block_1_132' title="bbox 2223 5785 2321 5824">
    <p class='ocr_par' dir='ltr' id='par_1_132' title="bbox 2223 5785 2321 5824">
     <span class='ocr_line' id='line_1_145' title="bbox 2223 5785 2321 5824; baseline -0.041 0"><span class='ocrx_word' id='word_1_1066' title='bbox 2223 5785 2321 5824; x_wconf 63' lang='grc' dir='ltr'><strong>αυτ.</strong></span> 
     </span>
    </p>
   </div>
  </div>
