3988 6426
173 383 232 440 57
1551 368 1754 424 LIBER
1795 369 1991 428 unus.

176 509 270 552 teus
303 493 429 548 altus
475 497 585 556 est;
638 488 772 544 unde
814 487 932 541 mihi
977 485 1128 539 habes
1162 485 1284 538 dare
1321 500 1502 552 aquam
1531 484 1731 536 vivam?

182 585 413 651 Numquid
442 591 495 634 tu
521 581 692 650 major
715 596 764 634 es
791 587 929 648 patre
951 584 1122 630 nostro
1149 574 1310 628 Jacob
1331 617 1344 638 ,
1367 574 1452 644 qui
1478 573 1613 626 dedit
1638 590 1728 626 no-

182 678 244 729 bis
279 676 395 727 hunc
435 680 678 741 puteum,
709 673 754 722 et
781 669 888 738 ipse
911 682 973 720 ea:
995 683 1053 720 eo
1083 665 1231 731 bibit,
1274 674 1319 718 et
1362 664 1458 734 ﬁlii
1494 665 1632 731 ejus,
1686 672 1732 716 et

179 781 332 835 pecora
359 763 498 832 ejus?
533 761 683 817 Nunc
721 775 848 814 vero
890 758 1000 830 jam
1046 758 1308 812 Dominus
1348 757 1563 825 exponit
1607 756 1730 825 quid

175 857 363 910 dixerit.
388 853 597 920 Omnis,
629 853 832 922 inquit,
859 852 946 922 qui
977 850 1152 904 biberit
1190 849 1254 903 de
1285 865 1416 918 aqua
1441 849 1536 902 ista
1556 891 1569 914 ,
1601 849 1731 902 sitiet

174 950 329 1002 iterum
353 947 466 1014 :qui
493 954 665 999 autent
693 945 863 999 biberit
891 945 953 996 de
972 959 1103 1010 aqua
1123 958 1275 1012 quant
1299 958 1390 1012 ego
1411 941 1612 1005 dedero,
1632 957 1729 995 non

176 1043 289 1095 sitiet
306 1041 352 1094 in
372 1039 759 1109 sempiternum;
786 1036 874 1090 sed
891 1052 1024 1105 aqua
1044 1033 1136 1088 illa
1157 1050 1308 1105 quam
1332 1033 1514 1086 dedero
1533 1075 1547 1098 ,
1577 1033 1660 1101 [iet
1679 1033 1729 1086 in

174 1149 225 1187 eo
258 1138 358 1204 fons
400 1146 540 1201 aqua:
586 1131 814 1184 salientis
855 1130 909 1182 in
939 1128 1091 1182 vitam
1119 1137 1382 1181 aeternam.
1428 1124 1534 1179 Sed
1560 1122 1730 1177 adhuc

173 1227 340 1281 mulier
368 1223 696 1294 prudentiam
723 1222 900 1276 carnis
929 1220 1283 1290 amplectitur.
1309 1217 1444 1286 Quid
1474 1217 1612 1271 enim
1644 1231 1731 1270 re-

170 1317 392 1388 spondit?
431 1315 646 1369 Domine
665 1356 680 1380 ,
713 1314 779 1367 da
823 1313 945 1366 mihi
970 1313 1100 1366 hanc
1124 1326 1309 1382 aquam
1329 1351 1345 1376 ,
1382 1318 1438 1362 ut
1476 1323 1633 1378 neque
1664 1307 1731 1358 si-

172 1411 306 1474 tiam,
326 1425 468 1479 neque
493 1409 689 1462 veniam
723 1409 819 1460 huc
844 1405 1064 1458 haurire.
1105 1403 1236 1456 Dicit
1261 1403 1307 1456 ei
1325 1401 1475 1455 Jesus
1503 1417 1520 1454 :
1557 1399 1728 1465 Vade,

173 1515 280 1553 uoca
305 1501 448 1552 virum
477 1507 624 1552 tuum
643 1539 657 1561 ,
688 1507 735 1550 et
771 1497 880 1550 veni
909 1496 1025 1548 huc.
1053 1494 1185 1549 Cum
1220 1493 1380 1547 sciret
1413 1507 1528 1546 eam
1562 1491 1729 1544 virum

173 1609 263 1646 non
292 1591 472 1646 habere
493 1632 506 1652 ,
535 1606 634 1645 cur
662 1588 762 1642 hoc
792 1587 1015 1650 dixerit,
1045 1585 1316 1655 quaeritur.
1349 1581 1586 1650 Namque
1607 1595 1731 1634 cum

170 1685 340 1739 mulier
365 1683 626 1747 dixisset,
678 1681 798 1734 Non
847 1680 1003 1733 habeo
1045 1679 1245 1740 uirum;
1283 1673 1411 1729 dicit
1454 1674 1500 1728 ei
1539 1672 1729 1736 Jesus,

171 1774 287 1828 Bene
310 1775 474 1828 dixiin
508 1791 612 1826 non
654 1772 834 1826 habere
871 1779 918 1822 te
956 1770 1154 1823 virum:
1182 1767 1397 1838 quinque
1435 1766 1565 1819 enim
1605 1764 1736 1816 viros

173 1867 382 1930 habuisti,
405 1876 448 1918 et
476 1883 612 1918 nunc
633 1881 778 1934 quem
801 1863 950 1915 habes
972 1877 1068 1915 non
1091 1869 1160 1914 est
1185 1868 1298 1912 tuus
1319 1858 1426 1920 vir;
1449 1856 1540 1908 hoc
1567 1869 1736 1907 verum

174 1957 338 2011 dixisti.
365 1956 469 2010 Sed
511 1971 620 2010 non
666 1962 789 2007 sunt
830 1952 945 2005 hzec
989 1950 1269 2005 carnaliter
1297 1945 1636 2016 accipienda,
1667 1959 1736 1998 ne

173 2049 280 2103 huic
315 2048 406 2118 ipsi
449 2047 632 2102 adhuc
661 2045 866 2100 mulieri
908 2043 1252 2099 Samaritana:
1282 2039 1482 2095 similes
1508 2051 1627 2092 esse
1655 2035 1735 2089 vi-

170 2138 378 2195 deamur.
409 2137 516 2194 Sed
554 2138 620 2192 de
646 2138 736 2190 illo
761 2136 897 2191 dono
931 2135 1021 2188 Dei
1048 2133 1090 2188 si
1119 2131 1316 2202 aliquid
1352 2131 1461 2201 jam
1501 2128 1735 2200 gustavi-

172 2246 305 2294 mus,
334 2228 688 2299 spiritualiter
719 2229 814 2281 ista
844 2235 1150 2280 tractemus.

232 2319 278 2374 6.
305 2320 553 2390 Quinque
587 2318 762 2382 \iros,
803 2317 1035 2387 quinque
1071 2315 1231 2367 libros
1261 2312 1349 2382 qui
1388 2327 1484 2381 per
1524 2309 1738 2380 Moysen

173 2413 426 2466 miuistrati
469 2421 636 2474 sunt,
682 2409 918 2463 nonnulli
947 2406 1229 2476 accipiunt.
1259 2404 1407 2472 Quod
1445 2412 1620 2456 autem
1655 2401 1740 2456 di-

175 2510 298 2556 ctum
336 2511 444 2566 est,
500 2499 573 2554 Et
617 2516 752 2553 nunc
796 2515 941 2569 quem
992 2497 1177 2561 habes,
1223 2513 1323 2550 non
1361 2506 1433 2548 est
1477 2503 1593 2547 tuus
1633 2493 1742 2556 vir;

176 2591 230 2646 de
257 2609 308 2648 se
347 2594 458 2662 ipso
510 2591 794 2645 Dominum
839 2589 1034 2643 dixisse
1082 2586 1412 2656 intelligunt,
1459 2594 1516 2639 ut
1547 2585 1646 2638 iste
1675 2583 1746 2637 sit

178 2699 344 2739 sensus
372 2702 385 2738 :
414 2685 603 2739 Primo
643 2683 875 2752 quinque
919 2681 1065 2735 libris
1092 2680 1291 2750 Moysi,
1322 2679 1470 2748 quasi
1511 2678 1745 2748 quinque

177 2776 292 2831 viris
313 2776 522 2831 servisti
546 2791 560 2840 ;
592 2789 733 2828 nunc
756 2781 931 2826 autem
955 2786 1109 2841 quem
1138 2770 1301 2824 habes
1321 2810 1335 2834 ,
1367 2768 1417 2822 id
1444 2777 1554 2830 est,
1587 2781 1744 2835 quem

181 2867 312 2920 audis
333 2910 346 2930 ,
377 2867 464 2937 qui
511 2865 747 2935 loquitur
778 2874 977 2927 tecum,
1012 2877 1114 2915 non
1147 2868 1229 2914 est
1258 2868 1379 2913 tuus
1423 2857 1504 2911 vir
1532 2858 1574 2922 ¹,
1621 2856 1740 2924 quia

181 2959 392 3015 nondum
420 2960 473 3014 in
497 2974 624 3014 eum
653 2956 942 3012 credidisti.
974 2954 1076 3010 Sed
1102 2953 1353 3025 quoniam
1379 2951 1611 3005 nondum
1638 2963 1747 3003 cre-

183 3049 300 3106 dens
319 3051 533 3106 Christo
550 3094 565 3118 ,
592 3051 768 3105 adhuc
788 3049 966 3118 utique
992 3048 1200 3102 illorum
1227 3047 1456 3116 quinque
1483 3046 1712 3098 virorum
1731 3083 1745 3109 ,

183 3139 232 3196 id
254 3149 328 3197 est
347 3143 582 3213 quinque
613 3141 866 3195 librorum
897 3139 1229 3208 copulatione
1251 3137 1548 3198 tenebatur,
1581 3141 1751 3202 potest

185 3246 380 3287 movere
407 3230 679 3303 quomodo
719 3229 820 3285 dici
867 3229 1128 3299 potuerit,
1159 3228 1389 3299 Quinque
1417 3227 1546 3280 viros
1575 3225 1755 3280 habui-

185 3322 242 3376 sti
258 3365 270 3387 ,
292 3324 435 3392 quasi
459 3337 602 3377 nunc
629 3337 723 3377 eos
749 3321 858 3390 jam
892 3334 995 3375 non
1029 3319 1282 3386 haberet,
1307 3334 1426 3373 cum
1454 3318 1625 3372 adhuc
1653 3317 1756 3371 uti-

186 3428 277 3482 que
302 3416 428 3484 ipsis
451 3414 661 3469 subdita
704 3414 926 3468 viveret.
963 3412 1160 3467 Deinde
1199 3427 1319 3466 cum
1359 3413 1590 3481 quinque
1632 3411 1751 3465 libri

187 3501 333 3575 Moysi
381 3504 508 3559 nihil
553 3503 694 3559 aliud
736 3519 892 3574 quam
928 3499 1199 3557 Christum
1252 3501 1572 3572 praedicent,
1619 3501 1756 3554 sicut

190 3594 293 3662 ipse
318 3597 386 3650 ait
400 3638 414 3660 ,
438 3597 500 3652 Si
516 3596 783 3650 crederetis
804 3595 990 3665 Moysi,
1010 3594 1274 3648 crederetis
1295 3597 1509 3665 forsitan
1529 3603 1576 3648 et
1600 3595 1754 3658 mihi;

190 3685 266 3740 tlte
280 3690 406 3742 enim
429 3689 490 3743 de
515 3705 592 3742 me
610 3688 813 3757 scripsit
839 3686 1017 3758 (Joan.
1048 3702 1098 3751 v,
1128 3684 1217 3756 46)
1247 3705 1260 3752 ;
1288 3686 1556 3756 quomodo
1582 3696 1757 3756 potest

191 3777 390 3849 intelligi
422 3796 449 3834 a
489 3781 722 3850 quinque
749 3779 854 3834 illis
891 3778 1040 3833 libris
1069 3777 1320 3832 recedere
1356 3778 1623 3832 hominem
1651 3820 1664 3843 ,
1693 3788 1751 3834 ut

191 3869 250 3923 ad
275 3870 534 3926 Christum
579 3879 849 3936 transeat,
881 3886 1003 3926 cum
1053 3870 1143 3926 ille
1189 3871 1276 3941 qui
1303 3871 1472 3926 credit
1514 3873 1565 3925 in
1597 3872 1753 3926 Chri-

191 3973 347 4029 stum,
394 3982 494 4019 non
543 3964 924 4034 relinquendos
969 3964 1205 4034 quinque
1248 3964 1367 4018 illos
1415 3965 1610 4028 libros,
1655 3965 1750 4020 sed

191 4054 510 4122 spiritualiter
575 4054 984 4126 intelligendos,
1063 4055 1229 4110 multo
1279 4055 1484 4110 avidius
1548 4057 1751 4127 ample-

192 4148 386 4200 ctatur?

256 4238 304 4290 7.
335 4238 422 4294 Est
449 4255 576 4310 ergo
605 4241 740 4294 alius
769 4239 1097 4304 intellectus,
1135 4247 1191 4293 ut
1214 4239 1444 4308 quinque
1470 4240 1565 4293 viri
1598 4239 1752 4293 intul-

193 4326 402 4396 ligantur
426 4331 657 4401 quinque
681 4331 922 4401 corporis
951 4345 1138 4385 sensus
1166 4349 1179 4384 :
1211 4345 1346 4384 unus
1362 4331 1448 4399 qui
1475 4329 1539 4383 ad
1568 4330 1752 4385 oculos

196 4419 430 4484 pertinet,
458 4437 562 4491 quo
593 4421 766 4475 lucem
799 4423 951 4475 istam
999 4421 1260 4475 visibilem
1288 4430 1341 4474 et
1364 4420 1628 4489 quoslibet
1657 4435 1749 4474 co-

196 4504 322 4561 lores
350 4509 638 4582 formasque
675 4527 956 4580 corporum
1004 4512 1307 4576 cernimus;
1344 4513 1477 4566 alter
1505 4513 1710 4566 aurium
1733 4554 1748 4579 ,

196 4612 290 4665 quo
314 4614 487 4655 vocum
527 4613 579 4657 et.
606 4603 843 4656 omnium
873 4617 1126 4656 sonorum
1153 4613 1420 4656 momenta
1451 4603 1746 4669 sentimus;

201 4689 369 4742 tertius
390 4694 582 4746 narium
605 4734 619 4757 ,
652 4708 757 4762 quo
787 4694 927 4746 varia
967 4693 1188 4747 odorum
1227 4694 1485 4748 suavitate
1514 4693 1749 4748 delecta-

199 4791 336 4843 mur;
365 4792 570 4850 quartus
598 4785 649 4837 in
679 4799 772 4838 ore
795 4793 999 4854 gustus,
1029 4784 1118 4853 qui
1149 4784 1320 4839 dulcia
1341 4792 1394 4839 et
1418 4800 1597 4840 amara
1621 4802 1746 4841 sen-

204 4865 285 4930 tit,
310 4878 359 4922 et
380 4874 602 4927 omnium
656 4889 904 4943 saporum
932 4873 1093 4928 habet
1122 4890 1377 4940 examen;
1405 4876 1620 4945 quintus
1657 4892 1750 4946 per

200 4962 350 5010 totum
370 4976 547 5032 corpus
569 4963 831 5033 tangendo
851 4963 1103 5034 diiudicat
1129 4963 1298 5019 calida
1319 4973 1372 5019 et
1393 4964 1599 5036 frigida,
1616 4969 1750 5022 mol-

203 5042 262 5099 lia
298 5058 346 5102 et
375 5051 526 5120 dura,
558 5055 694 5108 levia
737 5064 792 5108 et
823 5069 1042 5125 aspera,
1087 5063 1142 5109 ct
1181 5055 1435 5125 quidquid
1479 5056 1620 5111 aliud
1663 5068 1746 5113 est

202 5139 330 5204 quod
384 5146 639 5215 tangendo
697 5146 973 5200 sentimus.
1034 5146 1149 5201 Istis
1201 5147 1380 5216 itaque
1446 5149 1747 5204 carnalibus

203 5231 404 5301 quintius
431 5239 669 5293 sensibus
701 5238 868 5307 prima
917 5239 1143 5293 hominis
1190 5247 1320 5312 aetas
1365 5239 1618 5294 imbuitur
1648 5257 1744 5295 ne-

204 5321 418 5380 cessitate
445 5339 642 5383 uaturzn
667 5328 905 5383 mortalis
929 5344 1028 5399 qua
1053 5328 1122 5382 ita
1147 5339 1265 5398 post
1292 5339 1564 5397 peccatum
1589 5331 1741 5399 primi

205 5409 404 5472 hominis
424 5424 519 5476 nati
550 5437 734 5477 sumus
755 5464 769 5486 ,
802 5430 862 5476 ut
890 5422 1120 5477 nondum
1153 5422 1354 5478 reddita
1384 5424 1500 5478 luce
1528 5424 1740 5488 mentis,

206 5508 467 5565 carnalibus
492 5514 734 5567 sensibus
761 5512 990 5579 subditi,
1011 5515 1278 5568 carnalem
1308 5516 1466 5569 vitam
1493 5515 1609 5569 sine
1635 5515 1741 5569 ulla

206 5595 752 5675 veritatisintclligentia
767 5605 1277 5661 transeamus.Tales
1293 5621 1510 5662 necesse
1527 5615 1604 5662 est
1623 5621 1742 5662 esse

208 5729 279 5846 gn;
299 5732 378 5835 :lat.
393 5742 437 5784 et
458 5737 622 5798 plures
640 5748 749 5793 Mss.
774 5754 914 5807 quem
936 5742 1095 5806 audis,
1108 5756 1198 5795 non
1213 5748 1283 5796 est
1307 5748 1416 5797 tuus
1435 5758 1524 5806 vir,
1539 5746 1735 5804 omisso,

313 5803 437 5846 (lquor
453 5806 618 5846 tecum

313 5803 437 5854 οφιον
453 5806 618 5852 tecum.

2803 283 2900 435 \

3378 376 3448 437 53

1841 488 2066 544 infantes
2095 499 2148 546 et
2175 495 2422 562 parvulos
2445 511 2668 567 pueros,
2705 503 2793 571 qui
2822 480 3072 571 ιξοηδηῖη
3099 502 3319 556 Possum
3345 509 3442 551 ﬂc-

1839 582 2012 651 cipere
2042 584 2324 640 rationem.
2372 588 2441 642 Et
2482 591 2602 659 quia
2637 579 2923 659 naturalQ‘s
2947 587 3065 630 sum
3092 579 3174 634 is"
3203 597 3394 643 θοηεηε
3416 631 3434 658 ο

1838 673 1922 740 qui
1951 672 2177 741 primam
2205 684 2416 731 multem
2443 690 2661 749 regum,
2696 691 2752 738 et
2778 667 2906 749 ουρ
2922 667 3120 724 artiﬁce
3147 673 3299 727 nobis
3329 680 3428 733 tri-
3474 690 3477 694 '

1838 762 1945 816 buli
1968 773 2111 830 sunt,
2133 777 2276 822 recte
2292 767 2536 825 dicuntur
2555 772 2674 840 viri,
2697 775 2746 830 id
2769 759 3078 840 estlmarm:
3102 770 3346 836 ιειηίιηιηη
3366 773 3438 827 13-

1835 853 2033 923 gitimi;
2062 860 2312 927 quoniam
2338 876 2439 915 non
2472 878 2566 919 eos
2594 881 2745 922 error
2773 853 2915 927 viti0
2941 854 3158 921 Ρτοῐπίο
3177 897 3192 922 9
3221 860 3315 914 sed
3340 863 3438 919 Dei

1834 946 2058 1002 artiﬁcio
2089 957 2273 1004 natura
2305 955 2608 1011 contribuit.
2655 958 2785 1014 Cum
2825 946 3010 1020 avem
3059 947 3288 1020 (ιιιῐετιυθ
3332 971 3430 1011 νθσ

1834 1039 1973 1092 nerit
2000 1038 2064 1092 ad
2092 1055 2209 1095 eam
2241 1052 2472 1111 aetatem,
2504 1057 2560 1102 ut
2583 1049 2692 1119 jam
2725 1038 3092 1121 possitlcapﬂx
3122 1055 3242 1097 esse
3264 1048 3435 1104 ratio-

1835 1126 1956 1193 nis,
2003 1129 2048 1183 si
2095 1132 2373 1189 veritatem
2422 1139 2598 1192 statim
2642 1126 3115 1213 comprehdeere
3163 1142 3430 1210 Ροῑυενίῑ,

1833 1231 1938 1270 non
1965 1217 2075 1286 jam
2108 1220 2211 1276 illis
2246 1225 2490 1281 sensibus
2517 1207 2814 1289 rectoribus
2841 1207 3056 1291 utaut;
3091 1223 3186 1278 sed
3219 1207 3436 1290 habebit

1831 1307 2027 1374 virum,
2058 1312 2300 1378 spiritum
2333 1317 2664 1386 rationalem,
2695 1325 2778 1379 cui
2802 1315 3003 1386 (59"“5
3028 1308 3151 1365 ίηοε
3179 1313 3230 1370 Ῐη
3259 1317 3433 1378 lam"-

1833 1395 1994 1451 latum
2020 1401 2242 1470 redigat,
2278 1406 2516 1461 servituti
2545 1395 2870 1482 subjicien‘
2889 1405 3060 1464 εοτνιιε
3085 1415 3238 1460 ειιῐιῐη
3265 1426 3277 1461 :
3306 1426 3428 1469 cum

1831 1487 2004 1540 anima
2038 1505 2140 1544 non
2173 1491 2280 1560 jam
2303 1497 2533 1566 quinque
2557 1500 2699 1567 viris,
2733 1504 2781 1558 id
2802 1487 2929 1568 ei"
2947 1487 3163 1560 (ιυῖηψιθ
3187 1503 3425 1568 corporis

1833 1578 2077 1631 sensibus
2115 1581 2321 1635 subdita
2361 1595 2442 1639 est
2471 1629 2485 1652 ,
2539 1591 2631 1644 sed
2680 1576 2935 1652 Verbul'
2980 1576 3204 1637 dil'i'mm
3257 1587 3420 1647 habet

1833 1667 2123 1737 legitimum
2150 1673 2321 1727 virum
2341 1718 2355 1739 ,
2388 1678 2470 1730 cui
2508 1682 2742 1749 copulata
2782 1694 2828 1738 et
2868 1664 3179 1749 Imm“:
3210 1691 3330 1733 cum
3359 1689 3418 1736 ει

1834 1755 1949 1825 ipse
1985 1760 2199 1827 spiritus
2242 1762 2468 1820 hominis
2527 1770 2736 1824 inuaserit
2779 1755 3034 1838 (ῖιπίὶιο,
3087 1765 3207 1833 (illia
3255 1781 3416 1838 θθβιη

2833 1525 2918 1626 1

1841 2308 2233 2376 perstitionibus
2277 2313 2558 2384 subjugati,
2610 2326 2728 2385 post
2774 2327 2999 2390 tempora
3039 2330 3124 2383 illa
3165 2308 3412 2395 qtﬁﬂque

1845 2401 2121 2456 carnalium
2165 2419 2433 2469 sensuum,
2466 2406 2656 2474 quibus
2699 2412 2867 2478 prima
2898 2423 3036 2482 artas,
3071 2430 3127 2474 ut
3151 2400 3406 2482 diximus.

1849 2493 2065 2559 regitur,
2117 2511 2220 2549 non
2252 2511 2366 2551 eam
2399 2497 2632 2554 Verbum
2676 2500 2768 2556 Dei
2813 2479 3082 2576 acceperat
3121 2512 3173 2566 in
3217 2479 3412 2566 cmllu'

1848 2581 2038 2650 gium’,
2086 2586 2178 2639 sed
2204 2587 2483 2656 complexu
2521 2589 2826 2647 adulterino
2853 2595 3090 2652 diabolus
3111 2595 3404 2655 obtinebat.

1851 2673 2019 2745 Itaque
2046 2677 2120 2732 illi
2152 2678 2406 2735 Dominus
2443 2681 2591 2747 dicit,
2622 2683 2810 2741 videns
2839 2703 2956 2743 eam
2984 2705 3098 2746 esse
3118 2688 3410 2749 carnalem.

1852 2765 1891 2821 id
1919 2777 2019 2834 est,
2052 2771 2334 2826 carnaliter
2371 2787 2596 2842 sapere:
2630 2773 2804 2845 Vade,
2838 2772 2988 2834 comi
3007 2775 3165 2830 virum
3191 2784 3508 2843 uuiuxﬁtf'
3526 2767 3581 2791 ”

1850 2861 1947 2915 uni
1975 2861 2109 2926 huc;
2136 2863 2184 2916 id
2208 2872 2319 2927 est,
2348 2881 2566 2922 remove
2607 2869 2780 2935 tealu
2805 2863 3086 2922 atl‘eetione
3115 2871 3348 2938 carnali,
3396 2875 3451 2930 in

1852 2966 1938 3019 qua
1976 2969 2116 3007 nunc
2160 2956 2442 3011 constituta
2492 2973 2604 3017 (ξμς
2635 2951 2779 3008 unde
2819 2971 2923 3010 non
2967 2969 3116 3027 potes
3159 2961 3454 3034 intelligere

1850 3058 1954 3113 qua:
1980 3046 2200 3116 loquor:
2230 3058 2278 3125 et
2300 3059 2446 3099 amca
2469 3043 2630 3097 virum
2659 3054 2820 3112 luunt,
2854 3050 2902 3104 id
2920 3061 3018 3118 est,
3049 3054 3234 3122 spiritu
3258 3056 3454 3112 intelli‘

1852 3136 2025 3204 putica
2049 3135 2358 3204 {quiescas
2378 3145 2512 3189 esto.
2550 3137 2643 3190 Est
2667 3139 2809 3192 enim
2839 3143 3030 3196 animm
3055 3147 3202 3214 quasi
3230 3149 3453 3206 maritus

1859 3216 2088 3294 quidam
2133 3224 2290 3278 modo
2320 3225 2539 3294 spiritus
2583 3226 2813 3285 hominis
2834 3273 2846 3293 ,
2879 3234 2966 3301 qui
2997 3235 3280 3291 animalem
3313 3238 3448 3296 alle-

1859 3315 2089 3371 ctionem
2121 3324 2367 3385 tanquam
2398 3317 2676 3387 coniugem
2723 3321 2875 3390 regit.
2924 3322 3038 3376 Non
3088 3324 3177 3380 ille
3224 3325 3452 3395 Spiritus

1860 3417 2108 3473 sanctus,
2141 3410 2229 3478 qui
2269 3424 2388 3463 cum
2433 3409 2586 3465 Patre
2617 3419 2670 3464 et
2696 3411 2832 3466 Filio
2864 3415 3310 3474 incommutabilis
3337 3436 3450 3474 ma-

1861 3508 1984 3566 net,
2033 3511 2086 3554 et
2129 3500 2300 3569 dignis
2343 3500 2534 3554 animis
2579 3502 3079 3559 incommutabiliter
3123 3507 3279 3563 datur
3309 3529 3322 3565 :
3353 3513 3450 3567 sed

1859 3591 2074 3661 spiritus
2119 3591 2377 3656 hominis,
2405 3591 2471 3645 de
2506 3608 2611 3662 quo
2642 3594 2922 3662 Apostolus
2950 3596 3109 3664 dicit,
3148 3599 3312 3654 Nemo
3357 3605 3452 3656 scit

1858 3699 1971 3753 qua:
1996 3691 2112 3736 sunt
2141 3683 2194 3734 in
2231 3683 2461 3746 homine,
2507 3684 2604 3738 nisi
2643 3687 2846 3754 spiritus
2893 3689 3130 3743 hominis.
3179 3691 3308 3745 Nam
3360 3693 3450 3748 ille

1857 3773 2084 3842 Spiritus
2131 3781 2376 3839 sanctus,
2426 3774 2655 3842 Spiritus
2707 3776 2799 3831 Dei
2839 3786 2956 3844 est;
2997 3780 3065 3834 de
3107 3797 3212 3850 quo
3255 3783 3446 3838 iterum

1857 3863 1985 3919 dicit
2014 3865 2088 3919 sic
2118 3881 2130 3916 :
2163 3863 2229 3916 Et
2257 3881 2369 3934 qum
2393 3863 2486 3918 Dei
2503 3876 2616 3920 sunt
2645 3884 2788 3922 nemo
2817 3870 2940 3936 scit,
2977 3872 3072 3924 nisi
3099 3873 3322 3943 Spiritus
3353 3874 3450 3930 Dei

1859 3956 1902 4026 (Ι
1933 3955 2050 4010 Cor.
2076 3973 2132 4021 ιι,
2165 3957 2272 4022 ll).
2319 3957 2416 4010 llic
2458 3973 2588 4028 ergo
2637 3960 2858 4028 spiritus
2902 3960 3131 4016 hominis
3161 3979 3278 4018 cum
3313 3982 3448 4035 pne-

1858 4062 1984 4102 sens
2007 4055 2120 4114 est,
2151 4047 2200 4100 id
2230 4055 2337 4112 est,
2375 4048 2606 4103 intentus
2627 4092 2642 4116 ,
2671 4059 2725 4104 et
2751 4066 2809 4106 se
2840 4052 3033 4121 pietate
3063 4056 3279 4126 subiicit
3305 4059 3444 4128 Deo,

1858 4139 2099 4208 intelligit
2127 4139 2287 4194 homo
2316 4155 2433 4209 qua:
2459 4142 2803 4208 spiritualiter
2825 4143 3091 4200 dicuntur.
3112 4148 3245 4203 Cum
3268 4161 3445 4207 autem

1855 4232 2050 4286 diaboli
2079 4246 2249 4294 error,
2284 4240 2530 4300 tanquam
2573 4233 2792 4287 absente
2823 4235 3097 4290 intellectu
3123 4280 3135 4301 ,
3177 4241 3227 4292 in
3267 4243 3442 4296 anima

1856 4323 2190 4388 dominatur,
2239 4322 2447 4376 adulter
2491 4331 2592 4377 est.
2647 4322 2782 4376 Voca
2827 4339 2978 4392 ergo,
3031 4329 3242 4397 inquit,
3283 4332 3445 4386 virum

1858 4425 2020 4480 tuum,
2048 4415 2100 4470 id
2130 4425 2232 4479 est,
2262 4415 2505 4484 spiritum
2537 4416 2624 4486 qui
2657 4416 2708 4469 in
2740 4426 2789 4471 te
2814 4427 2927 4483 est,
2953 4435 3058 4488 quo
3089 4433 3262 4489 potest
3283 4424 3447 4479 homo

1857 4507 2154 4576 intelligere
2193 4507 2490 4576 Spiritualia
2513 4550 2527 4571 ,
2558 4508 2600 4562 si
2633 4523 2752 4562 eum
2783 4510 2869 4562 lux
2904 4512 3141 4566 veritatis
3181 4514 3441 4583 illustrat;

1858 4600 1969 4669 ipse
1994 4599 2150 4662 adsit,
2181 4615 2300 4653 cum
2331 4599 2519 4670 loquor
2545 4601 2634 4654 tibi
2657 4642 2670 4659 .
2706 4609 2761 4654 ut
2799 4602 3125 4670 spiritualem
3159 4607 3329 4672 possis
3356 4623 3444 4664 ac-

1856 4691 2034 4759 cipere
2062 4705 2272 4760 aquam.
2306 4689 2373 4743 Et
2399 4705 2519 4743 eum
2549 4691 2632 4744 illa
2663 4690 2886 4756 diceret,
2920 4692 3039 4746 Non
3069 4694 3224 4748 habeo
3244 4697 3446 4764 virum;

1854 4780 2009 4845 Bene,
2039 4781 2240 4851 inquit,
2273 4781 2444 4834 dixiin
2471 4797 2488 4834 :
2515 4783 2735 4852 quinque
2768 4783 2900 4835 enim
2937 4784 3072 4838 viros
3113 4785 3359 4853 habuisti,
3391 4791 3444 4844 id

1853 4881 1938 4928 est
1983 4874 2216 4944 quinque
2257 4887 2446 4927 sensus
2485 4875 2692 4938 carnis,
2739 4874 2826 4942 qui
2873 4882 2924 4930 te
2973 4876 3024 4929 in
3075 4877 3244 4946 prima
3287 4889 3445 4935 aetate

1854 4973 2134 5028 rexcrunt;
2167 4973 2210 5018 et
2248 4980 2379 5017 nunc
2421 4981 2570 5035 quem
2614 4965 2792 5029 habes,
2827 4983 2925 5020 non
2955 4978 3024 5020 est
3055 4977 3170 5022 tuus
3196 4971 3290 5035 vir,
3321 4972 3442 5038 quia

1853 5075 1958 5114 non
1989 5067 2073 5114 est
2099 5057 2149 5111 in
2181 5065 2233 5112 te
2258 5057 2477 5127 spiritus
2497 5100 2510 5122 ,
2539 5058 2627 5128 qui
2668 5059 2915 5130 intelligit
2955 5061 3119 5114 Deum
3139 5103 3152 5125 ,
3183 5078 3304 5116 cum
3337 5079 3444 5133 quo

1854 5154 2147 5224 legitimum
2192 5152 2362 5222 possis
2393 5152 2588 5207 habere
2613 5153 2968 5219 connubium;
3003 5155 3099 5208 sed
3131 5171 3287 5209 error
3324 5156 3440 5209 dia-

1852 5248 1956 5302 boli
1989 5246 2165 5316 potius
2191 5245 2514 5312 dominatur,
2541 5247 2625 5316 qui
2676 5253 2728 5300 te
2774 5246 3069 5302 adulterina
3113 5250 3442 5303 contamina~

1853 5342 1996 5396 tione
2023 5339 2338 5408 corrumpit.

1915 5497 1930 5528 ι
1953 5502 2048 5544 Rat.
2078 5503 2129 5544 et
2154 5494 2526 5556 t‘leriqueittss,
2551 5505 2674 5555 qum.
2701 5500 2920 5556 Tumque
2945 5506 3005 5540 ex
3026 5492 3103 5556 bis
3120 5491 3271 5539 codex
3315 5499 3439 5556 t'atl-

1848 5571 2012 5628 canus,
2038 5551 2274 5628 signiﬁcat
2289 5551 2639 5604 inultituclincm
2663 5551 2915 5618 pravorum
2936 5551 3118 5603 stt'culi.
3141 5554 3436 5615 Navarricus,

1847 5619 2200 5671 multitudinem
2233 5631 2506 5681 puerorum.

1911 5684 1931 5713 ι
1965 5688 2038 5728 Er.
2067 5687 2118 5730 et
2134 5673 2263 5738 l.ov.',
2297 5678 2356 5742 in,
2380 5679 2644 5742 «mitigent.
2677 5686 2728 5727 At
2751 5685 2847 5728 nat.
2865 5673 3121 5736 ctttss.,in
3137 5673 3432 5739 confugium.

1848 5771 1908 5780 -—-
1935 5742 2078 5800 Lugd.
2109 5749 2159 5790 et
2185 5750 2321 5798 Ven.,
2341 5740 2390 5790 in
2413 5740 2660 5800 conjngcm
2726 5748 2778 5788 M.

1913 5807 1934 5836 ³
1957 5803 2144 5866 Aliquot
2168 5811 2291 5860 \lss.,
2319 5801 2627 5867 intelligente.

3051 5917 3128 5924 ...-
