3988 6402
115 359 173 415 θ’
1533 333 1734 388 LIBER
1774 332 1973 388 UNUS.

48 536 56 549 ,
113 486 165 541 ut
208 479 288 537 cui
330 474 443 530 vult
486 469 662 526 nubat.
707 463 793 521 Sic
831 459 970 518 enim
1015 456 1142 511 dicit
1173 473 1186 509 :
1217 451 1405 507 Mulier
1432 450 1563 505 enim
1588 449 1680 504 sub

52 546 61 575 λ
111 577 242 637 viro,
286 568 394 622 vivo
437 562 650 624 marito,
685 559 867 624 juncta
906 558 979 606 est
1019 548 1115 618 legi
1149 561 1168 601 :
1196 546 1239 598 si
1264 554 1429 597 autent
1456 550 1680 594 mortuus

114 632 252 739 fuerit
296 660 371 713 vir
413 658 521 726 ejus
540 694 555 717 ,
600 654 832 704 evacuate
870 652 941 696 est
968 658 997 694 a
1024 641 1131 709 lege
1154 637 1265 690 viri.
1299 634 1465 704 Igitur
1494 632 1682 685 vivente

112 724 208 810 iv'ro
233 724 485 805 vocabitur
503 742 724 795 adultera
746 778 761 803 ,
788 736 831 789 si
856 733 1001 805 fuerit
1029 746 1142 783 cum
1163 727 1262 780 alio
1284 726 1388 778 viro
1409 740 1427 777 :
1449 724 1492 776 si
1514 730 1678 774 autem

102 822 324 901 mror-tuus
366 838 514 910 fuerit
554 832 627 886 vir
669 831 778 900 ejus
801 869 814 891 ,
850 826 1057 878 liberata
1085 830 1155 875 est
1185 836 1215 872 a
1241 819 1347 888 lege
1370 859 1383 883 ,
1411 824 1466 869 ut
1492 832 1591 868 non
1614 816 1677 868 sit

113 938 327 991 adultera
347 906 433 995 ,Isi
460 926 603 999 fuerit
628 939 741 975 cum
770 920 872 972 alio
898 917 1025 970 viro.
1059 914 1171 967 lluc
1198 925 1362 980 usque
1387 906 1677 963 similitudo

116 1037 211 1085 est.
255 998 465 1079 Deinde
496 1016 674 1084 incipit
714 1027 826 1066 rem
871 1008 1046 1077 loqui,
1096 1003 1180 1059 cui
1224 998 1571 1072 explananda)
1615 1012 1677 1053 ac

118 1116 383 1192 probanda:
409 1106 804 1168 similitudinem
832 1098 1055 1155 induxit.
1089 1096 1144 1149 lu
1172 1110 1272 1164 qua
1301 1092 1458 1148 etiam
1488 1105 1548 1145 re
1577 1090 1675 1143 tria

117 1182 343 1269 similiter
388 1198 700 1259 attendenda
746 1202 914 1259 sum;
960 1191 1161 1249 homo,
1209 1193 1482 1255 peccatum
1509 1223 1523 1247 ,
1568 1182 1674 1236 lex.

118 1304 321 1361 Tamdiu
362 1298 497 1355 enim
534 1292 661 1348 dicit
690 1288 788 1343 sub
814 1286 927 1355 lege
954 1296 1072 1337 esse
1099 1278 1367 1333 hominem
1388 1318 1402 1341 ,
1428 1273 1677 1345 quamdiu

118 1397 234 1452 vivit
254 1399 459 1464 peccato
482 1405 495 1452 ;
526 1376 976 1455 quemadmodmn
1005 1371 1204 1427 tamdiu
1229 1368 1420 1422 mulier
1443 1366 1541 1419 sub
1563 1364 1680 1433 lege

121 1488 217 1544 viri
242 1454 319 1541 est
341 1527 354 1547 ,
380 1477 618 1551 quamdiu
645 1471 773 1527 vivit
795 1468 876 1522 vir
897 1469 938 1520 ί.
966 1466 1074 1519 lloc
1099 1469 1275 1516 autem
1298 1464 1571 1529 peccatum
1594 1454 1680 1508 hic

121 1546 496 1646 intelligendum
514 1578 614 1631 est,
639 1563 779 1636 quod
803 1557 1027 1615 accessit
1049 1569 1140 1625 per
1164 1553 1355 1646 legem.
1380 1546 1528 1615 Quod
1555 1559 1679 1646 pec-

118 1682 278 1727 catum
323 1666 445 1720 dicit
482 1674 640 1731 supra
682 1654 899 1710 modum
949 1663 1099 1712 esse;
1147 1642 1397 1715 quoniam
1424 1654 1545 1692 cum
1570 1636 1679 1705 jam

119 1767 351 1833 appareat
375 1770 491 1811 esse
516 1755 790 1822 peccatum
818 1786 832 1808 ,
865 1743 921 1794 lit
946 1750 1122 1793 tamen
1141 1778 1154 1800 ,
1185 1743 1237 1788 et
1265 1732 1511 1801 adjuncta
1537 1740 1679 1796 prae-

122 1822 416 1910 varicatione
462 1842 759 1900 cumulatur
788 1838 829 1888 ³.
877 1832 973 1889 Ubi
1021 1829 1154 1883 enim
1195 1841 1294 1878 non
1332 1830 1401 1876 est
1424 1822 1505 1874 (ea:
1530 1859 1544 1883 ,
1592 1832 1681 1869 nec

124 1907 481 2020 ploratum
510 1936 655 1990 Rom.
685 1945 770 1994 IV,
794 1927 903 1994 15).
924 1924 992 1977 Et
1018 1922 1119 1975 hoc
1146 1924 1227 1972 est
1255 1913 1391 2020 quod
1419 1911 1577 1975 dicit,
1613 1907 1681 1962 Ut

121 2006 202 2111 lia!
237 2053 384 2104 supra
426 2029 631 2085 modum
670 2030 899 2095 peccator
918 2060 932 2084 ,
964 2023 1049 2069 aut
1082 2019 1339 2083 peccatum
1366 2006 1388 2038 ³
1417 2020 1507 2075 per
1532 2019 1681 2056 mart—

124 2096 307 2186 vdatum.‘
336 2129 671 2195 Quapropter
696 2117 868 2184 legem
886 2153 901 2177 ,
934 2105 1173 2179 quamvis
1201 2118 1230 2156 a
1257 2096 1525 2171 peccando
1556 2109 1682 2163 pro-

127 2193 418 2288 hibeat,non
450 2193 630 2271 tamen
661 2210 737 2263 sic
763 2205 890 2260 dicit
917 2202 1115 2263 datam,
1140 2202 1195 2249 ut
1221 2193 1472 2248 liberaret
1501 2201 1530 2240 a
1562 2199 1684 2254 pec-

124 2326 259 2379 cato;
291 2278 388 2367 sed
434 2317 499 2363 ut
539 2302 927 2359 demonstraret
969 2297 1278 2361 peccatum,
1324 2281 1409 2337 cui
1444 2278 1683 2335 serviens

126 2375 278 2463 anima
302 2405 452 2460 debet
483 2415 542 2455 se
567 2396 631 2451 ad
659 2391 882 2465 gratiam
905 2380 1229 2440 Liberatoris
1256 2381 1568 2431 convertere
1585 2410 1599 2435 ,
1627 2375 1682 2423 ut

123 2461 389 2570 a—peccato
433 2461 710 2547 liberetur.
757 2482 860 2536 Per
900 2480 1055 2547 legem
1093 2472 1226 2527 enim
1254 2466 1470 2539 cognitio
1497 2461 1685 2535 peccati

126 2559 225 2665 (Id.
266 2605 315 2644 Ill
340 2630 353 2654 ,
393 2584 513 2652 2i).
564 2581 631 2634 Et
668 2575 771 2630 alio
811 2573 929 2626 loco
968 2567 1135 2621 dicit:
1169 2561 1274 2617 Sed
1302 2565 1601 2665 peccatum,
1632 2559 1685 2605 ut

129 2648 351 2755 appareat
375 2648 634 2750 peccatum
659 2713 673 2735 ,
704 2684 790 2740 per
816 2665 997 2718 bonum
1022 2664 1282 2728 operatum
1307 2659 1377 2706 est
1403 2648 1527 2703 mihi
1551 2662 1687 2700 mor-

276 2745 531 2838 Ubi-ergo
568 2778 672 2818 non
706 2767 786 2814 est
810 2754 974 2827 gratia
1005 2745 1358 2809 Liberatoris,
1388 2746 1543 2811 auget
1570 2752 1689 2809 pec-

130 2863 273 2920 candi
314 2830 629 2916 desiderium
672 2846 960 2922 prohibitio
992 2849 1352 2913 peccatorum.
1387 2832 1539 2901 Quod
1573 2830 1691 2900 qui-

135 2955 243 3011 dem
273 2952 333 3008 ad
361 2952 458 3005 hoc
489 2948 618 3003 utile
646 2951 727 2998 est
746 2983 762 3009 ,
792 2947 851 2995 ut
878 2935 1071 2992 sentiat
1094 2931 1267 2987 anima
1297 2942 1355 2981 se
1386 2925 1554 2995 ipsam
1584 2936 1691 2975 non

129 3046 217 3102 sibi
256 3044 496 3101 sul‘llcere
533 3038 601 3093 ad
645 3029 1033 3091 extrahendum
1082 3041 1142 3081 se
1183 3022 1251 3078 de
1286 3020 1540 3076 servitute
1568 3030 1694 3086 pec-

128 3138 257 3203 cati;
299 3144 452 3207 atque
497 3132 601 3186 hoc
636 3126 799 3183 modo
831 3123 1227 3178 detumescente
1252 3122 1410 3184 atque
1437 3110 1696 3167 exstincta

129 3232 255 3287 omni
292 3227 541 3300 superbia
562 3266 575 3287 ,
621 3221 877 3278 subdatur
904 3213 1197 3272 Liberatori
1227 3225 1326 3265 suo
1349 3250 1363 3274 ,
1396 3207 1699 3263 sinceriter-

128 3339 218 3394 que
259 3296 411 3377 homo
454 3318 631 3380 dicat,
678 3310 905 3366 Adharsit
944 3307 1113 3359 anima
1154 3319 1264 3356 mea
1305 3309 1415 3369 post
1452 3308 1498 3352 te
1526 3296 1698 3368 (Psal.

131 3390 223 3471 im
245 3458 258 3482 ,
305 3413 359 3485 9)
405 3430 419 3466 ε
474 3407 618 3480 quod
663 3417 746 3462 est
766 3404 874 3475 jam
904 3415 1009 3456 non
1037 3412 1157 3454 esse
1185 3395 1283 3452 sub
1312 3394 1429 3464 lege
1458 3390 1696 3463 peccati,

131 3510 210 3566 sed
249 3510 296 3564 in
333 3508 447 3578 lege
490 3501 729 3575 iustitiae.
758 3499 868 3554 Lex
898 3502 1074 3550 autem
1101 3490 1302 3563 peccati
1329 3489 1523 3544 dicitur
1545 3526 1560 3552 ,
1592 3500 1699 3541 non

131 3603 238 3670 quia
279 3602 361 3655 lex
408 3600 529 3668 ipsa
576 3600 849 3664 peceatum
895 3595 1014 3649 est,
1055 3583 1151 3640 sed
1180 3583 1301 3654 quia
1333 3578 1700 3652 peccatoribus

133 3690 412 3760 imponitur.
464 3686 592 3742 ldeo
641 3682 800 3737 etiam
848 3679 934 3733 lex
976 3675 1189 3740 mortis,
1242 3673 1364 3743 quia
1399 3670 1701 3743 stipendium

133 3781 303 3849 peccati
324 3820 339 3845 ,
378 3794 517 3833 mors
553 3775 728 3846 (llam.
766 3787 818 3826 vt
842 3814 857 3839 ,
885 3768 978 3842 ‘23)
1006 3784 1024 3832 ;
1055 3764 1260 3821 aculeus
1289 3765 1463 3819 mortis
1485 3805 1499 3829 ,
1528 3780 1702 3834 pecca-

133 3881 265 3935 tum;
298 3872 447 3923 virtus
488 3877 657 3921 autem
699 3862 921 3935 peccati,
954 3862 1035 3914 lea:
1064 3857 1105 3928 (l
1136 3856 1252 3911 Cor.
1285 3871 1358 3909 xv
1378 3896 1393 3921 ,
1421 3853 1535 3927 56).
1568 3853 1702 3909 Pec-

130 3960 285 4015 cando
320 3962 460 4015 enim
501 3956 569 4011 ad
609 3962 835 4009 mortem
872 3950 1119 4007 labimur.
1150 3945 1531 4002 Vehementius
1559 3943 1699 3999 enim

132 4066 389 4121 peccamus
429 4051 551 4119 lege
599 4043 946 4115 prohibente,
984 4054 1144 4111 quam
1186 4037 1231 4093 si
1260 4036 1402 4091 nulla
1429 4036 1542 4105 lege
1572 4050 1695 4104 pro-

132 4144 438 4199 hiberemur.
480 4137 781 4194 Accedente
827 4141 1004 4188 autem
1047 4130 1244 4201 gratia,
1289 4127 1516 4197 idipsum
1555 4124 1697 4197 quod

132 4235 205 4289 lex
240 4248 463 4289 onerose
501 4231 768 4300 iusserat,
796 4225 906 4295 jam
936 4224 1051 4277 sine
1076 4236 1239 4277 onere
1265 4234 1327 4273 ac
1353 4217 1702 4273 libentissime

132 4324 413 4395 implemus.
456 4323 568 4378 Lex
607 4334 732 4389 ergo
769 4315 969 4387 peccati
1009 4323 1063 4369 et
1103 4313 1326 4378 mortis,
1354 4312 1405 4367 id
1435 4319 1554 4377 est,
1584 4323 1702 4379 qua:

132 4415 358 4485 imposita
403 4424 485 4470 est
526 4409 873 4483 peccantibus
910 4416 1069 4477 atque
1107 4404 1455 4460 morientibus
1478 4443 1491 4467 ,
1546 4401 1697 4471 jubet

132 4519 318 4563 tantum
360 4524 428 4563 ne
465 4505 933 4574 concupiscamus,
974 4508 1026 4554 et
1055 4507 1228 4553 tamen
1259 4495 1699 4566 concupiscimus.

132 4598 230 4653 Lex
266 4609 443 4654 autem
484 4596 703 4668 spiritus
744 4593 865 4647 vita:
886 4632 899 4655 ,
944 4606 1062 4660 quae
1093 4588 1321 4659 pertinet
1347 4587 1411 4641 ad
1436 4586 1659 4656 gratiam
1684 4627 1699 4653 ,

135 4698 181 4743 et
216 4690 399 4745 liberat
443 4705 470 4742 a
512 4688 629 4757 lege
657 4684 854 4755 peccati
882 4690 936 4738 et
962 4681 1148 4736 mortis
1168 4723 1182 4746 ,
1213 4679 1334 4734 facit
1358 4687 1416 4732 ut
1440 4692 1547 4731 non
1578 4692 1705 4731 con-

139 4784 488 4851 cupiscamus,
513 4791 566 4836 et
593 4780 908 4849 impleamus
926 4776 1071 4845 jussa
1101 4773 1231 4843 legis
1251 4815 1266 4838 ,
1297 4786 1399 4826 non
1427 4769 1537 4840 jam
1565 4772 1703 4824 servi

138 4871 255 4942 legis
297 4890 393 4944 per
440 4874 712 4937 timorem,
762 4867 859 4924 sed
907 4866 1063 4921 amici
1112 4880 1204 4935 per
1252 4862 1602 4923 charitatem.
1653 4870 1707 4917 et

138 4964 261 5017 servi
298 4965 513 5034 justitia:
562 4961 705 5016 unde
748 4961 835 5015 illa
879 4959 961 5013 lex
996 4956 1319 5027 promulgata
1348 4963 1449 5009 est.
1479 4954 1706 5009 Iustitia)

138 5064 298 5109 autem
329 5072 432 5109 non
463 5053 724 5109 serviliter
746 5093 760 5116 ,
790 5049 885 5106 sed
913 5047 1200 5103 liberaliter
1228 5045 1565 5101 serviendum
1592 5052 1702 5110 est,

140 5143 184 5196 id
226 5155 333 5210 est,
373 5146 629 5200 eharitate
657 5144 833 5214 potius
858 5156 1012 5211 quam
1041 5141 1247 5194 timore.
1283 5139 1509 5208 ideoque
1540 5139 1706 5193 veris-

142 5235 261 5290 sime
304 5236 496 5291 dictum
536 5244 616 5290 est
641 5277 655 5299 ,
691 5234 872 5303 Legem
911 5248 1026 5302 ergo
1066 5247 1365 5285 evacuamus
1397 5248 1485 5300 per
1509 5229 1707 5299 ﬁdem?

144 5326 267 5379 Absit
311 5344 329 5381 :
369 5328 456 5381 sed
480 5328 634 5397 legem
662 5325 926 5380 statuimus
955 5323 1126 5394 (Rom.
1156 5338 1210 5376 Ill
1237 5364 1251 5388 ,
1283 5320 1392 5391 51).
1424 5322 1536 5377 lloc
1563 5321 1704 5376 enim

145 5416 291 5471 cl’licit
320 5416 483 5483 ﬁdes,
511 5417 649 5488 quod
673 5416 754 5471 lex
778 5415 948 5485 jubet.
980 5414 1237 5469 Statuitur
1258 5414 1489 5483 crgolcx
1520 5430 1613 5483 per
1644 5414 1705 5466 li-

201 5552 327 5623 :ltat.
356 5559 626 5623 eti-quatuor
647 5549 916 5623 Mss.,‘viro..

150 5612 230 5722 du;
247 5615 317 5662 sic
346 5609 551 5674 potiores
588 5621 694 5663 Mss.
737 5619 794 5661 At
826 5612 968 5670 editi,
1007 5609 1329 5672 cumulatum;
1364 5610 1441 5660 vel
1490 5609 1705 5659 cantatu-

205 5733 225 5764 ³
246 5734 377 5793 Editi,
418 5743 492 5785 aut
521 5749 724 5795 peccans
744 5740 1007 5798 peccatum.
1027 5737 1229 5787 verbum
1251 5770 1264 5796 ,
1291 5747 1491 5798 peccans
1508 5773 1521 5797 ,
1550 5747 1577 5785 a
1602 5742 1704 5784 Mss.

152 5794 293 5858 λικε,
316 5804 366 5847 et
387 5809 414 5847 a
437 5794 587 5860 greco
610 5794 754 5848 texui
779 5804 827 5859 Αι
842 5796 997 5846 ostcli.

1788 444 1909 500 dem
1941 463 1952 498 :
1982 461 2099 516 qua:
2128 447 2258 504 ﬁdes
2288 448 2331 503 si
2361 466 2464 505 non
2495 453 2563 507 sit
2583 494 2595 514 ,
2622 453 2693 524 ju
3204 468 3279 526 62

1788 541 2066 609 implentes
2090 542 2239 611 jussa
2258 584 2271 608 ,
2296 559 2420 599 reos
2444 553 2588 601 tenet
2611 588 2624 612 ,
2653 536 2700 602 u'

1785 631 2021 685 valentes
2049 632 2272 701 implere
2300 651 2417 703 (tum
2441 636 2586 706 iussa
2611 595 2915 699 sunia‘mm
2940 604 3031 658 ‘ex
3183 595 3289 706 ‘33:

1787 722 1914 775 toris
1940 721 2225 791 aliquando
2250 688 2543 781 conveniat.
2720 688 2754 770 τε
2781 704 3057 781 gementes
3191 688 3296 791 “in

1853 814 1904 867 9..
1935 815 2068 868 Cum
2112 831 2241 885 ergo
2279 820 2374 872 tria
2418 821 2654 889 quaedam
2695 792 2807 876 iiatl
2831 789 3055 869 gratiam
3082 773 3307 831 Libera-

1784 905 2033 971 deamus,
2067 909 2340 964 mulierem
2363 952 2377 977 ,
2411 914 2580 967 virum
2603 957 2619 981 ,
2660 932 2688 970 e

1783 995 1879 1051 hac
1904 1011 1962 1052 re
1990 1006 2205 1068 prapter
2232 1016 2387 1067 quam
2415 1004 2631 1058 similitu

1784 1102 1955 1152 mam,
1989 1099 2296 1158 peccatum,
2339 1104 2388 1146 et
2432 1095 2583 1164 legen

1782 1177 2046 1234 diversum
2091 1191 2206 1247 cst,
2255 1184 2394 1253 quod
2440 1188 2489 1240 in
2528 1167 2871 1253 ilmadhlm

1782 1277 1838 1323 ut
1867 1273 2027 1326 nubat
2057 1275 2245 1329 mulier
2271 1278 2354 1330 cui
2383 1264 2603 1344 volet]
2629 1264 2828 1347 βθοεδίί
2860 1276 2875 1310 ³
2909 1264 3011 1308 hoc
3036 1264 3235 1347 .smu“;

1782 1370 1956 1415 autem
1991 1363 2099 1432 ipsa
2130 1365 2301 1420 anima
2330 1369 2603 1461 moritnr’a
2634 1329 2976 1423 similitudine
3005 1335 3083 1391 vir
3111 1329 3350 1461 ιιιοιίιιίιέἐ

2259 1457 2268 1461 -
2711 1457 2723 1461 -
2880 1438 2952 1461 ,e_.~.
2983 1429 3244 1461 ρηιιγσιιιὶνῖ
3293 1429 3305 1461 ι

1802 1412 1833 1413 η
1994 1412 2099 1432 τη
2578 1412 2603 1428 ι.
3310 1412 3322 1421 .

1780 1465 1895 1506 cum
1929 1465 2103 1509 autem
2137 1457 2360 1511 moritur
2389 1412 2627 1528 peccaret
2657 1478 2685 1514 a
2711 1457 2829 1521 lege
2857 1438 2954 1495 "iri
2983 1412 3362 1528 δῳωὲςῗν

1784 1497 1895 1506 η...
1929 1497 2103 1509 κων...
2389 1497 2545 1528 rum,
2580 1497 2627 1520 ω
2658 1497 2685 1514 υ
2716 1497 2827 1521 μῦ,
3230 1506 3241 1517 ο

1780 1546 1902 1599 cati.
1936 1545 2144 1617 Itaque,
2189 1551 2291 1617 ait,
2333 1554 2513 1622 fratres
2550 1497 2825 1625 ipcccaw,
2854 1539 2915 1587 ut
2942 1521 3104 1579 nubat
3124 1508 3366 1625 Fbrtstlpn;

1782 1657 1868 1708 per
1891 1659 2074 1709 corpus
2101 1645 2303 1714 Christi,
2336 1660 2387 1702 ut
2412 1652 2518 1705 sitis
2543 1604 2654 1714 uti),
2682 1631 2905 1694 moritur
2932 1616 3106 1711 etiam.

1782 1685 1853 1708 Γ..
1891 1685 1964 1696 νυ.
1982 1685 2074 1709 νυν
2102 1685 2303 1714 υηιιυιι,
2337 1685 2385 1702 ιη
2412 1685 2518 1705 ωηο
2577 1685 2624 1702 ιν
2643 1686 2654 1707 ς
2686 1685 2789 1694 ""’
3096 1700 3106 1711 .
3208 1692 3219 1701 ο
3370 1685 3381 1693 ’

1780 1735 1924 1799 rea'it,
1950 1745 2003 1788 ut
2030 1736 2385 1806 fructiﬁcemus
2411 1685 2675 1806 DcoLBl
2698 1774 2712 1799 9
2742 1735 2787 1782 εί
2816 1734 2900 1775 vos
2926 1713 3108 1766 morm:
3138 1700 3246 1801 eius
3288 1685 3385 1806 te?

1784 1823 1983 1894 inquit,
2024 1826 2074 1880 id
2104 1838 2212 1895 est,
2245 1792 2787 1895 carnalibulttcrius
2813 1814 2895 1887 ηιιί
2921 1824 2981 1863 επ
3004 1792 3209 1894 ’Ποτωρ
3223 1792 3391 1895 ηῗῗ

1784 1930 1928 1980 mur,
1961 1919 2211 1986 passiones
2252 1885 2598 1991 peccatum»:
2613 1927 2737 1985 Cum
2763 1912 2895 1969 enim
2921 1903 3133 1991 essemus
3226 1885 3395 1991 “fit?

1786 2005 2020 2060 rebantur
2050 2009 2099 2061 in
2126 2012 2353 2065 membris
2382 2008 2601 2083 nostris,-
2636 1999 2909 2072 dcsidcriis
2939 1976 3170 2044 obstricti
3192 1976 3402 2083 liciti“:

1789 2098 1945 2153 Aucta
1977 2103 2394 2169 concupiscentia
2417 2147 2429 2170 ,
2462 2122 2616 2173 quam
2646 2112 2790 2175 iqu
2820 2105 2906 2164 Per
2946 2066 3413 2175 legwf

1789 2142 1945 2153 ....--..
1979 2142 2394 2169 ..νυνυγιυνυιηιυ
2417 2147 2429 2170 ,
2462 2142 2616 2173 Iquul
2649 2142 2658 2167 λ
2716 2142 2788 2156 μιν
2823 2142 2869 2164 r’
2991 2142 3009 2150 ν
3384 2142 3396 2152 “

1789 2199 1892 2243 erat
1919 2191 2070 2255 fides,
2099 2203 2151 2247 ct
2173 2194 2235 2248 ad
2263 2197 2525 2251 cumulum
2555 2142 2773 2269 peculil
2814 2142 3419 2269 fructumm'fiwm

2755 2245 2842 2334 les
2887 2254 3171 2339 prohibet“,
3198 2245 3288 2299 ubi
3318 2247 3429 2336 non

2791 2325 2991 2422 alarum
3015 2325 3436 2420 pratwicatiouis

2802 2464 2817 2515 i
2848 2471 2950 2511 non
2976 2454 3043 2503 est
3070 2439 3150 2493 ια
3169 2444 3274 2493 ,‘tcc
3314 2431 3443 2492 prato

2842 2561 2962 2620 quae
2999 2548 3094 2608 per
3126 2522 3275 2620 lege?r
3305 2517 3448 2620 sunt,

3009 2596 3463 2682 .l‘ructumierrcnt

2737 990 2824 1045 illa
2862 958 3205 1034 similitudine
3236 949 3322 1002 vi-

2705 1042 2872 1153 iegem
2899 1088 2914 1137 ς
2946 1074 2999 1120 et
3034 1061 3244 1114 rursum
3273 1042 3329 1142 in

2877 1173 2929 1217 ta
2948 1160 3051 1217 est,
3081 1148 3200 1201 tria.
3222 1148 3339 1186 θην

2906 1254 3011 1308 hoc
3048 1237 3217 1295 solum
3258 1225 3346 1279 hic

1790 2281 1979 2337 crimen
2012 2294 2090 2338 est
2122 2286 2382 2355 adjectum
2415 2308 2427 2342 :
2458 2292 2576 2359 quia
2615 2310 2645 2346 ιι

1790 2375 2036 2429 variantia.
2069 2377 2172 2432 llas
2214 2379 2340 2435 dicit
2384 2383 2674 2451 passiones,

1791 2467 2068 2533 operatas’
2113 2469 2165 2521 in
2210 2472 2463 2525 membris
2508 2477 2692 2533 nostris

1791 2554 1955 2608 morti.
1987 2554 2097 2610 Sub
2126 2558 2239 2612 istis
2267 2562 2609 2630 passionib’as,
2641 2554 2723 2620 tari

1793 2654 1972 2711 ηθιηεν
2019 2648 2206 2717 περίιθι
2253 2653 2427 2709 anima
2475 2664 2747 2724 numquam
2780 2648 2876 2724 ιν
2920 2648 2974 2691 ιιι

1958 2693 1972 2711 ,
2019 2693 2206 2717 πων...
2253 2693 2427 2709 ..........
2475 2693 2601 2710 an...
2866 2693 2876 2705 ι
3225 2697 3235 2708 .
3419 2693 3434 2701 -

1795 2735 1959 2790 tidem.
1994 2738 2088 2793 llis
2119 2755 2245 2810 ergo
2275 2693 2888 2813 passionibusimoritt‘u“
2908 2735 3044 2779 "‘3‘“
3070 2706 3169 2813 sui)

1797 2835 1958 2885 mente
2006 2829 2107 2900 legi
2159 2832 2285 2897 Dei;
2344 2838 2585 2904 quamvis
2631 2837 2756 2904 ipsa:
2806 2794 3482 2904 ἎρέιθΞῘῖ-ωὶῖτθι.

1796 2926 2002 2973 morture
2022 2920 2150 2987 sint,
2173 2923 2425 2991 quamdiu
2447 2941 2608 2981 carne
2628 2904 2816 3001 ειάνίι
2838 2918 2939 2989 legi
2965 2902 3190 2990 ροαεὲω
3232 2888 3455 2987 Ϋὲξςὲξῖψ

1798 3024 1906 3079 ριτο
1948 3011 2121 3067 adhuc
2159 3013 2597 3095 aliquhlxeiqni
2628 3018 2710 3064 est
2743 3010 2841 3065 sub
2872 3015 3037 3083 gratia
3057 3056 3071 3077 ,
3105 3016 3253 3083 quod
3274 3034 3402 3075 cum

1799 3116 1883 3157 nm
1920 3102 2153 3191 vineam
2182 3092 2300 3157 ’ncc
2338 3103 2603 3170 captivum
2631 3101 2820 3169 ducat,
2853 3104 3025 3161 donec
3049 3108 3405 3170 mortiﬁcemr

1803 3193 2132 3263 tom'quod
2156 3194 2541 3249 consuetudine
2562 3210 2720 3263 prava
2746 3195 3053 3252 roboratam
3078 3207 3159 3253 est
3183 3210 3235 3254 et
3258 3204 3402 3259 unde

1803 3299 1998 3355 corpus
2038 3286 2194 3340 etiam
2239 3302 2378 3340 nunc
2416 3296 2680 3341 mortuum
2725 3302 2843 3343 esse
2886 3288 3114 3355 dicitur,
3145 3294 3400 3359 quamdiu

1806 3391 1911 3430 non
1942 3375 2175 3445 perfecte
2209 3377 2372 3431 servit
2412 3377 2637 3447 spiritui.
2673 3379 2953 3449 Continget
2980 3390 3156 3436 autem
3188 3391 3242 3437 ut
3272 3399 3399 3452 per-

1807 3468 1945 3525 fecte
1980 3468 2212 3536 serviat,
2259 3484 2377 3525 cum
2426 3469 2583 3525 fuerit
2625 3479 2680 3526 et
2725 3471 2896 3541 ipsum
2944 3474 3167 3529 mortale
3204 3489 3411 3546 corpus.

1806 3561 2149 3616 viviticatum.

1878 3653 1930 3707 ὅ.
1964 3652 2045 3707 Ex
2077 3669 2181 3722 quo
2210 3652 2709 3723 comprehendimus
2737 3667 2965 3726 quatuor
2994 3672 3113 3714 esse
3143 3658 3401 3717 dill‘eren-

1807 3743 1907 3798 tias
1933 3743 2091 3798 etiam
2121 3744 2173 3797 in
2203 3759 2306 3798 uno
2333 3744 2565 3807 homine,
2591 3745 2780 3815 quibus
2805 3747 3063 3816 gradatim
3094 3750 3317 3817 peractis
3344 3751 3399 3806 in

1805 3836 1913 3891 vita
1942 3845 2138 3889 aeterna
2168 3835 2485 3889 manebitur.
2515 3836 2645 3902 Quia
2676 3837 2819 3890 enim
2850 3838 3131 3907 oportebat
3160 3848 3317 3908 atque
3346 3841 3399 3895 id

1802 3928 2002 3998 justum
2049 3936 2196 3993 erat,
2227 3938 2281 3981 ut
2324 3937 2665 3999 posteaquam
2698 3940 2883 3984 natura
2922 3941 3097 3985 nostra
3135 3933 3398 4001 peccavit,

1807 4019 1999 4075 amissa
2047 4018 2370 4074 beatitudine
2416 4020 2694 4088 spirituali,
2737 4037 2854 4090 quae
2909 4021 3138 4089 paradisi
3185 4024 3401 4079 nomine

1807 4115 2153 4186 signiﬁcatur,
2178 4114 2432 4168 animales
2453 4115 2803 4183 carnalesque
2830 4131 3200 4181 nasceremur;
3230 4118 3398 4184 prima

1808 4214 1891 4261 est
1924 4204 2064 4258 actio
2100 4212 2224 4257 ante
2250 4203 2444 4272 Legem
2466 4245 2480 4268 ,
2514 4204 2744 4257 secunda
2785 4204 2883 4257 sub
2911 4205 3083 4273 Lege,
3118 4206 3270 4258 tertia
3301 4207 3403 4262 sub

1808 4296 1994 4367 gratia,
2018 4305 2201 4364 quarta
2226 4294 2275 4347 in
2302 4309 2449 4363 pace.
2477 4295 2612 4347 Ante
2634 4293 2826 4363 Legem
2850 4294 2987 4349 actio
3010 4305 3111 4359 est,
3134 4311 3253 4350 cum
3278 4312 3403 4364 pec-

1809 4397 1982 4443 catum
2014 4387 2336 4456 ignoramus,
2366 4394 2420 4439 ct
2450 4386 2719 4455 sequimur
2747 4386 2990 4441 carnales
3018 4389 3401 4457 concupiscen-

1813 4482 1932 4536 tias.
1961 4480 2070 4535 Sub
2097 4479 2237 4549 Lege
2266 4487 2348 4532 est
2376 4480 2535 4544 actio,
2563 4494 2681 4533 cum
2710 4479 2817 4547 jam
2852 4479 3195 4547 prohibemur
3223 4496 3250 4531 a
3279 4498 3401 4549 pec-

1810 4580 1965 4638 cato,
2012 4580 2064 4625 et
2112 4579 2285 4624 unnen
2330 4570 2710 4624 consuetudine
2758 4570 2873 4637 ejus
2918 4571 3039 4623 victi
3093 4586 3405 4640 peccamus,

1812 4662 2058 4733 quoniam
2092 4676 2187 4715 nos
2219 4661 2450 4715 nomium
2482 4661 2693 4730 adjuvat
2730 4660 2879 4715 fides.
2910 4662 3088 4716 Tertia
3123 4664 3261 4717 actio
3296 4675 3397 4728 est,

1812 4755 2025 4825 quando
2063 4756 2171 4823 jam
2217 4754 2520 4823 plenissime
2560 4752 2826 4809 credimus
2863 4754 3158 4809 Liberatori
3190 4766 3405 4820 nostro,

1814 4862 1914 4903 nec
1936 4848 2138 4902 meritis
2161 4846 2358 4900 nostris
2383 4846 2577 4915 aliquid
2605 4846 2900 4913 tribuimus,
2932 4847 3025 4903 sed
3053 4849 3172 4915 ejus
3193 4850 3404 4903 miseri-

1814 4940 2048 4995 cordiam
2096 4938 2397 5008 diligendo,
2435 4938 2543 5007 jam
2592 4954 2696 4992 non
2744 4939 3006 4993 vincimur
3049 4940 3401 4997 delectatione

1813 5030 2206 5088 consuetudinis
2249 5030 2433 5093 malm,
2465 5044 2585 5083 cum
2633 5029 2697 5084 ad
2741 5039 3016 5099 peccatum
3067 5046 3161 5085 nos
3204 5032 3405 5087 dueere

1814 5123 2145 5186 nititur;~sed
2170 5132 2342 5176 tamen
2366 5122 2537 5176 adlmc
2558 5137 2674 5176 eam
2698 5122 3123 5192 interpellantem
3150 5124 3405 5192 patimur,

1814 5215 2054 5286 quamvis
2098 5213 2145 5268 ei
2197 5229 2302 5267 non
2352 5212 2638 5267 tradamnr.
2684 5214 2881 5280 Quarta
2929 5222 3011 5268 cst
3060 5215 3227 5276 actin,
3280 5230 3401 5268 cum

1814 5305 2032 5361 omnino
2058 5304 2183 5358 nihil
2211 5313 2289 5358 cst
2319 5303 2368 5357 in
2398 5303 2608 5357 homine
2636 5304 2774 5373 quod
2800 5305 3011 5359 resistat
3035 5306 3242 5374 spiritui
3263 5347 3277 5368 ,
3307 5305 3406 5358 sul

1816 5398 1990 5453 omnia
2034 5396 2246 5451 sibimet
2291 5394 2627 5449 concorditer
2659 5395 2843 5463 juncta
2872 5406 2926 5450 et
2960 5410 3197 5450 connexa
3238 5410 3401 5451 unum

2690 2378 2787 2470 ﬂ

2747 2610 2854 2696 "

1881 5549 1894 5580 ¹
1936 5547 2122 5610 Aliquot
2135 5554 2264 5604 Mss,
2287 5545 2610 5611 gemiscentes.

1881 5611 1898 5639 ²
1933 5606 2046 5678 (fcta
2069 5617 2192 5663 Mss,
2220 5606 2517 5678 ut'ﬁ'uctnnt
2540 5611 2720 5678 [errent
2763 5606 2903 5657 morti
2940 5613 3132 5678 auctam
3169 5606 3399 5670 concupi-

1817 5670 2045 5719 scentiam
2062 5707 2073 5725 ,
2101 5685 2207 5720 cum
2234 5667 2313 5719 leaf
2340 5667 2566 5730 pro/libet.
2594 5672 2786 5726 Qllitlatlt
2814 5684 2946 5725 vero,
2979 5667 3266 5730 prohiberet.

1881 5733 1901 5761 ³
1936 5737 2007 5777 Fr.
2046 5740 2097 5780 et
2131 5740 2234 5779 Iov.
2256 5769 2268 5787 ,
2300 5740 2523 5792 operatu'.
2554 5733 2717 5780 Melius
2742 5738 2864 5788 ω»,
2892 5737 3126 5791 operatus.
3154 5757 3201 5766 —
3250 5730 3382 5796 Lugd

1820 5801 1867 5843 ct
1904 5801 2041 5853 κοιλ,
2066 5801 2304 5857 operattt',
2334 5801 2385 5841 ut
2406 5800 2478 5841 tr.
2510 5800 2558 5843 ct
2582 5800 2685 5841 Lov.
2786 5799 2843 5841 At.
