3988 6410
298 2466 379 2495 ,τ’

1206 0 1295 71 _,,.

1362 162 1375 187 μ

673 349 745 411 63
1272 349 1480 458 gdiunt
1508 419 1521 454 :
1549 398 1692 470 quod
1725 392 1823 451 lict
1850 395 2055 451 mortali
2082 408 2205 449 cor-

666 471 863 544 aliquid
890 480 1038 539 firma
1070 498 1199 560 pace
1228 492 1583 561 arruptibilc
1627 490 1729 544 hoc
1766 486 1999 542 induerit
2036 487 2207 541 incor-

666 508 860 544 "'"t‘"u
890 508 1038 539 ιιηηῖι
1070 508 1199 560 pace
1302 508 1583 561 rrupuuuc
1627 508 1729 544 IIOC
1766 508 1999 542 Inuucrtt
2036 508 2203 541 tneor-

660 574 789 629 μορε
816 568 1097 644 Viﬁlieato,
1130 508 1307 677 cun;
1347 585 1449 640 hoc
1482 581 1715 638 induerit
1756 579 2203 634 immortalitatem

656 658 988 734 l“titionem,
1029 681 1084 727 et
1122 658 1271 737 mort;

651 744 693 812 (Ι
721 745 836 806 Cor.
862 770 951 825 xv,
984 761 1072 828 54.
1106 768 1219 840 55).
1253 762 1401 831 Snem
1430 761 1899 822 demonstrandam
1931 761 2029 817 ista
2061 762 2206 817 testi-

716 839 769 891 4.
798 843 882 899 Ad
914 852 1136 917 primam
1165 854 1347 925 ηειῂρι
1380 879 1393 915 :
1428 858 1531 913 Per
1558 872 1714 910 unum
1750 855 2001 909 hominem
2032 871 2205 925 pecca-

716 854 769 891 s.
798 854 882 899 Ad
914 854 1136 917 primam
1165 874 1266 922 act,
1330 871 1347 916 t
1380 879 1393 915 :
1428 858 1531 913 Per
1558 872 1714 910 unum
1750 855 2001 909 hominem
2032 871 2202 925 pecca-

637 931 812 1003 "m'lla
843 934 1053 1000 interim
1083 966 1287 1015 eccum
1379 949 1483 1004 avit
1502 990 1516 1012 ,
1549 957 1595 1002 et
1625 963 1714 1016 per
1750 956 2011 1016 peccatum
2037 961 2202 1011 mors;

637 1025 738 1073 ταηι
766 1023 816 1077 in
852 1027 986 1086 hunc
1022 1045 1264 1104 mundum
1289 1054 1340 1109 in
1446 1039 1645 1095 transiit
1663 1081 1678 1104 ,
1711 1040 1765 1093 in
1791 1056 1890 1109 quo
1914 1054 2086 1093 omnes
2114 1039 2202 1092 ho-

637 1119 672 1162 e!
696 1114 772 1164 sic
799 1133 887 1164 per
911 1140 1080 1164 nm...
1112 1134 1303 1164 1.-....--.-
1424 1130 1462 1164 Α
1497 1131 1652 1164 ῘΔηοΜ
1690 1130 1819 1164 ρης...
1859 1139 2114 1164 ...κηρυκι
2151 1131 2200 1164 εκ

631 1025 738 1073 tum
766 1023 816 1077 in
852 1027 986 1086 hunc
1022 1045 1264 1104 mundum
1289 1023 1645 1109 {htransiit
1663 1081 1678 1104 ,
1711 1040 1765 1093 in
1791 1056 1890 1109 quo
1914 1054 2086 1093 omnes
2114 1039 2203 1092 ho-

623 1114 772 1213 et.sic
796 1133 887 1187 per
911 1140 1080 1185 omnes
1106 1134 1331 1201 homines
1357 1114 1462 1221 ρξμ
1494 1131 1653 1199 legem
1689 1130 1819 1182 enim
1857 1139 2115 1199 peccatum
2151 1131 2201 1184 in

618 1201 778 1259 mines
803 1223 1140 1278 peccaverunt.
1181 1201 1564 1304 vulnerantem
1590 1239 1688 1276 non
1715 1223 2068 1293 deputabatur,
2091 1240 2201 1277 eum

613 1293 710 1350 hoc
734 1304 916 1360 mundo
938 1310 1055 1378 fuit.
1089 1293 1354 1386 Peccatum
1379 1293 1557 1389 (135);
1588 1314 1652 1368 Et
1681 1314 1867 1368 iterum
1898 1333 1911 1368 :
1945 1313 2071 1369 Sine
2098 1315 2203 1385 lege

605 1384 691 1440 lea:
717 1406 811 1447 non
833 1410 959 1454 esset
997 1405 1170 1475 (Rom.
1203 1432 1253 1484 ν,
1290 1384 1354 1476 ίέ
1525 1422 1614 1476 ego
1654 1415 1820 1459 autem
1856 1406 2074 1460 vivebam
2102 1384 2202 1461 ali-

598 1478 732 1534 εἰίηι
768 1499 1013 1553 peccatum
1053 1478 1304 1565 morm,"
1504 1496 1588 1552 hic
1627 1496 1781 1564 dicit,
1813 1507 2065 1551 mortuum
2092 1507 2203 1563 est;

593 1573 799 1636 quando
810 1578 921 1635 sine
946 1583 1071 1658 lege.
1100 1594 1252 1662 Quod
1280 1592 1454 1662 eni‘.
1486 1606 1586 1644 non
1613 1590 1946 1662 deputabatur
1963 1633 1978 1659 ,
2021 1591 2071 1647 id
2096 1601 2199 1660 est,

590 1658 694 1755 hoc
720 1674 795 1721 est
812 1674 953 1740 quod
981 1658 1224 1753 superius
1252 1658 1464 1755 dicit‘
1510 1658 1950 1755 consentientibus
1998 1658 2199 1750 dicens,

593 1592 799 1636 quando
810 1595 921 1635 sine
946 1592 1071 1658 lege.
1100 1594 1252 1662 Quod
1280 1608 1366 1662 eni
1486 1606 1586 1644 non
1613 1592 1946 1662 deputabatur
1963 1633 1978 1659 ,
2021 1592 2071 1647 id
2096 1601 2199 1660 est,

590 1658 694 1717 hoc
720 1674 953 1740 estquod
981 1689 1224 1753 superius
1252 1695 1377 1755 dicit
1510 1686 1950 1755 consequentibus
1998 1686 2199 1750 dicens,

585 1751 801 1879 lcatjbat.
830 1764 980 1831 Quod
1024 1782 1323 1845 manifestat
1363 1592 1691 1879 i’eccatum
1712 1820 1727 1844 ,
1757 1795 1845 1849 per
1871 1779 2202 1879 bonum-Ope-

583 1842 693 1900 Sed
720 1864 990 1927 pecatum,
1020 1877 1075 1921 ut
1104 1842 1345 1947 αρραι-εᾷι
1363 1842 1529 1947 ’ξῖεμ
1562 1888 1657 1941 per
1682 1842 1882 1940 legem;
1911 1872 2030 1942 quia
2063 1871 2199 1928 bona

578 1948 819 2037 ratu-mag
853 1954 980 2010 mihi
1004 1976 1211 2024 mortem
1234 1990 1252 2026 _-
1278 1977 1329 2033 id
1348 1948 1579 2035 [utatur
1601 1961 1645 2034 (l
1667 1960 1797 2015 Tim.
1826 1977 1862 2027 ι,
1887 1960 1962 2034 8).
1993 1961 2049 2018 Si
2070 1978 2196 2033 ergo

574 2039 660 2129 est
685 2032 980 2114 Ιειξέῑᾳὴι
997 2065 1058 2107 ea
1083 2032 1500 2129 ιρεῖιεηιαὶαιωη
1516 2071 1537 2121 ;
1566 2032 1895 2109 manifestum
1922 2032 2018 2107 est
2056 2032 2191 2124 quod

574 2060 660 2084 vat
685 2060 785 2101 ιυι,
810 2060 854 2095 st
876 2060 980 2114 qm
997 2065 1058 2107 ea
1083 2060 1276 2129 legium
1398 2064 1537 2121 tum;
1566 2060 1895 2109 manifestum
1937 2061 2018 2107 est
2056 2060 2187 2124 quod

573 2115 662 2174 hic
688 2124 786 2193 ait,
820 2142 875 2187 ut
899 2144 1139 2203 appareat
1172 2060 1537 2393 peiurum
1566 2154 1620 2200 et
1645 2159 1749 2199 non
1772 2144 2045 2213 deputari,
2075 2145 2187 2217 quia

573 2215 808 2280 superius
837 2218 942 2276 ilco
968 2226 1172 2296 dicebat
1195 2245 1243 2301 m
1350 2238 1461 2310 lege
1484 2238 1792 2310 prohibente
1808 2237 2184 2294 ostenderetur.

573 2313 669 2357 πὶοη
684 2308 1223 2393 θρρθίεὺθιθηιεαυθη
1270 2331 1487 2393 ,ιὶοηειη
1526 2329 1623 2383 ista
1666 2329 1957 2383 testimonia
1997 2342 2185 2384 conre-

567 2215 808 2280 superius
837 2218 942 2276 ilco
968 2215 1243 2301 dicebat'm

560 2312 669 2402 θος
684 2308 1497 2402 appatbatantequanﬂionem'
1526 2329 1623 2383 ista
1666 2329 1957 2383 testimonia
1997 2342 2185 2384 conre-

628 2392 680 2446 5-
715 2382 1118 2486 ll-.tl\.',scetmdam1
1264 2382 1524 2486 pnetravit,
1565 2427 1618 2472 ut
1646 2418 1919 2473 abundaret
1957 2419 2187 2473 delicium

553 2478 707 2581 piunt
733 2476 855 2581 {ira
892 2510 1058 2561 autem
1099 2476 1301 2581 διιιῇ
1314 2511 1451 2566 enim
1471 2519 1524 2565 et
1542 2510 1921 2581 prmvaricatio,
1949 2526 2067 2581 quae
2092 2524 2183 2566 non

552 2568 727 2643 (Ῐῗοηιο
802 2576 913 2655 90).
941 2558 1108 2658 Acees

566 2642 569 2643 ν
871 2642 885 2655 ,
943 2642 1108 2658 ---νυν
1387 2642 1851 2660 νυ......ν...υ...,..,..
1893 2642 1975 2657 νυ.
2016 2643 2028 2657 .
2072 2642 2185 2659 ω...

542 2673 679 2720 ua"
716 2642 898 2771 Εέηηά
938 2642 1282 2781 ηψπ,
1325 2696 1579 2766 passiones
1619 2705 1937 2767 peccatorum
1969 2711 2186 2781 quae-per

548 2744 872 2846 ηιςωςέηἱηι
900 2773 921 2827 ί

1181 2525 1228 2586 Ἴ

921 2811 1040 2845 ..μω

1236 2603 1342 2671 jam
1387 2612 1851 2660 commemoratum
1893 2610 1975 2657 est
2015 2620 2028 2657 :
2071 2600 2185 2659 Cum

1051 2783 1298 2857 uocantur
1321 2786 1371 2840 in
1398 2787 1630 2843 membris
1655 2782 1869 2851 nostris,
1900 2796 1954 2840 ut
1977 2791 2180 2857 fructum

577 2868 766 2938 ferrent
801 2867 969 2921 morti.
1004 2865 1072 2922 Et
1101 2867 1226 2922 illud
1256 2850 1466 2945 λραίά
1502 2895 1620 2951 ergo
1657 2850 1920 2935 dicemus?
1943 2850 2052 2933 lim:
2077 2894 2178 2949 psc-

576 2965 745 3009 catum
783 2957 897 3010 est?
937 2956 1076 3011 Absit
1111 2974 1129 3012 :
1166 2958 1258 3014 sed
1284 2970 1543 3030 peccatum
1568 2983 1719 3029 »ωτιικ
1736 2971 1943 3043 cognovi
1981 2971 2079 3024 nisi
2109 2985 2180 3040 pr

575 3047 755 3118 legem.
782 3036 921 3102 Nam
940 3051 1395 3122 concupiscentiam
1416 3055 1715 3123 nesciebam,
1740 3052 1969 3117 nisﬁtea:
1987 3062 2169 3128 dicem,

577 3139 701 3194 Non
729 3143 1066 3215 concupisces.
1107 3144 1386 3201 Occasione
1421 3158 1588 3203 autem
1627 3161 1832 3222 accepta
1850 3192 1864 3215 ,
1907 3141 2169 3222 peccaokh

574 3247 665 3299 per
690 3232 984 3287 mandatum
1015 3245 1277 3304 operatum
1303 3246 1376 3291 est
1403 3237 1457 3292 in
1484 3256 1562 3293 me
1583 3257 1781 3295 omnem
1806 3241 2168 3312 concupiscen-

574 3324 717 3378 tiam.
750 3324 817 3378 Et
844 3327 1000 3395 paulo
1026 3336 1139 3395 post
1170 3346 1184 3380 :
1215 3328 1535 3397 Adveniente,
1566 3332 1752 3404 inquit,
1780 3335 2020 3388 mandato
2044 3352 2162 3407 pec—

571 3428 741 3471 catum
769 3420 965 3474 revixit.
995 3420 1105 3492 Ego
1133 3432 1301 3477 autem
1327 3435 1552 3481 mortuus
1574 3444 1715 3494 sum,
1744 3438 1789 3483 et
1815 3430 2068 3484 inventum
2090 3441 2166 3486 est

575 3510 702 3563 mihi
729 3511 1025 3566 mandatunt
1062 3516 1195 3585 quod
1229 3526 1335 3569 erat
1367 3518 1435 3570 ad
1459 3519 1611 3572 vitam
1631 3560 1648 3587 ,
1676 3520 1771 3574 hoc
1796 3538 1901 3576 esse
1927 3522 1995 3574 ad
2021 3538 2162 3576 utor-

571 3613 689 3656 tem.
728 3601 998 3658 Peccatum
1034 3606 1167 3660 enim
1208 3610 1468 3664 occasione
1492 3621 1701 3682 accepto
1728 3630 1818 3683 per
1843 3615 2158 3681 mandatum,

570 3695 753 3766 fefellit
777 3713 872 3762 me,
906 3708 952 3751 et
979 3715 1068 3768 per
1090 3700 1219 3754 illud
1240 3702 1444 3757 occidit.
1466 3703 1617 3772 Quod
1649 3721 1776 3777 ergo
1799 3706 1893 3770 ait,
1927 3705 2162 3765 Mortuus

569 3804 717 3853 sum;
749 3789 859 3843 vult
891 3790 1147 3862 intelligi,
1175 3804 1440 3850 mortuum
1471 3812 1558 3853 me
1585 3813 1705 3854 esse
1738 3801 1960 3871 cognovi
1994 3820 2006 3856 :
2038 3806 2160 3873 quia

567 3878 679 3950 jam
707 3880 864 3935 etiam
891 3884 1322 3951 praevaricatione
1348 3897 1548 3957 peccat,
1580 3890 1667 3959 qui
1698 3890 1844 3946 videt
1873 3907 1966 3961 per
1990 3893 2158 3964 legem

569 3971 693 4041 quid
725 3971 898 4027 facere
929 3989 1032 4029 non
1056 3974 1277 4042 debeat,
1316 3985 1372 4034 et
1410 3989 1586 4036 tamen
1625 3979 1771 4035 facit.
1801 3981 1951 4051 Quod
1982 3995 2157 4041 autem

569 4061 672 4129 ait,
704 4061 908 4133 Fefellit
945 4081 1024 4118 me
1052 4077 1313 4138 peccatum
1333 4111 1347 4136 ,
1375 4073 1637 4127 occasione
1659 4084 1864 4144 accepta
1898 4092 1987 4146 per
2010 4095 2160 4132 man-

568 4152 743 4210 datum
775 4171 795 4210 :
829 4156 946 4215 sive
986 4159 1108 4229 quia
1149 4163 1326 4217 suasio
1369 4162 1736 4221 delectationis
1775 4165 1843 4222 ad
1883 4179 2158 4238 peccatum

568 4246 935 4303 vehementior
950 4258 1050 4318 est,
1074 4266 1193 4306 cum
1214 4252 1366 4309 adest
1384 4255 1700 4326 prohibitio;
1723 4258 1836 4314 sive
1856 4259 1976 4330 quia
1998 4263 2156 4318 etiam

567 4335 613 4390 si
641 4336 779 4406 quid’
793 4337 951 4391 homo
982 4338 1165 4395 iecerit
1200 4344 1493 4398 secundum
1527 4346 1675 4416 jussa
1719 4347 1878 4418 legis,
1909 4350 1955 4405 si
1984 4352 2158 4408 adhuc

568 4441 675 4481 non
703 4427 770 4481 sit
797 4426 949 4495 ﬁdes,
973 4445 1092 4500 qua:
1118 4433 1169 4485 in
1194 4434 1361 4503 gratia
1387 4444 1489 4502 est,
1514 4437 1628 4491 vult
1652 4437 1751 4493 sibi
1776 4439 1875 4494 hoc
1899 4442 2152 4513 tribuere,

567 4533 673 4572 non
702 4519 839 4584 Deo,
872 4529 926 4574 et
963 4523 1321 4591 superbiendo
1349 4525 1469 4594 plus
1498 4537 1699 4596 peccat.
1730 4528 1978 4600 Sequitur
2006 4550 2152 4606 ergo,

566 4616 621 4663 et
644 4608 772 4664 dicit
801 4628 814 4664 :
845 4610 1025 4682 Itaque
1063 4615 1146 4669 lea:
1171 4616 1370 4685 quidem
1395 4626 1599 4686 sancta,
1628 4629 1675 4673 et
1709 4620 2004 4677 mandatum
2031 4642 2153 4680 san-

564 4709 699 4755 ctum
720 4742 733 4766 ,
761 4710 809 4756 et
828 4703 1049 4773 justum,
1082 4716 1129 4760 et
1157 4706 1359 4762 bonum.
1387 4707 1538 4775 Quod
1557 4727 1678 4782 ergo
1703 4711 1886 4766 bonum
1912 4723 2002 4778 est,
2033 4718 2156 4772 mihi

563 4796 753 4863 factum
781 4802 852 4848 est
878 4811 1013 4851 mors
1029 4797 1055 4850 7
1077 4797 1220 4852 Absit
1248 4816 1268 4853 :
1292 4800 1383 4855 sed
1411 4811 1667 4870 peccatum
1694 4812 1748 4857 ut
1775 4816 2018 4875 appareat
2041 4824 2156 4878 pec-

562 4892 765 4951 catum,
798 4901 889 4954 per
914 4885 1100 4941 bonum
1138 4900 1402 4960 aperotum
1439 4901 1512 4947 est
1550 4894 1675 4948 mihi
1713 4904 1949 4963 mortem,
1979 4908 2033 4952 ut
2061 4902 2152 4969 ﬁat

561 4988 720 5040 supra
758 4976 961 5031 modum
1004 4988 1270 5049 peccator,
1310 4993 1396 5036 aut
1433 4994 1694 5054 peccatum
1733 4987 2024 5059 delinquens
2065 5008 2155 5062 per

563 5065 879 5120 mandatum.
913 5068 1117 5125 Scimus
1154 5082 1320 5127 autem
1347 5074 1466 5144 quia
1495 5076 1577 5131 lea:
1609 5079 1889 5148 spiritualis
1926 5091 2033 5148 est,
2063 5100 2152 5154 ego

561 5163 732 5209 autem
758 5158 979 5214 comatis
1005 5176 1148 5229 sum,
1178 5162 1229 5218 id
1255 5171 1369 5229 est,
1402 5166 1548 5221 carni
1578 5170 1887 5243 consentio,
1920 5173 2151 5228 nondum

563 5247 824 5316 Spirituali
852 5251 1021 5321 gratia
1050 5252 1301 5325 liberatus
1323 5256 1400 5330 (a)
1427 5275 1440 5311 :
1462 5260 1791 5316 venumdatus
1815 5261 1906 5316 sub
1928 5276 2149 5333 peccato,

560 5338 615 5394 id
640 5348 743 5407 est,
776 5355 1003 5410 peccans
1029 5345 1202 5413 pretio
1231 5349 1603 5419 temporalium
1629 5351 1976 5422 voluptatum.
2005 5354 2155 5421 Quod

559 5434 697 5487 enim
720 5450 921 5505 cperor,
948 5436 1126 5509 ignoro
1152 5454 1172 5491 :
1199 5438 1249 5494 id
1274 5448 1376 5505 est,
1404 5456 1510 5497 non
1536 5457 1766 5513 agnosco
1790 5460 1911 5503 esse
1940 5448 1991 5504 in
2020 5464 2157 5519 pra:-

558 5525 733 5594 ceptis
756 5526 994 5583 veritatis
1013 5569 1029 5596 ,
1060 5527 1149 5583 ubi
1172 5538 1255 5586 est
1278 5546 1402 5588 vera
1428 5533 1671 5590 scientia.
1693 5535 1997 5595 Secundum
2020 5539 2157 5598 hanc

560 5613 886 5672 locutionem
911 5618 1041 5674 dicit
1064 5619 1321 5680 Dominus
1346 5626 1735 5700 peccatoribus,
1766 5628 1886 5687 Non
1911 5634 2025 5690 novi
2047 5649 2152 5692 vos.

622 5723 701 5791 (a)
735 5733 753 5776 ι
774 5734 979 5784 Retract.
996 5745 1101 5797 cap.
1128 5733 1204 5787 28.

1350 2238 1461 2310 lege
1484 2238 1792 2310 prohibente
1808 2237 2201 2317 ostenderetur.

1281 246 1402 381 (ὗε
1444 281 1756 339 DtVEltStS
1791 272 2307 346 QUxESTIONlBUS
2346 275 2604 336 Lxxxm
2634 324 2649 349 ,
2679 283 2736 337 s.
2777 283 3149 346 AUGUSTINI
3836 308 3892 369 ω

2310 388 2425 444 Non
2453 394 2593 449 enim
2620 411 2739 450 eum
2764 399 2965 470 aliquid
2989 403 3137 472 latet,
3168 405 3262 462 sed
3288 408 3411 479 quia
3437 424 3669 482 peccata
3696 435 3798 478 non
3825 424 3888 480 iu-

2272 512 2281 519 -
2308 483 2587 539 veniuutur
2608 486 2658 541 in
2681 490 2877 560 regulis
2900 506 3307 567 praeceptorum,
3333 517 3468 572 quas
3496 505 3669 565 habet
3688 516 3886 581 veritas,

2308 574 2427 630 ideo
2468 577 2580 645 ipsa
2618 579 2828 637 Veritas
2864 589 3230 653 peccatoribus
3268 592 3426 661 dicit,
3473 596 3606 655 Non
3648 607 3765 659 novi
3798 574 3884 664 vos.

2305 664 2450 721 Sicut
2477 670 2617 723 enim
2661 674 2894 730 tenebrae
2933 680 3100 733 oculis
3139 697 3245 739 non
3286 687 3559 759 videndo,
3592 694 3668 749 ita
3697 711 3885 766 peccata
3960 690 3961 703 ξ

2306 766 2483 813 mente
2513 759 2803 830 ignorando
2828 768 3149 825 sentiuntur.
3174 773 3254 829 Ex
3282 776 3379 831 ista
3403 778 3685 841 locutione
3697 759 3882 846 dictum

2303 846 2532 904 arbitror
2562 851 2611 905 in
2641 852 2889 922 Psalmis,
2923 859 3118 916 Delicta
3145 866 3257 935 quis
3280 868 3516 944 intelligit
3549 874 3728 946 (Psal.
3752 897 3880 949 xvm,

2306 938 2389 1010 15)
2410 940 2433 993 ?
2468 941 2584 997 Non
2610 948 2741 1000 enim
2764 950 2901 1020 quod
2920 954 3053 1023 volo,
3082 958 3177 1012 hoc
3201 976 3299 1032 ago
3321 978 3340 1026 ;
3363 938 3463 1019 sed
3476 938 3625 1039 quod
3647 974 3753 1036 odi,
3776 938 3883 1030 illud

2302 1033 2452 1102 facio.
2484 1034 2547 1089 Si
2572 1047 2738 1092 autem
2764 1042 2903 1110 quod
2930 1045 3068 1113 uolo,
3100 1048 3195 1103 hoc
3223 1068 3339 1122 ago,
3368 1033 3635 1114 consentio
3661 1033 3760 1135 legi
3779 1084 3883 1137 quo-

2301 1122 2436 1176 niam
2479 1124 2607 1180 bono
2650 1137 2740 1183 est.
2774 1130 2927 1188 Nunc
2954 1146 3123 1191 autent
3143 1142 3257 1211 jam
3282 1161 3383 1199 non
3412 1163 3508 1218 ego
3538 1122 3876 1223 apermtillad,

2298 1216 2388 1268 sed
2409 1216 2464 1270 id
2486 1219 2623 1288 quod
2644 1221 2697 1275 in
2723 1239 2802 1277 me
2827 1224 3017 1280 habitat
3043 1242 3321 1299 peccatum.
3345 1216 3469 1293 Scio
3495 1216 3636 1296 enim
3660 1248 3775 1316 quia
3797 1216 3878 1304 non

2296 1302 2488 1359 habitat
2516 1308 2568 1361 in
2595 1326 2693 1377 me,
2724 1311 2819 1366 hoc
2844 1324 2915 1369 est
2944 1317 2994 1371 in
3018 1335 3169 1375 carne
3193 1340 3322 1389 mea,
3352 1327 3568 1386 bonum.
3609 1332 3750 1390 Velle
3767 1341 3879 1392 enim

2295 1394 2497 1466 adjacet
2527 1399 2681 1467 mihi,
2712 1404 2951 1472 perﬁcere
2977 1419 3145 1463 autem
3182 1413 3365 1468 bonum
3395 1434 3503 1473 non
3533 1422 3753 1480 invenio.
3777 1427 3883 1483 Non

2295 1488 2428 1541 enim
2467 1491 2604 1559 quod
2645 1495 2756 1548 volo
2775 1536 2791 1562 ,
2835 1500 2969 1567 [acia
2998 1500 3218 1571 bonum;
3257 1507 3346 1562 sed
3368 1512 3512 1579 quod
3536 1517 3661 1571 nolo
3687 1521 3883 1591 malum,

2295 1576 2390 1631 hoc
2413 1595 2530 1650 ago.
2565 1579 2629 1636 Si
2654 1594 2819 1638 autem
2847 1589 2984 1658 quod
3011 1594 3159 1660 nolo,
3191 1596 3287 1650 hoc
3315 1576 3491 1669 facio;
3524 1606 3641 1676 jam
3680 1584 3776 1665 non
3800 1576 3874 1682 ego

2293 1681 2476 1734 operor
2512 1670 2643 1725 illud
2664 1713 2678 1737 ,
2714 1674 2803 1728 sed
2828 1677 2884 1729 id
2909 1680 3045 1749 quod
3073 1683 3262 1739 habitat
3291 1688 3343 1742 in
3373 1707 3453 1745 me
3479 1670 3764 1763 peccatum.
3795 1670 3871 1756 1;-

2292 1758 2435 1811 venio
2464 1776 2583 1832 ergo
2613 1763 2772 1834 legem
2809 1767 2934 1821 mihi
2968 1771 3151 1827 volenti
3186 1780 3353 1846 facere
3390 1781 3585 1839 bonum
3605 1829 3621 1854 ,
3662 1793 3873 1859 quoniam

2293 1848 2483 1902 malum
2520 1853 2647 1907 mihi
2673 1856 2894 1925 adjacet.
2927 1858 3254 1920 Condelector
3286 1871 3418 1924 enim
3448 1871 3554 1945 legi
3717 1897 3871 1935 secun-

2294 1939 2417 1995 dum
2446 1943 2736 2001 interiorem
2765 1949 3018 2007 hominem
3044 1956 3228 2012 :video
3255 1970 3422 2017 autem
3458 1968 3621 2022 aliam
3656 1971 3805 2043 legent
3829 1975 3870 2027 in

2291 2032 2527 2089 membris
2554 2036 2698 2103 meis,
2731 2053 3092 2113 repugnantem
3118 2046 3217 2118 legi
3254 2054 3432 2108 utentis
3463 2073 3594 2113 mea:
3611 2101 3627 2124 ,
3658 2032 3869 2134 et'capti-

2290 2130 2489 2178 vantem
2529 2142 2609 2181 me
2644 2127 2697 2182 in
2725 2128 2833 2202 lege
2871 2137 3091 2203 peccati,
3120 2155 3235 2209 qua:
3265 2152 3339 2196 est
3377 2145 3433 2200 in
3471 2153 3714 2208 membris

2291 2210 2405 2267 Huc
2447 2228 2615 2284 usque
2657 2228 2781 2274 sunt
2821 2224 2983 2279 verba
3027 2225 3258 2286 hominis
3297 2234 3398 2289 sub
3439 2238 3562 2311 lege
3590 2247 3863 2314 constituti,

2289 2302 2524 2357 nondum
2572 2307 2672 2363 sub
2709 2311 2907 2380 gratia;
2938 2315 3025 2384 qui
3067 2318 3274 2376 etiamsi
3314 2326 3450 2382 nolit
3481 2302 3740 2399 peccare,
3765 2302 3863 2390 vin;

2287 2391 2426 2446 citur
2452 2408 2483 2448 a
2513 2407 2754 2464 peccato.
2787 2401 3007 2459 invaluit
3035 2409 3175 2464 enim
3215 2420 3553 2477 consuetudo
3581 2428 3802 2483 carnalis
3823 2435 3867 2483 et

2286 2483 2527 2540 naturale
2550 2487 2567 2518 ί
2597 2488 2863 2548 vinculum
2888 2499 3240 2570 mortalitatis,
3269 2521 3375 2576 quo
3398 2508 3471 2565 de
3497 2514 3670 2571 Adam
3698 2533 3864 2589 propao

2284 2573 2391 2641 gati
2433 2590 2639 2633 sumus.
2669 2580 2922 2653 lmploret
2959 2602 3086 2659 ergo
3123 2573 3409 2668 auxilium,
3446 2604 3539 2673 qui
3575 2608 3657 2663 sic
3686 2573 3861 2679 positus

2284 2670 2400 2729 est,
2433 2674 2488 2721 et
2517 2672 2722 2727 noverit
2752 2689 2904 2730 suum
2936 2678 3098 2737 fuisse
3139 2687 3281 2754 quod
3312 2670 3547 2762 cecidit,
3582 2670 3700 2754 non
3728 2716 3861 2756 suum

2249 2767 2402 2811 -esse
2427 2760 2570 2828 quod
2598 2765 2785 2836 surgit.
2815 2766 2933 2823 Jam
2963 2772 3105 2828 enim
3136 2774 3389 2836 liberatus
3421 2760 3726 2855 agnoscens
3757 2805 3856 2861 gm-

2281 2844 2406 2901 tiam
2436 2847 2764 2912 Liberatoris
2790 2858 2871 2912 sui
2899 2859 3028 2916 dicit
3055 2882 3069 2919 :
3102 2864 3263 2921 Miser
3300 2886 3392 2941 ego
3421 2844 3610 2946 homo,
3652 2844 3856 2951 quisume

2275 2936 2503 3044 liberabit
2528 2944 2591 2999 de
2612 2963 2822 3018 corpore
2848 2956 3022 3008 mortis
3046 2957 3198 3028 hujus
3214 2960 3241 3014 ?
3264 2936 3442 3022 Gratia
3467 2968 3566 3025 Dei
3697 2974 3856 3029 Iesum

2272 3024 2527 3085 Christum
2549 3032 2823 3091 Dominum
2852 3051 3099 3098 nostrum.

2343 3118 2395 3175 6.
2428 3122 2495 3177 Ει
2534 3125 2792 3197 incipiunt
2825 3130 2937 3200 jam
2968 3135 3128 3191 verba
3157 3138 3259 3195 dici
3303 3142 3541 3206 hominis
3578 3152 3678 3208 sub
3702 3151 3848 3224 gratia

2267 3214 2578 3285 constituti,
2610 3220 2659 3273 in
2689 3221 2899 3278 actione
2927 3241 3086 3297 quam
3116 3232 3325 3289 tertiam
3355 3214 3845 3312 demonstravimus,

2265 3316 2385 3371 qua:
2413 3303 2573 3362 habet
2608 3310 2820 3379 quidem
2859 3316 3210 3377 reluctantem
3249 3332 3634 3391 mortalitatem
3664 3303 3841 3399 carnis;

2267 3391 2362 3447 sed
2392 3410 2498 3450 non
2529 3399 2826 3458 vincentem
2857 3415 3016 3478 atque
3055 3414 3408 3484 captivantem
3446 3425 3517 3480 ad
3558 3428 3846 3483 consensio-

2264 3498 2387 3539 nem
2428 3490 2700 3563 peccandi.
2730 3492 2819 3550 Sie
2846 3499 2989 3554 enim
3020 3502 3149 3560 dicit
3189 3524 3203 3562 :
3247 3508 3418 3581 Igitur
3445 3516 3560 3588 ipse
3586 3536 3677 3590 ego
3703 3529 3844 3574 mente

2261 3577 2422 3631 servio
2460 3578 2560 3651 legi
2589 3581 2714 3652 Dei,
2756 3602 2909 3643 carne
2945 3602 3113 3649 autem
3152 3598 3252 3671 legi
3281 3577 3504 3673 peccati.
3540 3577 3707 3666 Νᾶιια
3741 3626 3852 3682 ergo

2263 3669 2615 3726 condemnatio
2643 3685 2716 3729 est
2755 3694 2890 3733 nunc
2922 3681 3001 3737 his
3029 3687 3118 3755 qui
3137 3669 3255 3744 sunt
3277 3669 3330 3746 in
3352 3693 3558 3755 Christo
3582 3700 3726 3757 Iesu.
3749 3669 3844 3755 Le:

2261 3759 2395 3812 enim
2413 3761 2619 3831 spiritus
2641 3766 2754 3822 vita:
2772 3768 2823 3822 in
2845 3771 3043 3829 Christo
3057 3775 3202 3848 Iesu,
3227 3782 3452 3842 liberavit
3472 3807 3554 3846 me
3571 3810 3604 3846 a
3624 3793 3728 3865 lege
3743 3808 3841 3864 ρισ-

2260 3854 2363 3905 cati
2382 3863 2429 3908 et
2451 3858 2642 3912 mortis.
2670 3861 2820 3927 Quod
2838 3867 2970 3920 enim
2990 3869 3297 3941 impossibile
3316 3891 3426 3933 erat
3444 3884 3567 3953 legi,
3590 3886 3643 3939 in
3774 3888 3844 3937 in-

2259 3943 2559 4013 ﬁrmabotur
2589 3969 2680 4022 per
2705 3970 2928 4023 carnem,
2959 3959 3011 4015 id
3039 3974 3141 4030 est,
3171 3982 3266 4036 per
3290 3969 3558 4030 desideria
3589 3975 3839 4033 carnalia:

2261 4035 2382 4093 ideo
2401 4040 2541 4095 enim
2565 4060 2670 4099 non
2694 4046 3013 4119 implebatur
3033 4054 3138 4125 lex,
3163 4035 3282 4127 quia
3305 4062 3472 4133 ipsius
3492 4068 3711 4137 justitiae
3731 4082 3841 4123 non-

2259 4124 2383 4182 dum
2409 4142 2525 4186 erat
2550 4133 2803 4205 Charitas,
2831 4156 2952 4213 qua:
2982 4124 3237 4205 interiore
3265 4124 3627 4217 delectatione
3654 4164 3839 4216 teneret

2260 4226 2556 4292 mentem‘,
2586 4243 2653 4283 ne
2671 4229 2736 4284 ad
2759 4242 3033 4300 peceatum
3059 4237 3414 4301 delectatione
3438 4262 3618 4304 rerum
3649 4262 3836 4319 tempo-

2258 4310 2447 4368 ralium
2480 4317 2794 4376 traheretur.
2826 4323 2966 4396 Ergo
2993 4328 3359 4388 iulirmahatur
3383 4337 3466 4393 lex
3495 4356 3593 4411 per
3614 4354 3832 4399 carnem.

2259 4398 2312 4455 id
2350 4413 2460 4469 est,
2503 4422 2607 4461 non
2640 4412 2903 4468 efﬁciebat
2927 4415 3101 4485 justos
3130 4419 3339 4478 deditos
3374 4398 3544 4484 carni.
3580 4431 3684 4487 Sed
3712 4398 3833 4483 Deus

2257 4489 2452 4549 Filium
2478 4513 2626 4551 suum
2654 4502 2786 4554 misit
2815 4506 2868 4557 in
2892 4506 3271 4567 similitudinem
3298 4521 3466 4575 carnis
3495 4524 3705 4592 peccati.
3731 4517 3838 4575 Non

2255 4585 2397 4640 enim
2434 4602 2557 4643 caro
2593 4595 2793 4661 peccati
2831 4607 2974 4664 erat,
3023 4617 3142 4672 qua
3188 4622 3294 4662 non
3341 4608 3407 4665 de
3451 4585 3654 4670 carnali
3697 4610 3830 4667 dele-

2254 4677 2486 4733 ctatione
2526 4692 2648 4736 nata
2688 4694 2837 4749 erat;
2880 4689 2972 4744 sed
3022 4701 3198 4750 tamen
3244 4697 3416 4756 inerat
3462 4704 3512 4759 ei
3559 4699 3830 4761 similitudo

2253 4770 2430 4826 carnis
2456 4777 2653 4843 peccati
2676 4818 2690 4844 ,
2723 4780 2845 4849 quia
2885 4787 3123 4842 mortalis
3142 4804 3267 4846 caro
3292 4804 3408 4850 erat
3436 4814 3450 4850 :
3483 4806 3708 4852 mortem
3736 4810 3825 4847 ειυ-

2258 4870 2362 4917 tem
2391 4878 2496 4918 non
2524 4868 2717 4924 meruit
2740 4871 2906 4927 Adam
2939 4875 3037 4931 nisi
3068 4882 3337 4948 peccando
3363 4884 3404 4939 ³.
3438 4885 3543 4941 Sed
3571 4886 3693 4958 quid
3719 4882 3832 4938 fecit

2256 4951 2552 5013 Dominus?
2603 4957 2680 5014 De
2708 4973 2912 5032 peccato
2961 4966 3217 5026 damnavit
3265 4986 3523 5046 peccatum
3569 4980 3620 5032 in
3657 4985 3830 5030 carne:

2256 5044 2309 5099 id
2361 5056 2474 5113 est,
2507 5051 2844 5123 suscipiendo
2888 5073 3101 5116 earnctn
3150 5044 3382 5122 hominis
3434 5067 3748 5140 peccatoris,
3782 5069 3833 5114 οι

2253 5134 2496 5193 docendo
2557 5144 3003 5211 quemadmodum
3068 5154 3400 5225 viveremus,
3459 5168 3729 5229 peccatum
3779 5151 3825 5205 in

2258 5228 2372 5298 ipsa
2399 5245 2558 5288 carne
2577 5233 2848 5294 damnavit
2866 5283 2881 5309 ,
2908 5250 2968 5297 ut
2995 5253 3315 5303 aeternorum
3342 5228 3600 5307 charitate
3625 5247 3823 5320 spiritus

2257 5318 2487 5392 ﬂagrans
2530 5340 2633 5380 non
2663 5327 2948 5388 duceretur
2974 5337 3213 5407 captivus
3256 5340 3308 5395 in
3337 5343 3736 5398 consensionem
3763 5334 3823 5388 li'

2230 5413 2470 5471 -bidinis.
2503 5417 2573 5473 Ut
2606 5420 2810 5490 justitia
2831 5466 2847 5491 ,
2879 5425 3082 5498 inquit,
3109 5430 3233 5503 legis
3259 5432 3554 5505 impleretur
3590 5433 3642 5487 in
3668 5426 3825 5487 nobis»

2320 5507 2928 5594 ξέξίίξέθίηῗίὲζὶῖἷᾳῖίέίξε
3200 5592 3217 5594 ῃ
3268 5592 3272 5594 Α
3349 5588 3361 5594 -
3473 5587 3485 5594 .
3712 5579 3742 5594 ..

2318 5570 2434 5649 ῗὲίέξ
2456 5570 2604 5649 fit?
2624 5570 2827 5649 quid“?
2846 5581 3057 5649 M53251“
3072 5596 3183 5649 cum
3199 5592 3319 5649 Rau,
3340 5587 3566 5649 interiore
3585 5579 3818 5649 dilectione

2255 5636 2751 5759 tettfmsme’t’zetgmdmst
2772 5646 2902 5703 Lov.,
2924 5642 3177 5701 dilectione
3196 5636 3622 5703 teneretiiueriora
3640 5644 3815 5698 Mil”;

2323 5754 2396 5820 (a)
2430 5763 2446 5805 t
2466 5754 2664 5811 Ite'traa.
2691 5777 2793 5827 cap.
2817 5764 2896 5817 ‘26.
