3996 6282
212 274 289 330 65
1626 259 1808 315 LIBEF

1923 259 2060 317 NL'S.
2555 255 2558 264 ί
2741 253 2748 256 ·
3409 264 3480 321 ω

209 384 306 452 σῖτιὶ
335 399 427 436 nou
461 378 737 434 secundum
778 390 976 429 carnem
1005 371 1313 425 ambulamus
1335 412 1346 431 ,
1392 371 1478 423 sed
1520 372 1790 425 secundum

207 477 472 544 spiritum.
520 471 706 537 Itaque
751 476 1006 536 pt-a'cepta
1047 463 1174 532 legis
1219 478 1309 530 per
1336 461 1645 514 charitatem
1695 463 1795 514 im-

211 571 364 638 pleta
390 572 538 621 sunt.
569 576 688 628 qute
713 573 803 626 per
834 557 1071 608 timorem
1106 569 1208 606 non
1237 561 1498 621 poterant.
1534 550 1634 615 Qui
1661 552 1796 604 enim

205 659 484 713 secundum
523 667 727 705 carnem
766 658 914 710 sunt,
945 661 1054 715 qua:
1091 643 1256 697 carnis
1303 653 1418 695 sunt
1464 642 1665 710 sapiunt
1697 657 1715 692 :
1746 639 1796 694 id

207 760 298 804 est
324 792 337 809 ,
372 745 588 800 carnalia
639 741 774 793 bona
814 753 908 806 pro
953 733 1174 788 summis
1204 733 1357 785 bonis
1394 730 1794 800 Concupiscunt.

211 841 322 905 Qui
359 846 512 888 autent
554 832 828 886 secundum
869 827 1129 896 spiritum,
1159 840 1270 893 qua:
1297 832 1410 876 sunt
1448 823 1651 892 spiritus
1685 836 1800 872 sen~

208 932 371 982 tiuut.
397 922 664 978 Prudentia
709 921 838 972 enim
880 916 1046 968 curuis
1073 931 1206 966 mors
1235 923 1306 965 est
1349 929 1368 964 :
1414 910 1680 982 prudentia
1705 925 1800 960 au-

208 1032 315 1072 tem
342 1018 535 1086 spiritus
561 1015 661 1066 vita
697 1021 742 1062 et
771 1025 892 1080 pax.
941 1007 1070 1073 Quia
1101 1004 1366 1072 prudentia
1394 1003 1560 1054 curuis
1597 999 1800 1053 inimica

208 1121 287 1162 est
317 1110 374 1160 in
402 1105 575 1158 Deum.
630 1101 748 1170 Ipse
797 1098 1026 1151 ostendit
1047 1095 1171 1164 quid
1202 1093 1424 1158 dixerit,
1462 1091 1663 1144 inimica
1693 1107 1705 1142 :
1735 1105 1800 1143 ne

207 1201 335 1269 quis
390 1201 590 1266 putaret
639 1208 706 1246 ex
771 1189 999 1243 adverso
1045 1187 1184 1240 aliul
1240 1184 1421 1237 venire
1458 1181 1797 1253 principium.

208 1289 492 1359 Subjungit
533 1286 707 1350 enim,
740 1293 790 1336 et
816 1281 977 1346 dicit,
1024 1278 1146 1348 Legi
1171 1277 1302 1330 enim
1332 1275 1422 1328 Dei
1466 1291 1566 1328 non
1590 1284 1661 1326 est
1686 1272 1803 1328 sub-

208 1388 379 1446 iecta;
427 1396 515 1434 nec
565 1379 696 1432 enim
738 1383 918 1445 potest.
970 1373 1105 1440 Ergo
1145 1369 1318 1423 facere
1362 1376 1544 1421 contra
1591 1365 1798 1434 legem,

209 1476 320 1530 hoc
369 1485 448 1528 est
478 1468 749 1524 inimicum
783 1479 902 1519 esse
945 1463 995 1515 in
1029 1462 1195 1515 Deum
1230 1477 1243 1513 :
1273 1473 1375 1512 non
1415 1457 1536 1527 quia
1567 1456 1674 1510 Deo
1703 1455 1803 1507 ali-

209 1567 343 1637 quid
393 1577 583 1619 noc-rre
614 1566 820 1630 potest,
867 1554 960 1609 sed
991 1553 1090 1607 sibi
1144 1559 1300 1606 nocet
1325 1549 1564 1620 quisquis
1603 1547 1803 1601 resistit

211 1655 474 1712 voluntati
507 1652 597 1706 Dei
631 1669 644 1704 :
678 1649 780 1702 hoc
816 1655 899 1701 est
943 1645 1082 1698 enim
1109 1643 1364 1697 adversus
1389 1639 1660 1694 stimulum
1692 1637 1803 1692 cal-

210 1763 303 1804 ces
333 1748 566 1807 mittere,
595 1753 649 1795 ut
677 1739 840 1794 Paulo
868 1735 1128 1806 apostolo,
1157 1749 1277 1788 cum
1309 1731 1480 1785 adhuc
1511 1729 1802 1784 Ecclesium

209 1843 630 1909 persequeretur
650 1871 665 1895 ,
695 1829 953 1884 divinitus
980 1825 1178 1879 dictum
1207 1833 1288 1878 est
1316 1822 1448 1896 (Act.
1481 1838 1533 1875 lx
1556 1863 1569 1886 ,
1603 1820 1681 1892 5).
1713 1819 1803 1874 Sic

213 1939 296 1985 est
321 1939 502 1981 autem
549 1923 782 1985 dictum,
815 1918 935 1990 Legi
972 1917 1105 1970 enim
1150 1914 1244 1968 Dei
1287 1931 1388 1967 non
1432 1921 1503 1966 est
1550 1911 1804 1983 subjecta;

213 2038 306 2075 uec
332 2020 471 2072 enim
500 2023 656 2086 potest
682 2030 700 2067 :
735 2021 982 2080 tanquam
1007 2009 1049 2062 si
1080 2007 1346 2061 diceretur
1364 2047 1378 2070 ,
1409 2003 1507 2058 Nix
1535 2019 1637 2056 non
1660 2002 1802 2057 calc-

216 2114 377 2177 faeit;
403 2125 507 2165 nec
534 2109 672 2163 enim
714 2112 908 2175 potest.
935 2099 1196 2169 Quamdiu
1225 2099 1365 2153 enim
1413 2097 1500 2150 nix
1545 2105 1624 2150 est
1649 2137 1662 2158 ,
1699 2110 1803 2148 non

211 2202 461 2258 calefacit
491 2218 504 2253 :
534 2198 628 2252 sed
671 2193 864 2250 resolvi
906 2201 1082 2262 potest
1128 2199 1179 2243 et
1229 2188 1463 2251 fervere,
1505 2195 1563 2240 ut
1608 2183 1805 2240 calcfa-

213 2297 352 2358 ciat;
387 2291 484 2346 sed
507 2305 626 2344 cum
656 2287 757 2340 hoc
780 2285 901 2338 facit
923 2323 936 2347 ,
963 2283 1070 2352 jam
1102 2280 1188 2334 nix
1219 2294 1322 2332 non
1354 2286 1455 2332 est.
1482 2277 1569 2330 Sic
1599 2284 1653 2329 et
1681 2290 1804 2344 pru-

213 2387 394 2440 dentia
421 2381 599 2438 carnis
640 2377 872 2440 dicitur,
917 2389 1037 2428 cum
1085 2371 1257 2424 anima
1289 2383 1383 2438 pro
1428 2367 1631 2435 magnis
1656 2365 1809 2419 bonis

215 2473 529 2546 temporalia
579 2471 714 2524 bona
759 2463 1105 2534 concupiscit.
1135 2459 1395 2528 Quamdiu
1427 2458 1568 2512 enim
1608 2455 1813 2526 appeti-

216 2579 305 2622 tus
345 2567 466 2620 talis
517 2564 655 2616 inest
697 2559 927 2622 animm,
977 2555 1078 2624 legi
1122 2554 1211 2606 Dei
1251 2551 1487 2619 subjecta
1535 2563 1654 2603 esse
1702 2564 1808 2601 non

221 2665 435 2730 potest;
485 2653 533 2707 id
578 2661 692 2716 est,
737 2663 841 2703 nan
888 2654 1062 2717 potest
1103 2644 1323 2712 implere
1362 2657 1479 2711 qua:
1523 2641 1606 2693 lex
1640 2639 1807 2707 jubet.

225 2751 334 2806 Sed
360 2765 478 2804 cum
499 2743 794 2814 Spiritualia
823 2741 958 2794 bona
979 2737 1282 2792 desiderare
1309 2732 1561 2801 cthcrit,
1593 2739 1645 2784 et
1673 2739 1811 2784 tem-

222 2842 425 2913 poralia
458 2845 834 2898 cootcmuere,
875 2830 1083 2884 desinet
1134 2841 1252 2880 esse
1283 2824 1460 2878 carnis
1489 2821 1767 2891 prudentia
1793 2861 1808 2885 ,

219 2943 272 2988 ct
301 2929 514 3002 spiritui
542 2941 646 2980 non
691 2923 922 2978 resistet.
965 2917 1160 2972 Eadem
1207 2929 1432 2984 namque
1474 2913 1646 2965 anima
1691 2926 1812 2964 cum

222 3024 478 3079 inferiora
520 3017 742 3088 appetit,
775 3011 1106 3083 prudentiam
1152 3007 1328 3061 carnis
1361 3004 1554 3057 habere
1578 3002 1810 3066 dicitur;

222 3130 340 3170 cum
364 3111 677 3180 superiora,
708 3103 1040 3174 prudenliam
1095 3098 1310 3168 spiritus
1343 3113 1355 3148 :
1391 3112 1493 3148 non
1519 3096 1638 3164 quia
1689 3109 1815 3163 pru-

223 3204 401 3260 dentia
430 3200 609 3256 carnis
653 3193 945 3250 substantia
973 3199 1056 3245 est
1075 3232 1088 3253 ,
1122 3205 1220 3256 qua
1270 3185 1503 3240 induitur
1533 3185 1708 3238 anima
1730 3183 1812 3239 vel

222 3288 596 3356 exuitur;scd
629 3288 789 3357 ipsius
827 3283 1018 3337 animae
1060 3278 1269 3332 allectio
1309 3285 1422 3339 est,
1453 3291 1569 3346 quae
1596 3273 1813 3328 omnino

223 3401 342 3440 esse
370 3383 615 3444 desinet,
648 3392 770 3431 cum
813 3388 871 3428 se
913 3380 1075 3426 totam
1122 3367 1188 3422 ad
1215 3381 1442 3436 superna
1468 3365 1810 3430 converterit.

229 3473 328 3541 Qui
351 3484 530 3525 autent
555 3469 604 3521 in
642 3482 792 3520 carne
816 3472 931 3516 sunt
950 3503 964 3525 ,
992 3459 1158 3529 inquit
1177 3500 1190 3520 ,
1226 3456 1328 3510 Deo
1357 3457 1551 3522 placere
1577 3471 1675 3507 non
1699 3471 1814 3524 pos-

224 3575 382 3620 sunt:
415 3562 469 3616 id
515 3570 628 3624 est,
660 3557 748 3627 qui
783 3551 1139 3622 voluptatibus
1165 3549 1180 3580 ¹
1230 3548 1406 3602 carnis
1449 3546 1812 3616 acquiescant.

225 3658 300 3714 Ne
328 3656 456 3728 quis
479 3652 620 3706 enim
651 3649 717 3703 de
749 3648 829 3701 his
856 3644 1052 3699 dictum
1083 3649 1320 3712 putaret,
1366 3640 1454 3707 qui
1475 3638 1549 3728 de
1579 3637 1680 3690 hac

228 3726 468 3804 nondum
493 3745 841 3798 excesserunt
859 3777 874 3802 ,
899 3731 1346 3805 opportunissime
1368 3727 1637 3797 subjunxit
1666 3746 1677 3779 :
1720 3726 1815 3780 Vos

225 3852 396 3895 autem
426 3854 527 3890 non
555 3834 670 3888 estis
699 3833 749 3883 in
775 3845 956 3892 carne,
988 3825 1076 3878 sed
1102 3824 1154 3876 iu
1195 3822 1394 3892 spiritu.
1427 3819 1614 3888 Utique
1643 3817 1816 3872 adhuc

230 3935 280 3986 in
302 3932 406 3985 hac
429 3929 533 3991 vita
559 3921 860 3979 constitutis
887 3915 1136 3987 loquitur.
1168 3912 1223 3966 In
1253 3912 1438 3981 spiritu
1465 3910 1606 3964 enim
1637 3917 1809 3974 erant,

227 4026 346 4095 quia
374 4024 430 4076 in
463 4019 564 4074 ﬁde
587 4027 641 4070 et
665 4029 760 4084 spe
788 4023 843 4067 et
867 4009 1122 4066 charitate
1149 4003 1501 4075 spiritualium
1530 4016 1705 4055 rerum
1728 4016 1817 4054 ac-

227 4090 638 4187 quiescebant’.
673 4105 731 4161 Si
759 4113 954 4166 tamen,
1003 4098 1198 4167 inquit,
1234 4094 1457 4164 Spiritus
1492 4090 1587 4144 Dei
1626 4090 1816 4144 habitat

228 4182 279 4261 in
303 4206 466 4260 vobis.
492 4202 552 4256 Si
580 4199 689 4266 quis
709 4208 877 4249 autem
908 4192 1156 4262 Spiritum
1184 4185 1371 4241 Christi
1396 4200 1496 4237 non
1527 4182 1703 4248 habet,
1735 4183 1816 4236 hic

231 4314 329 4350 non
352 4305 428 4350 est
451 4294 576 4364 ejus.
627 4289 687 4343 Si
723 4297 889 4339 autem
917 4281 1145 4337 Christus
1187 4279 1237 4330 in
1268 4276 1432 4339 vobis,
1487 4290 1669 4342 corpus
1707 4274 1816 4342 qui-

232 4391 344 4444 dem
364 4380 619 4440 mortuum
639 4389 710 4435 est
736 4388 936 4449 propter
963 4381 1249 4444 peccatum,
1281 4368 1487 4438 spiritus
1513 4376 1677 4418 autem
1717 4366 1816 4418 vita

232 4491 303 4535 est
332 4488 539 4550 prapter
554 4472 828 4545 justitiam.
858 4467 1122 4521 Mortuum
1150 4475 1342 4529 corpus
1369 4458 1530 4522 dicit,
1564 4455 1815 4550 quamdiu

236 4548 340 4628 tale
366 4548 485 4634 est,
534 4577 591 4621 ut
632 4561 915 4632 indigentia
957 4571 1132 4610 rerum
1177 4551 1529 4622 corporalium
1573 4548 1818 4603 molestet

237 4667 468 4721 animam
500 4662 602 4730 (α),
633 4669 686 4712 et
712 4651 1027 4726 quibusdam
1061 4646 1291 4700 motibus
1316 4658 1380 4698 ex
1428 4643 1541 4711 ipsa
1575 4640 1816 4730 indigens

241 4758 307 4810 tia
337 4729 666 4809 venientibus
686 4789 701 4815 ,
724 4745 788 4800 ad
818 4739 1112 4812 appetenda
1146 4745 1355 4790 terrena
1397 4731 1661 4786 sollicitet.
1691 4729 1818 4796 Qui-

242 4845 336 4899 bus
365 4855 539 4897 tamen
569 4836 806 4909 quamvis
848 4827 1196 4886 existentibus
1224 4837 1374 4877 mens
1404 4819 1469 4873 ad
1515 4819 1692 4872 illicita
1737 4817 1816 4872 fa-

245 4935 425 4988 cienda
474 4949 574 4986 non
602 4927 900 4989 consentit,
934 4937 1052 4992 qua:
1093 4921 1199 4983 jam
1253 4914 1419 4968 servit
1466 4911 1564 4980 legi
1598 4909 1723 4974 Dei,
1765 4917 1820 4964 et

252 5029 348 5081 sub
371 5029 532 5097 gratia
571 5022 856 5079 constituta
911 5024 1010 5070 est.
1044 5011 1122 5066 Ad
1157 5011 1256 5062 hoc
1298 5006 1438 5097 enim
1493 5003 1632 5056 valet
1678 5001 1818 5072 quod

247 5095 399 5189 sopra
427 5119 620 5170 dictum
650 5121 758 5175 est,
793 5109 956 5162 Mente
981 5103 1136 5158 servio
1177 5098 1274 5168 legi
1307 5095 1396 5149 Dei
1419 5137 1432 5155 ,
1477 5109 1626 5189 car-ue
1653 5103 1818 5145 autem

250 5183 342 5279 legi
404 5208 605 5279 peccati.
668 5205 732 5258 Et
792 5201 877 5254 ille
933 5197 1090 5249 homo
1145 5203 1284 5244 mine
1344 5183 1662 5279 describitur
1700 5197 1819 5237 esse

252 5277 346 5358 sub
389 5277 586 5372 gratia,
629 5296 717 5366 qui
765 5288 995 5346 nondum
1052 5283 1212 5337 habet
1263 5277 1545 5349 perlectam
1601 5288 1816 5343 pacem,

316 5456 444 5502 ἐει
469 5456 560 5499 Mss
584 5483 599 5507 ,
624 5442 993 5508 rolttntatibus._
1073 5501 1102 5508 ,ν
1143 5499 1172 5508 ξ,
1253 5499 1263 5508 ,
1298 5497 1326 5508 ,Δ
1371 5489 1428 5508 Δ,

310 5516 330 5545 ¹
353 5489 450 5563 fit;
462 5489 599 5569 ὶῖἑξζ
890 5489 933 5552 et
949 5499 1172 5573 citaritati
1190 5489 1820 5574 sijritualium‘rerttlméae:

437 5547 588 5621 i353
607 5547 1097 5625 liiéi'é'iaitiéneig;
1123 5547 1174 5611 iu
1197 5547 1310 5625 ﬁliae
1327 5565 1372 5609 et
1403 5564 1487 5614 spe
1515 5556 1560 5601 et
1589 5547 1822 5601 charitate

251 5624 570 5701 spiritualium
594 5632 738 5680 rebus
770 5624 1140 5687 acquiescebtmt.

311 5699 386 5759 (α)
417 5703 434 5744 ι
455 5702 658 5745 Retract.
683 5703 791 5750 σοι).
817 5688 890 5736 26.

1903 389 2021 441 qua:
2056 373 2295 443 corporis
2337 374 2725 430 resurrectione
2765 383 2819 428 et
2860 375 3222 431 immutatione
3267 386 3351 434 est
3392 378 3479 432 fu-

1905 473 2042 519 tura.

1975 556 2025 608 7.
2056 556 2242 609 Restat
2270 569 2397 625 ergo
2429 563 2482 608 ut
2508 556 2574 611 de
2602 556 2710 626 ipsa
2738 572 2867 626 pace
2897 556 3036 611 dicat
3080 561 3480 614 resurrectionis

1901 648 2160 714 Corporis,
2194 663 2312 716 quae
2353 657 2540 716 quarta
2570 658 2650 702 est
2676 650 2842 713 actio;
2891 650 2933 702 si
2969 662 3141 703 tamen
3169 665 3285 703 eam
3312 651 3481 704 actio-

1903 756 2023 792 nem
2061 738 2166 792 dici
2213 748 2450 806 oportet,
2478 755 2595 808 quae
2619 753 2823 792 summa
2864 742 3071 808 requies
3097 749 3196 793 est.
3229 741 3478 809 Sequitur

1903 832 2040 884 enim
2063 871 2076 892 ,
2117 841 2170 885 et
2198 831 2326 884 dicit
2357 849 2369 882 :
2401 832 2460 885 Si
2480 848 2594 900 ergo
2623 832 2845 900 Spiritus
2867 834 2978 901 ejus
2999 833 3080 899 qui
3115 834 3366 886 suscitauit
3389 832 3482 886 Je-

1902 940 2016 1002 sunt
2045 942 2076 977 τι
2102 925 2312 977 mortuis
2332 966 2345 990 ,
2370 925 2560 976 habitat
2598 925 2648 976 iu
2678 924 2813 976 vobis
2831 939 2849 986 ;
2868 924 2952 991 qui
2972 925 3225 977 suscitavit
3253 923 3427 977 Jesum
3450 941 3482 977 tt

1903 999 2112 1068 mortuis
2134 1056 2148 1080 ,
2197 1016 2462 1084 vivi/icabit
2508 1025 2553 1068 et
2580 1015 2811 1068 mortalia
2843 1032 3056 1084 corpora
3095 1027 3252 1069 vestra
3290 1033 3376 1086 per
3404 1018 3483 1069 iu-

1905 1106 2209 1158 ltabitantem
2235 1105 2484 1175 Spiritum
2501 1106 2609 1173 eius
2650 1107 2700 1158 in
2739 1107 2872 1158 vobis
2901 1106 3072 1175 (llum.
3107 1122 3305 1159 vu-vm
3325 1149 3339 1169 ,
3369 1107 3480 1176 ll).

1905 1193 2000 1248 llic
2031 1203 2084 1250 et
2110 1195 2174 1249 de
2201 1196 2588 1250 resurrectione
2626 1195 2866 1264 corporis
2891 1195 3342 1249 evidentissimum
3402 1207 3484 1249 te-

1905 1286 2211 1340 stimonium
2243 1295 2358 1354 est,
2399 1296 2452 1342 et
2478 1288 2607 1341 satis
2655 1297 2871 1356 apparet
2895 1289 3144 1357 quamdiu
3172 1289 3221 1342 in
3255 1289 3352 1343 hac
3379 1291 3483 1344 vita

1905 1393 2118 1445 sumus,
2151 1393 2254 1432 non
2281 1377 2466 1432 deesse
2493 1379 2762 1431 molestias
2794 1395 2886 1446 per
2912 1380 3186 1432 mortalem
3227 1395 3441 1433 carnem
3465 1419 3480 1443 ,

1907 1483 2079 1538 neque
2104 1467 2430 1523 titillationes
2458 1468 2711 1538 quasdam
2743 1468 3152 1522 delectationum
3171 1471 3481 1523 carnalium.

1906 1557 2156 1626 Quamvis
2195 1559 2336 1613 enim
2382 1574 2486 1612 non
2516 1559 2702 1622 cedat,
2729 1559 2816 1628 qui
2838 1559 2936 1613 sub
2977 1560 3142 1628 gratia
3169 1561 3486 1615 constitutus

1909 1658 2090 1703 mente
2145 1650 2307 1704 servit
2337 1650 2435 1719 legi
2467 1650 2556 1703 Dei
2578 1692 2592 1716 ,
2636 1657 2810 1704 tamen
2843 1665 3002 1704 carne
3042 1653 3203 1704 servit
3232 1652 3330 1720 legi
3364 1667 3487 1720 pec-

1908 1741 2032 1796 cati.
2063 1741 2154 1795 llis
2182 1743 2432 1812 gradibus
2473 1743 2684 1797 homine
2712 1743 2945 1812 perfecto
2965 1785 2980 1810 ,
3022 1745 3166 1798 nulla
3196 1746 3486 1800 substantia

1911 1833 2176 1889 invenitur
2205 1837 2400 1890 malum
2448 1853 2460 1889 :
2509 1851 2678 1905 neque
2705 1836 2811 1891 Lex
2855 1838 2988 1890 mala
3016 1846 3130 1903 cst,
3162 1854 3278 1907 quae
3304 1847 3487 1892 osten-

1910 1923 1988 1978 dit
2015 1923 2214 1979 bomini
2253 1926 2304 1980 in
2331 1926 2520 1995 quibus
2559 1935 2898 1996 peccatorum
2943 1927 3165 1982 vinculis
3189 1928 3392 1997 jaceat,
3435 1938 3490 1982 ut

1908 2030 2005 2086 per
2034 2015 2191 2070 ﬁdem
2223 2015 2502 2086 implorato
2545 2015 2869 2071 Liberatoris
2891 2018 3115 2079 auxilio,
3144 2027 3198 2072 et
3239 2019 3404 2081 solvi,
3438 2028 3491 2072 et

1910 2105 2068 2174 erigi,
2116 2115 2169 2160 et
2203 2106 2429 2160 lirmisse
2459 2107 2705 2160 constitui
2750 2117 3032 2162 mereatur.
3065 2108 3122 2161 In
3167 2109 3333 2177 prima
3361 2123 3490 2178 ergo

1909 2197 2146 2262 actione,
2177 2214 2294 2267 qtue
2331 2208 2412 2252 est
2449 2209 2570 2253 ante
2603 2199 2792 2268 Legem
2815 2240 2829 2263 ,
2869 2200 3007 2252 nulla
3055 2217 3222 2270 pugna
3262 2210 3342 2254 est
3371 2217 3490 2253 cum

1910 2289 2271 2356 voluptatibus
2320 2288 2477 2358 hujus
2525 2289 2702 2343 saeculi
2759 2307 2772 2340 :
2827 2290 2878 2342 in
2925 2291 3186 2356 secunda,
3241 2307 3358 2360 qua:
3388 2291 3488 2343 sub

1911 2377 2052 2447 Lege
2081 2387 2160 2431 cst
2180 2418 2195 2442 ,
2227 2393 2518 2448 pugnamus
2537 2420 2552 2445 ,
2583 2379 2676 2434 sed
2703 2379 2962 2433 vincimur
2991 2396 3004 2431 :
3031 2382 3081 2434 in
3113 2381 3262 2434 tertia
3290 2397 3491 2451 pugna-

1913 2485 2032 2523 mus
2054 2481 2106 2523 et
2133 2470 2392 2524 vincimus
2423 2488 2437 2524 :
2468 2471 2518 2524 in
2545 2479 2730 2540 quarta
2763 2487 2866 2524 non
2897 2486 3191 2541 pugnamus
3211 2514 3223 2531 ,
3251 2472 3342 2525 sed
3375 2489 3494 2541 pcr-

1915 2561 2049 2616 fecta
2077 2571 2128 2615 et
2183 2570 2381 2616 a‘terna
2426 2576 2553 2630 pace
2601 2562 3002 2631 requiescimus.
3033 2562 3284 2616 Subditur
3311 2565 3325 2594 ¹
3350 2565 3491 2617 enim

1914 2652 2064 2706 nobis
2091 2651 2230 2720 quod
2257 2652 2476 2706 inferius
2501 2660 2738 2706 nostrum
2774 2661 2884 2716 est,
2913 2653 3052 2721 quod
3082 2664 3355 2721 prapterea
3388 2671 3492 2708 non

1915 2742 2274 2806 subdebatur,
2327 2742 2450 2812 quia
2502 2743 2828 2811 superiorem
2885 2743 3038 2796 nobis
3089 2744 3496 2800 desero-munus

1917 2836 2106 2890 Deum.

1915 2926 2120 2982 LXVII.
2174 2927 2250 2981 De
2300 2944 2358 2981 eo
2404 2927 2538 2998 quod
2575 2927 2816 2996 scriptum
2863 2936 2964 2992 est,
3031 2926 3289 2980 Existimo
3352 2929 3494 2982 enim

1988 3019 2127 3088 quod
2152 3035 2254 3073 non
2273 3020 2378 3073 sint
2394 3019 2672 3089 condignae
2695 3019 2966 3087 passiones
2988 3018 3142 3087 hujus
3159 3019 3412 3086 letttpol'is
3429 3020 3494 3074 ad

1989 3109 2215 3164 futuram
2235 3111 2453 3180 gloriam
2473 3126 2589 3178 qua:
2617 3109 2934 3163 revelabitur
2965 3109 3013 3161 in
3045 3109 3194 3162 nobis
3217 3127 3228 3170 ς
3260 3125 3414 3179 usque
3431 3109 3497 3161 ad

1987 3203 2042 3255 id
2091 3202 2225 3272 quod
2278 3203 2464 3254 dictum
2491 3212 2591 3266 est,
2638 3201 2742 3270 Spe
2787 3200 2930 3254 enim
2975 3200 3103 3254 salvi
3154 3199 3276 3253 facti
3315 3215 3499 3255 sumus

1990 3296 2163 3366 (Rom.
2192 3311 2283 3349 vnt
2303 3334 2318 3360 ,
2355 3293 2546 3364 lii-24).

1990 3391 2041 3444 Ι.
2087 3390 2196 3443 lloc
2235 3389 2520 3457 capitulum
2567 3386 2849 3440 obscurum
2892 3395 3004 3447 est,
3053 3386 3172 3453 quia
3219 3398 3321 3437 non
3370 3384 3499 3438 satis

1917 3481 2004 3536 hic
2033 3489 2251 3550 apparet
2275 3495 2432 3548 quam
2462 3492 2600 3531 nunc
2645 3484 2797 3529 vocet
2833 3485 3149 3529 creaturam.
3183 3475 3381 3528 Dicitur
3406 3490 3500 3526 au-

1920 3582 2023 3628 tem
2052 3571 2340 3626 secundum
2370 3569 2682 3624 catholicam
2709 3567 3038 3635 disciplinam
3060 3577 3320 3630 creatura,
3349 3567 3501 3635 quid-

1917 3664 2040 3734 quid
2074 3662 2197 3717 lecit
2246 3670 2300 3716 et
2346 3659 2584 3715 condidit
2609 3659 2746 3712 Deus
2790 3657 2976 3718 Pater,
3028 3674 3120 3724 per
3172 3659 3494 3724 unigenitum

1917 3755 2147 3822 Filium,
2190 3756 2241 3808 in
2270 3755 2467 3807 unitate
2508 3752 2733 3821 Spiritus
2761 3751 2947 3804 sant-ti.
3001 3749 3138 3818 Ergo
3189 3766 3291 3802 non
3324 3749 3494 3802 solum

1917 3861 2170 3915 corpora,
2194 3843 2287 3898 sed
2317 3844 2474 3898 etiam
2501 3843 2690 3895 anima:
2728 3851 2922 3894 nostrm.
2952 3856 3012 3892 ac
3041 3841 3257 3906 Spiritus
3285 3850 3498 3892 creatu-

1917 3954 1992 3993 ra:
2034 3937 2246 3991 nomine
2282 3934 2643 3989 continentur.
2675 3931 2760 3984 Sic
2790 3939 2965 3983 autem
2995 3929 3190 3982 dictmn
3222 3937 3302 3982 est
3323 3971 3336 3991 ,
3374 3927 3497 3996 Ipsa

1916 4040 2144 4083 creatura
2178 4025 2467 4080 liberabitur
2503 4040 2534 4075 a
2578 4023 2808 4076 servitute
2836 4021 3095 4084 interitus,
3132 4021 3181 4071 in
3223 4019 3496 4071 libertatem

1916 4121 2092 4192 gloria:
2131 4119 2348 4187 ﬁliorum
2395 4115 2486 4168 Dei
2515 4131 2533 4167 :
2567 4113 2714 4183 quasi
2757 4127 2854 4164 nos
2885 4127 2986 4164 non
3031 4111 3196 4162 siums
3215 4121 3452 4163 creatura
3479 4149 3496 4174 ,

1918 4211 2010 4266 sed
2042 4209 2130 4263 lilii
2166 4209 2292 4272 Dei,
2323 4207 2370 4259 in
2401 4220 2623 4275 quormn
2655 4204 2834 4272 glorim
2865 4203 3157 4254 libertatem
3191 4201 3499 4255 liberabitur

1918 4319 1947 4357 a
1991 4301 2245 4357 servitute
2288 4308 2550 4353 creatura.
2586 4293 2712 4347 Item
2761 4292 2920 4350 dicit.
2976 4291 3177 4345 Scimus
3215 4291 3346 4342 enim
3379 4293 3499 4360 quia

1919 4395 2078 4451 omnis
2116 4404 2343 4447 creatura
2381 4385 2696 4458 congemiscit
2727 4393 2770 4438 et
2808 4384 2939 4435 dolet
2979 4399 3132 4452 usque
3167 4382 3368 4446 adhuc;
3398 4399 3498 4436 non

1918 4487 2078 4542 solum
2112 4493 2276 4537 autem
2305 4480 2421 4543 illa,
2451 4478 2542 4532 sed
2569 4485 2614 4530 et
2657 4493 2746 4528 nos
2771 4473 2870 4543 ipsi
2894 4489 2913 4527 :
2945 4482 3188 4540 tanquam
3235 4472 3376 4524 aliud
3421 4473 3499 4525 si-

1921 4597 2038 4636 mus
2067 4595 2161 4633 nos
2183 4620 2196 4643 ,
2229 4574 2369 4630 aliud
2409 4573 2584 4628 omnis
2611 4577 2871 4624 creatura.
2912 4567 3102 4620 Totum
3132 4579 3258 4633 ergo
3293 4566 3499 4633 capitu-

1922 4673 2029 4728 lum
2059 4667 2406 4740 particulatim
2433 4659 2874 4719 eonsidcrandum
2903 4666 3002 4712 est.

1991 4767 2044 4820 2.
2078 4765 2326 4818 Existimo
2363 4759 2529 4823 enim,
2575 4753 2776 4823 inquit,
2821 4750 2953 4820 quod
2995 4750 3217 4820 indigna:
3242 4751 3341 4803 sint
3379 4768 3499 4820 pas-

1923 4859 2085 4913 siones
2111 4855 2265 4918 huius
2291 4848 2524 4917 temporis
2553 4843 2621 4896 ad
2647 4845 2869 4914 futuram
2897 4840 3141 4910 gloriam,
3169 4855 3282 4910 qua:
3315 4841 3505 4893 revela-

1925 4951 2055 5004 bitur
2075 4949 2126 5000 in
2148 4945 2324 4998 nobis:
2354 4939 2455 4993 hoc
2483 4935 2820 4990 manifestum
2858 4943 2958 4986 est.
2993 4931 3204 4984 Dixerat
3231 4932 3371 4984 enim
3415 4946 3504 4984 sn-

1926 5040 2133 5110 perius,
2167 5036 2228 5090 Si
2265 5042 2428 5085 autem
2457 5029 2638 5099 spiritu
2675 5027 2809 5095 facta
2839 5024 3004 5076 carnis
3047 5022 3464 5088 mortiﬁcaveritis
3488 5064 3502 5084 ,

1923 5131 2110 5186 eiectis.
2167 5123 2315 5192 Quod
2347 5121 2459 5176 ﬁeri
2503 5135 2608 5173 non
2639 5126 2810 5186 potest
2854 5115 2969 5168 sine
2997 5114 3236 5167 molestia
3258 5154 3273 5178 ,
3302 5113 3381 5166 cui
3415 5127 3506 5180 pa-

1927 5222 2108 5279 tientia
2136 5213 2434 5272 necessaria
2459 5220 2559 5266 est.
2582 5209 2698 5276 Quo
2723 5207 2948 5277 pertinet
2968 5214 3021 5258 et
3046 5203 3185 5274 quod
3206 5205 3358 5272 paulo
3383 5213 3506 5257 ante

1926 5314 2020 5376 ait,
2039 5312 2099 5367 Si
2113 5321 2276 5364 tamen
2291 5323 2398 5360 com
2405 5306 2642 5376 patimur,
2656 5309 2710 5352 ut
2726 5309 2770 5351 et
2787 5297 3219 5367 congloriﬁcemur
3236 5293 3394 5365 (Ibid.
3418 5295 3504 5358 l3,

1928 5405 2036 5477 t7).
2068 5402 2219 5472 Quod
2247 5401 2422 5468 itaque
2445 5395 2539 5461 ait,
2561 5392 2700 5446 Nunt
2720 5389 3020 5458 exspectatio
3048 5396 3289 5440 creatura
3313 5383 3505 5437 revela-

1991 5546 2006 5576 ¹
2034 5547 2133 5590 Rat.
2162 5545 2212 5587 et
2235 5535 2457 5644 pleriﬂue
2486 5538 2616 5590 Mss,
2648 5523 2986 5596 Subjuuqitur;
3025 5525 3075 5567 et
3091 5515 3214 5566 infra
3231 5552 3246 5576 ,
3269 5528 3364 5565 non
3387 5515 3504 5587 sub-

1991 5602 2227 5644 mnehamr.
2257 5597 2336 5644 alii
2395 5609 2456 5643 uo
2473 5593 2611 5644 libri,
2647 5586 2966 5644 Subjugatur;
2991 5588 3042 5630 et
3061 5585 3193 5641 post,
3217 5590 3312 5628 non
3335 5577 3504 5641 sub”-

1917 5577 2336 5670 juug'ebdttir.'alii
2345 5577 2456 5644 1166
2473 5577 2616 5651 libri;
2647 5577 2934 5649 Subj'ug'atur
2950 5577 2977 5642 ;’
2991 5588 3042 5630 et
3061 5585 3193 5641 post,
3217 5590 3312 5628 non
3335 5577 3504 5641 subju-

1924 5668 2144 5729 nubatur.
