3996 6282
552 225 628 280 ‘67
1269 221 1355 276 DE
1396 219 1711 278 DIVERSIS
1748 217 2275 288 QUASSTIONIBUS
2310 218 2573 276 LXXXIII
2599 264 2614 288 ,
2657 222 2714 277 S.
2756 222 3116 280 AUGUSTiNl
3807 224 3877 286 ω

550 343 744 394 tionem
769 339 991 409 ﬁliorum
1028 336 1122 391 Dei
1157 346 1410 407 exspectat
1427 353 1448 401 ;
1486 337 1589 392 hoc
1617 352 1738 393 eum
1769 344 1895 406 puto
1940 335 2139 390 dicere.

557 431 688 485 Nam
730 440 784 487 et
825 432 926 485 hoc
953 431 1125 500 ipsum
1155 429 1295 500 quod
1337 431 1389 484 iu
1439 430 1592 485 nobis
1615 429 1793 494 dolet,
1838 444 1962 485 cum
2009 426 2144 484 facta

552 525 730 579 carnis
761 524 1173 589 mtirtilicamus,
1220 522 1272 577 id
1301 532 1413 589 εει,
1444 537 1566 577 ειιιη
1597 522 1860 577 esurimus
1902 530 1992 576 aut
2028 521 2144 575 siti-

556 632 677 671 mus
704 632 800 686 per
822 616 1233 683 abstinentiam,
1266 615 1393 670 dum
1443 616 1711 671 frenamus
1736 615 2142 671 delectationem

554 710 865 765 concubitus
896 724 990 778 per
1012 709 1308 764 castitatem
1329 749 1343 774 ,
1366 707 1492 762 dum
1522 707 1833 778 injuriarum
1861 706 2141 762 laceratio—

556 817 652 857 nes
679 810 733 857 et
753 800 1190 856 contumeliarum
1212 800 1424 855 aculeos
1454 815 1551 869 per
1571 799 1875 870 patientiam
1905 798 2138 854 sustine-

554 908 709 960 mus,
738 891 863 946 dum
903 891 1161 962 neglectis
1189 900 1350 963 atque
1396 890 1612 960 rejectis
1657 891 2015 959 voluptatibus
2052 904 2143 945 ne-

553 984 679 1039 stris
706 998 801 1054 pro
851 982 1022 1038 fructu
1069 984 1256 1037 matris
1303 982 1555 1037 Ecclesiae
1594 981 1936 1048 laboramus;
1980 981 2137 1051 quid-

552 1075 678 1145 quid
709 1076 761 1130 in
788 1075 940 1130 nobis
967 1075 1019 1129 in
1042 1073 1142 1129 hac
1169 1084 1327 1146 atque
1354 1073 1654 1144 hujusmodi
1679 1074 1950 1131 attritione
1970 1073 2135 1141 dolet,

550 1176 796 1225 creatura
813 1175 912 1221 est.
948 1167 1097 1221 Dolet
1112 1167 1254 1222 enim
1279 1182 1475 1238 corpus
1503 1175 1557 1222 et
1570 1168 1746 1223 anima
1768 1209 1783 1233 ,
1809 1183 1928 1239 quae
1955 1169 2138 1239 utique

550 1268 793 1313 creatura
819 1268 920 1322 est,
949 1265 1003 1312 ct
1021 1266 1296 1327 exspectat
1324 1259 1703 1314 revelationem
1750 1258 1974 1314 filiorum
2006 1259 2133 1325 Dei;

548 1348 603 1403 id
632 1358 708 1402 cst
731 1391 746 1412 ,
768 1356 1042 1418 exspectat
1069 1348 1281 1418 quando
1303 1357 1555 1419 appareat
1579 1348 1720 1419 quod
1747 1358 1989 1404 vocatum
2018 1357 2133 1414 est,

548 1437 604 1492 in
632 1454 693 1494 ea
720 1439 884 1509 gloria
929 1438 996 1494 ad
1025 1453 1185 1509 quam
1215 1449 1458 1509 vocatum
1489 1447 1588 1495 est.
1631 1438 1764 1507 Quia
1795 1439 1937 1495 enim
1968 1438 2137 1496 Filius

547 1529 643 1584 Dei
670 1529 970 1600 unigenitus
995 1545 1100 1585 non
1143 1538 1317 1599 potest
1358 1530 1619 1600 appellari
1663 1539 1936 1597 creatura,
1969 1545 2136 1600 quan-

544 1620 830 1692 doquidem
862 1636 957 1691 per
994 1620 1167 1692 ipsum
1214 1619 1350 1676 facta
1393 1631 1519 1676 sunt
1562 1622 1739 1676 omnia
1784 1636 2135 1692 quaecumque

545 1711 688 1768 Deus
714 1710 860 1779 fecit,
889 1712 1136 1767 distincte
1160 1712 1321 1766 etiam
1342 1726 1438 1767 nos
1462 1725 1714 1767 vocamur
1737 1720 1979 1768 creatura
2007 1721 2132 1769 ante

543 1800 689 1858 illam
738 1802 1057 1858 evidentiam
1099 1802 1321 1873 gloriae,
1362 1810 1419 1859 et
1458 1802 1704 1858 distincte
1732 1818 1984 1859 vocamur
2036 1803 2131 1859 lilii

543 1892 674 1958 Dei,
704 1893 944 1963 quamvis
990 1892 1093 1947 hoc
1132 1891 1418 1962 adoptione
1463 1907 1762 1949 mereamur
1807 1909 1823 1948 :
1866 1908 1988 1949 nam
2040 1894 2131 1950 ille

540 1986 847 2057 unigenitus
888 1994 1077 2041 natura
1121 1985 1289 2041 Filius
1317 1995 1419 2042 est.
1462 1986 1602 2057 Ergo
1633 1987 1939 2058 exspectatio
1980 2004 2127 2043 συνείη

543 2082 704 2141 turre,
753 2074 804 2129 id
843 2084 957 2141 est,
988 2075 1313 2145 exspectatio
1339 2082 1518 2130 nostra
1555 2115 1573 2140 ,
1602 2076 1951 2131 reuelationem
1994 2077 2132 2147 ﬁlio-

539 2181 655 2219 rum
684 2164 781 2220 Dei
816 2174 1113 2236 exspectat;
1159 2164 1210 2219 id
1257 2173 1372 2233 est,
1421 2173 1694 2235 exspectat
1731 2166 1943 2236 quando
1966 2180 2129 2237 appa-

497 2248 503 2254 ’
540 2265 658 2312 real
677 2254 818 2325 quod
849 2257 1165 2326 promissum
1192 2265 1293 2320 εει,
1325 2255 1539 2325 quando
1564 2271 1623 2311 re
1647 2256 1758 2326 ipsa
1786 2256 2126 2313 manifestum

539 2345 769 2416 sitquod
805 2360 944 2400 nunc
982 2360 1079 2415 spe
1130 2360 1331 2399 sumus.
1381 2344 1509 2399 Filii
1535 2346 1677 2400 enim
1703 2344 1803 2401 Dei
1831 2363 2036 2415 sumus,
2078 2357 2126 2403 et

539 2435 765 2490 nondum
804 2437 1042 2505 apparuit
1078 2435 1201 2504 quid
1227 2436 1431 2489 erimus.
1460 2435 1661 2490 Scimus
1687 2446 1853 2491 autent
1886 2439 2125 2508 quoniam

536 2542 655 2580 cum
676 2527 998 2596 apparuerit,
1031 2524 1218 2581 similes
1256 2526 1302 2579 ei
1328 2527 1512 2580 erimus
1531 2567 1544 2592 ,
1584 2528 1822 2597 quoniam
1850 2528 2125 2583 videbimus

535 2632 652 2671 eum
678 2616 826 2672 sicuti
847 2626 918 2670 est
945 2616 987 2686 (l
1016 2615 1174 2670 Joan.
1200 2632 1255 2670 ιιι
1276 2656 1290 2680 ,
1329 2615 1404 2686 2).
1435 2616 1551 2685 Ipsa
1580 2623 1665 2671 est
1702 2618 1956 2673 revelatio
1990 2619 2126 2674 lilio-

536 2723 656 2763 rum
685 2708 795 2772 Dei,
824 2722 982 2776 quam
1011 2721 1150 2761 nunc
1176 2715 1451 2775 exspectat
1474 2708 1798 2774 exspectatio
1826 2717 2119 2765 creatum:

535 2812 644 2866 non
693 2796 834 2867 quod
864 2805 1109 2852 creatura
1157 2796 1538 2851 revelatiuucm
1583 2805 1854 2866 exslrectet
1904 2798 2122 2856 alterius

534 2900 739 2945 naturae
764 2930 778 2953 ,
807 2904 927 2959 qua:
956 2903 1060 2942 non
1090 2890 1159 2941 sit
1186 2896 1462 2950 creatura;
1494 2887 1588 2940 sed
1626 2887 1735 2956 ipsa
1779 2889 1951 2958 qualis
1980 2904 2123 2946 nunc

534 2988 621 3035 est
645 3020 661 3045 ,
689 2986 969 3048 ex5pectat
988 2977 1199 3048 quando
1220 2978 1289 3031 sit
1314 2978 1485 3046 qualis
1512 2976 1685 3030 futura
1711 2988 1793 3033 est
1821 2995 1835 3030 :
1871 2989 2117 3050 tanquam

534 3070 581 3126 si
610 3070 909 3133 diceretur,
939 3067 1205 3138 Operaute
1230 3068 1429 3137 pictore
1451 3065 1705 3136 Subjectis
1727 3067 1828 3123 sibi
1852 3070 2120 3127 coloribus

530 3167 590 3216 ει
615 3159 681 3215 ad
702 3174 834 3230 opus
863 3159 979 3227 ejus
1009 3158 1206 3228 paratis
1225 3199 1239 3224 ,
1297 3158 1596 3226 expectatio
1622 3158 1862 3213 colorum
1892 3160 2119 3216 manife—

533 3254 817 3310 stationem
844 3252 1086 3323 imaginis
1102 3259 1398 3319 exspectat:
1418 3265 1519 3303 non
1549 3251 1668 3320 quia
1698 3260 1822 3306 tunc
1846 3260 1968 3306 sunt
1991 3251 2115 3321 alii,

526 3356 588 3401 -ει
611 3346 700 3400 alii
725 3355 904 3411 erunt,
933 3352 1022 3397 aut
1052 3358 1155 3397 non
1185 3340 1391 3396 colores
1406 3352 1590 3407 erunt;
1620 3343 1714 3398 sed
1746 3351 1947 3397 tantum
1974 3344 2118 3415 quod

532 3438 690 3492 aliam
719 3436 1028 3505 dignitatem
1056 3433 1343 3488 habebunt.

603 3529 658 3583 5.
728 3526 953 3581 Vanitati
1006 3526 1166 3589 enim,
1228 3525 1430 3595 inquit,
1488 3536 1716 3579 creatura
1758 3526 1981 3596 subjecta
2019 3537 2115 3585 est.

531 3620 646 3675 Hoc
674 3627 757 3675 est
796 3617 923 3674 illud
954 3634 969 3670 :
1013 3616 1220 3671 Vauitas
1258 3616 1587 3670 vauitautium
1620 3618 1658 3681 ί,
1687 3626 1732 3671 et
1770 3616 1940 3671 omnia
1971 3621 2116 3674 uani-

530 3722 630 3766 tas.
666 3710 792 3777 Quir
818 3707 1129 3762 abundantia
1171 3716 1242 3761 est
1294 3706 1484 3759 homini
1526 3707 1577 3759 iu
1602 3708 1740 3760 omni
1781 3707 1950 3764 labore
1983 3726 2112 3779 suo,

529 3816 678 3872 quem
705 3800 814 3869 ipse
839 3797 1033 3852 laborat
1069 3798 1160 3851 sub
1203 3796 1310 3850 sole
1362 3796 1555 3873 (Eccle.
1584 3812 1636 3863 ι,
1683 3796 1752 3863 2,
1774 3797 1872 3868 3)?
1899 3799 1995 3855 Cui
2036 3800 2117 3855 di-

530 3904 674 3948 ctum
690 3903 791 3956 εει,
821 3890 887 3944 lu
916 3891 1086 3944 labore
1108 3889 1431 3944 mauducabis
1457 3906 1641 3960 partem
1672 3899 1810 3945 tuum
1838 3889 1989 3964 (Gen.
2021 3908 2109 3961 ιιι,

530 3983 647 4053 19).
686 3979 906 4036 Vanitati
931 3994 1058 4050 ergo
1104 3989 1339 4033 creatura
1382 3980 1608 4050 subjecta
1635 3988 1741 4044 est,
1787 3997 1886 4035 non
1915 3991 2110 4051 sponte.

530 4072 677 4130 Bene
719 4071 952 4128 additum
981 4082 1095 4137 est,
1123 4086 1224 4124 non
1262 4080 1459 4140 sponte.
1492 4070 1663 4127 Homo
1690 4072 1885 4142 quippe
1925 4082 2114 4142 sponte

529 4165 799 4238 peccavit;
841 4164 935 4220 sed
971 4179 1076 4219 non
1122 4172 1312 4234 Sponte
1369 4164 1650 4219 damnatus
1700 4173 1799 4220 est.
1832 4165 2113 4221 Peccatum

529 4259 707 4329 itaque
754 4256 850 4311 fuit
901 4266 1285 4326 spontaneum,
1341 4265 1525 4309 contra
1578 4265 1897 4326 prmceptum
1939 4258 2113 4315 facere

530 4351 768 4406 veritatis
797 4366 810 4401 :
840 4346 1043 4418 peccati
1078 4356 1253 4400 autem
1281 4360 1436 4414 paena
1458 4388 1473 4411 ,
1506 4346 1694 4416 subjici
1721 4347 1964 4402 fallacia).
1993 4348 2112 4404 Non

440 4412 445 4423 '
527 4457 656 4512 ergo
679 4412 867 4510 sponte
886 4446 1128 4493 creatura
1159 4412 1392 4504 subjecta
1418 4446 1501 4490 εει
1521 4412 1736 4492 vanitati
1761 4455 1774 4491 :
1800 4440 1890 4493 sed
1910 4450 2114 4511 prapter

528 4547 640 4585 eum
660 4531 744 4600 qui
768 4528 977 4598 subjecit
1002 4542 1111 4581 eam
1132 4528 1185 4580 iu
1209 4543 1340 4594 spe;
1377 4526 1427 4580 id
1486 4535 1571 4581 est
1589 4567 1604 4593 ,
1635 4537 1853 4597 pr0pter
1881 4530 1996 4599 ejus
2019 4533 2109 4602 ju-

528 4623 724 4677 stitiam
755 4631 913 4690 atque
941 4619 1272 4674 clementiam
1297 4659 1311 4683 ,
1340 4618 1427 4688 qui
1449 4633 1623 4688 neque
1644 4620 1957 4688 impunitum
1979 4623 2109 4679 reli-

526 4714 643 4781 quit
666 4720 962 4782 peccatum,
987 4724 1159 4781 neque
1191 4709 1541 4765 insanabilem
1566 4710 1729 4765 voluit
1748 4727 1867 4769 esse
1886 4728 2109 4784 peccan-

526 4812 656 4859 tem.

596 4896 635 4950 4
685 4892 819 4959 Quia
858 4900 903 4947 et
930 4891 1043 4961 ipsa
1080 4898 1340 4955 creatura,
1386 4890 1437 4944 id
1463 4898 1546 4946 est
1568 4932 1582 4958 ,
1613 4892 1726 4962 ipse
1752 4892 1939 4964 homo,
1984 4912 2106 4953 cum

521 4990 634 5056 jam
674 4984 946 5056 signaculo
970 4983 1212 5053 imaginis
1237 4992 1453 5052 propter
1482 4993 1757 5053 peccatum
1783 4989 1979 5045 amisso
2020 5006 2108 5048 re-

524 5077 721 5133 mansit
747 5073 1110 5130 tantummodo
1127 5084 1372 5129 creatura
1397 5075 1475 5146 (a)
1509 5095 1521 5129 :
1550 5087 1595 5131 et
1624 5079 1736 5148 ipsa
1762 5079 1941 5150 itaque
1965 5099 2107 5137 crea-

526 5177 672 5233 tura,
707 5166 758 5221 id
807 5173 925 5232 est,
967 5175 1022 5220 et
1048 5164 1160 5234 ipsa
1187 5180 1305 5235 qua:
1348 5166 1581 5222 nondum
1619 5178 1843 5225 vocatur
1872 5171 2103 5228 ﬁliorum

524 5260 692 5314 forma
726 5255 987 5327 perfecta,
1019 5254 1114 5310 sed
1138 5263 1341 5309 tantum
1365 5265 1581 5312 vocatur
1608 5268 1880 5325 creatura,
1921 5261 2106 5316 libem-

525 5350 658 5403 bitur
681 5364 713 5402 a
739 5346 972 5401 servitute
1011 5345 1259 5401 interitus.
1291 5346 1441 5414 Quod
1485 5349 1661 5419 itaque
1687 5351 1795 5420 ait,
1823 5360 1870 5405 et
1898 5352 2015 5424 ipsa
2040 5352 2104 5407 ιε-

586 5476 1071 5547 {editi
1089 5485 1146 5529 At
1176 5484 1304 5540 Mss,
1680 5485 1752 5547 sic
1767 5482 2024 5547 aliquando
2045 5500 2104 5537 se

523 5544 574 5593 tn
594 5538 912 5609 latinislibris
930 5538 1117 5603 legisse
1144 5538 1349 5592 testatur
1375 5538 1684 5608 Augustinus,
1711 5544 1793 5595 lib.
1824 5538 2102 5609 t'netract.,

523 5603 706 5721 “iiii
732 5669 932 5715 neu-act.
952 5674 1057 5726 cap.
1083 5661 1159 5715 26.

2255 335 2538 403 iterabitur,
2582 337 2706 393 facit
2752 341 3005 411 intelligi,
3036 350 3083 395 et
3109 341 3253 410 ipsa,
3285 345 3775 416 quemadmodum
3821 363 3875 410 et

2250 439 2377 490 nos,
2426 426 2477 481 id
2505 435 2616 492 est,
2665 436 2719 483 ct
2746 429 2813 485 de
2841 431 2970 499 ipsis
3008 447 3112 486 nun
3139 441 3221 488 est
3264 433 3731 504 desperandum,
3780 442 3872 512 qui

2250 518 2483 573 nondum
2529 530 2784 576 vocantur
2831 522 2922 576 lilii
2969 524 3096 591 Dei,
3129 525 3249 595 quia
3298 529 3542 585 nondum
3599 532 3865 587 credide-

2249 619 2404 670 runt,
2437 611 2529 665 sed
2579 604 2780 668 tantum
2829 624 3071 670 creatura
3115 618 3279 687 :quia
3330 628 3384 674 et
3427 621 3533 690 ipsi
3592 622 3865 679 credituri

2248 708 2401 767 sunt,
2440 708 2494 755 et
2523 701 2887 759 liberabuntur
2910 721 2942 760 a
2977 708 3231 763 servitute
3258 708 3540 778 interitus,
3590 716 3867 783 quemad-

2246 790 2462 845 modum
2507 807 2605 847 nos
2630 794 2717 864 qui
2750 794 2860 864 jam
2902 796 2995 850 lilii
3025 796 3121 852 Dei
3159 814 3377 864 sumus,
3406 803 3676 870 quamvis
3725 818 3864 858 nou-

2244 880 2370 935 dum
2400 884 2705 953 apparuerit
2747 886 2873 955 quid
2924 888 3144 944 erimus.
3188 890 3603 949 Liberabuntur
3656 911 3796 966 ergo
3829 912 3859 950 a

2243 972 2501 1029 servitute
2539 975 2818 1044 interitus,
2847 978 2902 1033 iu
2939 978 3215 1036 libertatem
3243 983 3421 1053 gloria:
3443 986 3695 1054 ﬁliorum
3724 986 3861 1051 Dei;

2243 1061 2296 1117 id
2335 1072 2451 1129 est,
2503 1072 2558 1120 et
2594 1066 2693 1137 ipsi
2740 1077 2898 1124 erunt
2925 1085 2989 1126 ex
3016 1074 3185 1127 servis
3224 1074 3423 1141 liberi,
3453 1085 3507 1132 ει
3583 1092 3660 1132 ex
3712 1094 3860 1132 mor-

2244 1152 2350 1208 tuis
2400 1153 2618 1224 gloriosi
2664 1156 2716 1211 in
2764 1157 2871 1213 vita
2911 1159 3143 1230 perfecta
3169 1201 3184 1229 ,
3216 1177 3376 1234 quam
3421 1163 3723 1221 habebunt
3764 1166 3855 1223 lilii

2244 1243 2361 1300 Dei.

2311 1337 2366 1393 5.
2394 1336 2599 1393 Scimus
2623 1340 2754 1394 enim
2792 1342 2913 1412 quia
2955 1344 3116 1399 omnis
3154 1355 3384 1401 creatura
3425 1349 3774 1420 oongemiscit
3809 1360 3854 1405 et

2239 1428 2374 1483 dolet
2396 1446 2550 1501 usque
2574 1432 2760 1486 adhuc.
2779 1433 2964 1489 Omnis
2989 1445 3230 1491 creatura
3252 1438 3305 1493 in
3330 1438 3552 1495 homine
3584 1455 3849 1498 numera.

2240 1527 2345 1584 tur,
2386 1537 2490 1576 non
2511 1523 2651 1593 quod
2681 1525 2733 1579 in
2762 1541 2826 1579 eo
2851 1526 2957 1581 sint
2985 1542 3173 1584 omnes
3195 1530 3380 1601 Angeli
3401 1573 3415 1594 ,
3440 1541 3500 1587 et
3529 1533 3848 1607 superemi-

2234 1618 2425 1666 nentes
2453 1611 2686 1669 Virtutes
2722 1630 2786 1669 ac
2808 1615 3105 1673 Potestates
3124 1661 3139 1685 ,
3167 1629 3258 1676 aut
3292 1622 3486 1677 coelum
3524 1632 3588 1678 et
3622 1634 3769 1680 terra
3796 1635 3847 1681 et

2236 1713 2384 1755 mare
2411 1708 2465 1756 et
2492 1704 2667 1758 omnia
2697 1720 2815 1775 qua:
2853 1706 2905 1760 iu
2932 1708 3010 1762 eis
3028 1719 3181 1777 sunt;
3205 1710 3301 1766 sed
3322 1714 3443 1782 quia
3468 1714 3659 1769 omnis
3687 1730 3844 1772 crea-

2238 1796 2354 1844 tura
2384 1792 2572 1860 partim
2603 1795 2889 1862 spiritualis
2931 1807 3011 1865 est
3030 1838 3046 1865 ,
3076 1801 3264 1868 partim
3305 1801 3557 1859 animalis
3577 1843 3596 1869 ,
3645 1804 3841 1873 partim

2232 1882 2544 1951 corporalis.
2558 1882 2709 1951 Quod
2730 1894 2787 1939 ut
2804 1886 2871 1941 ab
2896 1886 3234 1945 inferioribus
3253 1891 3694 1961 consideremus,
3718 1908 3842 1949 cor-

2234 1972 2684 2041 poraliscreatura
2711 1992 2806 2047 per
2832 1978 2949 2034 loca
2976 1980 3238 2045 tenditur;
3260 1984 3507 2039 animalis
3534 1995 3729 2041 autem
3753 1985 3838 2041 vi-

2231 2062 2409 2119 viﬁcat
2431 2066 2790 2135 corporalem;
2813 2070 3103 2140 spiritualis
3129 2073 3412 2130 animalem
3442 2076 3606 2146 regit,
3631 2083 3690 2131 et
3712 2085 3835 2133 tunc

2231 2153 2367 2211 bene
2390 2157 2558 2227 regit,
2581 2172 2700 2214 cum
2731 2161 2840 2230 ipsa
2867 2163 3147 2234 regendam
3179 2179 3237 2221 se
3267 2165 3478 2237 sultjicit
3502 2169 3624 2224 Deo
3654 2188 3671 2224 :
3709 2183 3831 2225 etim

2229 2254 2405 2302 autem
2468 2250 2854 2320 transgreditur
2905 2263 3168 2325 prteccpta
3221 2257 3371 2326 ejus,
3431 2258 3715 2316 laboribus
3775 2267 3830 2317 et

2228 2339 2480 2395 utrumuis
2518 2355 2614 2410 per
2636 2341 2821 2398 eadem
2850 2344 2959 2414 ipsa
2984 2361 3102 2416 quae
3130 2362 3315 2418 regere
3338 2358 3548 2419 poterat
3580 2351 3829 2421 implicas

2231 2436 2333 2482 tur.
2376 2429 2477 2496 Qui
2521 2446 2647 2502 ergo
2687 2434 2818 2488 vivit
2859 2450 2923 2489 ex
2953 2451 3213 2506 corpore,
3252 2440 3484 2496 carnalis
3525 2440 3696 2498 homo
3742 2441 3824 2498 vel

2227 2520 2471 2577 animalis
2515 2532 2736 2579 vocatur
2764 2544 2777 2580 :
2809 2529 3038 2583 carnalis
3061 2572 3076 2593 ,
3116 2531 3239 2600 quia
3263 2534 3494 2588 carnalia
3541 2543 3820 2602 sectatur;

2225 2611 2471 2667 animalis
2495 2624 2669 2669 autem
2693 2657 2707 2682 ,
2740 2617 2860 2686 quia
2889 2618 3055 2675 fertur
3080 2621 3334 2678 dissoluta
3366 2625 3585 2682 lascivia
3629 2628 3822 2684 animat

2226 2714 2336 2754 sua:
2359 2742 2374 2765 ,
2402 2718 2558 2773 quam
2592 2722 2693 2761 non
2725 2709 2860 2778 regit
2904 2711 3154 2779 spiritus,
3202 2728 3372 2784 neque
3412 2728 3635 2773 coercet
3686 2719 3817 2773 intra

2225 2802 2393 2848 metas
2430 2799 2685 2853 naturalis
2728 2801 2966 2866 ordinis;
3008 2805 3130 2874 quia
3175 2814 3228 2860 et
3270 2806 3383 2876 ipse
3412 2822 3470 2864 se
3498 2825 3612 2865 non
3643 2809 3818 2866 subdit

2224 2885 2512 2954 regendum
2544 2888 2669 2944 Deo.
2703 2889 2802 2956 Qui
2844 2902 3020 2948 autem
3054 2893 3241 2963 spiritu
3279 2897 3509 2953 animam
3557 2900 3731 2971 regit,
3764 2909 3846 2955 et.

2223 2988 2321 3042 per
2366 2976 2595 3031 animam
2641 2994 2833 3049 corpus
2866 2981 3029 3053 (quod
3074 2984 3248 3041 facere
3292 3003 3396 3042 non
3448 2998 3665 3058 potest,
3715 2990 3811 3045 nisi

2225 3064 2392 3121 Deum
2418 3066 2608 3124 habeat
2636 3079 2687 3124 et
2714 3071 2826 3142 ipse
2851 3082 3112 3128 rectorem
3134 3116 3148 3136 ,
3183 3077 3434 3145 quoniam
3477 3079 3618 3134 sicut
3658 3088 3813 3148 caput

2224 3157 2463 3214 mulieris
2490 3159 2588 3227 vir,
2622 3160 2690 3215 ita
2713 3173 2871 3232 caput
2898 3163 2994 3218 viri
3016 3165 3259 3222 Christus
3282 3176 3364 3222 est
3392 3167 3433 3241 [l
3462 3169 3585 3225 Cor.
3608 3188 3681 3229 tu.
3710 3169 3806 3245 τῆ),

2222 3256 2439 3302 vocatur
2491 3251 2798 3319 spiritualis.
2845 3253 2975 3322 Quae
3025 3257 3129 3310 vita
3170 3274 3290 3311 cum
3336 3260 3509 3329 aliqua
3567 3262 3808 3317 molestia

2220 3352 2363 3393 nunc
2387 3339 2579 3410 agitur,
2607 3350 2726 3411 post
2748 3352 2921 3398 autem
2948 3346 3146 3400 nullam
3189 3349 3434 3417 patietur.
3466 3350 3534 3405 Et
3557 3351 3804 3422 quoniam

2220 3432 2414 3487 summi
2439 3434 2625 3504 Angeli
2658 3436 3007 3504 spiritualiter
3034 3439 3248 3507 vivunt,
3279 3440 3442 3495 intimi
3478 3454 3660 3497 autem
3690 3442 3803 3496 ani-

2220 3522 2429 3578 maliter
2451 3525 2527 3596 (a)
2553 3567 2567 3591 ,
2595 3526 2777 3581 bestiae
2804 3543 2930 3582 vero
2957 3539 3011 3582 et
3043 3531 3217 3585 omnia
3257 3546 3446 3600 pecora
3484 3534 3800 3601 carnaliter,

2218 3625 2413 3682 corpus
2441 3623 2616 3669 autem
2640 3631 2745 3670 non
2774 3617 2935 3684 vivit,
2964 3620 3056 3675 sed
3085 3620 3414 3688 viviﬁcatur;
3447 3627 3622 3682 omnis
3651 3639 3800 3682 crea-

2219 3708 2336 3756 tura
2363 3702 2418 3761 io
2443 3702 2657 3758 homine
2681 3713 2794 3770 est,
2823 3708 2946 3777 quia
2974 3718 3027 3764 et
3052 3710 3295 3781 intelligit
3322 3712 3509 3782 spiritu
3527 3756 3542 3779 ,
3587 3725 3644 3771 et
3679 3729 3801 3770 sen-

2221 3794 2284 3855 ti:
2305 3795 2503 3863 animo,
2534 3807 2587 3852 et
2617 3797 2854 3854 localiter
2877 3814 3101 3871 corpore
3122 3814 3384 3859 movetur.
3410 3803 3599 3862 Omnis
3627 3807 3799 3878 itaque

2217 3896 2458 3944 creatura
2503 3889 2555 3944 in
2583 3890 2796 3947 homine
2820 3894 3162 3964 congemiscit
3205 3904 3260 3951 et
3292 3895 3455 3953 dolet.
3496 3897 3611 3954 Non
3659 3899 3795 3955 enim

2218 3986 2404 4046 totam,
2433 3980 2527 4036 sed
2555 3996 2767 4037 omnem
2790 3982 2957 4039 dixit:
2985 3993 3235 4056 tanquam
3258 3987 3300 4041 si
3327 3989 3447 4057 quis
3472 3988 3633 4055 dicat,
3660 3986 3793 4060 quod

2216 4069 2384 4124 solem
2409 4084 2595 4126 omnes
2624 4070 2865 4128 homines
2891 4074 3072 4129 vident
3097 4076 3187 4145 qui
3216 4085 3341 4131 sunt
3365 4079 3673 4141 incolumes.
3703 4076 3793 4133 sed

2217 4175 2323 4215 nou
2353 4161 2449 4215 toti
2472 4162 2686 4230 vident,
2707 4164 2828 4235 quia
2864 4173 3061 4220 tantum
3082 4167 3251 4222 oculis
3274 4167 3485 4223 vident:
3511 4170 3580 4224 ita
3612 4162 3664 4225 in
3694 4169 3791 4224 ho?

2216 4251 2358 4306 mine
2391 4251 2564 4307 omnis
2590 4262 2830 4309 creatura
2860 4263 2973 4320 εει,
3003 4256 3122 4326 quia
3149 4267 3201 4311 et
3237 4257 3476 4327 intelligit
3513 4269 3570 4314 et
3597 4260 3719 4314 vivit
3742 4267 3792 4313 ct

2214 4355 2409 4411 corpus
2436 4342 2614 4409 habet;
2645 4343 2737 4399 sed
2765 4359 2868 4399 nou
2901 4353 3007 4399 tota
3033 4358 3272 4400 creatura
3305 4347 3354 4401 in
3385 4349 3497 4417 ipso
3526 4360 3637 4415 est,
3675 4348 3787 4419 quia

2214 4443 2336 4489 sunt
2359 4444 2556 4505 praeter
2580 4436 2748 4505 ipsum
2777 4445 2831 4491 et
2858 4437 3045 4508 Angeli
3065 4480 3081 4505 ,
3111 4440 3198 4508 qui
3226 4439 3516 4511 intelligant
3542 4454 3591 4497 et
3615 4443 3789 4497 vivant

2212 4532 2267 4578 et
2293 4524 2418 4589 sint,
2449 4532 2503 4579 et
2530 4536 2720 4593 pecora
2749 4540 2866 4595 qua:
2894 4526 3072 4581 vivant
3101 4537 3152 4582 et
3178 4528 3313 4595 sint,
3341 4540 3391 4585 et
3420 4546 3645 4602 corpora
3674 4544 3786 4601 qua:

2214 4616 2577 4671 tantummodo
2605 4617 2736 4681 sint;
2765 4632 2884 4672 cum
2913 4618 3083 4690 ipsum
3113 4621 3288 4677 vivere
3321 4625 3488 4693 magis
3509 4626 3603 4690 sit,
3632 4636 3782 4695 quam

2212 4721 2316 4761 non
2344 4706 2548 4773 vivere,
2579 4717 2634 4763 et
2657 4708 2829 4778 ipsum
2854 4709 3146 4781 intelligere
3173 4715 3339 4784 magis
3360 4717 3456 4782 sit,
3488 4732 3643 4787 quam
3674 4716 3781 4771 sine

2212 4797 2484 4853 intellectu
2509 4798 2705 4854 vivere.
2731 4801 2861 4855 Cum
2898 4816 3024 4871 ergo
3067 4804 3227 4859 miser
3257 4804 3417 4861 homo
3444 4805 3781 4879 ceaigemiscit

2209 4896 2265 4944 et
2290 4890 2467 4952 dolet,
2510 4891 2683 4945 omnis
2710 4900 2951 4947 creatura
2990 4896 3333 4966 congemiscit
3355 4907 3410 4953 et
3448 4899 3592 4953 dolet
3621 4910 3777 4967 usque

2208 4981 2402 5035 adhuc.
2432 4980 2598 5051 Usque
2619 4982 2784 5036 adhuc
2816 4994 2989 5039 autem
3030 4995 3171 5041 recte
3190 4988 3323 5043 dixit
3356 5006 3370 5044 :
3400 4989 3518 5059 quia
3550 4992 3703 5045 etiam
3735 4985 3775 5040 si

2210 5071 2316 5125 sint
2351 5071 2507 5140 aliqui
2530 5071 2637 5140 jam
2665 5072 2716 5126 in
2747 5072 2864 5127 sinu
2900 5075 3126 5131 Abraha:
3151 5075 3300 5150 (Luc.
3324 5095 3409 5134 xv:
3431 5120 3445 5145 ,
3467 5079 3558 5153 25)
3580 5123 3594 5144 ,
3625 5089 3674 5134 et
3702 5079 3774 5131 la-

2210 5167 2295 5214 tro
2342 5158 2429 5213 ille
2474 5174 2593 5214 eum
2650 5160 2879 5217 Domino
2926 5164 2976 5219 in
3026 5166 3271 5235 paradiso
3315 5170 3630 5224 constitutus
3669 5164 3772 5241 (Id.

2211 5264 2347 5304 mu
2365 5290 2378 5314 ,
2407 5250 2522 5320 43),
2553 5250 2644 5305 illo
2667 5251 2755 5308 die
2779 5268 2884 5322 quo
2908 5255 3164 5323 credidit,
3193 5256 3376 5314 dolere
3395 5258 3670 5322 destiterit;
3699 5265 3774 5309 ta-

2209 5355 2330 5394 men
2360 5354 2526 5410 usque
2554 5341 2725 5396 adhuc
2748 5345 2922 5398 omnis
2950 5355 3188 5401 creatura
3217 5350 3561 5418 coagemiscit
3593 5356 3645 5404 et
3681 5344 3771 5400 do-

2209 5430 2283 5486 let
2307 5472 2323 5497 ,
2350 5431 2471 5500 quia
2497 5431 2548 5485 in
2575 5432 2637 5486 iis
2657 5433 2747 5502 qui
2782 5434 3013 5489 nondum
3045 5436 3251 5492 liberati
3280 5447 3403 5495 sunt
3421 5484 3436 5509 ,
3468 5438 3638 5496 omnis
3663 5443 3769 5501 est.

2206 5530 2426 5593 prepter
2449 5522 2692 5592 spiritum
2718 5533 2772 5578 et
2794 5525 3023 5581 animam
3052 5536 3107 5584 et
3125 5542 3337 5600 corpus.

2270 5668 2342 5729 (al
2368 5678 2382 5720 l
2407 5676 2631 5725 Retract..
2649 5684 2753 5734 cap.
2778 5672 2857 5723 26.
