3996 6282
199 290 262 348 ω
1602 275 1803 332 LIBER
1842 275 2046 334 unus.
3390 296 3468 370 πο

257 405 306 462 6.
337 401 459 458 Non
478 400 650 457 solum
667 405 859 463 autem,
893 395 1077 466 inquit,
1108 394 1284 450 omnis
1307 386 1546 451 ercatura
1577 408 1772 464 conge-

194 499 351 556 miscit
373 505 427 552 et
450 495 597 550 dolet
621 535 638 560 ,
664 493 756 548 sed
779 501 830 547 et
868 508 957 546 nos
980 491 1079 561 ipsi
1104 505 1123 545 :
1157 491 1208 545 id
1234 501 1315 546 est
1337 535 1350 555 ,
1385 507 1490 546 non
1516 492 1686 546 solum
1715 492 1768 546 in

194 592 391 646 homine
417 600 620 658 corpus
647 589 700 640 ct
724 582 900 638 anima
945 591 998 637 ct
1039 581 1256 652 spiritus
1297 581 1454 636 simul
1482 581 1667 637 dolent
1703 597 1768 637 ex

192 678 576 738 dilﬁcultatibns
601 676 841 747 corporis
861 717 874 739 ,
906 673 996 730 sed
1026 682 1080 729 et
1108 688 1206 729 nos
1225 673 1323 744 ipsi
1345 716 1359 742 ,
1387 675 1624 744 exceptis
1652 689 1774 729 cor-

189 775 409 846 poribus,
434 773 490 825 in
507 770 657 824 nobis
689 767 816 838 ipsis
832 766 1244 838 congemiscimus
1262 808 1278 832 ,
1307 767 1553 836 primitias
1583 766 1768 821 haben-

190 877 252 922 tes
281 863 502 932 spiritus.
537 861 610 916 E:
634 858 769 915 bene
790 859 956 925 dixit,
986 858 1236 929 primitias
1257 859 1490 914 habentes
1514 860 1722 930 spiritus
1749 875 1769 941 ς

189 958 236 1012 id
259 964 350 1017 est,
368 967 599 1024 quorum
617 950 725 1021 jam
755 950 972 1020 Spiritus
998 956 1246 1021 tanquam
1268 949 1587 1005 sacriﬁcium
1604 951 1766 1006 oblati

189 1056 299 1102 sunt
324 1046 429 1099 Deo
452 1087 468 1109 ,
492 1052 548 1098 et
573 1041 755 1098 divino
780 1040 1052 1096 charitatis
1079 1042 1199 1111 igne
1226 1042 1598 1112 comprehensi
1619 1050 1762 1097 sunt.

189 1139 271 1193 lla:
295 1144 411 1190 sunt
438 1133 692 1204 primitiae
712 1131 978 1198 hominis;
1020 1133 1140 1202 quia
1170 1133 1368 1188 veritas
1403 1133 1630 1202 primum
1666 1133 1768 1202 spi-

187 1227 330 1284 ritum
363 1236 613 1280 nostrum
645 1222 887 1288 obtinet,
919 1231 977 1276 ut
1013 1238 1109 1292 per
1134 1221 1275 1278 hunc
1300 1231 1492 1277 cretera
1523 1239 1766 1293 compre-

188 1320 488 1376 hendantnr.
516 1315 640 1371 1am
670 1331 796 1386 ergo
821 1314 980 1369 habet
1003 1314 1260 1383 primitias
1281 1315 1484 1370 oblatas
1511 1316 1644 1382 Deo,
1674 1318 1762 1386 qui

187 1410 298 1465 dicit
325 1427 338 1464 :
368 1407 541 1461 Mente
566 1407 731 1462 servio
769 1405 865 1476 legi
891 1405 1016 1473 Dei,
1047 1422 1198 1459 carne
1232 1416 1398 1461 autent
1438 1407 1534 1478 legi
1575 1410 1766 1476 peccati

189 1501 349 1572 (Rom.
377 1515 486 1564 vlt,
518 1497 641 1568 25).
677 1497 746 1551 Et
768 1497 856 1566 qui
881 1496 1008 1550 dicit
1040 1515 1051 1548 :
1088 1495 1224 1550 Deus
1249 1497 1331 1549 cui
1370 1499 1527 1551 servio
1565 1499 1617 1551 in
1659 1501 1764 1568 spi-

185 1593 274 1645 ritu
306 1606 408 1643 meo
447 1587 560 1660 (Id.
595 1604 648 1654 ι,
676 1587 753 1658 9).
785 1587 855 1641 Et
893 1587 960 1641 de
1003 1602 1109 1656 quo
1137 1587 1330 1642 dicitur
1360 1607 1372 1642 ε
1403 1588 1625 1656 Spiritus
1649 1591 1764 1660 qui-

185 1685 284 1738 dem
310 1690 572 1752 promptus
604 1688 712 1743 est,
739 1695 857 1733 caro
894 1688 1060 1732 autem
1095 1679 1298 1748 inﬁrma
1336 1678 1546 1753 (Matth.
1595 1697 1718 1736 XXVI
1743 1725 1758 1749 ,

189 1778 284 1845 ll).
305 1775 405 1830 Sed
431 1775 690 1842 quoniam
718 1772 890 1826 adhuc
914 1771 1073 1834 dicit,
1105 1769 1298 1839 Infelix
1325 1788 1414 1842 ego
1439 1771 1587 1825 homo
1607 1815 1620 1836 ,
1652 1773 1763 1844 quis

188 1885 255 1921 me
280 1864 495 1920 liberabit
516 1864 583 1917 de
606 1879 819 1932 corpore
846 1862 1019 1915 mortis
1047 1862 1198 1932 lmjus
1226 1862 1399 1933 (Rom.
1425 1877 1495 1915 vn
1513 1903 1528 1928 ,
1551 1862 1684 1933 24)?
1710 1871 1763 1918 et

185 1961 336 2015 adhuc
362 1959 554 2014 talibus
588 1958 820 2023 dicitur,
871 1955 1150 2025 Viriﬁcabit
1189 1965 1236 2008 et
1277 1956 1513 2009 mortalia
1549 1972 1762 2027 corpora

185 2063 326 2106 mtra
348 2060 552 2121 propter
570 2050 826 2120 Spiritum
847 2058 1128 2103 manentem
1155 2049 1205 2101 in
1229 2048 1361 2102 vobis
1379 2047 1430 2119 (1
1438 2047 1490 2101 d.
1515 2065 1626 2114 vm,
1648 2049 1758 2122 il);

186 2141 398 2195 nondum
420 2149 505 2195 est
537 2140 910 2195 holocaustum
944 2156 956 2190 :
985 2138 1087 2192 erit
1112 2151 1286 2193 autem
1309 2179 1324 2205 ,
1361 2154 1481 2194 cum
1502 2139 1758 2195 absorbe-

187 2232 311 2287 bitnr
336 2245 476 2286 mors
514 2231 568 2285 in
622 2229 936 2294 victoriam;
970 2243 1089 2282 etun
1130 2229 1177 2282 ei
1217 2228 1464 2296 dicetur,
1509 2229 1606 2284 Ubi
1646 2239 1757 2297 est,

189 2342 323 2390 mors,
343 2323 592 2378 contentio
626 2323 756 2375 tua?
779 2321 864 2374 ubi
891 2330 996 2386 est,
1025 2337 1178 2387 mors,
1201 2322 1404 2374 aculeus
1424 2331 1538 2374 tuus
1566 2321 1606 2394 (l
1637 2320 1755 2377 Cor.

189 2430 267 2481 xv,
283 2415 363 2479 5i,
389 2414 502 2484 55)?
527 2413 687 2467 Nunc
711 2427 857 2481 ergo,
882 2410 1070 2481 inquit,
1093 2427 1198 2464 non
1222 2411 1395 2464 soltnn
1413 2411 1586 2465 omnis
1606 2426 1758 2466 crea-

189 2515 291 2560 tura
311 2548 324 2570 ,
350 2505 397 2559 id
425 2512 528 2572 est,
558 2518 689 2558 cum
710 2517 953 2571 corpore,
986 2501 1074 2556 sed
1094 2502 1246 2554 etiam
1273 2519 1364 2556 nos
1386 2501 1485 2572 ipsi
1513 2503 1760 2572 primitias

194 2597 397 2651 habentes
423 2597 641 2666 spiritus
669 2613 681 2648 :
710 2594 760 2648 id
787 2603 885 2659 est,
922 2609 1017 2647 nos
1044 2594 1269 2660 animae,
1303 2609 1422 2663 qua:
1444 2595 1553 2662 jam
1588 2594 1761 2664 primi-

195 2690 285 2742 tias
302 2698 486 2743 mentes
507 2695 728 2741 nostras
749 2685 1038 2740 obtulimus
1071 2684 1207 2752 Deo,
1239 2686 1292 2738 in
1319 2685 1461 2739 nobis
1487 2686 1610 2754 ipsis
1639 2702 1759 2739 con-

195 2780 508 2849 gemiscimus,
536 2777 595 2832 id
627 2784 710 2831 est
728 2817 741 2840 ,
766 2784 959 2845 praeter
983 2791 1174 2844 corpus
1203 2793 1216 2828 :
1245 2777 1565 2846 adoptionem
1585 2793 1759 2847 exspe-

193 2881 389 2938 ctantes,
432 2870 832 2941 redemptionem
873 2871 1097 2940 corporis
1136 2869 1328 2935 nostri,
1365 2869 1416 2924 id
1460 2881 1572 2935 est,
1605 2880 1659 2926 ut
1705 2879 1760 2926 et

191 2964 342 3034 ipsum
382 2979 575 3033 corpus
619 2963 882 3032 accipiens
935 2962 1247 3018 beneﬁcium
1291 2963 1587 3033 adoptionis
1632 2964 1761 3021 ﬁlio-

191 3071 323 3121 mm,
357 3071 455 3126 qua
491 3054 674 3110 vocati
703 3069 919 3120 sumus,
950 3062 1088 3107 totos
1130 3068 1228 3108 nos
1255 3053 1537 3121 liberatos,
1583 3065 1761 3111 trans-

193 3146 306 3200 actis
326 3146 567 3202 omnibus
598 3143 857 3199 molestiis
876 3185 890 3208 ,
923 3161 985 3197 ex
1010 3146 1152 3198 ouini
1188 3155 1334 3214 parte
1360 3145 1448 3200 Dei
1479 3147 1616 3200 ﬁlios
1640 3161 1758 3202 esse

192 3236 490 3293 manifestet.
519 3237 635 3307 Spe
658 3236 788 3290 enim
811 3236 935 3289 salvi
952 3236 1071 3304 facti
1091 3252 1262 3289 sumus
1288 3252 1306 3289 :
1327 3252 1440 3306 spes
1461 3247 1624 3290 autem
1648 3253 1762 3308 quae

192 3327 362 3382 videtur
378 3370 392 3395 ,
412 3347 510 3383 non
528 3335 608 3383 est
626 3344 756 3397 spes.
779 3327 925 3381 Tunc
946 3343 1072 3396 ergo
1094 3327 1194 3382 erit
1216 3342 1300 3382 res
1329 3344 1447 3398 qu:e
1470 3345 1610 3384 nunc
1633 3345 1759 3399 spes

195 3430 294 3487 est,
314 3439 422 3475 cum
446 3421 743 3494 apparuerit
773 3420 892 3492 quid
916 3422 1102 3474 erimus
1128 3437 1144 3482 ;
1185 3419 1235 3474 id
1266 3430 1346 3474 est
1368 3462 1383 3485 ,
1414 3421 1602 3476 similes
1640 3423 1755 3490 illi,

193 3515 404 3582 quoniam
433 3513 714 3568 videbimus
741 3528 850 3564 cum
877 3511 1026 3564 sicuti
1048 3522 1138 3564 est.

258 3602 306 3655 7.
336 3603 438 3657 lloc
463 3602 756 3673 capitulum
795 3601 838 3655 si
868 3601 967 3655 hoc
997 3600 1153 3654 modo
1172 3642 1186 3666 ,
1221 3611 1274 3654 ut
1321 3609 1598 3656 tractatum
1637 3612 1718 3657 est
1740 3645 1756 3672 ,

197 3693 468 3761 aperiatur,
518 3705 631 3748 non
673 3691 952 3746 incidimus
997 3691 1046 3744 in
1093 3693 1209 3746 illas
1237 3692 1540 3758 molestias,
1567 3693 1760 3764 quibus

199 3785 414 3854 plerique
455 3785 706 3841 homines
747 3783 924 3839 dicere
970 3794 1263 3854 coguntur,
1295 3800 1480 3839 omnes
1527 3787 1760 3856 Angelos

200 3878 533 3951 sublimesque
563 3877 801 3933 Virtutes
831 3878 881 3931 in
908 3877 1090 3931 dolore
1116 3888 1165 3931 et
1193 3877 1474 3948 gemitibus
1494 3895 1632 3938 esse.
1662 3895 1759 3933 an-

201 3975 388 4038 tequam
415 3984 512 4024 nos
537 3967 748 4038 penitus
777 3966 1093 4029 liberemur,
1124 3967 1372 4035 quoniam
1402 3967 1598 4021 dictum
1639 3978 1718 4022 est
1741 4011 1757 4035 ,

205 4055 362 4112 Omnis
375 4069 608 4113 creatura
628 4058 944 4128 congemiscit
970 4067 1016 4110 et
1043 4057 1195 4111 dolet.
1220 4056 1471 4122 Quamvis
1497 4059 1634 4114 enim
1664 4060 1760 4112 ad-

199 4149 361 4218 iuvent
400 4167 496 4207 nos
538 4166 638 4222 pro
672 4165 766 4205 sua
808 4149 1131 4204 sublimitate
1162 4152 1199 4211 ί,
1237 4150 1360 4204 dum
1393 4152 1762 4221 obtemperant

204 4239 315 4304 Deo,
341 4243 424 4312 qui
448 4258 544 4312 pro
566 4243 718 4296 nobis
747 4242 902 4294 etiam
927 4242 1134 4294 uniemu
1168 4241 1357 4294 Filium
1398 4257 1549 4295 suum
1573 4243 1760 4308 digna-

205 4339 276 4385 tus
293 4344 367 4387 est
393 4335 634 4397 mittere;
666 4342 839 4386 tamen
867 4333 980 4386 sine
1009 4333 1205 4402 gemitu
1229 4343 1282 4386 et
1303 4332 1575 4387 doloribus
1603 4333 1650 4386 id
1682 4333 1757 4388 la—

202 4435 308 4477 cere
325 4424 569 4480 credendi
591 4434 731 4490 sunt,
757 4439 822 4478 ne
849 4424 1025 4478 miScri
1048 4424 1429 4489 existimentur,
1457 4424 1760 4495 feliciorquc

205 4511 264 4566 sit
287 4513 349 4570 de
370 4531 588 4570 numero
616 4525 799 4569 nostro
826 4513 1056 4569 Lazarus
1085 4515 1172 4568 ille
1202 4515 1286 4584 qui
1310 4515 1418 4585 jam
1452 4516 1500 4569 in
1533 4517 1761 4572 Abrahae

207 4603 306 4658 sinu
334 4607 629 4675 requiescit.
653 4605 951 4662 Prmsertim
988 4604 1107 4674 quia
1137 4605 1296 4670 dixit,
1342 4607 1582 4661 eamdem
1615 4622 1761 4662 crea-

208 4701 356 4748 turam
379 4712 494 4766 qua:
521 4696 863 4767 congemiscit
889 4708 939 4750 et
971 4697 1147 4760 dolet,
1177 4697 1390 4752 vanitati
1432 4714 1550 4753 esse
1585 4701 1764 4770 subje-

209 4793 347 4852 ctam;
376 4789 514 4858 quod
542 4789 609 4844 de
635 4790 855 4843 summis
879 4798 931 4842 et
956 4789 1336 4843 excellentibus
1363 4789 1623 4844 Virtutum
1655 4792 1761 4844 Po-

213 4882 534 4949 testatumque
553 4880 812 4934 creaturis
844 4881 991 4934 nefas
1020 4887 1100 4932 est
1129 4880 1365 4933 credere.
1405 4881 1600 4935 Deinde
1629 4882 1762 4937 libe-

211 4968 403 5023 randam
454 4986 566 5025 eam
611 4971 743 5024 dixit
787 4985 815 5024 a
863 4970 1114 5024 serxitntc
1161 4971 1440 5032 interitus;
1494 4987 1600 5040 quo
1645 4972 1761 5027 illos

211 5059 469 5129 cecidisse,
491 5064 574 5134 qui
601 5063 654 5117 in
680 5063 830 5118 caelis
857 5071 1017 5133 agunt
1044 5065 1200 5115 vitam
1232 5063 1586 5117 beatissimam
1609 5106 1622 5130 ,
1655 5081 1760 5119 non

212 5161 468 5216 possumus
485 5157 719 5211 credere.
748 5155 944 5210 Tamen
969 5154 1096 5209 nihil
1121 5164 1317 5210 temere
1336 5155 1756 5211 conﬁrmandum

214 5248 317 5307 εει,
353 5245 440 5299 sed
478 5248 554 5315 pia
591 5247 863 5318 diligentia
902 5247 1061 5300 etiam
1099 5256 1256 5316 atque
1295 5248 1450 5300 etiam
1499 5249 1655 5302 verba
1682 5249 1760 5301 di-

213 5329 320 5386 vina
340 5338 594 5392 tractanda
625 5346 784 5401 sunt;
815 5354 879 5392 ne
911 5338 1042 5392 l'orte
1067 5355 1183 5408 quae
1222 5339 1565 5407 congemiscit
1590 5350 1641 5392 ct
1669 5339 1762 5392 do-

216 5416 281 5474 let
317 5435 366 5478 ct
389 5428 594 5483 vanitati
637 5428 876 5498 subjecta
902 5439 1008 5494 est,
1051 5430 1216 5498 possit
1253 5429 1428 5497 aliquo
1469 5431 1623 5484 modo
1660 5431 1763 5484 alio

217 5508 445 5584 intelligi,
471 5527 524 5572 ut
550 5519 623 5575 de
651 5520 878 5574 summis
902 5521 1115 5590 Angelis
1133 5564 1147 5587 ,
1177 5521 1425 5591 quamdiu
1463 5532 1655 5578 nostra:
1684 5523 1762 5578 iu-

218 5645 498 5760 ὡὲἓιιιι.
539 5658 611 5703 Er.
647 5649 943 5704 etundecitn
985 5662 1091 5708 mss.
1142 5663 1195 5707 At
1241 5663 1369 5716 Ima,
1397 5669 1480 5721 per
1504 5671 1616 5706 suas
1653 5657 1762 5708 sub-

1879 394 2111 452 lirmitati
2145 397 2296 470 jussu
2323 400 2530 458 Dommi
2568 405 2734 460 nostri
2760 408 3120 479 opitulantur,
3149 428 3256 471 non
3297 415 3462 489 impie

1877 487 2044 556 possit
2069 490 2380 546 existimari.
2410 493 2517 549 Sed
2547 496 2773 570 siveilla
2802 515 2958 568 quam
2986 507 3219 559 exsecuti
3248 487 3456 572 sumus,

1876 578 1988 633 sive
2014 579 2115 634 alia
2144 581 2315 652 aliqua
2347 584 2503 653 hujus
2532 587 2745 655 capituli
2769 591 3029 660 expositio
3056 594 3372 665 proferatur;
3409 601 3457 654 id

1875 676 2080 726 tantum
2110 673 2401 729 cavendum
2433 685 2513 731 est
2535 719 2548 744 ,
2575 694 2641 732 ne
2665 679 2824 735 violet
2848 688 2940 736 aut
2967 683 3209 740 vulneret
3235 689 3460 744 catholi-

1874 775 1989 815 cam
2023 761 2200 817 ﬁdem.
2229 763 2352 820 Scio
2379 767 2520 822 enim
2549 784 2713 825 vanos
2742 771 2757 802 ¹
2797 771 3078 829 lucreticos
3106 775 3172 832 de
3189 777 3292 836 hoc
3318 783 3464 850 capi-

1876 849 1984 904 tulo
2015 853 2176 907 multa
2203 855 2359 924 impia
2389 867 2442 912 et
2465 858 2636 928 inepta
2661 859 2909 929 jactasse.

1873 941 2101 998 LXVIII.
2132 944 2210 1000 De
2231 964 2290 1002 eo
2321 951 2456 1019 quod
2489 953 2729 1022 scriptum
2766 965 2838 1010 est
2869 973 2887 1010 :
2916 957 2958 1012 Ο
2999 949 3210 1029 homo,
3243 970 3298 1017 ιιι
3342 965 3461 1035 quis

2083 1051 2175 1104 cs,
2204 1039 2290 1108 qui
2322 1042 2643 1109 respondeas
2673 1045 2779 1099 Deo
2807 1047 2981 1115 (Rom.
3014 1067 3092 1116 ix,
3119 1049 3246 1126 20)?

1945 1129 1994 1181 ι.
2023 1127 2156 1183 Cum
2197 1132 2439 1188 videatur
2483 1136 2769 1204 Apostolus
2816 1141 3134 1212 corripuisse
3178 1147 3415 1202 curiosm
3441 1192 3455 1211 ,

1870 1218 2128 1286 dicendo,
2157 1220 2201 1274 0
2229 1223 2405 1287 homo,
2440 1234 2492 1278 tu
2515 1228 2628 1296 quis
2648 1245 2728 1293 es,
2771 1230 2859 1300 qui
2887 1235 3188 1302 respondeas
3219 1234 3368 1291 Deo?
3391 1240 3456 1293 de

1871 1305 1970 1358 hoc
2002 1305 2115 1375 ipso
2155 1305 2227 1360 illi
2265 1311 2612 1377 qurcstiouem
2646 1323 2861 1368 movent
2885 1358 2898 1381 ,
2927 1326 2980 1371 et
3010 1318 3062 1371 in
3093 1335 3153 1374 ea
3195 1325 3456 1378 sententia

1869 1412 1973 1449 non
2001 1396 2249 1453 desinunt
2275 1414 2394 1455 esse
2419 1403 2648 1470 curiosi,
2681 1420 2782 1475 qua
2809 1406 3078 1478 objurgata
3108 1419 3190 1466 est
3219 1412 3332 1483 ipsa
3356 1431 3453 1469 cu-

1867 1485 2080 1542 riositas
2113 1506 2126 1542 :
2154 1498 2206 1543 et
2230 1489 2373 1560 impii
2396 1493 2608 1561 quidem
2637 1509 2755 1549 cum
2788 1500 3107 1554 contumelia
3131 1545 3145 1570 ,
3183 1512 3242 1559 ut
3275 1505 3457 1562 dicant

1867 1577 2178 1645 Apostolum
2207 1580 2261 1634 in
2282 1581 2532 1637 solvenda
2558 1587 2849 1654 qtuestione
2870 1588 3159 1660 defecisse,
3187 1605 3240 1650 et
3265 1598 3454 1668 objur-

1865 1681 2019 1736 gasse
2052 1679 2380 1739 quaerentes,
2423 1673 2544 1742 quia
2573 1691 2677 1729 non
2719 1687 2926 1746 poterat
2951 1683 3088 1751 quod
3116 1689 3453 1755 quaerebatur

1873 1774 2160 1828 exponere.
2192 1762 2435 1818 Nonnulli
2467 1779 2640 1821 autem
2674 1767 2746 1841 (a)
2781 1770 3010 1828 lueretici
3031 1777 3149 1844 quia
3175 1795 3277 1834 non
3305 1781 3452 1836 deci-

1865 1851 2047 1921 piunt,
2094 1855 2195 1908 nisi
2221 1870 2342 1909 cum
2382 1858 2656 1912 scientiam
2689 1877 2845 1931 quam
2885 1879 2988 1919 non
3026 1867 3277 1925 exhibent
3303 1874 3456 1942 polli-

1864 1952 2072 2013 centur,
2103 1955 2154 2000 et
2184 1947 2526 2005 adversantes
2552 1951 2674 2022 Legi
2703 1964 2754 2008 et
2784 1954 3086 2025 Prophetis,
3107 1976 3455 2035 qumcumque

1865 2034 1933 2090 de
1979 2035 2084 2090 illis
2110 2038 2397 2108 Apostolus
2439 2043 2671 2096 sermoni
2717 2059 2814 2098 suo
2854 2045 3112 2114 inseruit,
3161 2050 3291 2107 falsa
3330 2034 3384 2108 et
3424 2073 3452 2109 a

1864 2131 2265 2199 corruptoribus
2291 2132 2525 2188 immissa
2557 2151 2678 2191 esse
2720 2138 3073 2195 criminantur
3096 2184 3110 2208 ,
3159 2145 3320 2199 etiam
3356 2148 3455 2204 hoc

1865 2222 2004 2278 inter
2033 2225 2143 2294 ipsa
2174 2243 2293 2296 qme
2341 2228 2654 2298 interpolata
2685 2231 2902 2301 dicunt,
2937 2253 3216 2296 numerare
3263 2244 3455 2300 malue-

1864 2324 2016 2383 runt,
2048 2325 2103 2372 et
2131 2334 2325 2388 negare
2348 2319 2568 2376 Paulum
2600 2323 2830 2391 dixisse,
2865 2325 2908 2380 0
2931 2327 3078 2382 homo
3099 2374 3112 2397 ,
3143 2341 3194 2385 tu
3219 2338 3328 2404 quis
3360 2355 3414 2391 es
3435 2380 3452 2404 ,

1862 2407 1948 2476 qui
1972 2409 2271 2478 respondeas
2307 2411 2452 2467 Deo?
2477 2413 2731 2480 Quoniam
2759 2419 2801 2471 si
2829 2420 2956 2489 ipsis
2981 2420 3189 2479 dicatur
3214 2427 3278 2480 ad
3309 2428 3454 2484 deci-

1863 2499 2088 2566 piendos
2117 2501 2358 2558 homines
2379 2505 2826 2564 calumniantibus
2845 2553 2861 2576 ,
2902 2515 3084 2581 procul
3112 2517 3273 2573 dubio
3315 2531 3452 2576 tace-

1863 2588 1995 2643 bunt
2018 2632 2031 2656 ,
2073 2607 2170 2646 nec
2193 2594 2464 2650 audebunt
2487 2598 2642 2652 ullam
2670 2599 2735 2654 de
2778 2602 3049 2660 voluntate
3075 2609 3454 2680 omnipotentis

1864 2681 1956 2736 Dei
1992 2684 2249 2753 imperitis
2276 2702 2409 2756 quos
2435 2688 2680 2759 decipere
2708 2694 2959 2762 cupiunt,
2994 2699 3268 2754 scientiam
3299 2705 3449 2771 polli-

1862 2775 1992 2828 ceri.
2027 2775 2250 2842 Quidam
2282 2789 2458 2833 autem
2512 2780 2648 2836 bona
2696 2791 2747 2836 et
2797 2785 2880 2853 pia
2927 2798 3104 2843 mente
3151 2791 3453 2863 Scripturas

1862 2865 2098 2938 legentes
2136 2881 2382 2938 qumruut
2428 2873 2548 2942 quid
2577 2873 2661 2928 hic
2706 2877 2872 2944 possit
2899 2879 2980 2934 vel
3012 2882 3452 2944 maledicentihns

1863 2960 1944 3012 vel
1982 2961 2424 3017 calumniantibus
2451 2966 2780 3035 responderi.
2816 2967 2920 3026 Sed
2951 2986 3048 3027 nos
3071 2981 3126 3028 et
3149 2979 3450 3034 auctoritati

1863 3049 2170 3120 apostolicae
2199 3052 2485 3109 salubriter
2529 3055 2848 3114 inhzerentes
2873 3102 2888 3124 ,
2917 3071 2971 3116 et
2995 3062 3158 3119 libros
3201 3083 3336 3136 quos
3365 3085 3456 3124 ca-

1867 3139 2057 3194 tholica
2089 3141 2363 3212 disciplina
2403 3147 2634 3201 custodit
2663 3148 2880 3206 lalsatos
2907 3153 2928 3183 ²
2972 3168 3091 3209 esse
3119 3173 3448 3230 nequaquam

1863 3232 2258 3300 existimantes,
2290 3237 2580 3292 sentiamus
2601 3240 2739 3309 quod
2767 3259 2947 3297 verum
2981 3253 3096 3314 est,
3125 3247 3368 3319 indignos
3399 3268 3452 3308 et

1863 3321 2105 3380 inﬁrmos
2139 3340 2257 3380 esse
2287 3326 2308 3358 ³
2335 3328 2399 3382 ad
2437 3329 2775 3401 intelligenda
2809 3334 2985 3390 divina
3015 3350 3217 3396 secreta
3259 3344 3453 3412 quibus

1863 3413 1962 3468 ista
1989 3414 2305 3470 clauduntur
2333 3437 2344 3471 :
2378 3428 2431 3473 et
2457 3421 2534 3474 eis
2563 3428 3013 3483 murmurantibus
3047 3440 3101 3485 et
3128 3432 3449 3504 indignanti-

1863 3503 1965 3560 bus
1989 3507 2130 3576 quod
2171 3508 2390 3562 consilia
2434 3511 2525 3564 Dei
2559 3528 2661 3567 non
2689 3513 2935 3585 discunt,
2981 3535 3099 3574 cum
3129 3503 3306 3578 dicere
3342 3543 3451 3581 cm-

1865 3599 2058 3666 perint,
2088 3597 2226 3670 Ergo
2244 3602 2387 3670 cujus
2411 3605 2514 3656 vult
2539 3606 2820 3673 miseretur,
2849 3621 2895 3664 et
2921 3629 3064 3681 quem
3084 3617 3187 3669 vult
3212 3617 3447 3675 obdurat.

1867 3686 2004 3752 Quid
2029 3689 2198 3743 adhuc
2224 3694 2589 3761 conqueritur?
2617 3713 2732 3749 nam
2761 3700 3002 3755 voluntati
3038 3706 3146 3772 ejus
3187 3710 3296 3776 quis
3323 3716 3448 3764 resi-

1865 3782 1950 3835 stit
1969 3780 2134 3852 (Ibid.
2167 3783 2252 3848 l8,
2281 3783 2394 3855 l9)?
2416 3802 2534 3840 cum
2566 3788 2647 3840 his
2673 3805 2800 3859 ergo
2828 3794 3003 3849 verbis
3021 3808 3112 3850 aut
3137 3800 3448 3857 calumniari

1863 3870 2166 3941 Scriptores
2190 3916 2204 3939 ,
2237 3884 2326 3928 aut
2376 3875 2631 3932 latebram
2679 3892 3015 3948 peccatorum
3062 3903 3277 3946 suorum
3307 3910 3452 3964 qnzr-

1865 3978 1985 4016 rere
2013 3966 2306 4033 coeperint,
2355 3976 2411 4020 ut
2458 3980 2719 4039 praecepta
2755 3985 3133 4043 contemnant,
3167 3985 3354 4051 quibus
3381 3988 3448 4042 ad

1865 4055 2024 4108 vitam
2073 4057 2264 4110 bonam
2312 4063 2620 4128 pervenitur
2663 4061 2717 4128 ‘,
2765 4068 3182 4135 respondeamus
3215 4075 3450 4132 lidentis—

1865 4146 1999 4200 sime
2021 4190 2033 4211 ,
2073 4146 2116 4200 0
2147 4149 2293 4200 homo
2314 4191 2326 4211 ,
2363 4161 2412 4202 tu
2447 4153 2557 4219 quis
2581 4169 2665 4219 es,
2705 4157 2790 4222 qui
2818 4159 3119 4225 respondeas
3153 4162 3302 4217 Deo?
3340 4167 3449 4222 Nec

1865 4252 1958 4290 eos
1985 4239 2194 4291 reveriti
2230 4248 2469 4293 sanctum
2494 4241 2710 4296 canibus
2737 4243 2952 4309 demus,
2989 4261 3078 4303 aut
3108 4252 3450 4322 projiciamus

1867 4331 2179 4400 margaritas
2224 4340 2432 4387 nostras
2474 4343 2597 4388 ante
2643 4351 2831 4403 parens
2863 4339 2879 4405 (
2893 4338 3076 4397 Matth.
3119 4360 3225 4409 vu,
3269 4347 3367 4417 6):
3402 4353 3447 4410 si

1868 4433 2040 4477 tamen
2065 4425 2170 4489 jam
2203 4425 2298 4492 ipsi
2327 4440 2487 4481 canes
2517 4437 2569 4481 et
2597 4429 2739 4496 porci
2772 4446 2876 4484 non
2904 4449 3114 4499 sumus,
3157 4438 3298 4493 etde
3333 4460 3448 4496 mc-

1865 4513 1980 4566 ritis
2015 4515 2308 4566 aniuiarmn
2343 4516 2611 4572 revelante
2640 4518 2837 4587 Spiritu
2865 4533 3048 4576 sancto
3068 4566 3082 4579 .
3115 4528 3338 4584 sublime
3360 4533 3450 4585 ali-

1865 4603 2070 4673 quidet
2115 4621 2142 4656 a
2180 4606 2378 4675 vulgari
2419 4609 2721 4675 conjectura
2766 4614 3218 4684 remotissimum,
3272 4625 3352 4678 vel
3382 4642 3447 4680 cx

1865 4705 2013 4764 parte
2038 4703 2193 4765 atque
2221 4697 2271 4748 in
2301 4698 2577 4768 :enigmate
2604 4701 2953 4769 suspicemur.

1937 4785 1990 4838 ‘2.
2020 4786 2134 4841 Non
2163 4789 2304 4842 enim
2334 4791 2619 4858 Apostolus
2648 4792 2746 4846 hoc
2774 4793 2890 4848 loco
2927 4808 3139 4854 sanctos
3181 4805 3451 4871 prohibuit

1865 4892 1894 4931 a
1925 4879 2211 4946 qumrcndo
2234 4921 2247 4940 ,
2277 4880 2369 4932 sed
2420 4895 2512 4934 eos
2537 4881 2624 4949 qui
2673 4884 2907 4939 uetulum
2940 4898 3060 4943 sunt
3100 4891 3149 4944 in
3191 4892 3451 4950 charitate

1867 4968 2084 5022 radicati
2133 4979 2185 5022 et
2234 4968 2465 5034 fundati,
2519 4981 2574 5025 ut
2604 4975 2806 5041 possint
2840 4981 3292 5048 comprehendere
3327 5002 3448 5042 cum

1867 5059 2114 5112 omnibus
2143 5060 2340 5113 sanctis
2371 5060 2700 5117 latitudinem
2723 5108 2736 5130 ,
2767 5065 3147 5136 longitudinem
3170 5116 3184 5138 ,
3213 5075 3450 5132 altitudi-

1872 5165 1991 5203 nem
2043 5158 2096 5202 et
2145 5150 2499 5218 profundum,
2531 5162 2584 5207 et
2631 5165 2822 5211 cwtera
2851 5175 2968 5227 qua:
3016 5161 3064 5214 in
3098 5164 3284 5219 eodem
3333 5168 3452 5224 loco

1869 5241 2174 5310 exsequitur
2203 5242 2416 5314 (Ep/tes.
2443 5261 2526 5307 ιιι,
2554 5246 2618 5302 18
2640 5289 2654 5312 ,
2690 5248 2800 5321 19).
2830 5250 2942 5306 Non
2969 5269 3098 5326 ergo
3128 5259 3394 5325 prohibuit
3422 5277 3451 5314 a

1933 5355 1949 5419 ξ
1976 5350 2220 5419 t-‘lornset
2239 5354 2393 5419 codex
2418 5357 2610 5419 Regius,
2630 5359 2802 5410 varios.

1933 5415 1954 5444 ι
1980 5422 2080 5462 MSS.
2102 5449 2115 5471 ,
2141 5414 2402 5476 infalsatos.

1932 5477 1952 5554 ξ
1977 5481 2048 5554 Er.
2070 5485 2129 5554 et
2149 5483 2286 5554 Lov.,_
2305 5476 2638 5554 indignos__nos
2659 5481 2941 5554 etinﬁrmos
2956 5499 3075 5537 esse.
3101 5488 3272 5548 Abest,
3292 5502 3407 5554 nos,
3427 5505 3456 5543 a

1871 5545 1963 5584 nat.
1995 5545 2044 5584 et
2070 5545 2173 5586 uss.
2193 5564 2251 5572 —
2273 5540 2419 5600 Lugd.
2448 5548 2500 5588 et
2522 5549 2639 5590 Ven.
2666 5552 2719 5591 ut
2742 5540 2813 5592 Ei.
2837 5554 2888 5594 et
2911 5553 3017 5596 Lov.
3087 5557 3139 5598 ιι.

1933 5601 1953 5628 ⁸
1979 5605 2074 5668 ttat.
2097 5611 2146 5647 et
2167 5601 2497 5668 (:ist.oreiensi_s
2520 5603 2674 5668 codex
2697 5607 2937 5668 omittunt,
2955 5607 3138 5660 bonum.
3158 5615 3326 5664 (ζωιεεὶ
3348 5614 3454 5668 rem

1871 5666 1996 5723 Mss,
2011 5657 2130 5715 loco,
2147 5661 2418 5723 perrettitttr
2431 5697 2444 5722 ,
2463 5663 2636 5712 habent
2654 5699 2666 5723 ,
2690 5657 2962 5716 invitantur.

1933 5721 2004 5782 (a)
2030 5721 2285 5774 statuchici.
