3996 6282
509 227 576 288 ’11
1267 223 1353 280 DE
1393 221 1701 279 DIVERSIS
1736 216 2255 290 QUIESTIONIBUS
2292 216 2593 287 LXXXIII,
2633 220 2691 278 S.
2732 202 3097 280 AUGUSTINI

508 340 798 416 qumrendo
816 383 830 409 ,
857 340 948 413 qui
973 340 1130 405 dicit,
1164 339 1460 411 Spiritualis
1481 350 1650 395 autem
1673 338 1844 392 omnia
1853 335 2090 407 judicat;

509 434 620 504 ipse
645 442 812 487 autem
839 448 871 486 a
894 431 1088 486 nemine
1101 430 1369 501 judicatur
1392 446 1411 483 :
1431 441 1484 485 et
1511 428 1637 483 illud
1668 428 1953 498 praecipue,
1986 423 2096 480 Nos

509 533 681 579 autem
710 539 813 577 non
839 522 1073 593 spiritum
1100 522 1251 593 hujus
1278 520 1453 574 mundi
1477 521 1788 592 accepimus,
1824 517 1911 573 sed
1946 517 2096 591 spiri-

512 625 619 671 tum
639 617 725 686 qui
749 631 811 670 ea:
834 614 943 669 Deo
967 622 1037 668 est
1054 656 1068 677 ,
1090 624 1146 667 ut
1172 614 1391 667 sciamus
1424 628 1537 684 qua:
1561 629 1593 665 a
1630 611 1740 665 Deo
1767 610 1953 664 donata
1979 617 2097 663 sunt

511 708 654 779 nobis
688 705 730 780 (l
756 705 873 761 Cor.
905 721 974 768 ιι,
1008 705 1107 773 15,
1146 703 1257 775 12).
1294 704 1439 771 Quos
1475 716 1603 773 ergo
1645 700 1948 772 prohibuit,
1995 698 2096 753 nisi

510 800 685 855 luteos
712 807 870 868 atque
911 804 1154 852 terrenos
1173 838 1187 861 ,
1215 796 1305 865 qui
1337 795 1571 849 nondum
1600 793 1922 848 intrinsecus
1946 806 2099 861 rege-

510 890 681 945 nerati
706 897 866 959 atque
885 887 1099 951 nutriti,
1130 885 1413 956 imaginem
1437 886 1579 940 illius
1608 884 1838 939 hominis
1863 890 2092 953 portant,

510 981 602 1052 qui
622 981 828 1051 primus
857 980 1029 1036 lactus
1052 986 1137 1035 est
1153 978 1221 1034 de
1249 988 1386 1032 terra
1437 986 1679 1032 terrenus
1725 975 1745 1050 (
1776 974 1862 1030 Id.
1888 993 1974 1039 xv,
2005 975 2095 1044 47,

511 1073 648 1142 ιεγι
677 1072 746 1126 Ει
768 1072 889 1141 quia
910 1072 960 1126 ei
989 1086 1019 1124 a
1050 1085 1156 1140 quo
1181 1069 1350 1125 lactus
1375 1079 1488 1135 est,
1513 1068 1681 1123 noluit
1703 1068 2096 1139 obtemperare,

512 1161 568 1218 in
600 1162 652 1219 id
680 1163 861 1233 lapsus
885 1170 967 1217 est
1000 1160 1142 1216 unde
1167 1160 1336 1216 lactus
1356 1169 1468 1226 est,
1498 1160 1797 1230 meruitque
1822 1168 1941 1230 post
1969 1174 2099 1229 pec-

512 1264 690 1311 catum
715 1254 918 1321 audire,
946 1252 1108 1308 Terra
1130 1270 1202 1318 es,
1232 1262 1278 1307 et
1300 1254 1354 1307 in
1380 1263 1563 1307 terram
1586 1253 1681 1306 ibis
1701 1249 1854 1320 (Gen.
1878 1267 1954 1317 ιιι,
1984 1250 2095 1321 19).

515 1347 735 1402 Talibus
760 1346 918 1416 igitur
958 1344 1262 1400 hominibus
1290 1343 1419 1399 dicit
1452 1342 1741 1412 Apostolus
1774 1359 1787 1395 :
1831 1340 1876 1395 0
1910 1341 2059 1395 homo
2080 1382 2097 1409 ,

514 1445 571 1492 tu
594 1438 703 1508 quis
722 1455 774 1493 es
794 1480 809 1503 ,
840 1440 925 1508 qui
946 1437 1251 1507 respondeas
1275 1434 1420 1488 Deo?
1447 1432 1710 1503 Numquid
1738 1432 1858 1486 dicit
1886 1432 2099 1503 ﬁgmen-

516 1539 625 1584 tum
662 1530 713 1583 ei
753 1529 839 1599 qui
876 1544 931 1583 se
969 1529 1153 1597 ﬁnxit,
1202 1525 1373 1591 Quare
1398 1526 1470 1579 sic
1499 1540 1577 1577 me
1605 1524 1798 1594 fecisti?
1840 1522 2100 1591 Quamdiu

515 1635 644 1691 ergo
689 1619 997 1690 ﬁgmentum
1041 1633 1140 1683 es,
1187 1615 1424 1671 nondum
1468 1613 1734 1685 perfectus
1774 1613 1948 1680 ﬁlius,
1979 1613 2101 1682 quia

516 1711 755 1767 nondum
782 1709 1001 1764 hausisti
1039 1707 1403 1779 plenissimam
1426 1705 1649 1776 gratiam
1675 1719 1777 1774 qua
1806 1703 1958 1758 nobis
1980 1702 2101 1757 data

515 1811 601 1859 εει
627 1811 861 1873 potestas
887 1799 1029 1854 ﬁlios
1066 1797 1157 1853 Dei
1184 1796 1299 1852 ﬁeri
1336 1795 1515 1865 (Joan.
1544 1812 1595 1860 ι,
1636 1794 1727 1866 12)
1753 1837 1766 1859 ,
1796 1809 1903 1864 quo
1931 1794 2104 1863 possis

516 1895 702 1951 audire
721 1934 737 1958 ,
765 1891 887 1946 Jam
911 1908 1012 1945 non
1040 1890 1206 1943 dicam
1226 1904 1309 1943 vos
1332 1903 1498 1942 servos
1516 1928 1529 1951 ,
1555 1888 1642 1941 sed
1664 1886 1852 1940 amicos
1878 1883 1987 1954 (Id.
2010 1899 2098 1950 xv,

520 1986 635 2053 15);
656 1993 711 2038 tu
737 1984 849 2053 quis
868 1999 950 2049 es,
978 1981 1066 2051 qui
1086 1978 1391 2051 respondeas
1423 1976 1527 2031 Deo
1546 2019 1561 2043 ,
1585 1985 1641 2032 et
1671 1976 1803 2031 velis
1826 1975 1916 2030 Dei
1946 1988 2104 2029 nosse

517 2076 839 2135 consilium?
862 2075 952 2145 qui
979 2074 1022 2128 si
1061 2071 1294 2128 hominis
1334 2070 1426 2124 tibi
1465 2068 1683 2139 mqnalis
1721 2082 1883 2122 nosse
1911 2065 2108 2121 voluis-

519 2183 637 2233 ses,
670 2167 1005 2237 impudenter
1025 2162 1229 2219 faceres
1256 2162 1273 2193 ³
1294 2203 1309 2226 ,
1341 2161 1441 2215 nisi
1469 2161 1616 2232 prius
1637 2161 1687 2214 in
1708 2159 1992 2213 amicitiam
2022 2173 2105 2212 re-

519 2259 795 2330 cipercris.
823 2258 971 2314 Sicut
1009 2269 1138 2326 ergo
1182 2254 1507 2325 portavimus
1550 2252 1832 2323 imaginem
1873 2250 2100 2316 terreni,

520 2360 796 2422 portemus
850 2357 906 2403 et
948 2346 1231 2416 imaginem
1279 2345 1514 2400 cmlestis
1563 2342 1618 2415 (I
1669 2342 1788 2396 Cor.
1844 2358 1948 2408 xv,
1987 2342 2104 2410 i9),

520 2452 779 2500 exuentes
809 2456 904 2496 nos
932 2447 1166 2495 veterem
1204 2436 1474 2491 hominem
1509 2443 1563 2489 et
1592 2434 1874 2489 induentes
1912 2447 2106 2489 novum

522 2536 744 2609 (Coloss.
777 2550 863 2600 ιιι,
895 2533 959 2600 9,
986 2530 1106 2602 l0),
1132 2539 1188 2585 ut
1222 2544 1324 2585 non
1356 2529 1562 2583 dicatur
1587 2527 1739 2582 nobis
1774 2527 1924 2596 quasi
1962 2526 2107 2580 luteo

523 2629 775 2699 ﬁgmento
803 2645 818 2682 :
851 2623 1115 2694 Numquid
1142 2621 1261 2676 dicit
1297 2619 1590 2690 ﬁgmentum
1628 2618 1675 2671 ei
1713 2617 1799 2688 qui
1838 2631 1891 2670 se
1916 2615 2103 2685 finxit,

526 2718 697 2787 Quare
717 2733 795 2771 me
819 2717 891 2770 sic
910 2711 1113 2787 fecisti?

594 2813 650 2866 5.
684 2811 751 2865 Ει
772 2819 832 2865 ιιι
857 2805 1193 2862 manifestum
1224 2802 1292 2857 sit
1313 2843 1327 2866 ,
1355 2817 1461 2855 non
1504 2799 1837 2856 sanctiﬁcato
1866 2799 2105 2870 spiritui,

525 2902 620 2958 sed
664 2899 860 2955 carnali
901 2898 1014 2951 luto
1055 2896 1153 2949 ista
1197 2892 1339 2957 dici,
1380 2890 1501 2945 vide
1540 2889 1666 2959 quid
1707 2890 1981 2958 sequitur:
2009 2889 2110 2942 Aut

525 3011 628 3050 non
657 2992 800 3046 habet
829 2997 1117 3060 potestatem
1136 2983 1323 3056 ﬁgulus
1348 2982 1442 3035 luti
1475 2980 1720 3035 emendem
1759 2980 2111 3050 eonspcrsione

526 3087 696 3158 facere
718 3081 860 3135 aliud
886 3078 1088 3150 quidem
1114 3093 1202 3130 vas
1228 3076 1280 3128 in
1307 3073 1544 3127 honorem
1561 3113 1574 3137 ,
1604 3070 1746 3125 aliud
1774 3071 1826 3124 in
1852 3078 2113 3125 contume-

525 3177 649 3233 liam
675 3174 850 3245 (Rom.
885 3186 958 3236 ιιι,
987 3168 1115 3238 2i)?
1146 3168 1221 3221 Ex
1249 3181 1355 3235 quo
1381 3179 1508 3233 ergo
1546 3163 1597 3217 in
1637 3162 1882 3233 paradiso
1923 3170 2109 3217 natura

527 3277 708 3323 nostra
738 3260 1005 3334 peccavit,
1056 3259 1123 3313 ab
1169 3255 1356 3312 eadem
1391 3254 1568 3309 divina
1616 3253 1979 3323 providentia,
2003 3268 2110 3308 non

526 3355 819 3414 secundum
845 3350 1062 3413 coelum,
1087 3346 1181 3403 sed
1207 3343 1497 3401 secundum
1525 3356 1720 3400 terram
1739 3386 1754 3409 ,
1787 3344 1838 3399 id
1863 3354 1975 3412 est,
2003 3359 2109 3399 non

527 3446 818 3505 secundum
854 3442 1128 3513 spiritum,
1168 3437 1263 3494 sed
1309 3436 1600 3491 secundum
1642 3452 1858 3493 carnem
1901 3437 2110 3492 mortali

527 3537 871 3612 generatione
899 3532 1212 3593 formantur,
1237 3536 1293 3583 et
1316 3541 1504 3582 omnes
1529 3542 1632 3580 una
1658 3541 1832 3582 massa
1859 3528 1953 3583 luti
1987 3526 2110 3582 facti

527 3642 735 3693 sumus,
764 3623 906 3695 quod
931 3630 1015 3677 est
1044 3634 1219 3674 massa
1250 3618 1473 3688 peccati.
1517 3617 1651 3671 Cum
1693 3631 1823 3687 ergo
1865 3617 2110 3671 meritum

529 3718 801 3794 peccando
816 3713 1170 3776 amiserimus,
1189 3718 1243 3765 et
1261 3708 1625 3764 misericordia
1651 3708 1743 3763 Dei
1762 3718 1959 3763 remota
1978 3708 2111 3763 nihil

528 3812 673 3871 aliud
718 3807 1059 3883 peccantibus
1105 3804 1206 3859 nisi
1256 3811 1455 3858 aeterna
1504 3800 1775 3855 damnatio
1821 3800 2109 3869 debeatur,

530 3906 657 3977 quid
701 3902 801 3958 sibi
845 3900 957 3955 vult
998 3900 1157 3952 homo
1197 3893 1266 3949 de
1306 3895 1406 3949 hac
1433 3906 1629 3956 massa,
1658 3900 1716 3946 ut
1750 3891 1858 3946 Deo
1888 3906 2113 3961 respon-

533 4000 659 4057 deat
686 4005 740 4052 et
777 3994 935 4055 dicat,
967 3990 1136 4057 Quare
1158 4003 1236 4041 me
1260 3988 1333 4041 sic
1355 3984 1560 4056 fecisti?
1594 3984 1653 4039 Si
1681 3982 1762 4036 vis
1792 3983 1889 4037 ista
1919 3997 2117 4053 cogno-

532 4106 704 4158 scere,
727 4087 835 4144 noli
861 4099 981 4141 esse
1007 4083 1201 4147 lutum,
1224 4079 1318 4135 sed
1335 4077 1551 4133 efﬁcere
1578 4075 1720 4130 ﬁlius
1748 4075 1839 4130 Dei
1863 4091 1957 4145 per
1977 4076 2115 4130 illius

532 4180 990 4243 misericordiam,
1029 4175 1118 4247 qui
1163 4172 1310 4229 dedit
1352 4177 1663 4242 potestatem
1701 4169 1839 4225 ﬁlios
1866 4167 1959 4224 Dei
2002 4168 2114 4223 ﬁeri

533 4273 873 4333 credentibus
896 4272 951 4325 in
981 4268 1196 4323 nomine
1221 4266 1371 4335 eius;
1398 4278 1505 4317 non
1530 4270 1707 4318 autem
1728 4304 1743 4328 ,
1773 4261 1914 4332 quod
1944 4270 1996 4316 tu
2026 4276 2118 4317 cu-

533 4368 652 4440 pis,
693 4373 977 4432 antequam
1021 4356 1273 4423 credant,
1313 4354 1489 4409 divina
1533 4368 1693 4408 nosse
1711 4354 2046 4421 cupientibus
2072 4356 2113 4406 ².

532 4458 738 4515 Merces
765 4453 909 4511 enim
946 4447 1263 4520 cognitionis
1298 4445 1502 4500 meritis
1540 4444 1814 4509 redditur;
1851 4445 2119 4501 credendo

532 4562 710 4609 autem
731 4548 978 4604 meritum
991 4547 1350 4610 comparatur.
1369 4536 1485 4606 Ipsa
1501 4545 1676 4590 autem
1690 4536 1856 4605 gratia
1869 4551 1985 4606 qua:
1996 4536 2117 4591 data

536 4652 619 4701 est
642 4656 737 4714 per
754 4640 933 4701 ﬁdem,
949 4633 1110 4691 nullis
1125 4630 1324 4687 nostris
1345 4628 1547 4684 meritis
1563 4627 1984 4697 praecedentibus
1997 4629 2117 4684 data

537 4744 639 4791 εει.
658 4728 812 4798 Quod
837 4735 920 4783 est
946 4725 1088 4780 enim
1111 4721 1359 4778 meritum
1383 4719 1681 4790 peccatoris
1699 4728 1755 4774 et
1777 4720 1955 4790 impii?
1973 4720 2120 4776 Chri-

535 4834 654 4884 stus
689 4830 867 4877 autem
907 4831 1004 4888 pro
1041 4816 1221 4884 impiis
1260 4822 1315 4868 et
1351 4810 1720 4884 peccatoribus
1755 4814 1996 4869 mortuus
2037 4826 2119 4871 est

539 4915 650 4993 (Id.
677 4932 730 4983 v,
758 4913 839 4983 6),
869 4917 929 4965 ut
952 4907 1019 4963 ad
1044 4904 1367 4962 credendum
1401 4917 1507 4958 non
1546 4904 1737 4958 merito
1756 4945 1772 4970 ,
1815 4904 1907 4959 sed
1952 4907 2119 4975 gratia

536 5018 872 5066 vocaremur,
902 4996 1174 5056 credendo
1201 5003 1377 5050 autem
1404 4994 1567 5048 etiam
1608 4993 1856 5049 meritum
1888 4996 2118 5053 colloca-

537 5111 720 5155 remus
741 5093 783 5146 ³.
803 5092 1119 5148 Peccatores
1145 5087 1303 5157 igitur
1322 5084 1543 5140 credere
1562 5083 1833 5153 iubentur,
1854 5094 1915 5141 ut
1937 5102 1965 5140 a
1992 5102 2119 5157 pec-

539 5188 673 5247 catis
699 5182 970 5242 credendo
991 5187 1283 5252 purgentur
1306 5176 1349 5230 δ.
1379 5174 1631 5230 Nesciunt
1654 5175 1797 5230 enim
1825 5176 1951 5247 quid
1973 5186 2121 5235 recte

603 5337 623 5370 ι
648 5340 748 5384 Rat.
776 5337 828 5382 et
849 5327 1197 5400 plerique
1220 5364 1235 5389 ,
1260 5324 1588 5400 imprudenter
1609 5327 1811 5400 faceres:
1864 5389 1875 5400 ο

602 5400 625 5431 ι
648 5404 821 5449 Locum
851 5386 997 5442 istum
1018 5386 1203 5457 adﬁss.
1222 5386 1537 5457 corrigimus,
1560 5386 1710 5457 quem
1724 5386 1912 5457 solis‘iu
1931 5392 2124 5457 excusis

543 5447 754 5510 vidimus
774 5467 916 5505 corru
948 5459 1053 5503 tum
1075 5452 1225 5501 hocce
1246 5447 1390 5499 modo
1412 5463 1424 5497 :
1453 5457 1555 5498 Non
1570 5447 1714 5510 enim,
1734 5447 1861 5512 quod
1883 5454 1936 5499 tu
1957 5451 2120 5514 cupis,

543 5528 792 5573 malequam
813 5469 1034 5573 eredhnt,
1054 5511 1215 5563 divina
1242 5511 1384 5561 datur
1406 5522 1540 5560 nosse
1565 5509 1876 5573 cupieruibus.

539 5528 792 5581 muequam
813 5514 1034 5574 credant,
1054 5514 1215 5563 divina
1242 5514 1384 5561 datur
1406 5522 1540 5560 nosse
1565 5514 1876 5573 cupieruibus.

626 5579 838 5642 “Aliquot
860 5584 986 5637 Mss,
1005 5584 1411 5643 compararemus.
1452 5634 1464 5643 _
1550 5632 1560 5643 _
1814 5638 1825 5643 Δ

604 5643 626 5674 ⁸
648 5632 826 5690 Νονέιιι
849 5632 982 5703 Mss,
997 5642 1043 5688 et
1064 5650 1094 5687 a
1112 5632 1323 5700 peccatis
1345 5632 1591 5686 credendo
1620 5638 1902 5696 purgantur.

3735 226 3835 284 72

2203 337 2431 393 vivendo
2450 338 2613 393 visuri
2643 338 2770 394 sint.
2800 340 3135 410 Quapropter
3156 353 3276 395 cum
3309 337 3491 395 videre
3524 353 3629 394 non
3656 354 3827 410 pos-

2200 427 2340 495 sint,
2367 427 2471 483 nisi
2493 438 2641 484 recte
2669 430 2878 498 vivant,
2908 446 3007 486 nec
3031 439 3175 487 recte
3201 436 3378 486 vivere
3406 430 3617 486 valeant
3636 472 3649 496 ,
3695 431 3828 485 nisi

2200 519 2453 585 credant;
2482 520 2819 596 manifestum
2852 529 2936 577 est
2961 537 2991 576 a
3019 520 3123 578 ﬁde
3148 522 3530 592 incipiendum,
3559 533 3617 578 ut
3643 538 3827 593 prae-

2201 617 2353 678 cepta
2391 610 2579 679 quibus
2606 611 2886 668 credentes
2910 627 2940 667 a
2966 613 3161 668 saeculo
3188 612 3290 668 hoc
3317 621 3649 679 avertuntur,
3693 628 3819 669 cor

2203 701 2459 755 mundum
2490 701 2715 768 faciant,
2741 703 2830 758 ubi
2872 703 3042 759 videri
3078 704 3218 758 Deus
3258 712 3446 774 possit.
3473 702 3618 758 Beati
3642 704 3824 759 enim

2203 794 2392 847 mundo
2418 794 2597 861 corde,
2625 796 2744 864 quia
2775 796 2876 866 ipsi
2906 794 3071 851 Deum
3098 796 3331 851 videbunt
3357 794 3577 870 (llatth.
3602 813 3661 863 v,
3695 797 3766 868 8)
3803 815 3821 852 :

2204 892 2259 938 et
2281 899 2372 953 per
2396 886 2725 956 prophetiam
2751 888 2769 919 ⁸
2794 888 3022 957 canitur,
3047 886 3115 942 In
3136 888 3455 960 simplicitate
3469 889 3634 943 cordis
3654 905 3825 962 qua:-

2204 976 2299 1030 rite
2319 975 2466 1030 illum
2494 977 2647 1049 (Sap.
2676 992 2715 1043 ι,
2749 977 2825 1050 1).
2854 978 3191 1049 Quapropter
3219 988 3365 1036 recte
3392 980 3588 1035 dicitur
3616 980 3829 1035 Inomi-

2204 1066 2359 1121 nibus
2385 1068 2435 1121 in
2466 1077 2730 1123 vetustate
2755 1069 2879 1123 vitae
2917 1071 3253 1125 manentibus
3273 1112 3287 1135 ,
3322 1080 3375 1126 et
3399 1078 3690 1141 propterea
3732 1080 3826 1126 tc-

2207 1160 2495 1215 nebrosum
2539 1160 2753 1215 oculum
2800 1161 2992 1216 animae
3036 1162 3383 1230 gerentibus:
3416 1162 3462 1217 0
3505 1163 3703 1231 homo,
3762 1172 3827 1217 tu

2205 1251 2316 1322 quis
2335 1267 2405 1316 es,
2431 1252 2517 1322 qui
2544 1248 2847 1323 respondeas
2875 1252 2983 1307 Deo
2999 1254 3025 1308 .’
3048 1252 3316 1324 Numquid
3343 1255 3466 1309 dicit
3490 1256 3821 1326 ﬁgmentum

2205 1344 2252 1397 ei
2276 1344 2360 1409 qui
2384 1360 2436 1397 se
2463 1344 2632 1412 ﬁnxit,
2663 1344 2834 1411 Quare
2858 1361 2938 1398 me
2958 1345 3032 1399 sic
3052 1345 3248 1417 fecisti?
3272 1346 3371 1400 Aut
3400 1364 3499 1401 non
3526 1332 3699 1401 habet‘
3718 1364 3826 1417 po-

2206 1441 2428 1486 testatem
2457 1433 2647 1504 ﬁgulus
2670 1427 2766 1488 luti
2789 1451 2852 1490 ea:
2882 1434 3056 1490 eadem
3079 1438 3429 1507 conspersione
3452 1442 3618 1509 facere
3655 1439 3827 1493 aliud

2205 1523 2404 1593 quidem
2421 1538 2508 1577 vas
2530 1523 2585 1576 in
2608 1524 2864 1591 honorem,
2893 1524 3038 1579 aliud
3061 1526 3112 1579 in
3132 1528 3523 1581 contumeliam?
3541 1528 3825 1599 Expurga

2208 1624 2358 1670 vetus
2386 1617 2723 1684 fermentum,
2746 1628 2803 1672 ut
2830 1619 2905 1673 sis
2935 1633 3068 1673 nova
3094 1621 3405 1690 conspersio
3423 1620 3464 1694 (1
3486 1620 3605 1678 Cor.
3635 1639 3700 1688 ν,
3730 1622 3818 1695 7),

2208 1705 2341 1760 etin
2374 1720 2435 1760 ea
2476 1706 2588 1775 ipsa
2620 1718 2726 1762 non
2771 1708 2947 1775 adhuc
2985 1712 3236 1780 parvulus
3261 1711 3313 1764 in
3343 1710 3553 1767 Christo
3578 1721 3637 1766 ut
3666 1712 3823 1769 lacte

2209 1795 2472 1865 potandus
2501 1796 2577 1851 sis
2606 1796 2715 1865 (Id.
2739 1815 2815 1865 ιιι,
2846 1798 2902 1870 2)
2926 1815 2941 1865 ;
2968 1802 3062 1854 sed
3090 1801 3307 1869 perveni
3335 1801 3399 1856 ad
3424 1803 3595 1856 virum
3625 1802 3816 1873 pet-fec

2208 1896 2372 1954 ctum,
2397 1896 2456 1941 ut
2483 1889 2557 1943 sis
2584 1888 2724 1944 inter
2752 1889 2876 1944 illos
2911 1891 2979 1946 de
3017 1891 3210 1961 quibus
3232 1891 3448 1960 dicitur,
3479 1893 3820 1964 Sapientiam

2209 1978 2463 2049 loquimur
2481 1980 2613 2034 inter
2636 1983 2883 2053 perfectos
2908 1979 3016 2052 (Id.
3043 1998 3111 2046 ιι,
3139 1982 3216 2053 6).
3244 1982 3378 2037 Tum
3404 1983 3622 2038 demum
3656 1995 3821 2040 recte

2210 2078 2394 2123 etnon
2436 2073 2758 2140 praapo‘stcre
2800 2072 3015 2140 audies,
3044 2073 3216 2143 siqua
3246 2082 3368 2128 sunt
3395 2074 3461 2130 de
3497 2075 3816 2131 animarum

2209 2159 2583 2216 occultissimis
2609 2161 2840 2229 meritis,
2871 2163 3014 2219 etde
3032 2164 3200 2234 gratia
3228 2165 3308 2221 vel
3324 2166 3556 2237 iustitia,
3594 2179 3817 2224 secreta

2211 2252 2594 2321 omnipotentis
2621 2252 2734 2307 Dei.

2282 2345 2335 2399 4.
2377 2344 2508 2398 Nam
2537 2344 2606 2399 dc
2637 2345 2912 2401 Pharaone
2941 2345 3094 2402 facile
3122 2349 3493 2418 respondetur,
3526 2350 3814 2420 prioribus

2215 2437 2420 2492 meritis
2457 2438 2650 2507 quibus
2686 2438 2881 2492 afﬂixit
2910 2439 2962 2493 in
2990 2455 3155 2511 regno
3201 2456 3299 2498 suo
3343 2445 3661 2513 peregrinos
3683 2485 3699 2511 ,
3729 2444 3815 2499 di-

2211 2543 2368 2598 gnum
2398 2528 2647 2584 eﬁ'ectum
2676 2530 2760 2584 cui
2791 2530 3147 2587 obdurarctur
3191 2548 3304 2599 cor,
3337 2544 3397 2589 ut
3433 2550 3532 2590 nec
3575 2537 3815 2590 manife-

2212 2619 2464 2674 stissimis
2484 2619 2649 2690 signis
2669 2620 2906 2690 iubentis
2925 2622 3018 2677 Dei
3036 2622 3281 2678 crederet
3303 2626 3345 2677 ³.
3367 2625 3443 2678 Ex
3466 2626 3658 2681 eadem
3682 2642 3813 2699 ergo

2211 2724 2412 2776 massa,
2445 2709 2497 2765 id
2525 2719 2626 2777 est,
2659 2722 3015 2781 peccatorum,
3047 2721 3105 2768 et
3133 2730 3256 2769 vasa
3287 2716 3670 2772 misericordia:
3698 2732 3816 2787 pro-

2213 2802 2356 2867 tulit,
2386 2801 2579 2872 quibus
2605 2803 2940 2868 subveniret,
2972 2819 3091 2858 cum
3119 2820 3241 2860 eum
3269 2805 3694 2876 deprecarentur
3718 2808 3811 2863 ﬁlii

2212 2891 2410 2957 Israel;
2438 2901 2492 2945 et
2519 2904 2644 2945 vasa
2672 2891 2796 2959 inc,
2829 2907 3053 2961 quorum
3081 2894 3341 2963 supplicio
3375 2895 3493 2951 illos
3529 2897 3808 2965 erudtret,

2214 2983 2267 3039 id
2316 2992 2432 3049 est,
2478 2982 2811 3037 Pharaonem
2851 2993 2903 3037 et
2947 2984 3196 3055 p0pulum
3230 2986 3383 3055 ejus:
3409 2987 3529 3056 quia
3560 2986 3810 3058 quamvis

2214 3082 2396 3130 essent
2426 3074 2636 3143 utrique
2661 3083 2989 3143 peccatores,
3009 3083 3063 3130 et
3090 3085 3368 3146 propterea
3391 3078 3454 3132 ad
3481 3094 3646 3133 unam
3672 3092 3813 3133 mas-

2216 3182 2332 3222 sam
2373 3160 2720 3237 pertinerent,
2743 3166 2901 3221 aliter
2927 3175 3100 3222 tamen
3129 3169 3386 3223 tractandi
3415 3178 3570 3225 erant
3594 3170 3689 3241 qui
3721 3170 3809 3225 uni

2216 3257 2328 3313 Deo
2384 3256 2752 3328 ingenuerant.
2808 3255 3028 3310 Pertulit
3074 3272 3203 3328 ergo
3246 3259 3300 3312 in
3353 3263 3515 3314 multa
3563 3262 3811 3331 patientia

2214 3365 2336 3404 uasa
2371 3349 2492 3413 ἕνας,
2531 3364 2644 3418 qua:
2674 3352 2892 3420 perfecta
2932 3359 3050 3403 sunt
3102 3349 3155 3403 in
3207 3351 3554 3420 perditionem.
3621 3354 3693 3409 Et
3744 3368 3808 3408 eo

2215 3440 2334 3510 ipso
2383 3454 2489 3510 quo
2526 3440 2636 3506 ait,
2688 3440 2742 3493 in
2778 3440 2936 3493 multa
2995 3441 3265 3510 patientia,
3313 3443 3441 3498 satis
3484 3445 3809 3514 signiﬁcavit

2216 3529 2392 3601 priora
2418 3544 2603 3585 eorum
2629 3538 2845 3600 peccata
2864 3571 2879 3596 ,
2911 3530 2962 3583 in
3004 3531 3195 3601 quibus
3224 3547 3317 3588 eos
3345 3535 3595 3603 pertulit;
3627 3548 3685 3590 ut
3711 3552 3808 3604 op-

2215 3628 2441 3691 portune
2480 3628 2605 3675 tunc
2643 3620 2964 3685 vindicaret,
2995 3621 3208 3692 quando
3231 3623 3295 3679 de
3324 3623 3532 3679 illorum
3574 3626 3807 3681 vindicta

2216 3711 2632 3767 subveniendum
2669 3720 2783 3767 erat
2819 3710 2902 3766 bis
2933 3713 3021 3782 qui
3072 3712 3446 3771 liberabantur.
3474 3715 3543 3769 Et
3567 3728 3625 3771 ut
3665 3728 3809 3773 notas

2218 3807 2398 3878 faceret
2441 3805 2639 3858 divitias
2680 3804 2857 3875 gloria:
2893 3820 2999 3860 sua:
3034 3806 3085 3860 in
3126 3823 3244 3862 vasa
3282 3809 3666 3878 misericardite,
3697 3825 3809 3883 qua

2218 3896 2518 3966 prazparavit
2561 3896 2614 3949 in
2655 3895 2891 3966 gloriam.
2941 3895 3038 3950 llic
3081 3894 3307 3954 fortasse
3349 3899 3699 3957 conturbatus
3742 3900 3804 3957 ad

2219 3987 2364 4042 illam
2394 3987 2742 4055 qnmstioncm
2775 3985 2947 4052 redis,
2970 3985 3130 4057 Cujus
3154 3989 3259 4042 vult
3286 3990 3565 4056 miseretur,
3590 4004 3638 4046 et
3664 4008 3804 4064 quem

2218 4076 2322 4130 uult
2363 4075 2597 4129 obdurat.
2631 4074 2769 4140 Quid
2807 4076 2975 4129 adhuc
3015 4079 3374 4146 conqueritur?
3401 4080 3647 4161 voluntati
3674 4082 3806 4136 enim

2219 4168 2329 4239 ejus
2349 4168 2460 4233 quis
2482 4167 2665 4221 resistit
2691 4164 2866 4240 (Rom.
2894 4182 2949 4222 ιιι
2969 4209 2984 4233 ,
3010 4158 3230 4241 t8—25)?
3257 4169 3483 4226 Prorsus
3511 4158 3663 4242 cujus
3696 4172 3803 4228 vult

2221 4260 2526 4325 miseretur,
2557 4268 2614 4313 et
2650 4273 2807 4329 quem
2836 4259 2951 4313 vult
2990 4260 3245 4324 obdurat;
3286 4262 3380 4317 sed
3422 4263 3536 4318 haec
3561 4266 3803 4319 voluntas

2222 4352 2315 4407 Dei
2346 4352 2539 4421 injusta
2564 4364 2685 4406 esse
2721 4366 2826 4407 non
2855 4360 3048 4420 potest.
3076 4352 3234 4408 Venit
3257 4355 3397 4409 enim
3425 4356 3491 4411 de
3511 4358 3804 4412 occultissi-

2223 4440 2324 4495 mis
2368 4439 2613 4504 meritis;
2668 4440 2789 4510 quia
2830 4448 2887 4495 et
2927 4441 3027 4510 ipsi
3065 4451 3370 4511 peccatores
3415 4459 3534 4500 cum
3590 4457 3805 4517 promer

2222 4533 2471 4604 generale
2496 4542 2771 4603 peccatum
2794 4548 2953 4589 unam
2974 4549 3202 4590 massam
3232 4535 3473 4605 fecerint,
3502 4554 3605 4594 non
3629 4551 3800 4595 tamen

2223 4625 2367 4679 nulla
2395 4634 2478 4681 est
2514 4625 2655 4680 inter
2677 4625 2796 4680 illos
2818 4625 3120 4682 diversitas.
3149 4627 3405 4684 Praecedit
3447 4644 3574 4701 ergo
3608 4627 3799 4701 aliquid

2225 4718 2277 4772 in
2306 4717 2693 4788 peccatoribus,
2719 4733 2827 4788 quo
2849 4720 3091 4787 quamvis
3112 4720 3346 4775 nondum
3375 4721 3480 4776 sint
3499 4720 3764 4790 justiﬁcati
3780 4760 3794 4784 ,

2223 4808 2365 4879 digni
2411 4808 2710 4865 efﬁciantur
2744 4808 3146 4878 justiﬁeatione;
3193 4820 3250 4866 et
3287 4812 3410 4868 item
3453 4812 3704 4882 praecedit
3746 4810 3795 4864 in

2225 4900 2345 4955 aliis
2371 4901 2734 4971 peccatoribus
2775 4916 2884 4971 quo
2924 4901 3069 4971 digni
3114 4903 3223 4957 sint
3262 4904 3543 4959 obtusione
3566 4905 3607 4958 ⁸.
3634 4903 3797 4959 Habes

2225 4990 2469 5045 eumdem
2491 4991 2786 5059 apostolum
2811 4990 2935 5044 alibi
2959 4990 3244 5057 dicentem,
3275 4992 3525 5060 Quoniam
3555 5010 3653 5047 non
3682 5005 3796 5063 proo

2226 5083 2460 5136 bauerunt
2486 5080 2648 5134 Deum
2676 5081 2858 5136 habere
2878 5083 2931 5135 in
2959 5083 3155 5148 notitia,
3179 5083 3316 5137 dedit
3345 5085 3461 5140 illos
3488 5084 3624 5140 Deus
3644 5086 3695 5137 in
3719 5097 3770 5135 re

2227 5170 2436 5241 probum
2449 5186 2648 5225 sensum
2660 5170 2832 5240 (Rom.
2849 5185 2887 5239 ι,
2902 5170 3017 5241 28).
3035 5171 3187 5239 Quod
3197 5187 3292 5229 eos
3303 5173 3447 5229 dedit
3457 5174 3508 5229 in
3522 5172 3793 5244 reprobum

2225 5276 2463 5326 sensum,
2485 5260 2587 5315 hoc
2613 5270 2715 5325 est,
2735 5260 2877 5333 quod
2903 5262 3168 5318 induravit
3190 5279 3284 5320 cor
3304 5264 3591 5321 Pharaonis
3611 5259 3790 5336 (Exod-

2293 5394 2310 5460 ξ
2334 5398 2445 5442 Mss.
2467 5391 2709 5460 plerique,
2733 5398 2788 5460 Et
2801 5406 2887 5460 per
2906 5393 3202 5460 prophetam.

2228 5455 2437 5565 ἄεξε,ιῖυο
2461 5459 2568 5502 Mss.
2594 5453 2673 5503 hic
2688 5462 2741 5505 et
2766 5453 2921 5517 intra,
2944 5453 3064 5520 n.'5,
3093 5472 3180 5520 pro
3199 5492 3214 5520 ,
3237 5458 3484 5519 crederet,
3507 5458 3700 5515 trahent,
3720 5463 3789 5503 eeo

2243 5642 2261 5687 ί
2295 5576 2443 5686 ἒξ
2471 5582 2522 5625 ει
2542 5581 2670 5637 Mss.,
2695 5577 2985 5630 obtunsioue.
3006 5586 3059 5631 Et
3090 5580 3228 5643 infra,
3252 5580 3564 5644 obtunsionis,
3584 5592 3692 5642 pro,
3712 5573 3787 5626 oll-

2265 5651 2292 5685 n
2418 5652 2453 5685 ε.

2265 5651 2453 5685 ιιειοηιε.
