  <div class='ocr_page' id='page_1' title='image "/cluster/home/n/w/nwhite01/storage/ocr_20150623/40/uva.x000669811/044.png"; bbox 0 0 3996 6282; ppageno 0'>
   <div class='ocr_carea' id='block_1_1' title="bbox 163 323 1730 401">
    <p class='ocr_par' dir='ltr' id='par_1_1' title="bbox 163 323 1730 396">
     <span class='ocr_line' id='line_1_1' title="bbox 163 323 1730 396; baseline 0.015 -38"><span class='ocrx_word' id='word_1_1' title='bbox 163 336 227 396; x_wconf 70' lang='grc' dir='ltr'>π</span> <span class='ocrx_word' id='word_1_2' title='bbox 1558 323 1730 381; x_wconf 83' lang='lat' dir='ltr'><strong>LlBEl</strong></span> 
     </span>
    </p>
   </div>
   <div class='ocr_carea' id='block_1_2' title="bbox 1838 323 3417 401">
    <p class='ocr_par' dir='ltr' id='par_1_2' title="bbox 1838 324 3417 401">
     <span class='ocr_line' id='line_1_2' title="bbox 1838 324 3417 401; baseline 0.012 -20"><span class='ocrx_word' id='word_1_3' title='bbox 1838 324 1999 384; x_wconf 74' lang='lat' dir='ltr'><strong>lNUS.</strong></span> <span class='ocrx_word' id='word_1_4' title='bbox 3344 341 3417 401; x_wconf 67' lang='grc'><strong>74</strong></span> 
     </span>
    </p>
   </div>
   <div class='ocr_carea' id='block_1_3' title="bbox 160 436 1718 520">
    <p class='ocr_par' dir='ltr' id='par_1_3' title="bbox 160 436 1718 520">
     <span class='ocr_line' id='line_1_3' title="bbox 160 436 1718 520; baseline -0.011 -12"><span class='ocrx_word' id='word_1_5' title='bbox 160 466 226 518; x_wconf 77' lang='lat' dir='ltr'><strong>1v,</strong></span> <span class='ocrx_word' id='word_1_6' title='bbox 249 444 370 520; x_wconf 72' lang='lat'><strong>2|):</strong></span> <span class='ocrx_word' id='word_1_7' title='bbox 400 444 542 518; x_wconf 90' lang='lat' dir='ltr'><strong>quod</strong></span> <span class='ocrx_word' id='word_1_8' title='bbox 568 452 745 500; x_wconf 88' lang='lat' dir='ltr'><strong>autem</strong></span> <span class='ocrx_word' id='word_1_9' title='bbox 787 440 861 497; x_wconf 84' lang='lat' dir='ltr'>illi</span> <span class='ocrx_word' id='word_1_10' title='bbox 898 454 1003 495; x_wconf 90' lang='lat' dir='ltr'><strong>non</strong></span> <span class='ocrx_word' id='word_1_11' title='bbox 1044 439 1401 510; x_wconf 86' lang='lat' dir='ltr'><strong>probaverunt</strong></span> <span class='ocrx_word' id='word_1_12' title='bbox 1426 436 1592 492; x_wconf 87' lang='lat' dir='ltr'><strong>Deum</strong></span> <span class='ocrx_word' id='word_1_13' title='bbox 1622 436 1718 491; x_wconf 76' lang='lat' dir='ltr'><strong>lia-</strong></span> 
     </span>
    </p>
   </div>
   <div class='ocr_carea' id='block_1_4' title="bbox 158 526 1722 603">
    <p class='ocr_par' dir='ltr' id='par_1_4' title="bbox 158 526 1722 603">
     <span class='ocr_line' id='line_1_4' title="bbox 158 526 1722 603; baseline -0.01 -5"><span class='ocrx_word' id='word_1_14' title='bbox 158 546 272 601; x_wconf 79' lang='lat' dir='ltr'><strong>bene</strong></span> <span class='ocrx_word' id='word_1_15' title='bbox 294 540 342 595; x_wconf 90' lang='lat' dir='ltr'><strong>in</strong></span> <span class='ocrx_word' id='word_1_16' title='bbox 371 537 576 602; x_wconf 89' lang='lat' dir='ltr'><strong>notitia,</strong></span> <span class='ocrx_word' id='word_1_17' title='bbox 607 535 707 590; x_wconf 93' lang='lat' dir='ltr'><strong>hoc</strong></span> <span class='ocrx_word' id='word_1_18' title='bbox 723 542 821 600; x_wconf 92' lang='lat' dir='ltr'><strong>est,</strong></span> <span class='ocrx_word' id='word_1_19' title='bbox 857 531 997 603; x_wconf 90' lang='lat' dir='ltr'><strong>quod</strong></span> <span class='ocrx_word' id='word_1_20' title='bbox 1014 529 1157 601; x_wconf 91' lang='lat' dir='ltr'><strong>digni</strong></span> <span class='ocrx_word' id='word_1_21' title='bbox 1178 528 1501 585; x_wconf 89' lang='lat' dir='ltr'><strong>exstiterunt</strong></span> <span class='ocrx_word' id='word_1_22' title='bbox 1523 526 1613 598; x_wconf 92' lang='lat' dir='ltr'><strong>qui</strong></span> <span class='ocrx_word' id='word_1_23' title='bbox 1629 526 1722 583; x_wconf 87' lang='lat' dir='ltr'><strong>da-</strong></span> 
     </span>
    </p>
   </div>
   <div class='ocr_carea' id='block_1_5' title="bbox 162 626 975 698">
    <p class='ocr_par' dir='ltr' id='par_1_5' title="bbox 162 626 975 698">
     <span class='ocr_line' id='line_1_5' title="bbox 162 626 975 698; baseline -0.016 -9"><span class='ocrx_word' id='word_1_24' title='bbox 162 641 325 691; x_wconf 87' lang='lat' dir='ltr'><strong>rentur</strong></span> <span class='ocrx_word' id='word_1_25' title='bbox 348 630 399 684; x_wconf 92' lang='lat' dir='ltr'><strong>in</strong></span> <span class='ocrx_word' id='word_1_26' title='bbox 429 626 711 698; x_wconf 88' lang='lat' dir='ltr'><strong>reprobum</strong></span> <span class='ocrx_word' id='word_1_27' title='bbox 737 638 975 679; x_wconf 84' lang='lat' dir='ltr'><strong>sensum.</strong></span> 
     </span>
    </p>
   </div>
   <div class='ocr_carea' id='block_1_6' title="bbox 219 712 1723 785">
    <p class='ocr_par' dir='ltr' id='par_1_6' title="bbox 219 712 1723 785">
     <span class='ocr_line' id='line_1_6' title="bbox 219 712 1723 785; baseline -0.01 -5"><span class='ocrx_word' id='word_1_28' title='bbox 219 726 269 780; x_wconf 84' lang='lat'><strong>5.</strong></span> <span class='ocrx_word' id='word_1_29' title='bbox 306 721 505 778; x_wconf 82' lang='lat' dir='ltr'><strong>Tamen</strong></span> <span class='ocrx_word' id='word_1_30' title='bbox 533 732 711 774; x_wconf 88' lang='lat' dir='ltr'><strong>verum</strong></span> <span class='ocrx_word' id='word_1_31' title='bbox 748 716 982 785; x_wconf 91' lang='lat' dir='ltr'><strong>estquia</strong></span> <span class='ocrx_word' id='word_1_32' title='bbox 1025 729 1129 769; x_wconf 89' lang='lat' dir='ltr'><strong>non</strong></span> <span class='ocrx_word' id='word_1_33' title='bbox 1173 712 1383 768; x_wconf 81' lang='lat' dir='ltr'><strong>uolentis</strong></span> <span class='ocrx_word' id='word_1_34' title='bbox 1416 728 1573 783; x_wconf 89' lang='lat' dir='ltr'><strong>neque</strong></span> <span class='ocrx_word' id='word_1_35' title='bbox 1602 727 1723 766; x_wconf 81' lang='lat' dir='ltr'><strong>cur-</strong></span> 
     </span>
    </p>
   </div>
   <div class='ocr_carea' id='block_1_7' title="bbox 158 793 1723 879">
    <p class='ocr_par' dir='ltr' id='par_1_7' title="bbox 158 793 1723 879">
     <span class='ocr_line' id='line_1_7' title="bbox 158 793 1723 879; baseline -0.009 -10"><span class='ocrx_word' id='word_1_36' title='bbox 158 815 326 879; x_wconf 72' lang='lat' dir='ltr'><strong>mitis,</strong></span> <span class='ocrx_word' id='word_1_37' title='bbox 372 809 462 865; x_wconf 83' lang='lat' dir='ltr'><strong>sed</strong></span> <span class='ocrx_word' id='word_1_38' title='bbox 508 793 781 863; x_wconf 76' lang='lat' dir='ltr'><strong>miserentis</strong></span> <span class='ocrx_word' id='word_1_39' title='bbox 826 814 900 861; x_wconf 84' lang='lat' dir='ltr'><strong>est</strong></span> <span class='ocrx_word' id='word_1_40' title='bbox 940 804 1038 859; x_wconf 86' lang='lat' dir='ltr'><strong>Dei</strong></span> <span class='ocrx_word' id='word_1_41' title='bbox 1086 802 1260 876; x_wconf 84' lang='lat' dir='ltr'><strong>(Rom.</strong></span> <span class='ocrx_word' id='word_1_42' title='bbox 1309 818 1385 867; x_wconf 89' lang='lat' dir='ltr'><strong>1x,</strong></span> <span class='ocrx_word' id='word_1_43' title='bbox 1433 800 1544 873; x_wconf 76' lang='grc'>16).</span> <span class='ocrx_word' id='word_1_44' title='bbox 1589 800 1723 868; x_wconf 84' lang='lat' dir='ltr'><strong>Quia</strong></span> 
     </span>
    </p>
   </div>
   <div class='ocr_carea' id='block_1_8' title="bbox 157 893 1725 970">
    <p class='ocr_par' dir='ltr' id='par_1_8' title="bbox 157 893 1725 970">
     <span class='ocr_line' id='line_1_8' title="bbox 157 893 1725 970; baseline -0.009 -7"><span class='ocrx_word' id='word_1_45' title='bbox 157 903 346 963; x_wconf 89' lang='lat' dir='ltr'><strong>etiamsi</strong></span> <span class='ocrx_word' id='word_1_46' title='bbox 369 900 652 958; x_wconf 82' lang='lat' dir='ltr'><strong>levioribus</strong></span> <span class='ocrx_word' id='word_1_47' title='bbox 670 898 900 970; x_wconf 88' lang='lat' dir='ltr'><strong>quisque</strong></span> <span class='ocrx_word' id='word_1_48' title='bbox 925 895 1181 968; x_wconf 77' lang='lat' dir='ltr'><strong>peccatis,</strong></span> <span class='ocrx_word' id='word_1_49' title='bbox 1196 903 1290 951; x_wconf 89' lang='lat' dir='ltr'><strong>aut</strong></span> <span class='ocrx_word' id='word_1_50' title='bbox 1312 903 1458 951; x_wconf 89' lang='lat' dir='ltr'><strong>certe</strong></span> <span class='ocrx_word' id='word_1_51' title='bbox 1482 893 1725 965; x_wconf 85' lang='lat' dir='ltr'><strong>quamvis</strong></span> 
     </span>
    </p>
   </div>
   <div class='ocr_carea' id='block_1_9' title="bbox 158 986 1725 1070">
    <p class='ocr_par' dir='ltr' id='par_1_9' title="bbox 158 986 1725 1070">
     <span class='ocr_line' id='line_1_9' title="bbox 158 986 1725 1070; baseline -0.008 -16"><span class='ocrx_word' id='word_1_52' title='bbox 158 996 466 1070; x_wconf 81' lang='lat' dir='ltr'><strong>gravioribus</strong></span> <span class='ocrx_word' id='word_1_53' title='bbox 489 1002 546 1050; x_wconf 91' lang='lat' dir='ltr'><strong>et</strong></span> <span class='ocrx_word' id='word_1_54' title='bbox 568 993 779 1059; x_wconf 89' lang='lat' dir='ltr'><strong>multis,</strong></span> <span class='ocrx_word' id='word_1_55' title='bbox 811 1001 992 1046; x_wconf 91' lang='lat' dir='ltr'><strong>tamen</strong></span> <span class='ocrx_word' id='word_1_56' title='bbox 1020 1003 1215 1061; x_wconf 87' lang='lat' dir='ltr'><strong>magno</strong></span> <span class='ocrx_word' id='word_1_57' title='bbox 1239 988 1439 1058; x_wconf 88' lang='lat' dir='ltr'><strong>gemitu</strong></span> <span class='ocrx_word' id='word_1_58' title='bbox 1461 994 1517 1042; x_wconf 91' lang='lat' dir='ltr'><strong>et</strong></span> <span class='ocrx_word' id='word_1_59' title='bbox 1541 986 1725 1042; x_wconf 92' lang='lat' dir='ltr'><strong>dolore</strong></span> 
     </span>
    </p>
   </div>
   <div class='ocr_carea' id='block_1_10' title="bbox 159 1077 1727 1161">
    <p class='ocr_par' dir='ltr' id='par_1_10' title="bbox 159 1077 1727 1161">
     <span class='ocr_line' id='line_1_10' title="bbox 159 1077 1727 1161; baseline -0.005 -18"><span class='ocrx_word' id='word_1_60' title='bbox 159 1087 426 1161; x_wconf 75' lang='lat' dir='ltr'><strong>pmnitendi</strong></span> <span class='ocrx_word' id='word_1_61' title='bbox 441 1127 456 1150; x_wconf 89' lang='lat'><strong>,</strong></span> <span class='ocrx_word' id='word_1_62' title='bbox 479 1082 843 1142; x_wconf 80' lang='lat' dir='ltr'><strong>misericordia</strong></span> <span class='ocrx_word' id='word_1_63' title='bbox 866 1081 965 1138; x_wconf 87' lang='lat' dir='ltr'><strong>Dei</strong></span> <span class='ocrx_word' id='word_1_64' title='bbox 992 1081 1184 1152; x_wconf 90' lang='lat' dir='ltr'><strong>dignus</strong></span> <span class='ocrx_word' id='word_1_65' title='bbox 1208 1078 1390 1147; x_wconf 86' lang='lat' dir='ltr'><strong>fuerit,</strong></span> <span class='ocrx_word' id='word_1_66' title='bbox 1421 1094 1528 1136; x_wconf 92' lang='lat' dir='ltr'><strong>non</strong></span> <span class='ocrx_word' id='word_1_67' title='bbox 1557 1077 1727 1147; x_wconf 89' lang='lat' dir='ltr'><strong>ipsius</strong></span> 
     </span>
    </p>
   </div>
   <div class='ocr_carea' id='block_1_11' title="bbox 158 1169 1723 1250">
    <p class='ocr_par' dir='ltr' id='par_1_11' title="bbox 158 1169 1723 1250">
     <span class='ocr_line' id='line_1_11' title="bbox 158 1169 1723 1250; baseline -0.008 -15"><span class='ocrx_word' id='word_1_68' title='bbox 158 1190 252 1248; x_wconf 82' lang='lat' dir='ltr'><strong>est,</strong></span> <span class='ocrx_word' id='word_1_69' title='bbox 271 1179 353 1250; x_wconf 87' lang='lat' dir='ltr'><strong>qui</strong></span> <span class='ocrx_word' id='word_1_70' title='bbox 372 1177 416 1232; x_wconf 89' lang='lat' dir='ltr'><strong>si</strong></span> <span class='ocrx_word' id='word_1_71' title='bbox 440 1175 852 1246; x_wconf 85' lang='lat' dir='ltr'><strong>relinqueretur,</strong></span> <span class='ocrx_word' id='word_1_72' title='bbox 882 1171 1145 1237; x_wconf 87' lang='lat' dir='ltr'><strong>interiret,</strong></span> <span class='ocrx_word' id='word_1_73' title='bbox 1167 1170 1264 1226; x_wconf 88' lang='lat' dir='ltr'><strong>sed</strong></span> <span class='ocrx_word' id='word_1_74' title='bbox 1288 1169 1590 1227; x_wconf 87' lang='lat' dir='ltr'><strong>miserentis</strong></span> <span class='ocrx_word' id='word_1_75' title='bbox 1606 1169 1723 1235; x_wconf 88' lang='lat' dir='ltr'><strong>Dei,</strong></span> 
     </span>
    </p>
   </div>
   <div class='ocr_carea' id='block_1_12' title="bbox 159 1262 1727 1344">
    <p class='ocr_par' dir='ltr' id='par_1_12' title="bbox 159 1262 1727 1344">
     <span class='ocr_line' id='line_1_12' title="bbox 159 1262 1727 1344; baseline -0.006 -17"><span class='ocrx_word' id='word_1_76' title='bbox 159 1272 237 1344; x_wconf 86' lang='lat' dir='ltr'><strong>qui</strong></span> <span class='ocrx_word' id='word_1_77' title='bbox 259 1271 366 1341; x_wconf 85' lang='lat' dir='ltr'><strong>ejus</strong></span> <span class='ocrx_word' id='word_1_78' title='bbox 402 1267 651 1341; x_wconf 85' lang='lat' dir='ltr'><strong>precibus</strong></span> <span class='ocrx_word' id='word_1_79' title='bbox 686 1264 1070 1336; x_wconf 85' lang='lat' dir='ltr'><strong>doloribusque</strong></span> <span class='ocrx_word' id='word_1_80' title='bbox 1111 1262 1376 1320; x_wconf 80' lang='lat' dir='ltr'><strong>subvenit.</strong></span> <span class='ocrx_word' id='word_1_81' title='bbox 1415 1262 1609 1318; x_wconf 90' lang='lat' dir='ltr'><strong>Parum</strong></span> <span class='ocrx_word' id='word_1_82' title='bbox 1642 1269 1727 1317; x_wconf 90' lang='lat' dir='ltr'><strong>est</strong></span> 
     </span>
    </p>
   </div>
   <div class='ocr_carea' id='block_1_13' title="bbox 156 1354 1721 1429">
    <p class='ocr_par' dir='ltr' id='par_1_13' title="bbox 156 1354 1721 1429">
     <span class='ocr_line' id='line_1_13' title="bbox 156 1354 1721 1429; baseline -0.007 -8"><span class='ocrx_word' id='word_1_83' title='bbox 156 1364 283 1421; x_wconf 86' lang='lat' dir='ltr'><strong>enim</strong></span> <span class='ocrx_word' id='word_1_84' title='bbox 330 1361 468 1417; x_wconf 80' lang='lat' dir='ltr'><strong>velle</strong></span> <span class='ocrx_word' id='word_1_85' title='bbox 497 1400 516 1429; x_wconf 88' lang='lat'><strong>,</strong></span> <span class='ocrx_word' id='word_1_86' title='bbox 562 1358 665 1415; x_wconf 88' lang='lat' dir='ltr'><strong>nisi</strong></span> <span class='ocrx_word' id='word_1_87' title='bbox 720 1359 863 1415; x_wconf 88' lang='lat' dir='ltr'><strong>Deus</strong></span> <span class='ocrx_word' id='word_1_88' title='bbox 900 1357 1261 1413; x_wconf 90' lang='lat' dir='ltr'><strong>misereatur:</strong></span> <span class='ocrx_word' id='word_1_89' title='bbox 1290 1354 1387 1411; x_wconf 90' lang='lat' dir='ltr'><strong>sed</strong></span> <span class='ocrx_word' id='word_1_90' title='bbox 1427 1355 1569 1411; x_wconf 89' lang='lat' dir='ltr'><strong>Deus</strong></span> <span class='ocrx_word' id='word_1_91' title='bbox 1611 1369 1721 1411; x_wconf 90' lang='lat' dir='ltr'><strong>non</strong></span> 
     </span>
    </p>
   </div>
   <div class='ocr_carea' id='block_1_14' title="bbox 156 1445 1727 1522">
    <p class='ocr_par' dir='ltr' id='par_1_14' title="bbox 156 1445 1727 1522">
     <span class='ocr_line' id='line_1_14' title="bbox 156 1445 1727 1522; baseline -0.006 -10"><span class='ocrx_word' id='word_1_92' title='bbox 156 1456 434 1519; x_wconf 85' lang='lat' dir='ltr'><strong>miseretur,</strong></span> <span class='ocrx_word' id='word_1_93' title='bbox 460 1450 553 1522; x_wconf 88' lang='lat' dir='ltr'><strong>qui</strong></span> <span class='ocrx_word' id='word_1_94' title='bbox 575 1449 644 1507; x_wconf 91' lang='lat' dir='ltr'><strong>ad</strong></span> <span class='ocrx_word' id='word_1_95' title='bbox 679 1464 863 1520; x_wconf 87' lang='lat' dir='ltr'><strong>pacem</strong></span> <span class='ocrx_word' id='word_1_96' title='bbox 889 1456 1077 1515; x_wconf 87' lang='lat' dir='ltr'><strong>vocat,</strong></span> <span class='ocrx_word' id='word_1_97' title='bbox 1103 1446 1207 1503; x_wconf 89' lang='lat' dir='ltr'><strong>nisi</strong></span> <span class='ocrx_word' id='word_1_98' title='bbox 1232 1445 1480 1502; x_wconf 79' lang='lat' dir='ltr'><strong>voluntas</strong></span> <span class='ocrx_word' id='word_1_99' title='bbox 1497 1460 1727 1515; x_wconf 73' lang='lat' dir='ltr'><strong>praeces-</strong></span> 
     </span>
    </p>
   </div>
   <div class='ocr_carea' id='block_1_15' title="bbox 155 1537 1725 1619">
    <p class='ocr_par' dir='ltr' id='par_1_15' title="bbox 155 1537 1725 1619">
     <span class='ocr_line' id='line_1_15' title="bbox 155 1537 1725 1619; baseline -0.007 -15"><span class='ocrx_word' id='word_1_100' title='bbox 155 1548 269 1604; x_wconf 88' lang='lat' dir='ltr'><strong>serit</strong></span> <span class='ocrx_word' id='word_1_101' title='bbox 290 1544 393 1619; x_wconf 86' lang='lat' dir='ltr'><strong>(a);</strong></span> <span class='ocrx_word' id='word_1_102' title='bbox 423 1544 548 1614; x_wconf 85' lang='lat' dir='ltr'><strong>quia</strong></span> <span class='ocrx_word' id='word_1_103' title='bbox 574 1542 629 1597; x_wconf 91' lang='lat' dir='ltr'><strong>in</strong></span> <span class='ocrx_word' id='word_1_104' title='bbox 654 1550 795 1597; x_wconf 90' lang='lat' dir='ltr'><strong>terra</strong></span> <span class='ocrx_word' id='word_1_105' title='bbox 815 1555 916 1611; x_wconf 89' lang='lat' dir='ltr'><strong>pax</strong></span> <span class='ocrx_word' id='word_1_106' title='bbox 937 1538 1243 1597; x_wconf 89' lang='lat' dir='ltr'><strong>hominibus</strong></span> <span class='ocrx_word' id='word_1_107' title='bbox 1262 1538 1419 1595; x_wconf 71' lang='lat' dir='ltr'><strong>bonae</strong></span> <span class='ocrx_word' id='word_1_108' title='bbox 1438 1537 1725 1593; x_wconf 88' lang='lat' dir='ltr'><strong>voluntatis</strong></span> 
     </span>
    </p>
   </div>
   <div class='ocr_carea' id='block_1_16' title="bbox 156 1631 1727 1713">
    <p class='ocr_par' dir='ltr' id='par_1_16' title="bbox 156 1631 1727 1713">
     <span class='ocr_line' id='line_1_16' title="bbox 156 1631 1727 1713; baseline -0.006 -19"><span class='ocrx_word' id='word_1_109' title='bbox 156 1639 287 1713; x_wconf 85' lang='lat' dir='ltr'><strong>(Luc.</strong></span> <span class='ocrx_word' id='word_1_110' title='bbox 314 1655 378 1704; x_wconf 86' lang='grc' dir='ltr'>ιι,</span> <span class='ocrx_word' id='word_1_111' title='bbox 426 1636 541 1709; x_wconf 59' lang='lat' dir='ltr'><strong>ll).</strong></span> <span class='ocrx_word' id='word_1_112' title='bbox 570 1636 645 1692; x_wconf 89' lang='lat' dir='ltr'><strong>Et</strong></span> <span class='ocrx_word' id='word_1_113' title='bbox 683 1635 935 1707; x_wconf 90' lang='lat' dir='ltr'><strong>quoniam</strong></span> <span class='ocrx_word' id='word_1_114' title='bbox 974 1647 1076 1689; x_wconf 89' lang='lat' dir='ltr'><strong>nec</strong></span> <span class='ocrx_word' id='word_1_115' title='bbox 1112 1631 1252 1689; x_wconf 87' lang='lat' dir='ltr'><strong>velle</strong></span> <span class='ocrx_word' id='word_1_116' title='bbox 1300 1631 1583 1703; x_wconf 87' lang='lat' dir='ltr'><strong>quisquam</strong></span> <span class='ocrx_word' id='word_1_117' title='bbox 1630 1645 1727 1701; x_wconf 67' lang='grc' dir='ltr'><strong>ρος</strong></span> 
     </span>
    </p>
   </div>
   <div class='ocr_carea' id='block_1_17' title="bbox 156 1722 1723 1794">
    <p class='ocr_par' dir='ltr' id='par_1_17' title="bbox 156 1722 1723 1794">
     <span class='ocr_line' id='line_1_17' title="bbox 156 1722 1723 1794; baseline -0.005 -7"><span class='ocrx_word' id='word_1_118' title='bbox 156 1740 271 1794; x_wconf 68' lang='lat' dir='ltr'><strong>test,</strong></span> <span class='ocrx_word' id='word_1_119' title='bbox 307 1729 405 1785; x_wconf 85' lang='lat' dir='ltr'><strong>nisi</strong></span> <span class='ocrx_word' id='word_1_120' title='bbox 451 1727 763 1784; x_wconf 87' lang='lat' dir='ltr'><strong>admonitus</strong></span> <span class='ocrx_word' id='word_1_121' title='bbox 807 1732 865 1782; x_wconf 90' lang='lat' dir='ltr'><strong>et</strong></span> <span class='ocrx_word' id='word_1_122' title='bbox 904 1732 1122 1782; x_wconf 89' lang='lat' dir='ltr'><strong>vocatus</strong></span> <span class='ocrx_word' id='word_1_123' title='bbox 1145 1763 1161 1788; x_wconf 89' lang='lat'><strong>,</strong></span> <span class='ocrx_word' id='word_1_124' title='bbox 1204 1724 1318 1779; x_wconf 88' lang='lat' dir='ltr'><strong>sive</strong></span> <span class='ocrx_word' id='word_1_125' title='bbox 1367 1722 1723 1791; x_wconf 86' lang='lat' dir='ltr'><strong>intrinsecus,</strong></span> 
     </span>
    </p>
   </div>
   <div class='ocr_carea' id='block_1_18' title="bbox 155 1814 1726 1884">
    <p class='ocr_par' dir='ltr' id='par_1_18' title="bbox 155 1814 1726 1884">
     <span class='ocr_line' id='line_1_18' title="bbox 155 1814 1726 1884; baseline -0.004 -7"><span class='ocrx_word' id='word_1_126' title='bbox 155 1820 233 1877; x_wconf 84' lang='lat' dir='ltr'><strong>ubi</strong></span> <span class='ocrx_word' id='word_1_127' title='bbox 257 1819 419 1875; x_wconf 89' lang='lat' dir='ltr'><strong>nullus</strong></span> <span class='ocrx_word' id='word_1_128' title='bbox 439 1817 721 1875; x_wconf 88' lang='lat' dir='ltr'><strong>hominum</strong></span> <span class='ocrx_word' id='word_1_129' title='bbox 752 1816 932 1882; x_wconf 91' lang='lat' dir='ltr'><strong>videt,</strong></span> <span class='ocrx_word' id='word_1_130' title='bbox 975 1815 1091 1871; x_wconf 88' lang='lat' dir='ltr'><strong>sive</strong></span> <span class='ocrx_word' id='word_1_131' title='bbox 1131 1814 1463 1871; x_wconf 80' lang='lat' dir='ltr'><strong>extrinsecus</strong></span> <span class='ocrx_word' id='word_1_132' title='bbox 1486 1828 1584 1884; x_wconf 89' lang='lat' dir='ltr'><strong>per</strong></span> <span class='ocrx_word' id='word_1_133' title='bbox 1605 1827 1726 1870; x_wconf 87' lang='lat' dir='ltr'><strong>ser-</strong></span> 
     </span>
    </p>
   </div>
   <div class='ocr_carea' id='block_1_19' title="bbox 154 1904 1723 1978">
    <p class='ocr_par' dir='ltr' id='par_1_19' title="bbox 154 1904 1723 1978">
     <span class='ocr_line' id='line_1_19' title="bbox 154 1904 1723 1978; baseline -0.003 -10"><span class='ocrx_word' id='word_1_134' title='bbox 154 1927 343 1968; x_wconf 90' lang='lat' dir='ltr'><strong>monem</strong></span> <span class='ocrx_word' id='word_1_135' title='bbox 384 1918 669 1967; x_wconf 87' lang='lat' dir='ltr'><strong>sonantem</strong></span> <span class='ocrx_word' id='word_1_136' title='bbox 692 1950 710 1977; x_wconf 93' lang='lat'><strong>,</strong></span> <span class='ocrx_word' id='word_1_137' title='bbox 758 1916 851 1964; x_wconf 88' lang='lat' dir='ltr'><strong>aut</strong></span> <span class='ocrx_word' id='word_1_138' title='bbox 891 1923 988 1977; x_wconf 91' lang='lat' dir='ltr'><strong>per</strong></span> <span class='ocrx_word' id='word_1_139' title='bbox 1033 1906 1211 1978; x_wconf 88' lang='lat' dir='ltr'><strong>aliqua</strong></span> <span class='ocrx_word' id='word_1_140' title='bbox 1264 1906 1415 1977; x_wconf 88' lang='lat' dir='ltr'><strong>signa</strong></span> <span class='ocrx_word' id='word_1_141' title='bbox 1458 1904 1723 1973; x_wconf 76' lang='lat' dir='ltr'><strong>visibilis;</strong></span> 
     </span>
    </p>
   </div>
   <div class='ocr_carea' id='block_1_20' title="bbox 153 1997 1727 2071">
    <p class='ocr_par' dir='ltr' id='par_1_20' title="bbox 153 1997 1727 2071">
     <span class='ocr_line' id='line_1_20' title="bbox 153 1997 1727 2071; baseline -0.003 -13"><span class='ocrx_word' id='word_1_142' title='bbox 153 2001 357 2058; x_wconf 82' lang='lat' dir='ltr'><strong>efﬁcitur</strong></span> <span class='ocrx_word' id='word_1_143' title='bbox 378 2012 436 2058; x_wconf 91' lang='lat' dir='ltr'><strong>ut</strong></span> <span class='ocrx_word' id='word_1_144' title='bbox 466 2002 633 2058; x_wconf 91' lang='lat' dir='ltr'><strong>etiam</strong></span> <span class='ocrx_word' id='word_1_145' title='bbox 667 2001 841 2071; x_wconf 87' lang='lat' dir='ltr'><strong>ipsum</strong></span> <span class='ocrx_word' id='word_1_146' title='bbox 882 2000 1019 2057; x_wconf 83' lang='lat' dir='ltr'><strong>velle</strong></span> <span class='ocrx_word' id='word_1_147' title='bbox 1048 1999 1190 2055; x_wconf 92' lang='lat' dir='ltr'><strong>Deus</strong></span> <span class='ocrx_word' id='word_1_148' title='bbox 1214 2007 1467 2069; x_wconf 86' lang='lat' dir='ltr'><strong>operetur</strong></span> <span class='ocrx_word' id='word_1_149' title='bbox 1486 1999 1539 2054; x_wconf 92' lang='lat' dir='ltr'><strong>in</strong></span> <span class='ocrx_word' id='word_1_150' title='bbox 1569 1997 1727 2055; x_wconf 91' lang='lat' dir='ltr'><strong>nobis</strong></span> 
     </span>
    </p>
   </div>
   <div class='ocr_carea' id='block_1_21' title="bbox 157 2088 1726 2165">
    <p class='ocr_par' dir='ltr' id='par_1_21' title="bbox 157 2088 1726 2165">
     <span class='ocr_line' id='line_1_21' title="bbox 157 2088 1726 2165; baseline -0.001 -18"><span class='ocrx_word' id='word_1_151' title='bbox 157 2091 390 2165; x_wconf 78' lang='lat' dir='ltr'><strong>(Philipp.</strong></span> <span class='ocrx_word' id='word_1_152' title='bbox 408 2109 464 2159; x_wconf 85' lang='lat'><strong>11,</strong></span> <span class='ocrx_word' id='word_1_153' title='bbox 490 2091 610 2164; x_wconf 79' lang='grc'>15).</span> <span class='ocrx_word' id='word_1_154' title='bbox 628 2091 710 2148; x_wconf 85' lang='lat' dir='ltr'><strong>Ad</strong></span> <span class='ocrx_word' id='word_1_155' title='bbox 737 2090 879 2147; x_wconf 88' lang='lat' dir='ltr'><strong>illam</strong></span> <span class='ocrx_word' id='word_1_156' title='bbox 901 2091 1046 2147; x_wconf 91' lang='lat' dir='ltr'><strong>enim</strong></span> <span class='ocrx_word' id='word_1_157' title='bbox 1076 2104 1314 2159; x_wconf 77' lang='lat' dir='ltr'><strong>cumam,</strong></span> <span class='ocrx_word' id='word_1_158' title='bbox 1345 2105 1506 2162; x_wconf 89' lang='lat' dir='ltr'><strong>quam</strong></span> <span class='ocrx_word' id='word_1_159' title='bbox 1539 2088 1726 2146; x_wconf 89' lang='lat' dir='ltr'><strong>Domi-</strong></span> 
     </span>
    </p>
   </div>
   <div class='ocr_carea' id='block_1_22' title="bbox 157 2180 1727 2255">
    <p class='ocr_par' dir='ltr' id='par_1_22' title="bbox 157 2180 1727 2255">
     <span class='ocr_line' id='line_1_22' title="bbox 157 2180 1727 2255; baseline -0.002 -16"><span class='ocrx_word' id='word_1_160' title='bbox 157 2201 242 2241; x_wconf 86' lang='lat' dir='ltr'><strong>nus</strong></span> <span class='ocrx_word' id='word_1_161' title='bbox 270 2185 383 2241; x_wconf 89' lang='lat' dir='ltr'><strong>dicit</strong></span> <span class='ocrx_word' id='word_1_162' title='bbox 419 2186 474 2240; x_wconf 91' lang='lat' dir='ltr'><strong>in</strong></span> <span class='ocrx_word' id='word_1_163' title='bbox 509 2184 804 2255; x_wconf 90' lang='lat' dir='ltr'><strong>Evangelio</strong></span> <span class='ocrx_word' id='word_1_164' title='bbox 837 2190 1225 2254; x_wconf 71' lang='lat' dir='ltr'><strong>pmparatam,</strong></span> <span class='ocrx_word' id='word_1_165' title='bbox 1264 2197 1364 2239; x_wconf 89' lang='lat' dir='ltr'><strong>nec</strong></span> <span class='ocrx_word' id='word_1_166' title='bbox 1402 2196 1592 2237; x_wconf 90' lang='lat' dir='ltr'><strong>omnes</strong></span> <span class='ocrx_word' id='word_1_167' title='bbox 1635 2180 1727 2252; x_wconf 91' lang='lat' dir='ltr'><strong>qui</strong></span> 
     </span>
    </p>
   </div>
   <div class='ocr_carea' id='block_1_23' title="bbox 159 2273 1723 2345">
    <p class='ocr_par' dir='ltr' id='par_1_23' title="bbox 159 2273 1723 2345">
     <span class='ocr_line' id='line_1_23' title="bbox 159 2273 1723 2345; baseline -0.003 -13"><span class='ocrx_word' id='word_1_168' title='bbox 159 2278 306 2333; x_wconf 88' lang='lat' dir='ltr'><strong>vocati</strong></span> <span class='ocrx_word' id='word_1_169' title='bbox 328 2286 481 2343; x_wconf 90' lang='lat' dir='ltr'><strong>sunt,</strong></span> <span class='ocrx_word' id='word_1_170' title='bbox 513 2276 707 2332; x_wconf 90' lang='lat' dir='ltr'><strong>venire</strong></span> <span class='ocrx_word' id='word_1_171' title='bbox 748 2275 1066 2341; x_wconf 88' lang='lat' dir='ltr'><strong>voluerunt;</strong></span> <span class='ocrx_word' id='word_1_172' title='bbox 1113 2288 1287 2345; x_wconf 92' lang='lat' dir='ltr'><strong>neque</strong></span> <span class='ocrx_word' id='word_1_173' title='bbox 1325 2273 1400 2329; x_wconf 94' lang='lat' dir='ltr'><strong>illi</strong></span> <span class='ocrx_word' id='word_1_174' title='bbox 1436 2273 1529 2345; x_wconf 92' lang='lat' dir='ltr'><strong>qui</strong></span> <span class='ocrx_word' id='word_1_175' title='bbox 1558 2286 1723 2328; x_wconf 89' lang='lat' dir='ltr'><strong>vene-</strong></span> 
     </span>
    </p>
   </div>
   <div class='ocr_carea' id='block_1_24' title="bbox 158 2364 1728 2440">
    <p class='ocr_par' dir='ltr' id='par_1_24' title="bbox 158 2364 1728 2440">
     <span class='ocr_line' id='line_1_24' title="bbox 158 2364 1728 2440; baseline -0.003 -16"><span class='ocrx_word' id='word_1_176' title='bbox 158 2378 280 2434; x_wconf 88' lang='lat' dir='ltr'><strong>runt,</strong></span> <span class='ocrx_word' id='word_1_177' title='bbox 310 2369 485 2425; x_wconf 89' lang='lat' dir='ltr'><strong>venire</strong></span> <span class='ocrx_word' id='word_1_178' title='bbox 514 2376 763 2440; x_wconf 88' lang='lat' dir='ltr'><strong>possent,</strong></span> <span class='ocrx_word' id='word_1_179' title='bbox 791 2366 893 2422; x_wconf 90' lang='lat' dir='ltr'><strong>nisi</strong></span> <span class='ocrx_word' id='word_1_180' title='bbox 933 2374 1254 2422; x_wconf 87' lang='lat' dir='ltr'><strong>vocarentur</strong></span> <span class='ocrx_word' id='word_1_181' title='bbox 1292 2364 1446 2436; x_wconf 83' lang='lat' dir='ltr'><strong>(Luc.</strong></span> <span class='ocrx_word' id='word_1_182' title='bbox 1474 2380 1565 2421; x_wconf 87' lang='lat' dir='ltr'><strong>xtv</strong></span> <span class='ocrx_word' id='word_1_183' title='bbox 1587 2405 1604 2433; x_wconf 93' lang='lat'><strong>,</strong></span> <span class='ocrx_word' id='word_1_184' title='bbox 1632 2364 1728 2420; x_wconf 83' lang='grc'><strong>16·</strong></span> 
     </span>
    </p>
   </div>
   <div class='ocr_carea' id='block_1_25' title="bbox 159 2456 1726 2533">
    <p class='ocr_par' dir='ltr' id='par_1_25' title="bbox 159 2456 1726 2533">
     <span class='ocr_line' id='line_1_25' title="bbox 159 2456 1726 2533; baseline -0.003 -17"><span class='ocrx_word' id='word_1_185' title='bbox 159 2458 258 2533; x_wconf 73' lang='lat'><strong>9.6).</strong></span> <span class='ocrx_word' id='word_1_186' title='bbox 286 2459 452 2530; x_wconf 84' lang='lat' dir='ltr'><strong>Itaque</strong></span> <span class='ocrx_word' id='word_1_187' title='bbox 489 2474 599 2515; x_wconf 89' lang='lat' dir='ltr'><strong>nec</strong></span> <span class='ocrx_word' id='word_1_188' title='bbox 646 2458 721 2513; x_wconf 91' lang='lat' dir='ltr'><strong>illi</strong></span> <span class='ocrx_word' id='word_1_189' title='bbox 756 2456 956 2513; x_wconf 90' lang='lat' dir='ltr'><strong>debent</strong></span> <span class='ocrx_word' id='word_1_190' title='bbox 1000 2456 1104 2512; x_wconf 84' lang='lat' dir='ltr'><strong>sibi</strong></span> <span class='ocrx_word' id='word_1_191' title='bbox 1149 2456 1384 2512; x_wconf 89' lang='lat' dir='ltr'><strong>tribuere</strong></span> <span class='ocrx_word' id='word_1_192' title='bbox 1427 2456 1519 2527; x_wconf 93' lang='lat' dir='ltr'><strong>qui</strong></span> <span class='ocrx_word' id='word_1_193' title='bbox 1561 2471 1726 2511; x_wconf 88' lang='lat' dir='ltr'><strong>vene-</strong></span> 
     </span>
    </p>
   </div>
   <div class='ocr_carea' id='block_1_26' title="bbox 161 2548 1727 2624">
    <p class='ocr_par' dir='ltr' id='par_1_26' title="bbox 161 2548 1727 2624">
     <span class='ocr_line' id='line_1_26' title="bbox 161 2548 1727 2624; baseline -0.003 -16"><span class='ocrx_word' id='word_1_194' title='bbox 161 2553 442 2624; x_wconf 87' lang='lat' dir='ltr'><strong>runt;quia</strong></span> <span class='ocrx_word' id='word_1_195' title='bbox 485 2551 670 2607; x_wconf 88' lang='lat' dir='ltr'><strong>vocati</strong></span> <span class='ocrx_word' id='word_1_196' title='bbox 708 2556 976 2606; x_wconf 87' lang='lat' dir='ltr'><strong>venerunt</strong></span> <span class='ocrx_word' id='word_1_197' title='bbox 1006 2566 1021 2603; x_wconf 91' lang='lat'><strong>:</strong></span> <span class='ocrx_word' id='word_1_198' title='bbox 1048 2556 1151 2604; x_wconf 85' lang='lat' dir='ltr'><strong>nec</strong></span> <span class='ocrx_word' id='word_1_199' title='bbox 1185 2549 1262 2604; x_wconf 89' lang='lat' dir='ltr'><strong>illi</strong></span> <span class='ocrx_word' id='word_1_200' title='bbox 1306 2548 1399 2621; x_wconf 90' lang='lat' dir='ltr'><strong>qui</strong></span> <span class='ocrx_word' id='word_1_201' title='bbox 1438 2548 1727 2605; x_wconf 89' lang='lat' dir='ltr'><strong>noluerunt</strong></span> 
     </span>
    </p>
   </div>
   <div class='ocr_carea' id='block_1_27' title="bbox 163 2640 1726 2712">
    <p class='ocr_par' dir='ltr' id='par_1_27' title="bbox 163 2640 1726 2712">
     <span class='ocr_line' id='line_1_27' title="bbox 163 2640 1726 2712; baseline -0.001 -14"><span class='ocrx_word' id='word_1_202' title='bbox 163 2644 341 2712; x_wconf 85' lang='lat' dir='ltr'><strong>venire,</strong></span> <span class='ocrx_word' id='word_1_203' title='bbox 363 2643 555 2701; x_wconf 88' lang='lat' dir='ltr'><strong>debent</strong></span> <span class='ocrx_word' id='word_1_204' title='bbox 584 2642 745 2699; x_wconf 89' lang='lat' dir='ltr'><strong>alteri</strong></span> <span class='ocrx_word' id='word_1_205' title='bbox 774 2640 1011 2697; x_wconf 89' lang='lat' dir='ltr'><strong>tribuere</strong></span> <span class='ocrx_word' id='word_1_206' title='bbox 1028 2682 1045 2709; x_wconf 93' lang='lat'><strong>,</strong></span> <span class='ocrx_word' id='word_1_207' title='bbox 1073 2640 1169 2697; x_wconf 91' lang='lat' dir='ltr'><strong>sed</strong></span> <span class='ocrx_word' id='word_1_208' title='bbox 1195 2650 1399 2695; x_wconf 90' lang='lat' dir='ltr'><strong>tantum</strong></span> <span class='ocrx_word' id='word_1_209' title='bbox 1427 2641 1567 2708; x_wconf 89' lang='lat' dir='ltr'><strong>sibi;</strong></span> <span class='ocrx_word' id='word_1_210' title='bbox 1590 2656 1726 2712; x_wconf 89' lang='lat' dir='ltr'><strong>quo-</strong></span> 
     </span>
    </p>
   </div>
   <div class='ocr_carea' id='block_1_28' title="bbox 167 2733 1725 2804">
    <p class='ocr_par' dir='ltr' id='par_1_28' title="bbox 167 2733 1725 2804">
     <span class='ocr_line' id='line_1_28' title="bbox 167 2733 1725 2804; baseline -0.003 -14"><span class='ocrx_word' id='word_1_211' title='bbox 167 2735 291 2791; x_wconf 81' lang='lat' dir='ltr'><strong>niam</strong></span> <span class='ocrx_word' id='word_1_212' title='bbox 311 2746 360 2792; x_wconf 91' lang='lat' dir='ltr'><strong>ut</strong></span> <span class='ocrx_word' id='word_1_213' title='bbox 382 2737 658 2804; x_wconf 86' lang='lat' dir='ltr'><strong>venirent,</strong></span> <span class='ocrx_word' id='word_1_214' title='bbox 706 2734 881 2790; x_wconf 84' lang='lat' dir='ltr'><strong>vocati</strong></span> <span class='ocrx_word' id='word_1_215' title='bbox 928 2742 1083 2789; x_wconf 88' lang='lat' dir='ltr'><strong>erant</strong></span> <span class='ocrx_word' id='word_1_216' title='bbox 1125 2733 1182 2788; x_wconf 90' lang='lat' dir='ltr'><strong>in</strong></span> <span class='ocrx_word' id='word_1_217' title='bbox 1223 2733 1389 2788; x_wconf 89' lang='lat' dir='ltr'><strong>libera</strong></span> <span class='ocrx_word' id='word_1_218' title='bbox 1428 2733 1725 2789; x_wconf 89' lang='lat' dir='ltr'><strong>voluntate.</strong></span> 
     </span>
    </p>
   </div>
   <div class='ocr_carea' id='block_1_29' title="bbox 166 2824 1728 2903">
    <p class='ocr_par' dir='ltr' id='par_1_29' title="bbox 166 2824 1728 2903">
     <span class='ocr_line' id='line_1_29' title="bbox 166 2824 1728 2903; baseline -0.002 -20"><span class='ocrx_word' id='word_1_219' title='bbox 166 2826 359 2887; x_wconf 78' lang='lat' dir='ltr'><strong>Vocatio</strong></span> <span class='ocrx_word' id='word_1_220' title='bbox 379 2845 498 2903; x_wconf 87' lang='lat' dir='ltr'><strong>ergo</strong></span> <span class='ocrx_word' id='word_1_221' title='bbox 518 2837 655 2884; x_wconf 86' lang='lat' dir='ltr'><strong>ante</strong></span> <span class='ocrx_word' id='word_1_222' title='bbox 681 2827 930 2883; x_wconf 90' lang='lat' dir='ltr'><strong>meritum</strong></span> <span class='ocrx_word' id='word_1_223' title='bbox 951 2825 1280 2882; x_wconf 87' lang='lat' dir='ltr'><strong>voluntatem</strong></span> <span class='ocrx_word' id='word_1_224' title='bbox 1300 2834 1573 2896; x_wconf 89' lang='lat' dir='ltr'><strong>operatur.</strong></span> <span class='ocrx_word' id='word_1_225' title='bbox 1596 2824 1728 2881; x_wconf 87' lang='lat' dir='ltr'><strong>Pro-</strong></span> 
     </span>
    </p>
   </div>
   <div class='ocr_carea' id='block_1_30' title="bbox 164 2918 1727 2995">
    <p class='ocr_par' dir='ltr' id='par_1_30' title="bbox 164 2918 1727 2995">
     <span class='ocr_line' id='line_1_30' title="bbox 164 2918 1727 2995; baseline -0.005 -14"><span class='ocrx_word' id='word_1_226' title='bbox 164 2932 320 2995; x_wconf 82' lang='lat' dir='ltr'><strong>pterea</strong></span> <span class='ocrx_word' id='word_1_227' title='bbox 338 2934 388 2979; x_wconf 92' lang='lat' dir='ltr'><strong>et</strong></span> <span class='ocrx_word' id='word_1_228' title='bbox 409 2925 452 2981; x_wconf 89' lang='lat' dir='ltr'><strong>si</strong></span> <span class='ocrx_word' id='word_1_229' title='bbox 475 2924 765 2995; x_wconf 87' lang='lat' dir='ltr'><strong>quisquam</strong></span> <span class='ocrx_word' id='word_1_230' title='bbox 792 2920 895 2976; x_wconf 90' lang='lat' dir='ltr'><strong>sibi</strong></span> <span class='ocrx_word' id='word_1_231' title='bbox 923 2919 1110 2975; x_wconf 87' lang='lat' dir='ltr'><strong>tribuit</strong></span> <span class='ocrx_word' id='word_1_232' title='bbox 1137 2918 1283 2990; x_wconf 93' lang='lat' dir='ltr'><strong>quod</strong></span> <span class='ocrx_word' id='word_1_233' title='bbox 1302 2919 1447 2974; x_wconf 82' lang='lat' dir='ltr'><strong>venit</strong></span> <span class='ocrx_word' id='word_1_234' title='bbox 1470 2927 1690 2975; x_wconf 88' lang='lat' dir='ltr'><strong>vocatus</strong></span> <span class='ocrx_word' id='word_1_235' title='bbox 1708 2957 1727 2986; x_wconf 91' lang='lat'><strong>,</strong></span> 
     </span>
    </p>
   </div>
   <div class='ocr_carea' id='block_1_31' title="bbox 165 3009 1729 3089">
    <p class='ocr_par' dir='ltr' id='par_1_31' title="bbox 165 3009 1729 3089">
     <span class='ocr_line' id='line_1_31' title="bbox 165 3009 1729 3089; baseline -0.003 -19"><span class='ocrx_word' id='word_1_236' title='bbox 165 3032 256 3071; x_wconf 87' lang='lat' dir='ltr'><strong>non</strong></span> <span class='ocrx_word' id='word_1_237' title='bbox 281 3015 371 3072; x_wconf 89' lang='lat' dir='ltr'><strong>sibi</strong></span> <span class='ocrx_word' id='word_1_238' title='bbox 393 3023 572 3089; x_wconf 85' lang='lat' dir='ltr'><strong>potest</strong></span> <span class='ocrx_word' id='word_1_239' title='bbox 609 3013 844 3069; x_wconf 89' lang='lat' dir='ltr'><strong>tribuere</strong></span> <span class='ocrx_word' id='word_1_240' title='bbox 877 3010 1022 3082; x_wconf 91' lang='lat' dir='ltr'><strong>quod</strong></span> <span class='ocrx_word' id='word_1_241' title='bbox 1043 3020 1263 3067; x_wconf 87' lang='lat' dir='ltr'><strong>vocatus</strong></span> <span class='ocrx_word' id='word_1_242' title='bbox 1289 3019 1392 3066; x_wconf 91' lang='lat' dir='ltr'><strong>est.</strong></span> <span class='ocrx_word' id='word_1_243' title='bbox 1420 3009 1522 3077; x_wconf 88' lang='lat' dir='ltr'><strong>Qui</strong></span> <span class='ocrx_word' id='word_1_244' title='bbox 1546 3018 1729 3065; x_wconf 90' lang='lat' dir='ltr'><strong>autem</strong></span> 
     </span>
    </p>
   </div>
   <div class='ocr_carea' id='block_1_32' title="bbox 164 3100 1729 3172">
    <p class='ocr_par' dir='ltr' id='par_1_32' title="bbox 164 3100 1729 3172">
     <span class='ocr_line' id='line_1_32' title="bbox 164 3100 1729 3172; baseline -0.003 -10"><span class='ocrx_word' id='word_1_245' title='bbox 164 3116 351 3162; x_wconf 81' lang='lat' dir='ltr'><strong>vocatus</strong></span> <span class='ocrx_word' id='word_1_246' title='bbox 378 3122 480 3162; x_wconf 92' lang='lat' dir='ltr'><strong>non</strong></span> <span class='ocrx_word' id='word_1_247' title='bbox 508 3106 699 3169; x_wconf 90' lang='lat' dir='ltr'><strong>venit,</strong></span> <span class='ocrx_word' id='word_1_248' title='bbox 725 3102 866 3158; x_wconf 91' lang='lat' dir='ltr'><strong>sicut</strong></span> <span class='ocrx_word' id='word_1_249' title='bbox 894 3116 999 3157; x_wconf 90' lang='lat' dir='ltr'><strong>non</strong></span> <span class='ocrx_word' id='word_1_250' title='bbox 1031 3100 1216 3158; x_wconf 89' lang='lat' dir='ltr'><strong>habuit</strong></span> <span class='ocrx_word' id='word_1_251' title='bbox 1242 3100 1491 3155; x_wconf 90' lang='lat' dir='ltr'><strong>meritum</strong></span> <span class='ocrx_word' id='word_1_252' title='bbox 1521 3101 1729 3172; x_wconf 63' lang='lat' dir='ltr'><strong>praemii</strong></span> 
     </span>
    </p>
   </div>
   <div class='ocr_carea' id='block_1_33' title="bbox 166 3190 1727 3265">
    <p class='ocr_par' dir='ltr' id='par_1_33' title="bbox 166 3190 1727 3265">
     <span class='ocr_line' id='line_1_33' title="bbox 166 3190 1727 3265; baseline -0.003 -14"><span class='ocrx_word' id='word_1_253' title='bbox 166 3207 215 3251; x_wconf 92' lang='lat' dir='ltr'><strong>ut</strong></span> <span class='ocrx_word' id='word_1_254' title='bbox 234 3205 513 3265; x_wconf 88' lang='lat' dir='ltr'><strong>vocaretur,</strong></span> <span class='ocrx_word' id='word_1_255' title='bbox 544 3196 628 3251; x_wconf 90' lang='lat' dir='ltr'><strong>sic</strong></span> <span class='ocrx_word' id='word_1_256' title='bbox 665 3192 884 3248; x_wconf 89' lang='lat' dir='ltr'><strong>inchoat</strong></span> <span class='ocrx_word' id='word_1_257' title='bbox 923 3192 1172 3248; x_wconf 90' lang='lat' dir='ltr'><strong>meritum</strong></span> <span class='ocrx_word' id='word_1_258' title='bbox 1202 3190 1449 3261; x_wconf 89' lang='lat' dir='ltr'><strong>supplicii</strong></span> <span class='ocrx_word' id='word_1_259' title='bbox 1483 3205 1605 3246; x_wconf 90' lang='lat' dir='ltr'><strong>cum</strong></span> <span class='ocrx_word' id='word_1_260' title='bbox 1628 3206 1727 3247; x_wconf 89' lang='lat' dir='ltr'><strong>vo-</strong></span> 
     </span>
    </p>
   </div>
   <div class='ocr_carea' id='block_1_34' title="bbox 164 3280 1729 3356">
    <p class='ocr_par' dir='ltr' id='par_1_34' title="bbox 164 3280 1729 3356">
     <span class='ocr_line' id='line_1_34' title="bbox 164 3280 1729 3356; baseline -0.003 -15"><span class='ocrx_word' id='word_1_261' title='bbox 164 3297 291 3343; x_wconf 74' lang='lat' dir='ltr'><strong>catus</strong></span> <span class='ocrx_word' id='word_1_262' title='bbox 307 3288 479 3343; x_wconf 85' lang='lat' dir='ltr'><strong>venire</strong></span> <span class='ocrx_word' id='word_1_263' title='bbox 503 3283 825 3356; x_wconf 76' lang='lat' dir='ltr'><strong>neglexerit.</strong></span> <span class='ocrx_word' id='word_1_264' title='bbox 852 3281 934 3337; x_wconf 77' lang='lat' dir='ltr'><strong>Ita</strong></span> <span class='ocrx_word' id='word_1_265' title='bbox 959 3290 1116 3337; x_wconf 88' lang='lat' dir='ltr'><strong>erunt</strong></span> <span class='ocrx_word' id='word_1_266' title='bbox 1138 3281 1246 3336; x_wconf 93' lang='lat' dir='ltr'><strong>duo</strong></span> <span class='ocrx_word' id='word_1_267' title='bbox 1275 3281 1403 3336; x_wconf 87' lang='lat' dir='ltr'><strong>illa:</strong></span> <span class='ocrx_word' id='word_1_268' title='bbox 1432 3280 1729 3336; x_wconf 75' lang='lat' dir='ltr'><strong>Misericor-</strong></span> 
     </span>
    </p>
   </div>
   <div class='ocr_carea' id='block_1_35' title="bbox 165 3371 1727 3450">
    <p class='ocr_par' dir='ltr' id='par_1_35' title="bbox 165 3371 1727 3450">
     <span class='ocr_line' id='line_1_35' title="bbox 165 3371 1727 3450; baseline -0.003 -18"><span class='ocrx_word' id='word_1_269' title='bbox 165 3377 282 3432; x_wconf 83' lang='lat' dir='ltr'><strong>diam</strong></span> <span class='ocrx_word' id='word_1_270' title='bbox 312 3387 355 3434; x_wconf 83' lang='lat' dir='ltr'><strong>et</strong></span> <span class='ocrx_word' id='word_1_271' title='bbox 384 3378 645 3450; x_wconf 78' lang='lat' dir='ltr'><strong>judicium</strong></span> <span class='ocrx_word' id='word_1_272' title='bbox 683 3374 896 3430; x_wconf 83' lang='lat' dir='ltr'><strong>cantabo</strong></span> <span class='ocrx_word' id='word_1_273' title='bbox 936 3374 1057 3439; x_wconf 82' lang='lat' dir='ltr'><strong>tibi,</strong></span> <span class='ocrx_word' id='word_1_274' title='bbox 1095 3372 1314 3428; x_wconf 80' lang='lat' dir='ltr'><strong>Domine</strong></span> <span class='ocrx_word' id='word_1_275' title='bbox 1346 3371 1520 3443; x_wconf 87' lang='lat' dir='ltr'><strong>(Psal.</strong></span> <span class='ocrx_word' id='word_1_276' title='bbox 1561 3388 1623 3442; x_wconf 89' lang='lat' dir='ltr'><strong>c,</strong></span> <span class='ocrx_word' id='word_1_277' title='bbox 1655 3373 1727 3445; x_wconf 84' lang='lat' dir='ltr'><strong>l).</strong></span> 
     </span>
    </p>
   </div>
   <div class='ocr_carea' id='block_1_36' title="bbox 165 3464 1729 3537">
    <p class='ocr_par' dir='ltr' id='par_1_36' title="bbox 165 3464 1729 3537">
     <span class='ocr_line' id='line_1_36' title="bbox 165 3464 1729 3537; baseline -0.003 -12"><span class='ocrx_word' id='word_1_278' title='bbox 165 3469 234 3525; x_wconf 81' lang='lat' dir='ltr'><strong>Ad</strong></span> <span class='ocrx_word' id='word_1_279' title='bbox 258 3468 669 3527; x_wconf 86' lang='lat' dir='ltr'><strong>misericordiam</strong></span> <span class='ocrx_word' id='word_1_280' title='bbox 700 3466 932 3537; x_wconf 86' lang='lat' dir='ltr'><strong>pertinet</strong></span> <span class='ocrx_word' id='word_1_281' title='bbox 952 3466 1162 3522; x_wconf 91' lang='lat' dir='ltr'><strong>vocatio</strong></span> <span class='ocrx_word' id='word_1_282' title='bbox 1189 3481 1203 3518; x_wconf 89' lang='lat'><strong>:</strong></span> <span class='ocrx_word' id='word_1_283' title='bbox 1235 3464 1303 3520; x_wconf 90' lang='lat' dir='ltr'><strong>ad</strong></span> <span class='ocrx_word' id='word_1_284' title='bbox 1323 3465 1581 3536; x_wconf 90' lang='lat' dir='ltr'><strong>judicium</strong></span> <span class='ocrx_word' id='word_1_285' title='bbox 1603 3481 1729 3536; x_wconf 85' lang='lat' dir='ltr'><strong>per-</strong></span> 
     </span>
    </p>
   </div>
   <div class='ocr_carea' id='block_1_37' title="bbox 168 3557 1731 3630">
    <p class='ocr_par' dir='ltr' id='par_1_37' title="bbox 168 3557 1731 3630">
     <span class='ocr_line' id='line_1_37' title="bbox 168 3557 1731 3630; baseline -0.003 -13"><span class='ocrx_word' id='word_1_286' title='bbox 168 3560 280 3617; x_wconf 85' lang='lat' dir='ltr'><strong>tinet</strong></span> <span class='ocrx_word' id='word_1_287' title='bbox 301 3560 565 3617; x_wconf 83' lang='lat' dir='ltr'><strong>beatitudo</strong></span> <span class='ocrx_word' id='word_1_288' title='bbox 593 3574 782 3615; x_wconf 90' lang='lat' dir='ltr'><strong>eorum</strong></span> <span class='ocrx_word' id='word_1_289' title='bbox 807 3558 901 3630; x_wconf 92' lang='lat' dir='ltr'><strong>qui</strong></span> <span class='ocrx_word' id='word_1_290' title='bbox 924 3566 1190 3614; x_wconf 87' lang='lat' dir='ltr'><strong>venerunt</strong></span> <span class='ocrx_word' id='word_1_291' title='bbox 1215 3557 1413 3625; x_wconf 89' lang='lat' dir='ltr'><strong>vocati,</strong></span> <span class='ocrx_word' id='word_1_292' title='bbox 1438 3565 1494 3613; x_wconf 89' lang='lat' dir='ltr'><strong>et</strong></span> <span class='ocrx_word' id='word_1_293' title='bbox 1522 3557 1731 3628; x_wconf 87' lang='lat' dir='ltr'><strong>suppli-</strong></span> 
     </span>
    </p>
   </div>
   <div class='ocr_carea' id='block_1_38' title="bbox 166 3647 1734 3724">
    <p class='ocr_par' dir='ltr' id='par_1_38' title="bbox 166 3647 1734 3724">
     <span class='ocr_line' id='line_1_38' title="bbox 166 3647 1734 3724; baseline -0.003 -16"><span class='ocrx_word' id='word_1_294' title='bbox 166 3652 287 3708; x_wconf 87' lang='lat' dir='ltr'><strong>cium</strong></span> <span class='ocrx_word' id='word_1_295' title='bbox 322 3668 497 3709; x_wconf 89' lang='lat' dir='ltr'><strong>eorum</strong></span> <span class='ocrx_word' id='word_1_296' title='bbox 533 3651 632 3724; x_wconf 88' lang='lat' dir='ltr'><strong>qui</strong></span> <span class='ocrx_word' id='word_1_297' title='bbox 659 3650 845 3707; x_wconf 78' lang='lat' dir='ltr'><strong>venire</strong></span> <span class='ocrx_word' id='word_1_298' title='bbox 876 3650 1182 3706; x_wconf 91' lang='lat' dir='ltr'><strong>noluerunt.</strong></span> <span class='ocrx_word' id='word_1_299' title='bbox 1210 3647 1477 3719; x_wconf 89' lang='lat' dir='ltr'><strong>Numquid</strong></span> <span class='ocrx_word' id='word_1_300' title='bbox 1502 3664 1630 3721; x_wconf 88' lang='lat' dir='ltr'><strong>ergo</strong></span> <span class='ocrx_word' id='word_1_301' title='bbox 1656 3649 1734 3703; x_wconf 89' lang='lat' dir='ltr'><strong>la-</strong></span> 
     </span>
    </p>
   </div>
   <div class='ocr_carea' id='block_1_39' title="bbox 169 3738 1734 3813">
    <p class='ocr_par' dir='ltr' id='par_1_39' title="bbox 169 3738 1734 3813">
     <span class='ocr_line' id='line_1_39' title="bbox 169 3738 1734 3813; baseline -0.003 -12"><span class='ocrx_word' id='word_1_302' title='bbox 169 3744 292 3801; x_wconf 86' lang='lat' dir='ltr'><strong>tebat</strong></span> <span class='ocrx_word' id='word_1_303' title='bbox 335 3744 667 3801; x_wconf 88' lang='lat' dir='ltr'><strong>Pharaonem</strong></span> <span class='ocrx_word' id='word_1_304' title='bbox 710 3750 968 3813; x_wconf 87' lang='lat' dir='ltr'><strong>quantum</strong></span> <span class='ocrx_word' id='word_1_305' title='bbox 1010 3740 1141 3797; x_wconf 92' lang='lat' dir='ltr'><strong>boni</strong></span> <span class='ocrx_word' id='word_1_306' title='bbox 1186 3748 1488 3796; x_wconf 68' lang='lat' dir='ltr'><strong>consecutae</strong></span> <span class='ocrx_word' id='word_1_307' title='bbox 1534 3738 1734 3797; x_wconf 83' lang='lat' dir='ltr'><strong>fuerint</strong></span> 
     </span>
    </p>
   </div>
   <div class='ocr_carea' id='block_1_40' title="bbox 167 3828 1734 3908">
    <p class='ocr_par' dir='ltr' id='par_1_40' title="bbox 167 3828 1734 3908">
     <span class='ocr_line' id='line_1_40' title="bbox 167 3828 1734 3908; baseline -0.004 -14"><span class='ocrx_word' id='word_1_308' title='bbox 167 3844 303 3893; x_wconf 62' lang='lat' dir='ltr'><strong>terra</strong></span> <span class='ocrx_word' id='word_1_309' title='bbox 342 3836 442 3893; x_wconf 70' lang='lat' dir='ltr'><strong>illa:</strong></span> <span class='ocrx_word' id='word_1_310' title='bbox 477 3852 581 3908; x_wconf 87' lang='lat' dir='ltr'><strong>per</strong></span> <span class='ocrx_word' id='word_1_311' title='bbox 622 3833 909 3889; x_wconf 88' lang='lat' dir='ltr'><strong>adventum</strong></span> <span class='ocrx_word' id='word_1_312' title='bbox 946 3830 1144 3902; x_wconf 84' lang='lat' dir='ltr'><strong>Joseph</strong></span> <span class='ocrx_word' id='word_1_313' title='bbox 1190 3829 1349 3903; x_wconf 84' lang='lat' dir='ltr'><strong>(Gen.</strong></span> <span class='ocrx_word' id='word_1_314' title='bbox 1393 3828 1543 3904; x_wconf 80' lang='lat' dir='ltr'><strong>xu)?</strong></span> <span class='ocrx_word' id='word_1_315' title='bbox 1584 3830 1734 3887; x_wconf 86' lang='lat' dir='ltr'><strong>illius</strong></span> 
     </span>
    </p>
   </div>
   <div class='ocr_carea' id='block_1_41' title="bbox 168 3923 1731 4002">
    <p class='ocr_par' dir='ltr' id='par_1_41' title="bbox 168 3923 1731 4002">
     <span class='ocr_line' id='line_1_41' title="bbox 168 3923 1731 4002; baseline -0.002 -20"><span class='ocrx_word' id='word_1_316' title='bbox 168 3941 278 4000; x_wconf 88' lang='lat' dir='ltr'><strong>ergo</strong></span> <span class='ocrx_word' id='word_1_317' title='bbox 302 3930 371 3986; x_wconf 87' lang='lat' dir='ltr'><strong>rei</strong></span> <span class='ocrx_word' id='word_1_318' title='bbox 391 3939 559 4002; x_wconf 74' lang='lat' dir='ltr'><strong>gestae</strong></span> <span class='ocrx_word' id='word_1_319' title='bbox 585 3927 839 4000; x_wconf 90' lang='lat' dir='ltr'><strong>cognitio,</strong></span> <span class='ocrx_word' id='word_1_320' title='bbox 866 3925 1076 3983; x_wconf 89' lang='lat' dir='ltr'><strong>vocatio</strong></span> <span class='ocrx_word' id='word_1_321' title='bbox 1099 3925 1215 3995; x_wconf 85' lang='lat' dir='ltr'><strong>ejus</strong></span> <span class='ocrx_word' id='word_1_322' title='bbox 1238 3923 1371 3989; x_wconf 91' lang='lat' dir='ltr'><strong>fuit,</strong></span> <span class='ocrx_word' id='word_1_323' title='bbox 1394 3933 1453 3979; x_wconf 90' lang='lat' dir='ltr'><strong>ut</strong></span> <span class='ocrx_word' id='word_1_324' title='bbox 1480 3924 1731 3995; x_wconf 89' lang='lat' dir='ltr'><strong>populum</strong></span> 
     </span>
    </p>
   </div>
   <div class='ocr_carea' id='block_1_42' title="bbox 168 4015 1733 4087">
    <p class='ocr_par' dir='ltr' id='par_1_42' title="bbox 168 4015 1733 4087">
     <span class='ocr_line' id='line_1_42' title="bbox 168 4015 1733 4087; baseline -0.003 -11"><span class='ocrx_word' id='word_1_325' title='bbox 168 4018 308 4079; x_wconf 80' lang='lat' dir='ltr'><strong>Israel</strong></span> <span class='ocrx_word' id='word_1_326' title='bbox 320 4020 737 4080; x_wconf 85' lang='lat' dir='ltr'><strong>misericorditer</strong></span> <span class='ocrx_word' id='word_1_327' title='bbox 754 4028 985 4075; x_wconf 87' lang='lat' dir='ltr'><strong>tractans</strong></span> <span class='ocrx_word' id='word_1_328' title='bbox 1009 4032 1119 4074; x_wconf 91' lang='lat' dir='ltr'><strong>non</strong></span> <span class='ocrx_word' id='word_1_329' title='bbox 1137 4025 1283 4074; x_wconf 89' lang='lat' dir='ltr'><strong>esset</strong></span> <span class='ocrx_word' id='word_1_330' title='bbox 1306 4016 1563 4087; x_wconf 85' lang='lat' dir='ltr'><strong>ingratus.</strong></span> <span class='ocrx_word' id='word_1_331' title='bbox 1580 4015 1733 4085; x_wconf 91' lang='lat' dir='ltr'><strong>Quod</strong></span> 
     </span>
    </p>
   </div>
   <div class='ocr_carea' id='block_1_43' title="bbox 168 4107 1789 4182">
    <p class='ocr_par' dir='ltr' id='par_1_43' title="bbox 168 4107 1789 4182">
     <span class='ocr_line' id='line_1_43' title="bbox 168 4107 1789 4182; baseline -0.002 -15"><span class='ocrx_word' id='word_1_332' title='bbox 168 4123 322 4171; x_wconf 82' lang='lat' dir='ltr'><strong>autem</strong></span> <span class='ocrx_word' id='word_1_333' title='bbox 349 4115 468 4173; x_wconf 90' lang='lat' dir='ltr'><strong>huic</strong></span> <span class='ocrx_word' id='word_1_334' title='bbox 491 4112 771 4172; x_wconf 87' lang='lat' dir='ltr'><strong>vocationi</strong></span> <span class='ocrx_word' id='word_1_335' title='bbox 809 4111 1185 4182; x_wconf 88' lang='lat' dir='ltr'><strong>obtemperare</strong></span> <span class='ocrx_word' id='word_1_336' title='bbox 1223 4108 1427 4174; x_wconf 90' lang='lat' dir='ltr'><strong>noluit,</strong></span> <span class='ocrx_word' id='word_1_337' title='bbox 1454 4107 1552 4164; x_wconf 89' lang='lat' dir='ltr'><strong>sed</strong></span> <span class='ocrx_word' id='word_1_338' title='bbox 1574 4123 1735 4165; x_wconf 82' lang='lat' dir='ltr'><strong>exer-</strong></span> <span class='ocrx_word' id='word_1_339' title='bbox 1785 4130 1789 4137; x_wconf 66' lang='grc' dir='ltr'><strong>ε</strong></span> 
     </span>
    </p>
   </div>
   <div class='ocr_carea' id='block_1_44' title="bbox 168 4202 1732 4276">
    <p class='ocr_par' dir='ltr' id='par_1_44' title="bbox 168 4202 1732 4276">
     <span class='ocr_line' id='line_1_44' title="bbox 168 4202 1732 4276; baseline -0.003 -16"><span class='ocrx_word' id='word_1_340' title='bbox 168 4205 265 4261; x_wconf 87' lang='lat' dir='ltr'><strong>cuit</strong></span> <span class='ocrx_word' id='word_1_341' title='bbox 288 4208 651 4264; x_wconf 86' lang='lat' dir='ltr'><strong>crudelitatem</strong></span> <span class='ocrx_word' id='word_1_342' title='bbox 681 4205 735 4261; x_wconf 92' lang='lat' dir='ltr'><strong>in</strong></span> <span class='ocrx_word' id='word_1_343' title='bbox 765 4205 844 4261; x_wconf 90' lang='lat' dir='ltr'><strong>eis</strong></span> <span class='ocrx_word' id='word_1_344' title='bbox 871 4204 1064 4276; x_wconf 88' lang='lat' dir='ltr'><strong>quibus</strong></span> <span class='ocrx_word' id='word_1_345' title='bbox 1092 4202 1396 4259; x_wconf 87' lang='lat' dir='ltr'><strong>humanitas</strong></span> <span class='ocrx_word' id='word_1_346' title='bbox 1432 4212 1488 4257; x_wconf 92' lang='lat' dir='ltr'><strong>et</strong></span> <span class='ocrx_word' id='word_1_347' title='bbox 1520 4202 1732 4258; x_wconf 90' lang='lat' dir='ltr'><strong>miseri-</strong></span> 
     </span>
    </p>
   </div>
   <div class='ocr_carea' id='block_1_45' title="bbox 170 4292 1734 4367">
    <p class='ocr_par' dir='ltr' id='par_1_45' title="bbox 170 4292 1734 4367">
     <span class='ocr_line' id='line_1_45' title="bbox 170 4292 1734 4367; baseline -0.003 -15"><span class='ocrx_word' id='word_1_348' title='bbox 170 4296 326 4354; x_wconf 86' lang='lat' dir='ltr'><strong>cordia</strong></span> <span class='ocrx_word' id='word_1_349' title='bbox 349 4298 665 4363; x_wconf 80' lang='lat' dir='ltr'><strong>debebatur,</strong></span> <span class='ocrx_word' id='word_1_350' title='bbox 697 4296 895 4352; x_wconf 90' lang='lat' dir='ltr'><strong>meruit</strong></span> <span class='ocrx_word' id='word_1_351' title='bbox 928 4309 1172 4367; x_wconf 74' lang='lat' dir='ltr'><strong>ptenam,</strong></span> <span class='ocrx_word' id='word_1_352' title='bbox 1203 4303 1262 4350; x_wconf 93' lang='lat' dir='ltr'><strong>ut</strong></span> <span class='ocrx_word' id='word_1_353' title='bbox 1294 4292 1631 4349; x_wconf 91' lang='lat' dir='ltr'><strong>induraretur</strong></span> <span class='ocrx_word' id='word_1_354' title='bbox 1658 4292 1734 4348; x_wconf 89' lang='lat' dir='ltr'><strong>illi</strong></span> 
     </span>
    </p>
   </div>
   <div class='ocr_carea' id='block_1_46' title="bbox 169 4388 1735 4458">
    <p class='ocr_par' dir='ltr' id='par_1_46' title="bbox 169 4388 1735 4458">
     <span class='ocr_line' id='line_1_46' title="bbox 169 4388 1735 4458; baseline -0.002 -14"><span class='ocrx_word' id='word_1_355' title='bbox 169 4401 267 4454; x_wconf 87' lang='lat' dir='ltr'><strong>cor,</strong></span> <span class='ocrx_word' id='word_1_356' title='bbox 292 4397 345 4447; x_wconf 89' lang='lat' dir='ltr'><strong>et</strong></span> <span class='ocrx_word' id='word_1_357' title='bbox 382 4400 588 4447; x_wconf 86' lang='lat' dir='ltr'><strong>tantam</strong></span> <span class='ocrx_word' id='word_1_358' title='bbox 629 4388 922 4445; x_wconf 67' lang='lat' dir='ltr'><strong>caecitatem</strong></span> <span class='ocrx_word' id='word_1_359' title='bbox 974 4388 1169 4444; x_wconf 89' lang='lat' dir='ltr'><strong>mentis</strong></span> <span class='ocrx_word' id='word_1_360' title='bbox 1216 4394 1508 4458; x_wconf 90' lang='lat' dir='ltr'><strong>pateretur,</strong></span> <span class='ocrx_word' id='word_1_361' title='bbox 1560 4393 1620 4440; x_wconf 91' lang='lat' dir='ltr'><strong>ut</strong></span> <span class='ocrx_word' id='word_1_362' title='bbox 1656 4393 1735 4441; x_wconf 91' lang='lat' dir='ltr'><strong>tot</strong></span> 
     </span>
    </p>
   </div>
   <div class='ocr_carea' id='block_1_47' title="bbox 171 4477 1731 4555">
    <p class='ocr_par' dir='ltr' id='par_1_47' title="bbox 171 4477 1731 4555">
     <span class='ocr_line' id='line_1_47' title="bbox 171 4477 1731 4555; baseline -0.002 -19"><span class='ocrx_word' id='word_1_363' title='bbox 171 4488 220 4536; x_wconf 85' lang='lat' dir='ltr'><strong>et</strong></span> <span class='ocrx_word' id='word_1_364' title='bbox 238 4483 384 4538; x_wconf 87' lang='lat' dir='ltr'><strong>tantis</strong></span> <span class='ocrx_word' id='word_1_365' title='bbox 418 4492 640 4555; x_wconf 90' lang='lat' dir='ltr'><strong>tamque</strong></span> <span class='ocrx_word' id='word_1_366' title='bbox 678 4480 978 4537; x_wconf 80' lang='lat' dir='ltr'><strong>manifestis</strong></span> <span class='ocrx_word' id='word_1_367' title='bbox 1004 4480 1102 4536; x_wconf 90' lang='lat' dir='ltr'><strong>Dei</strong></span> <span class='ocrx_word' id='word_1_368' title='bbox 1127 4480 1293 4550; x_wconf 89' lang='lat' dir='ltr'><strong>signis</strong></span> <span class='ocrx_word' id='word_1_369' title='bbox 1320 4494 1428 4535; x_wconf 89' lang='lat' dir='ltr'><strong>non</strong></span> <span class='ocrx_word' id='word_1_370' title='bbox 1451 4477 1731 4544; x_wconf 87' lang='lat' dir='ltr'><strong>crederet;</strong></span> 
     </span>
    </p>
   </div>
   <div class='ocr_carea' id='block_1_48' title="bbox 171 4568 1737 4645">
    <p class='ocr_par' dir='ltr' id='par_1_48' title="bbox 171 4568 1737 4645">
     <span class='ocr_line' id='line_1_48' title="bbox 171 4568 1737 4645; baseline -0.003 -18"><span class='ocrx_word' id='word_1_371' title='bbox 171 4586 262 4642; x_wconf 89' lang='lat' dir='ltr'><strong>quo</strong></span> <span class='ocrx_word' id='word_1_372' title='bbox 286 4583 455 4643; x_wconf 80' lang='lat' dir='ltr'><strong>posset</strong></span> <span class='ocrx_word' id='word_1_373' title='bbox 479 4574 601 4645; x_wconf 87' lang='lat' dir='ltr'><strong>ejus</strong></span> <span class='ocrx_word' id='word_1_374' title='bbox 626 4572 909 4644; x_wconf 90' lang='lat' dir='ltr'><strong>supplicio,</strong></span> <span class='ocrx_word' id='word_1_375' title='bbox 942 4571 1057 4628; x_wconf 90' lang='lat' dir='ltr'><strong>sive</strong></span> <span class='ocrx_word' id='word_1_376' title='bbox 1084 4569 1451 4627; x_wconf 89' lang='lat' dir='ltr'><strong>obdurationis</strong></span> <span class='ocrx_word' id='word_1_377' title='bbox 1470 4609 1486 4636; x_wconf 92' lang='lat'><strong>,</strong></span> <span class='ocrx_word' id='word_1_378' title='bbox 1512 4568 1626 4625; x_wconf 87' lang='lat' dir='ltr'><strong>sive</strong></span> <span class='ocrx_word' id='word_1_379' title='bbox 1653 4568 1737 4624; x_wconf 82' lang='lat' dir='ltr'><strong>ul-</strong></span> 
     </span>
    </p>
   </div>
   <div class='ocr_carea' id='block_1_49' title="bbox 172 4660 1734 4733">
    <p class='ocr_par' dir='ltr' id='par_1_49' title="bbox 172 4660 1734 4733">
     <span class='ocr_line' id='line_1_49' title="bbox 172 4660 1734 4733; baseline 0 -17"><span class='ocrx_word' id='word_1_380' title='bbox 172 4660 297 4718; x_wconf 66' lang='lat' dir='ltr'><strong>timae</strong></span> <span class='ocrx_word' id='word_1_381' title='bbox 335 4664 558 4720; x_wconf 90' lang='lat' dir='ltr'><strong>visibilis</strong></span> <span class='ocrx_word' id='word_1_382' title='bbox 603 4663 1024 4730; x_wconf 90' lang='lat' dir='ltr'><strong>submersionis,</strong></span> <span class='ocrx_word' id='word_1_383' title='bbox 1047 4660 1250 4718; x_wconf 89' lang='lat' dir='ltr'><strong>erudiri</strong></span> <span class='ocrx_word' id='word_1_384' title='bbox 1289 4661 1543 4733; x_wconf 87' lang='lat' dir='ltr'><strong>populus,</strong></span> <span class='ocrx_word' id='word_1_385' title='bbox 1582 4661 1734 4732; x_wconf 90' lang='lat' dir='ltr'><strong>cujus</strong></span> 
     </span>
    </p>
   </div>
   <div class='ocr_carea' id='block_1_50' title="bbox 173 4751 1735 4824">
    <p class='ocr_par' dir='ltr' id='par_1_50' title="bbox 173 4751 1735 4824">
     <span class='ocr_line' id='line_1_50' title="bbox 173 4751 1735 4824; baseline 0 -14"><span class='ocrx_word' id='word_1_386' title='bbox 173 4751 427 4813; x_wconf 78' lang='lat' dir='ltr'><strong>afﬂictione</strong></span> <span class='ocrx_word' id='word_1_387' title='bbox 473 4756 601 4824; x_wconf 91' lang='lat' dir='ltr'><strong>ille,</strong></span> <span class='ocrx_word' id='word_1_388' title='bbox 628 4765 682 4813; x_wconf 91' lang='lat' dir='ltr'><strong>et</strong></span> <span class='ocrx_word' id='word_1_389' title='bbox 723 4756 946 4812; x_wconf 77' lang='lat' dir='ltr'><strong>occultae</strong></span> <span class='ocrx_word' id='word_1_390' title='bbox 991 4753 1319 4820; x_wconf 89' lang='lat' dir='ltr'><strong>obtusionis,</strong></span> <span class='ocrx_word' id='word_1_391' title='bbox 1350 4762 1406 4809; x_wconf 92' lang='lat' dir='ltr'><strong>et</strong></span> <span class='ocrx_word' id='word_1_392' title='bbox 1438 4753 1735 4810; x_wconf 71' lang='lat' dir='ltr'><strong>manifesta:</strong></span> 
     </span>
    </p>
   </div>
   <div class='ocr_carea' id='block_1_51' title="bbox 173 4845 1731 4919">
    <p class='ocr_par' dir='ltr' id='par_1_51' title="bbox 173 4845 1731 4919">
     <span class='ocr_line' id='line_1_51' title="bbox 173 4845 1731 4919; baseline 0 -18"><span class='ocrx_word' id='word_1_393' title='bbox 173 4846 526 4906; x_wconf 85' lang='lat' dir='ltr'><strong>submersionis</strong></span> <span class='ocrx_word' id='word_1_394' title='bbox 556 4849 804 4905; x_wconf 90' lang='lat' dir='ltr'><strong>meritum</strong></span> <span class='ocrx_word' id='word_1_395' title='bbox 828 4848 930 4904; x_wconf 91' lang='lat' dir='ltr'><strong>sibi</strong></span> <span class='ocrx_word' id='word_1_396' title='bbox 958 4855 1294 4917; x_wconf 86' lang='lat' dir='ltr'><strong>compararet</strong></span> <span class='ocrx_word' id='word_1_397' title='bbox 1321 4845 1514 4919; x_wconf 71' lang='lat' dir='ltr'><strong>(Exod.</strong></span> <span class='ocrx_word' id='word_1_398' title='bbox 1536 4845 1731 4919; x_wconf 86' lang='lat' dir='ltr'><strong>v-x1v).</strong></span> 
     </span>
    </p>
   </div>
   <div class='ocr_carea' id='block_1_52' title="bbox 234 4936 1734 5008">
    <p class='ocr_par' dir='ltr' id='par_1_52' title="bbox 234 4936 1734 5008">
     <span class='ocr_line' id='line_1_52' title="bbox 234 4936 1734 5008; baseline 0.001 -16"><span class='ocrx_word' id='word_1_399' title='bbox 234 4936 282 4993; x_wconf 89' lang='lat'><strong>6.</strong></span> <span class='ocrx_word' id='word_1_400' title='bbox 318 4939 437 4996; x_wconf 67' lang='lat' dir='ltr'><strong>Hinc</strong></span> <span class='ocrx_word' id='word_1_401' title='bbox 458 4950 639 4997; x_wconf 87' lang='lat' dir='ltr'><strong>autem</strong></span> <span class='ocrx_word' id='word_1_402' title='bbox 668 4939 894 5004; x_wconf 91' lang='lat' dir='ltr'><strong>vocatiu,</strong></span> <span class='ocrx_word' id='word_1_403' title='bbox 928 4953 1047 5008; x_wconf 68' lang='lat' dir='ltr'><strong>qua:</strong></span> <span class='ocrx_word' id='word_1_404' title='bbox 1074 4938 1187 4993; x_wconf 89' lang='lat' dir='ltr'><strong>sive</strong></span> <span class='ocrx_word' id='word_1_405' title='bbox 1223 4936 1275 4993; x_wconf 91' lang='lat' dir='ltr'><strong>in</strong></span> <span class='ocrx_word' id='word_1_406' title='bbox 1306 4938 1532 5008; x_wconf 81' lang='lat' dir='ltr'><strong>singulis</strong></span> <span class='ocrx_word' id='word_1_407' title='bbox 1557 4937 1734 4993; x_wconf 91' lang='lat' dir='ltr'><strong>homi-</strong></span> 
     </span>
    </p>
   </div>
   <div class='ocr_carea' id='block_1_53' title="bbox 174 5028 1737 5105">
    <p class='ocr_par' dir='ltr' id='par_1_53' title="bbox 174 5028 1737 5105">
     <span class='ocr_line' id='line_1_53' title="bbox 174 5028 1737 5105; baseline 0.004 -24"><span class='ocrx_word' id='word_1_408' title='bbox 174 5028 340 5098; x_wconf 88' lang='lat' dir='ltr'><strong>nibus,</strong></span> <span class='ocrx_word' id='word_1_409' title='bbox 368 5034 477 5089; x_wconf 84' lang='lat' dir='ltr'><strong>sive</strong></span> <span class='ocrx_word' id='word_1_410' title='bbox 509 5034 564 5089; x_wconf 90' lang='lat' dir='ltr'><strong>in</strong></span> <span class='ocrx_word' id='word_1_411' title='bbox 586 5032 801 5105; x_wconf 89' lang='lat' dir='ltr'><strong>populis</strong></span> <span class='ocrx_word' id='word_1_412' title='bbox 821 5072 836 5099; x_wconf 90' lang='lat'><strong>,</strong></span> <span class='ocrx_word' id='word_1_413' title='bbox 867 5039 1029 5102; x_wconf 87' lang='lat' dir='ltr'><strong>atque</strong></span> <span class='ocrx_word' id='word_1_414' title='bbox 1054 5030 1109 5086; x_wconf 92' lang='lat' dir='ltr'><strong>in</strong></span> <span class='ocrx_word' id='word_1_415' title='bbox 1136 5031 1252 5101; x_wconf 92' lang='lat' dir='ltr'><strong>ipso</strong></span> <span class='ocrx_word' id='word_1_416' title='bbox 1280 5045 1476 5102; x_wconf 85' lang='lat' dir='ltr'><strong>genere</strong></span> <span class='ocrx_word' id='word_1_417' title='bbox 1500 5029 1737 5088; x_wconf 90' lang='lat' dir='ltr'><strong>humano</strong></span> 
     </span>
    </p>
   </div>
   <div class='ocr_carea' id='block_1_54' title="bbox 175 5124 1735 5198">
    <p class='ocr_par' dir='ltr' id='par_1_54' title="bbox 175 5124 1735 5198">
     <span class='ocr_line' id='line_1_54' title="bbox 175 5124 1735 5198; baseline 0.001 -21"><span class='ocrx_word' id='word_1_418' title='bbox 175 5135 258 5191; x_wconf 86' lang='lat' dir='ltr'><strong>per</strong></span> <span class='ocrx_word' id='word_1_419' title='bbox 282 5134 566 5198; x_wconf 89' lang='lat' dir='ltr'><strong>temporum</strong></span> <span class='ocrx_word' id='word_1_420' title='bbox 594 5125 1023 5197; x_wconf 80' lang='lat' dir='ltr'><strong>Opportunitates</strong></span> <span class='ocrx_word' id='word_1_421' title='bbox 1057 5133 1325 5196; x_wconf 85' lang='lat' dir='ltr'><strong>operatur,</strong></span> <span class='ocrx_word' id='word_1_422' title='bbox 1357 5124 1478 5179; x_wconf 72' lang='lat' dir='ltr'><strong>altae</strong></span> <span class='ocrx_word' id='word_1_423' title='bbox 1514 5132 1569 5180; x_wconf 90' lang='lat' dir='ltr'><strong>et</strong></span> <span class='ocrx_word' id='word_1_424' title='bbox 1604 5138 1735 5194; x_wconf 89' lang='lat' dir='ltr'><strong>pro-</strong></span> 
     </span>
    </p>
   </div>
   <div class='ocr_carea' id='block_1_55' title="bbox 177 5211 1738 5287">
    <p class='ocr_par' dir='ltr' id='par_1_55' title="bbox 177 5211 1738 5287">
     <span class='ocr_line' id='line_1_55' title="bbox 177 5211 1738 5287; baseline 0.001 -17"><span class='ocrx_word' id='word_1_425' title='bbox 177 5211 331 5272; x_wconf 70' lang='lat' dir='ltr'><strong>fundae</strong></span> <span class='ocrx_word' id='word_1_426' title='bbox 358 5219 703 5275; x_wconf 89' lang='lat' dir='ltr'><strong>ordinationis</strong></span> <span class='ocrx_word' id='word_1_427' title='bbox 740 5229 842 5275; x_wconf 91' lang='lat' dir='ltr'><strong>est.</strong></span> <span class='ocrx_word' id='word_1_428' title='bbox 873 5218 993 5287; x_wconf 91' lang='lat' dir='ltr'><strong>Quo</strong></span> <span class='ocrx_word' id='word_1_429' title='bbox 1032 5218 1262 5287; x_wconf 89' lang='lat' dir='ltr'><strong>pertinet</strong></span> <span class='ocrx_word' id='word_1_430' title='bbox 1289 5218 1449 5274; x_wconf 88' lang='lat' dir='ltr'><strong>etiam</strong></span> <span class='ocrx_word' id='word_1_431' title='bbox 1479 5216 1638 5283; x_wconf 89' lang='lat' dir='ltr'><strong>illud,</strong></span> <span class='ocrx_word' id='word_1_432' title='bbox 1669 5216 1738 5272; x_wconf 84' lang='lat' dir='ltr'><strong>In</strong></span> 
     </span>
    </p>
   </div>
   <div class='ocr_carea' id='block_1_56' title="bbox 177 5309 1735 5382">
    <p class='ocr_par' dir='ltr' id='par_1_56' title="bbox 177 5309 1735 5382">
     <span class='ocr_line' id='line_1_56' title="bbox 177 5309 1735 5382; baseline 0.003 -23"><span class='ocrx_word' id='word_1_433' title='bbox 177 5313 299 5361; x_wconf 80' lang='lat' dir='ltr'><strong>utero</strong></span> <span class='ocrx_word' id='word_1_434' title='bbox 320 5311 621 5379; x_wconf 79' lang='lat' dir='ltr'><strong>sanctiﬁcavi</strong></span> <span class='ocrx_word' id='word_1_435' title='bbox 644 5320 689 5364; x_wconf 87' lang='lat' dir='ltr'><strong>te</strong></span> <span class='ocrx_word' id='word_1_436' title='bbox 717 5309 930 5382; x_wconf 82' lang='lat' dir='ltr'><strong>(Jerem.</strong></span> <span class='ocrx_word' id='word_1_437' title='bbox 962 5325 1011 5376; x_wconf 87' lang='lat'><strong>1,</strong></span> <span class='ocrx_word' id='word_1_438' title='bbox 1039 5309 1093 5380; x_wconf 87' lang='lat'><strong>5)</strong></span> <span class='ocrx_word' id='word_1_439' title='bbox 1118 5326 1132 5375; x_wconf 87' lang='lat'><strong>;</strong></span> <span class='ocrx_word' id='word_1_440' title='bbox 1163 5319 1239 5376; x_wconf 87' lang='lat' dir='ltr'><strong>et,</strong></span> <span class='ocrx_word' id='word_1_441' title='bbox 1261 5309 1387 5365; x_wconf 87' lang='lat' dir='ltr'><strong>Cum</strong></span> <span class='ocrx_word' id='word_1_442' title='bbox 1412 5324 1545 5363; x_wconf 85' lang='lat' dir='ltr'><strong>esses</strong></span> <span class='ocrx_word' id='word_1_443' title='bbox 1577 5309 1631 5362; x_wconf 89' lang='lat' dir='ltr'><strong>in</strong></span> <span class='ocrx_word' id='word_1_444' title='bbox 1651 5325 1735 5364; x_wconf 84' lang='lat' dir='ltr'><strong>re-</strong></span> 
     </span>
    </p>
   </div>
   <div class='ocr_carea' id='block_1_57' title="bbox 177 5396 1736 5473">
    <p class='ocr_par' dir='ltr' id='par_1_57' title="bbox 177 5396 1736 5473">
     <span class='ocr_line' id='line_1_57' title="bbox 177 5396 1736 5473; baseline 0.003 -23"><span class='ocrx_word' id='word_1_445' title='bbox 177 5396 300 5452; x_wconf 77' lang='lat' dir='ltr'><strong>nibus</strong></span> <span class='ocrx_word' id='word_1_446' title='bbox 318 5402 470 5470; x_wconf 83' lang='lat' dir='ltr'><strong>patris</strong></span> <span class='ocrx_word' id='word_1_447' title='bbox 498 5403 589 5470; x_wconf 86' lang='lat' dir='ltr'><strong>tui,</strong></span> <span class='ocrx_word' id='word_1_448' title='bbox 610 5402 711 5456; x_wconf 83' lang='lat' dir='ltr'><strong>vidi</strong></span> <span class='ocrx_word' id='word_1_449' title='bbox 736 5410 783 5456; x_wconf 87' lang='lat' dir='ltr'><strong>te</strong></span> <span class='ocrx_word' id='word_1_450' title='bbox 814 5400 885 5473; x_wconf 87' lang='lat' dir='ltr'><strong>(b)</strong></span> <span class='ocrx_word' id='word_1_451' title='bbox 911 5419 925 5467; x_wconf 89' lang='lat'><strong>;</strong></span> <span class='ocrx_word' id='word_1_452' title='bbox 954 5410 1008 5456; x_wconf 91' lang='lat' dir='ltr'><strong>et</strong></span> <span class='ocrx_word' id='word_1_453' title='bbox 1025 5440 1041 5466; x_wconf 90' lang='lat'><strong>,</strong></span> <span class='ocrx_word' id='word_1_454' title='bbox 1070 5399 1230 5455; x_wconf 79' lang='lat' dir='ltr'><strong>Iacob</strong></span> <span class='ocrx_word' id='word_1_455' title='bbox 1256 5400 1440 5464; x_wconf 65' lang='lat' dir='ltr'><strong>diioui,</strong></span> <span class='ocrx_word' id='word_1_456' title='bbox 1471 5399 1613 5455; x_wconf 86' lang='lat' dir='ltr'><strong>Esau</strong></span> <span class='ocrx_word' id='word_1_457' title='bbox 1640 5416 1736 5454; x_wconf 88' lang='lat' dir='ltr'><strong>au-</strong></span> 
     </span>
    </p>
   </div>
   <div class='ocr_carea' id='block_1_58' title="bbox 181 5490 1739 5563">
    <p class='ocr_par' dir='ltr' id='par_1_58' title="bbox 181 5490 1739 5563">
     <span class='ocr_line' id='line_1_58' title="bbox 181 5490 1739 5563; baseline 0.003 -22"><span class='ocrx_word' id='word_1_458' title='bbox 181 5497 264 5541; x_wconf 78' lang='lat' dir='ltr'><strong>tem</strong></span> <span class='ocrx_word' id='word_1_459' title='bbox 287 5492 395 5545; x_wconf 84' lang='lat' dir='ltr'><strong>odio</strong></span> <span class='ocrx_word' id='word_1_460' title='bbox 422 5494 571 5547; x_wconf 85' lang='lat' dir='ltr'><strong>habui</strong></span> <span class='ocrx_word' id='word_1_461' title='bbox 598 5491 850 5563; x_wconf 77' lang='lat' dir='ltr'><strong>(Malach.</strong></span> <span class='ocrx_word' id='word_1_462' title='bbox 884 5508 921 5556; x_wconf 93' lang='lat'><strong>1,</strong></span> <span class='ocrx_word' id='word_1_463' title='bbox 948 5491 1017 5557; x_wconf 76' lang='lat'><strong>‘2,</strong></span> <span class='ocrx_word' id='word_1_464' title='bbox 1050 5490 1106 5561; x_wconf 81' lang='lat'><strong>&#39;5)</strong></span> <span class='ocrx_word' id='word_1_465' title='bbox 1137 5506 1150 5545; x_wconf 94' lang='lat'>:</span> <span class='ocrx_word' id='word_1_466' title='bbox 1178 5507 1297 5546; x_wconf 90' lang='lat' dir='ltr'><strong>cum</strong></span> <span class='ocrx_word' id='word_1_467' title='bbox 1327 5490 1525 5547; x_wconf 91' lang='lat' dir='ltr'><strong>dictum</strong></span> <span class='ocrx_word' id='word_1_468' title='bbox 1552 5492 1621 5546; x_wconf 90' lang='lat' dir='ltr'><strong>sit</strong></span> <span class='ocrx_word' id='word_1_469' title='bbox 1644 5506 1739 5546; x_wconf 86' lang='lat' dir='ltr'><strong>an-</strong></span> 
     </span>
    </p>
   </div>
   <div class='ocr_carea' id='block_1_59' title="bbox 180 5581 1738 5653">
    <p class='ocr_par' dir='ltr' id='par_1_59' title="bbox 180 5581 1738 5653">
     <span class='ocr_line' id='line_1_59' title="bbox 180 5581 1738 5653; baseline 0.005 -23"><span class='ocrx_word' id='word_1_470' title='bbox 180 5584 365 5648; x_wconf 83' lang='lat' dir='ltr'><strong>tequam</strong></span> <span class='ocrx_word' id='word_1_471' title='bbox 409 5592 774 5639; x_wconf 86' lang='lat' dir='ltr'><strong>nascerentur.</strong></span> <span class='ocrx_word' id='word_1_472' title='bbox 824 5581 933 5636; x_wconf 89' lang='lat' dir='ltr'><strong>Nec</strong></span> <span class='ocrx_word' id='word_1_473' title='bbox 976 5581 1355 5652; x_wconf 86' lang='lat' dir='ltr'><strong>comprehendi</strong></span> <span class='ocrx_word' id='word_1_474' title='bbox 1398 5588 1605 5653; x_wconf 89' lang='lat' dir='ltr'><strong>potest,</strong></span> <span class='ocrx_word' id='word_1_475' title='bbox 1636 5581 1738 5638; x_wconf 92' lang='lat' dir='ltr'><strong>nisi</strong></span> 
     </span>
    </p>
   </div>
   <div class='ocr_carea' id='block_1_60' title="bbox 231 5714 761 5836">
    <p class='ocr_par' dir='ltr' id='par_1_60' title="bbox 231 5714 761 5836">
     <span class='ocr_line' id='line_1_60' title="bbox 231 5714 761 5836; baseline 0.008 -76"><span class='ocrx_word' id='word_1_476' title='bbox 231 5714 295 5836; x_wconf 63' lang='grc' dir='ltr'>(α)</span> <span class='ocrx_word' id='word_1_477' title='bbox 316 5721 331 5761; x_wconf 88' lang='lat' dir='ltr'><strong>t</strong></span> <span class='ocrx_word' id='word_1_478' title='bbox 352 5722 551 5765; x_wconf 78' lang='lat' dir='ltr'><strong>netract.</strong></span> <span class='ocrx_word' id='word_1_479' title='bbox 570 5730 671 5780; x_wconf 80' lang='lat' dir='ltr'><strong>cap.</strong></span> <span class='ocrx_word' id='word_1_480' title='bbox 696 5714 761 5764; x_wconf 72' lang='lat'><strong>26</strong></span> 
     </span>
     <span class='ocr_line' id='line_1_61' title="bbox 231 5775 431 5835; baseline 0.015 -13"><span class='ocrx_word' id='word_1_481' title='bbox 231 5775 274 5835; x_wconf 85' lang='lat' dir='ltr'><strong>(b</strong></span> <span class='ocrx_word' id='word_1_482' title='bbox 323 5778 431 5827; x_wconf 82' lang='lat' dir='ltr'><strong>Ibid.</strong></span> 
     </span>
    </p>
   </div>
   <div class='ocr_carea' id='block_1_61' title="bbox 231 5775 431 5835">
    <p class='ocr_par' dir='ltr' id='par_1_61' title="bbox 231 5775 431 5835">
     <span class='ocr_line' id='line_1_62' title="bbox 231 5775 431 5835; baseline 0.01 -12"><span class='ocrx_word' id='word_1_483' title='bbox 231 5775 293 5835; x_wconf 86' lang='lat' dir='ltr'><strong>(b)</strong></span> <span class='ocrx_word' id='word_1_484' title='bbox 323 5778 431 5827; x_wconf 80' lang='lat' dir='ltr'><strong>Ibid.</strong></span> 
     </span>
    </p>
   </div>
   <div class='ocr_carea' id='block_1_62' title="bbox 432 5862 1128 5933">
    <p class='ocr_par' dir='ltr' id='par_1_62' title="bbox 432 5862 1128 5933">
     <span class='ocr_line' id='line_1_63' title="bbox 432 5862 1128 5933; baseline -0.006 -6"><span class='ocrx_word' id='word_1_485' title='bbox 432 5863 649 5933; x_wconf 69' lang='lat' dir='ltr'><strong>Ssacr.</strong></span> <span class='ocrx_word' id='word_1_486' title='bbox 699 5864 979 5923; x_wconf 81' lang='lat' dir='ltr'><strong>AUGUST.</strong></span> <span class='ocrx_word' id='word_1_487' title='bbox 1023 5862 1128 5925; x_wconf 87' lang='lat' dir='ltr'><strong>Vl.</strong></span> 
     </span>
    </p>
   </div>
   <div class='ocr_carea' id='block_1_63' title="bbox 1833 439 3415 515">
    <p class='ocr_par' dir='ltr' id='par_1_63' title="bbox 1833 439 3415 515">
     <span class='ocr_line' id='line_1_64' title="bbox 1833 439 3415 515; baseline 0.013 -20"><span class='ocrx_word' id='word_1_488' title='bbox 1833 439 1971 497; x_wconf 87' lang='lat' dir='ltr'><strong>forte</strong></span> <span class='ocrx_word' id='word_1_489' title='bbox 2010 441 2077 497; x_wconf 91' lang='lat' dir='ltr'><strong>ab</strong></span> <span class='ocrx_word' id='word_1_490' title='bbox 2120 442 2200 499; x_wconf 92' lang='lat' dir='ltr'><strong>eis</strong></span> <span class='ocrx_word' id='word_1_491' title='bbox 2237 445 2328 514; x_wconf 92' lang='lat' dir='ltr'><strong>qui</strong></span> <span class='ocrx_word' id='word_1_492' title='bbox 2369 444 2595 515; x_wconf 85' lang='lat' dir='ltr'><strong>diligunt</strong></span> <span class='ocrx_word' id='word_1_493' title='bbox 2630 447 2795 503; x_wconf 89' lang='lat' dir='ltr'><strong>Deum</strong></span> <span class='ocrx_word' id='word_1_494' title='bbox 2836 465 2901 505; x_wconf 84' lang='lat' dir='ltr'><strong>ex</strong></span> <span class='ocrx_word' id='word_1_495' title='bbox 2940 460 3052 509; x_wconf 92' lang='lat' dir='ltr'><strong>toto</strong></span> <span class='ocrx_word' id='word_1_496' title='bbox 3077 456 3240 514; x_wconf 86' lang='lat' dir='ltr'><strong>corde</strong></span> <span class='ocrx_word' id='word_1_497' title='bbox 3265 466 3317 514; x_wconf 93' lang='lat' dir='ltr'><strong>et</strong></span> <span class='ocrx_word' id='word_1_498' title='bbox 3342 473 3415 514; x_wconf 85' lang='lat' dir='ltr'><strong>ex</strong></span> 
     </span>
    </p>
   </div>
   <div class='ocr_carea' id='block_1_64' title="bbox 1832 533 3419 619">
    <p class='ocr_par' dir='ltr' id='par_1_64' title="bbox 1832 533 3419 619">
     <span class='ocr_line' id='line_1_65' title="bbox 1832 533 3419 619; baseline 0.014 -33"><span class='ocrx_word' id='word_1_499' title='bbox 1832 539 1941 587; x_wconf 91' lang='lat' dir='ltr'><strong>tota</strong></span> <span class='ocrx_word' id='word_1_500' title='bbox 1962 533 2137 588; x_wconf 90' lang='lat' dir='ltr'><strong>anima</strong></span> <span class='ocrx_word' id='word_1_501' title='bbox 2165 543 2221 590; x_wconf 90' lang='lat' dir='ltr'><strong>et</strong></span> <span class='ocrx_word' id='word_1_502' title='bbox 2239 550 2305 590; x_wconf 85' lang='lat' dir='ltr'><strong>ex</strong></span> <span class='ocrx_word' id='word_1_503' title='bbox 2332 546 2441 591; x_wconf 89' lang='lat' dir='ltr'><strong>tota</strong></span> <span class='ocrx_word' id='word_1_504' title='bbox 2462 548 2640 594; x_wconf 87' lang='lat' dir='ltr'><strong>mente</strong></span> <span class='ocrx_word' id='word_1_505' title='bbox 2667 554 2760 594; x_wconf 88' lang='lat' dir='ltr'><strong>sua</strong></span> <span class='ocrx_word' id='word_1_506' title='bbox 2779 583 2794 609; x_wconf 89' lang='lat'><strong>,</strong></span> <span class='ocrx_word' id='word_1_507' title='bbox 2824 555 2877 597; x_wconf 90' lang='lat' dir='ltr'><strong>et</strong></span> <span class='ocrx_word' id='word_1_508' title='bbox 2897 543 3121 614; x_wconf 86' lang='lat' dir='ltr'><strong>diligunt</strong></span> <span class='ocrx_word' id='word_1_509' title='bbox 3144 552 3419 619; x_wconf 88' lang='lat' dir='ltr'><strong>proximos</strong></span> 
     </span>
    </p>
   </div>
   <div class='ocr_carea' id='block_1_65' title="bbox 1830 629 3419 713">
    <p class='ocr_par' dir='ltr' id='par_1_65' title="bbox 1830 629 3419 713">
     <span class='ocr_line' id='line_1_66' title="bbox 1830 629 3419 713; baseline 0.016 -35"><span class='ocrx_word' id='word_1_510' title='bbox 1830 637 1958 680; x_wconf 89' lang='lat' dir='ltr'><strong>suos</strong></span> <span class='ocrx_word' id='word_1_511' title='bbox 1994 634 2241 697; x_wconf 88' lang='lat' dir='ltr'><strong>tanquam</strong></span> <span class='ocrx_word' id='word_1_512' title='bbox 2284 642 2343 684; x_wconf 91' lang='lat' dir='ltr'><strong>se</strong></span> <span class='ocrx_word' id='word_1_513' title='bbox 2378 629 2521 701; x_wconf 92' lang='lat' dir='ltr'><strong>ipsos</strong></span> <span class='ocrx_word' id='word_1_514' title='bbox 2562 630 2774 701; x_wconf 80' lang='lat' dir='ltr'><strong>(Matth.</strong></span> <span class='ocrx_word' id='word_1_515' title='bbox 2809 652 2956 706; x_wconf 71' lang='grc' dir='ltr'>χχιι,</span> <span class='ocrx_word' id='word_1_516' title='bbox 2983 640 3070 704; x_wconf 79' lang='lat'><strong>37,</strong></span> <span class='ocrx_word' id='word_1_517' title='bbox 3100 641 3213 713; x_wconf 81' lang='lat'><strong>39).</strong></span> <span class='ocrx_word' id='word_1_518' title='bbox 3248 644 3419 703; x_wconf 89' lang='lat' dir='ltr'><strong>Tanta</strong></span> 
     </span>
    </p>
   </div>
   <div class='ocr_carea' id='block_1_66' title="bbox 1831 715 3422 795">
    <p class='ocr_par' dir='ltr' id='par_1_66' title="bbox 1831 715 3422 795">
     <span class='ocr_line' id='line_1_67' title="bbox 1831 715 3422 795; baseline 0.015 -26"><span class='ocrx_word' id='word_1_519' title='bbox 1831 715 1975 770; x_wconf 91' lang='lat' dir='ltr'><strong>enim</strong></span> <span class='ocrx_word' id='word_1_520' title='bbox 1997 717 2254 774; x_wconf 86' lang='lat' dir='ltr'><strong>charitate</strong></span> <span class='ocrx_word' id='word_1_521' title='bbox 2277 718 2505 788; x_wconf 78' lang='lat' dir='ltr'><strong>fundati,</strong></span> <span class='ocrx_word' id='word_1_522' title='bbox 2538 735 2758 792; x_wconf 90' lang='lat' dir='ltr'><strong>possunt</strong></span> <span class='ocrx_word' id='word_1_523' title='bbox 2777 725 2886 795; x_wconf 90' lang='lat' dir='ltr'><strong>jam</strong></span> <span class='ocrx_word' id='word_1_524' title='bbox 2910 728 3133 787; x_wconf 80' lang='lat' dir='ltr'><strong>fortasse</strong></span> <span class='ocrx_word' id='word_1_525' title='bbox 3152 748 3274 789; x_wconf 91' lang='lat' dir='ltr'><strong>cum</strong></span> <span class='ocrx_word' id='word_1_526' title='bbox 3295 751 3422 792; x_wconf 89' lang='lat' dir='ltr'><strong>san-</strong></span> 
     </span>
    </p>
   </div>
   <div class='ocr_carea' id='block_1_67' title="bbox 1831 808 3420 895">
    <p class='ocr_par' dir='ltr' id='par_1_67' title="bbox 1831 808 3420 895">
     <span class='ocr_line' id='line_1_68' title="bbox 1831 808 3420 895; baseline 0.015 -32"><span class='ocrx_word' id='word_1_527' title='bbox 1831 808 1933 864; x_wconf 91' lang='lat' dir='ltr'><strong>ctis</strong></span> <span class='ocrx_word' id='word_1_528' title='bbox 1953 812 2408 882; x_wconf 88' lang='lat' dir='ltr'><strong>comprehendere</strong></span> <span class='ocrx_word' id='word_1_529' title='bbox 2436 814 2840 887; x_wconf 90' lang='lat' dir='ltr'><strong>longitudinem,</strong></span> <span class='ocrx_word' id='word_1_530' title='bbox 2862 820 3214 895; x_wconf 82' lang='lat' dir='ltr'><strong>latitudinem,</strong></span> <span class='ocrx_word' id='word_1_531' title='bbox 3238 830 3420 887; x_wconf 90' lang='lat' dir='ltr'><strong>altitu-</strong></span> 
     </span>
    </p>
   </div>
   <div class='ocr_carea' id='block_1_68' title="bbox 1830 898 3421 988">
    <p class='ocr_par' dir='ltr' id='par_1_68' title="bbox 1830 898 3421 988">
     <span class='ocr_line' id='line_1_69' title="bbox 1830 898 3421 988; baseline 0.018 -33"><span class='ocrx_word' id='word_1_532' title='bbox 1830 898 2012 957; x_wconf 90' lang='lat' dir='ltr'><strong>dinem</strong></span> <span class='ocrx_word' id='word_1_533' title='bbox 2060 912 2114 958; x_wconf 92' lang='lat' dir='ltr'><strong>et</strong></span> <span class='ocrx_word' id='word_1_534' title='bbox 2150 904 2473 975; x_wconf 89' lang='lat' dir='ltr'><strong>profundum</strong></span> <span class='ocrx_word' id='word_1_535' title='bbox 2520 907 2751 979; x_wconf 83' lang='lat' dir='ltr'><strong>(Ephes.</strong></span> <span class='ocrx_word' id='word_1_536' title='bbox 2782 927 2869 980; x_wconf 87' lang='grc' dir='ltr'>ιιι,</span> <span class='ocrx_word' id='word_1_537' title='bbox 2915 915 3027 988; x_wconf 78' lang='grc'>18).</span> <span class='ocrx_word' id='word_1_538' title='bbox 3065 918 3199 976; x_wconf 84' lang='lat' dir='ltr'><strong>Illud</strong></span> <span class='ocrx_word' id='word_1_539' title='bbox 3241 931 3421 982; x_wconf 89' lang='lat' dir='ltr'><strong>tamen</strong></span> 
     </span>
    </p>
   </div>
   <div class='ocr_carea' id='block_1_69' title="bbox 1831 994 3421 1086">
    <p class='ocr_par' dir='ltr' id='par_1_69' title="bbox 1831 994 3421 1086">
     <span class='ocr_line' id='line_1_70' title="bbox 1831 994 3421 1086; baseline 0.017 -39"><span class='ocrx_word' id='word_1_540' title='bbox 1831 994 2267 1086; x_wconf 73' lang='lat' dir='ltr'><strong>constantissima</strong></span> <span class='ocrx_word' id='word_1_541' title='bbox 2305 996 2412 1054; x_wconf 88' lang='lat' dir='ltr'><strong>fide</strong></span> <span class='ocrx_word' id='word_1_542' title='bbox 2461 999 2798 1058; x_wconf 89' lang='lat' dir='ltr'><strong>retinendum</strong></span> <span class='ocrx_word' id='word_1_543' title='bbox 2828 1044 2843 1069; x_wconf 91' lang='lat'><strong>,</strong></span> <span class='ocrx_word' id='word_1_544' title='bbox 2900 1022 3076 1079; x_wconf 92' lang='lat' dir='ltr'><strong>neque</strong></span> <span class='ocrx_word' id='word_1_545' title='bbox 3130 1014 3421 1086; x_wconf 88' lang='lat' dir='ltr'><strong>quidquam</strong></span> 
     </span>
    </p>
   </div>
   <div class='ocr_carea' id='block_1_70' title="bbox 1831 1082 3425 1179">
    <p class='ocr_par' dir='ltr' id='par_1_70' title="bbox 1831 1082 3425 1179">
     <span class='ocr_line' id='line_1_71' title="bbox 1831 1082 3425 1179; baseline 0.018 -41"><span class='ocrx_word' id='word_1_546' title='bbox 1831 1082 2001 1140; x_wconf 91' lang='lat' dir='ltr'><strong>Deum</strong></span> <span class='ocrx_word' id='word_1_547' title='bbox 2029 1085 2223 1157; x_wconf 89' lang='lat' dir='ltr'><strong>injuste</strong></span> <span class='ocrx_word' id='word_1_548' title='bbox 2251 1087 2431 1146; x_wconf 88' lang='lat' dir='ltr'><strong>facere</strong></span> <span class='ocrx_word' id='word_1_549' title='bbox 2449 1130 2465 1157; x_wconf 91' lang='lat'><strong>,</strong></span> <span class='ocrx_word' id='word_1_550' title='bbox 2495 1106 2669 1161; x_wconf 88' lang='lat' dir='ltr'><strong>neque</strong></span> <span class='ocrx_word' id='word_1_551' title='bbox 2698 1095 2858 1152; x_wconf 91' lang='lat' dir='ltr'><strong>ullam</strong></span> <span class='ocrx_word' id='word_1_552' title='bbox 2887 1113 3007 1156; x_wconf 91' lang='lat' dir='ltr'><strong>esse</strong></span> <span class='ocrx_word' id='word_1_553' title='bbox 3035 1082 3425 1179; x_wconf 45' lang='lat' dir='ltr'><strong>naturam—qua:</strong></span> 
     </span>
    </p>
   </div>
   <div class='ocr_carea' id='block_1_71' title="bbox 1831 1176 3426 1259">
    <p class='ocr_par' dir='ltr' id='par_1_71' title="bbox 1831 1176 3426 1259">
     <span class='ocr_line' id='line_1_72' title="bbox 1831 1176 3426 1259; baseline 0.018 -29"><span class='ocrx_word' id='word_1_554' title='bbox 1831 1189 1940 1233; x_wconf 88' lang='lat' dir='ltr'><strong>non</strong></span> <span class='ocrx_word' id='word_1_555' title='bbox 1962 1176 2074 1233; x_wconf 92' lang='lat' dir='ltr'><strong>Deo</strong></span> <span class='ocrx_word' id='word_1_556' title='bbox 2098 1177 2293 1236; x_wconf 89' lang='lat' dir='ltr'><strong>debeat</strong></span> <span class='ocrx_word' id='word_1_557' title='bbox 2314 1180 2368 1235; x_wconf 90' lang='lat' dir='ltr'><strong>id</strong></span> <span class='ocrx_word' id='word_1_558' title='bbox 2395 1182 2539 1251; x_wconf 92' lang='lat' dir='ltr'><strong>quod</strong></span> <span class='ocrx_word' id='word_1_559' title='bbox 2568 1193 2650 1239; x_wconf 94' lang='lat' dir='ltr'><strong>est</strong></span> <span class='ocrx_word' id='word_1_560' title='bbox 2681 1203 2695 1239; x_wconf 90' lang='lat'><strong>:</strong></span> <span class='ocrx_word' id='word_1_561' title='bbox 2727 1188 2848 1257; x_wconf 85' lang='lat' dir='ltr'><strong>quia</strong></span> <span class='ocrx_word' id='word_1_562' title='bbox 2876 1190 2986 1247; x_wconf 90' lang='lat' dir='ltr'><strong>Deo</strong></span> <span class='ocrx_word' id='word_1_563' title='bbox 3013 1193 3241 1254; x_wconf 90' lang='lat' dir='ltr'><strong>debetur</strong></span> <span class='ocrx_word' id='word_1_564' title='bbox 3265 1176 3426 1259; x_wconf 81' lang='lat' dir='ltr'><strong>omne</strong></span> 
     </span>
    </p>
   </div>
   <div class='ocr_carea' id='block_1_72' title="bbox 1831 1265 3427 1361">
    <p class='ocr_par' dir='ltr' id='par_1_72' title="bbox 1831 1265 3427 1361">
     <span class='ocr_line' id='line_1_73' title="bbox 1831 1265 3427 1361; baseline 0.016 -38"><span class='ocrx_word' id='word_1_565' title='bbox 1831 1265 1997 1361; x_wconf 84' lang='lat' dir='ltr'><strong>decus</strong></span> <span class='ocrx_word' id='word_1_566' title='bbox 2019 1279 2072 1324; x_wconf 91' lang='lat' dir='ltr'><strong>et</strong></span> <span class='ocrx_word' id='word_1_567' title='bbox 2092 1269 2428 1340; x_wconf 89' lang='lat' dir='ltr'><strong>pulchritudo</strong></span> <span class='ocrx_word' id='word_1_568' title='bbox 2452 1282 2508 1329; x_wconf 92' lang='lat' dir='ltr'><strong>et</strong></span> <span class='ocrx_word' id='word_1_569' title='bbox 2529 1280 2871 1347; x_wconf 90' lang='lat' dir='ltr'><strong>congruentia</strong></span> <span class='ocrx_word' id='word_1_570' title='bbox 2900 1284 3164 1353; x_wconf 89' lang='lat' dir='ltr'><strong>partium;</strong></span> <span class='ocrx_word' id='word_1_571' title='bbox 3192 1307 3350 1361; x_wconf 87' lang='lat' dir='ltr'><strong>quam</strong></span> <span class='ocrx_word' id='word_1_572' title='bbox 3380 1295 3427 1349; x_wconf 88' lang='lat' dir='ltr'><strong>si</strong></span> 
     </span>
    </p>
   </div>
   <div class='ocr_carea' id='block_1_73' title="bbox 1832 1359 3424 1443">
    <p class='ocr_par' dir='ltr' id='par_1_73' title="bbox 1832 1359 3424 1443">
     <span class='ocr_line' id='line_1_74' title="bbox 1832 1359 3424 1443; baseline 0.019 -32"><span class='ocrx_word' id='word_1_573' title='bbox 1832 1359 2047 1428; x_wconf 90' lang='lat' dir='ltr'><strong>penitus</strong></span> <span class='ocrx_word' id='word_1_574' title='bbox 2076 1371 2387 1429; x_wconf 89' lang='lat' dir='ltr'><strong>persecutus</strong></span> <span class='ocrx_word' id='word_1_575' title='bbox 2416 1362 2586 1423; x_wconf 87' lang='lat' dir='ltr'><strong>fueris</strong></span> <span class='ocrx_word' id='word_1_576' title='bbox 2614 1369 2632 1400; x_wconf 76' lang='grc' dir='ltr'>ί</span> <span class='ocrx_word' id='word_1_577' title='bbox 2656 1408 2672 1435; x_wconf 89' lang='grc'>,</span> <span class='ocrx_word' id='word_1_578' title='bbox 2701 1379 2755 1425; x_wconf 90' lang='lat' dir='ltr'><strong>et</strong></span> <span class='ocrx_word' id='word_1_579' title='bbox 2784 1387 2951 1443; x_wconf 89' lang='lat' dir='ltr'><strong>usque</strong></span> <span class='ocrx_word' id='word_1_580' title='bbox 2986 1376 3054 1432; x_wconf 87' lang='lat' dir='ltr'><strong>ad</strong></span> <span class='ocrx_word' id='word_1_581' title='bbox 3081 1359 3270 1438; x_wconf 87' lang='lat' dir='ltr'><strong>omnes</strong></span> <span class='ocrx_word' id='word_1_582' title='bbox 3296 1386 3424 1440; x_wconf 90' lang='lat' dir='ltr'><strong>reli-</strong></span> 
     </span>
    </p>
   </div>
   <div class='ocr_carea' id='block_1_74' title="bbox 1831 1450 3054 1524">
    <p class='ocr_par' dir='ltr' id='par_1_74' title="bbox 1831 1450 3054 1524">
     <span class='ocr_line' id='line_1_75' title="bbox 1831 1450 3054 1524; baseline 0.016 -20"><span class='ocrx_word' id='word_1_583' title='bbox 1831 1450 1985 1520; x_wconf 89' lang='lat' dir='ltr'><strong>quias</strong></span> <span class='ocrx_word' id='word_1_584' title='bbox 2011 1451 2080 1508; x_wconf 91' lang='lat' dir='ltr'><strong>de</strong></span> <span class='ocrx_word' id='word_1_585' title='bbox 2102 1454 2262 1509; x_wconf 89' lang='lat' dir='ltr'><strong>rebus</strong></span> <span class='ocrx_word' id='word_1_586' title='bbox 2287 1454 2601 1523; x_wconf 84' lang='lat' dir='ltr'><strong>detraxeris,</strong></span> <span class='ocrx_word' id='word_1_587' title='bbox 2630 1474 2873 1520; x_wconf 89' lang='lat' dir='ltr'><strong>remanet</strong></span> <span class='ocrx_word' id='word_1_588' title='bbox 2901 1468 3054 1524; x_wconf 88' lang='lat' dir='ltr'><strong>nihil.</strong></span> 
     </span>
    </p>
   </div>
   <div class='ocr_carea' id='block_1_75' title="bbox 1830 1538 3425 1633">
    <p class='ocr_par' dir='ltr' id='par_1_75' title="bbox 1830 1538 3425 1633">
     <span class='ocr_line' id='line_1_76' title="bbox 1830 1538 3425 1633; baseline 0.02 -39"><span class='ocrx_word' id='word_1_589' title='bbox 2071 1543 2147 1598; x_wconf 85' lang='lat' dir='ltr'><strong>De</strong></span> <span class='ocrx_word' id='word_1_590' title='bbox 2189 1560 2247 1598; x_wconf 85' lang='lat' dir='ltr'><strong>eo</strong></span> <span class='ocrx_word' id='word_1_591' title='bbox 2279 1546 2415 1615; x_wconf 84' lang='lat' dir='ltr'><strong>quod</strong></span> <span class='ocrx_word' id='word_1_592' title='bbox 2450 1550 2692 1619; x_wconf 84' lang='lat' dir='ltr'><strong>scriptum</strong></span> <span class='ocrx_word' id='word_1_593' title='bbox 2741 1564 2814 1608; x_wconf 87' lang='lat' dir='ltr'><strong>est</strong></span> <span class='ocrx_word' id='word_1_594' title='bbox 2839 1570 2858 1608; x_wconf 90' lang='lat'><strong><em>:</em></strong></span> <span class='ocrx_word' id='word_1_595' title='bbox 2887 1556 3036 1614; x_wconf 87' lang='lat' dir='ltr'><strong>Tunc</strong></span> <span class='ocrx_word' id='word_1_596' title='bbox 3081 1570 3135 1617; x_wconf 92' lang='lat' dir='ltr'><strong>et</strong></span> <span class='ocrx_word' id='word_1_597' title='bbox 3168 1564 3283 1633; x_wconf 90' lang='lat' dir='ltr'><strong>ipse</strong></span> <span class='ocrx_word' id='word_1_598' title='bbox 3333 1568 3425 1626; x_wconf 86' lang='lat' dir='ltr'><strong>Fi-</strong></span> 
     </span>
    </p>
   </div>
   <div class='ocr_carea' id='block_1_76' title="bbox 1902 1630 3421 1727">
    <p class='ocr_par' dir='ltr' id='par_1_76' title="bbox 1902 1630 3421 1727">
     <span class='ocr_line' id='line_1_77' title="bbox 1902 1630 3421 1727; baseline 0.018 -41"><span class='ocrx_word' id='word_1_599' title='bbox 1902 1630 2006 1687; x_wconf 91' lang='lat' dir='ltr'><strong>lius</strong></span> <span class='ocrx_word' id='word_1_600' title='bbox 2025 1632 2297 1727; x_wconf 73' lang='lat' dir='ltr'><strong>subjectus</strong></span> <span class='ocrx_word' id='word_1_601' title='bbox 2324 1636 2427 1692; x_wconf 91' lang='lat' dir='ltr'><strong>erit</strong></span> <span class='ocrx_word' id='word_1_602' title='bbox 2451 1637 2500 1693; x_wconf 90' lang='lat' dir='ltr'><strong>ei</strong></span> <span class='ocrx_word' id='word_1_603' title='bbox 2516 1639 2607 1709; x_wconf 90' lang='lat' dir='ltr'><strong>qui</strong></span> <span class='ocrx_word' id='word_1_604' title='bbox 2637 1640 2713 1696; x_wconf 81' lang='lat'><strong>1111</strong></span> <span class='ocrx_word' id='word_1_605' title='bbox 2751 1644 2977 1715; x_wconf 88' lang='lat' dir='ltr'><strong>subjecit</strong></span> <span class='ocrx_word' id='word_1_606' title='bbox 3019 1630 3203 1708; x_wconf 81' lang='lat' dir='ltr'><strong>omnia</strong></span> <span class='ocrx_word' id='word_1_607' title='bbox 3227 1655 3274 1727; x_wconf 84' lang='lat'><strong>(1</strong></span> <span class='ocrx_word' id='word_1_608' title='bbox 3299 1660 3421 1715; x_wconf 83' lang='lat' dir='ltr'><strong>Cor.</strong></span> 
     </span>
    </p>
   </div>
   <div class='ocr_carea' id='block_1_77' title="bbox 1902 1723 2137 1795">
    <p class='ocr_par' dir='ltr' id='par_1_77' title="bbox 1902 1723 2137 1795">
     <span class='ocr_line' id='line_1_78' title="bbox 1902 1723 2137 1795; baseline 0.017 -18"><span class='ocrx_word' id='word_1_609' title='bbox 1902 1737 1998 1790; x_wconf 90' lang='lat' dir='ltr'><strong>xv,</strong></span> <span class='ocrx_word' id='word_1_610' title='bbox 2019 1723 2137 1795; x_wconf 77' lang='lat'><strong>28).</strong></span> 
     </span>
    </p>
   </div>
   <div class='ocr_carea' id='block_1_78' title="bbox 1904 1814 3427 1896">
    <p class='ocr_par' dir='ltr' id='par_1_78' title="bbox 1904 1814 3427 1896">
     <span class='ocr_line' id='line_1_79' title="bbox 1904 1814 3427 1896; baseline 0.018 -26"><span class='ocrx_word' id='word_1_611' title='bbox 1904 1814 1958 1870; x_wconf 75' lang='grc'>1.</span> <span class='ocrx_word' id='word_1_612' title='bbox 1988 1814 2090 1883; x_wconf 91' lang='lat' dir='ltr'><strong>Qui</strong></span> <span class='ocrx_word' id='word_1_613' title='bbox 2128 1816 2322 1874; x_wconf 87' lang='lat' dir='ltr'><strong>Filium</strong></span> <span class='ocrx_word' id='word_1_614' title='bbox 2366 1818 2466 1876; x_wconf 89' lang='lat' dir='ltr'><strong>Dei</strong></span> <span class='ocrx_word' id='word_1_615' title='bbox 2498 1820 2645 1878; x_wconf 87' lang='lat' dir='ltr'><strong>Patri</strong></span> <span class='ocrx_word' id='word_1_616' title='bbox 2685 1826 2945 1896; x_wconf 56' lang='lat' dir='ltr'><strong>aequalem</strong></span> <span class='ocrx_word' id='word_1_617' title='bbox 2990 1846 3097 1888; x_wconf 92' lang='lat' dir='ltr'><strong>non</strong></span> <span class='ocrx_word' id='word_1_618' title='bbox 3147 1850 3269 1893; x_wconf 84' lang='lat' dir='ltr'><strong>esse</strong></span> <span class='ocrx_word' id='word_1_619' title='bbox 3296 1853 3427 1896; x_wconf 86' lang='lat' dir='ltr'><strong>con-</strong></span> 
     </span>
    </p>
   </div>
   <div class='ocr_carea' id='block_1_79' title="bbox 1832 1905 3429 1988">
    <p class='ocr_par' dir='ltr' id='par_1_79' title="bbox 1832 1905 3429 1988">
     <span class='ocr_line' id='line_1_80' title="bbox 1832 1905 3429 1988; baseline 0.018 -28"><span class='ocrx_word' id='word_1_620' title='bbox 1832 1905 2074 1973; x_wconf 89' lang='lat' dir='ltr'><strong>tendunt,</strong></span> <span class='ocrx_word' id='word_1_621' title='bbox 2127 1909 2305 1966; x_wconf 91' lang='lat' dir='ltr'><strong>solent</strong></span> <span class='ocrx_word' id='word_1_622' title='bbox 2350 1927 2610 1983; x_wconf 89' lang='lat' dir='ltr'><strong>usurpare</strong></span> <span class='ocrx_word' id='word_1_623' title='bbox 2663 1914 2975 1978; x_wconf 89' lang='lat' dir='ltr'><strong>familiarius</strong></span> <span class='ocrx_word' id='word_1_624' title='bbox 3024 1924 3125 1981; x_wconf 91' lang='lat' dir='ltr'><strong>hoc</strong></span> <span class='ocrx_word' id='word_1_625' title='bbox 3187 1932 3429 1988; x_wconf 86' lang='lat' dir='ltr'><strong>testimo-</strong></span> 
     </span>
    </p>
   </div>
   <div class='ocr_carea' id='block_1_80' title="bbox 1831 1997 3428 2093">
    <p class='ocr_par' dir='ltr' id='par_1_80' title="bbox 1831 1997 3428 2093">
     <span class='ocr_line' id='line_1_81' title="bbox 1831 1997 3428 2093; baseline 0.018 -42"><span class='ocrx_word' id='word_1_626' title='bbox 1831 1997 2000 2093; x_wconf 78' lang='lat' dir='ltr'><strong>nium,</strong></span> <span class='ocrx_word' id='word_1_627' title='bbox 2031 1998 2122 2054; x_wconf 90' lang='lat' dir='ltr'><strong>ubi</strong></span> <span class='ocrx_word' id='word_1_628' title='bbox 2148 2001 2223 2055; x_wconf 91' lang='lat' dir='ltr'><strong>ait</strong></span> <span class='ocrx_word' id='word_1_629' title='bbox 2251 2003 2562 2072; x_wconf 84' lang='lat' dir='ltr'><strong>Apostolus,</strong></span> <span class='ocrx_word' id='word_1_630' title='bbox 2591 2005 2718 2062; x_wconf 83' lang='lat' dir='ltr'><strong>Cum</strong></span> <span class='ocrx_word' id='word_1_631' title='bbox 2744 2019 2913 2066; x_wconf 83' lang='lat' dir='ltr'><strong>autem</strong></span> <span class='ocrx_word' id='word_1_632' title='bbox 2936 2014 2981 2067; x_wconf 88' lang='lat' dir='ltr'><strong>ei</strong></span> <span class='ocrx_word' id='word_1_633' title='bbox 3004 2019 3175 2071; x_wconf 89' lang='lat' dir='ltr'><strong>omnia</strong></span> <span class='ocrx_word' id='word_1_634' title='bbox 3202 2023 3428 2093; x_wconf 86' lang='lat' dir='ltr'><strong>subjecta</strong></span> 
     </span>
    </p>
   </div>
   <div class='ocr_carea' id='block_1_81' title="bbox 1832 2087 3430 2185">
    <p class='ocr_par' dir='ltr' id='par_1_81' title="bbox 1832 2087 3430 2185">
     <span class='ocr_line' id='line_1_82' title="bbox 1832 2087 3430 2185; baseline 0.017 -43"><span class='ocrx_word' id='word_1_635' title='bbox 1832 2087 2039 2185; x_wconf 67' lang='lat' dir='ltr'><strong>fuerint,</strong></span> <span class='ocrx_word' id='word_1_636' title='bbox 2060 2100 2179 2185; x_wconf 75' lang='lat' dir='ltr'><strong>tunc</strong></span> <span class='ocrx_word' id='word_1_637' title='bbox 2199 2101 2245 2146; x_wconf 87' lang='lat' dir='ltr'><strong>et</strong></span> <span class='ocrx_word' id='word_1_638' title='bbox 2272 2094 2380 2164; x_wconf 85' lang='lat' dir='ltr'><strong>ipse</strong></span> <span class='ocrx_word' id='word_1_639' title='bbox 2404 2094 2575 2151; x_wconf 85' lang='lat' dir='ltr'><strong>Filius</strong></span> <span class='ocrx_word' id='word_1_640' title='bbox 2599 2100 2851 2169; x_wconf 80' lang='lat' dir='ltr'><strong>subjectus</strong></span> <span class='ocrx_word' id='word_1_641' title='bbox 2877 2105 2970 2159; x_wconf 86' lang='lat' dir='ltr'><strong>erit</strong></span> <span class='ocrx_word' id='word_1_642' title='bbox 2985 2108 3029 2160; x_wconf 86' lang='lat' dir='ltr'><strong>ei</strong></span> <span class='ocrx_word' id='word_1_643' title='bbox 3052 2109 3141 2173; x_wconf 85' lang='lat' dir='ltr'><strong>qui</strong></span> <span class='ocrx_word' id='word_1_644' title='bbox 3158 2110 3238 2164; x_wconf 85' lang='lat' dir='ltr'><strong>illi</strong></span> <span class='ocrx_word' id='word_1_645' title='bbox 3250 2087 3430 2185; x_wconf 78' lang='lat' dir='ltr'><strong>subje-</strong></span> 
     </span>
    </p>
   </div>
   <div class='ocr_carea' id='block_1_82' title="bbox 1833 2179 3429 2260">
    <p class='ocr_par' dir='ltr' id='par_1_82' title="bbox 1833 2179 3429 2260">
     <span class='ocr_line' id='line_1_83' title="bbox 1833 2179 3429 2260; baseline 0.017 -26"><span class='ocrx_word' id='word_1_646' title='bbox 1833 2179 1901 2234; x_wconf 85' lang='lat' dir='ltr'><strong>cit</strong></span> <span class='ocrx_word' id='word_1_647' title='bbox 1944 2181 2151 2249; x_wconf 85' lang='lat' dir='ltr'><strong>omnia,</strong></span> <span class='ocrx_word' id='word_1_648' title='bbox 2192 2192 2247 2237; x_wconf 89' lang='lat' dir='ltr'><strong>ut</strong></span> <span class='ocrx_word' id='word_1_649' title='bbox 2299 2185 2365 2240; x_wconf 88' lang='lat' dir='ltr'><strong>sit</strong></span> <span class='ocrx_word' id='word_1_650' title='bbox 2404 2185 2545 2243; x_wconf 82' lang='lat' dir='ltr'><strong>Deus</strong></span> <span class='ocrx_word' id='word_1_651' title='bbox 2579 2191 2825 2247; x_wconf 88' lang='lat' dir='ltr'><strong>omniain</strong></span> <span class='ocrx_word' id='word_1_652' title='bbox 2851 2196 3099 2253; x_wconf 83' lang='lat' dir='ltr'><strong>omnibus.</strong></span> <span class='ocrx_word' id='word_1_653' title='bbox 3138 2199 3256 2257; x_wconf 89' lang='lat' dir='ltr'><strong>Non</strong></span> <span class='ocrx_word' id='word_1_654' title='bbox 3284 2179 3429 2260; x_wconf 79' lang='lat' dir='ltr'><strong>enim</strong></span> 
     </span>
    </p>
   </div>
   <div class='ocr_carea' id='block_1_83' title="bbox 1830 2275 3425 2364">
    <p class='ocr_par' dir='ltr' id='par_1_83' title="bbox 1830 2275 3425 2364">
     <span class='ocr_line' id='line_1_84' title="bbox 1830 2275 3425 2364; baseline 0.016 -37"><span class='ocrx_word' id='word_1_655' title='bbox 1830 2283 2015 2343; x_wconf 88' lang='lat' dir='ltr'><strong>posset</strong></span> <span class='ocrx_word' id='word_1_656' title='bbox 2052 2275 2131 2330; x_wconf 91' lang='lat' dir='ltr'><strong>eis</strong></span> <span class='ocrx_word' id='word_1_657' title='bbox 2158 2290 2313 2332; x_wconf 90' lang='lat' dir='ltr'><strong>error</strong></span> <span class='ocrx_word' id='word_1_658' title='bbox 2339 2278 2541 2334; x_wconf 89' lang='lat' dir='ltr'><strong>oboriri</strong></span> <span class='ocrx_word' id='word_1_659' title='bbox 2580 2281 2827 2351; x_wconf 87' lang='lat' dir='ltr'><strong>palliatus</strong></span> <span class='ocrx_word' id='word_1_660' title='bbox 2855 2290 3073 2346; x_wconf 90' lang='lat' dir='ltr'><strong>nomine</strong></span> <span class='ocrx_word' id='word_1_661' title='bbox 3097 2292 3389 2352; x_wconf 87' lang='lat' dir='ltr'><strong>christiano</strong></span> <span class='ocrx_word' id='word_1_662' title='bbox 3407 2338 3425 2364; x_wconf 90' lang='lat'><strong>,</strong></span> 
     </span>
    </p>
   </div>
   <div class='ocr_carea' id='block_1_84' title="bbox 1831 2364 3429 2452">
    <p class='ocr_par' dir='ltr' id='par_1_84' title="bbox 1831 2364 3429 2452">
     <span class='ocr_line' id='line_1_85' title="bbox 1831 2364 3429 2452; baseline 0.017 -34"><span class='ocrx_word' id='word_1_663' title='bbox 1831 2364 1934 2420; x_wconf 90' lang='lat' dir='ltr'><strong>nisi</strong></span> <span class='ocrx_word' id='word_1_664' title='bbox 1986 2364 2055 2421; x_wconf 92' lang='lat' dir='ltr'><strong>de</strong></span> <span class='ocrx_word' id='word_1_665' title='bbox 2103 2366 2393 2438; x_wconf 89' lang='lat' dir='ltr'><strong>Scripturis</strong></span> <span class='ocrx_word' id='word_1_666' title='bbox 2434 2386 2545 2428; x_wconf 91' lang='lat' dir='ltr'><strong>non</strong></span> <span class='ocrx_word' id='word_1_667' title='bbox 2586 2374 2889 2432; x_wconf 88' lang='lat' dir='ltr'><strong>intellectis.</strong></span> <span class='ocrx_word' id='word_1_668' title='bbox 2924 2380 3112 2437; x_wconf 90' lang='lat' dir='ltr'><strong>Dicunt</strong></span> <span class='ocrx_word' id='word_1_669' title='bbox 3158 2387 3323 2452; x_wconf 90' lang='lat' dir='ltr'><strong>enim,</strong></span> <span class='ocrx_word' id='word_1_670' title='bbox 3369 2389 3429 2445; x_wconf 88' lang='lat' dir='ltr'><strong>Si</strong></span> 
     </span>
    </p>
   </div>
   <div class='ocr_carea' id='block_1_85' title="bbox 1831 2455 3429 2550">
    <p class='ocr_par' dir='ltr' id='par_1_85' title="bbox 1831 2455 3429 2550">
     <span class='ocr_line' id='line_1_86' title="bbox 1831 2455 3429 2550; baseline 0.017 -41"><span class='ocrx_word' id='word_1_671' title='bbox 1831 2455 2052 2550; x_wconf 73' lang='lat' dir='ltr'><strong>aequalis</strong></span> <span class='ocrx_word' id='word_1_672' title='bbox 2079 2466 2197 2550; x_wconf 83' lang='lat' dir='ltr'><strong>est,</strong></span> <span class='ocrx_word' id='word_1_673' title='bbox 2234 2461 2502 2530; x_wconf 89' lang='lat' dir='ltr'><strong>quomodo</strong></span> <span class='ocrx_word' id='word_1_674' title='bbox 2528 2464 2800 2534; x_wconf 88' lang='lat' dir='ltr'><strong>subjectus</strong></span> <span class='ocrx_word' id='word_1_675' title='bbox 2826 2471 2929 2525; x_wconf 88' lang='lat' dir='ltr'><strong>erit</strong></span> <span class='ocrx_word' id='word_1_676' title='bbox 2956 2471 3046 2527; x_wconf 75' lang='lat' dir='ltr'><strong>ei?</strong></span> <span class='ocrx_word' id='word_1_677' title='bbox 3067 2474 3219 2544; x_wconf 89' lang='lat' dir='ltr'><strong>Quod</strong></span> <span class='ocrx_word' id='word_1_678' title='bbox 3246 2481 3429 2550; x_wconf 85' lang='lat' dir='ltr'><strong>utique</strong></span> 
     </span>
    </p>
   </div>
   <div class='ocr_carea' id='block_1_86' title="bbox 1831 2546 3426 2642">
    <p class='ocr_par' dir='ltr' id='par_1_86' title="bbox 1831 2546 3426 2642">
     <span class='ocr_line' id='line_1_87' title="bbox 1831 2546 3426 2642; baseline 0.018 -42"><span class='ocrx_word' id='word_1_679' title='bbox 1831 2546 2008 2603; x_wconf 91' lang='lat' dir='ltr'><strong>simile</strong></span> <span class='ocrx_word' id='word_1_680' title='bbox 2036 2558 2118 2642; x_wconf 83' lang='lat' dir='ltr'><strong>est</strong></span> <span class='ocrx_word' id='word_1_681' title='bbox 2156 2549 2583 2642; x_wconf 9' lang='lat' dir='ltr'><strong>illirevangelicae</strong></span> <span class='ocrx_word' id='word_1_682' title='bbox 2608 2560 2925 2629; x_wconf 64' lang='lat' dir='ltr'><strong>quaestioni,</strong></span> <span class='ocrx_word' id='word_1_683' title='bbox 2959 2561 3015 2619; x_wconf 92' lang='lat' dir='ltr'><strong>Si</strong></span> <span class='ocrx_word' id='word_1_684' title='bbox 3044 2570 3264 2636; x_wconf 84' lang='lat' dir='ltr'><strong>aequalis</strong></span> <span class='ocrx_word' id='word_1_685' title='bbox 3308 2546 3389 2628; x_wconf 83' lang='lat' dir='ltr'><strong>est</strong></span> <span class='ocrx_word' id='word_1_686' title='bbox 3408 2614 3426 2642; x_wconf 92' lang='lat'><strong>,</strong></span> 
     </span>
    </p>
   </div>
   <div class='ocr_carea' id='block_1_87' title="bbox 1835 2638 3427 2731">
    <p class='ocr_par' dir='ltr' id='par_1_87' title="bbox 1835 2638 3427 2731">
     <span class='ocr_line' id='line_1_88' title="bbox 1835 2638 3427 2731; baseline 0.019 -41"><span class='ocrx_word' id='word_1_687' title='bbox 1835 2638 2105 2731; x_wconf 28' lang='lat' dir='ltr'><strong>quom-udo</strong></span> <span class='ocrx_word' id='word_1_688' title='bbox 2127 2641 2323 2731; x_wconf 57' lang='lat' dir='ltr'><strong>_major</strong></span> <span class='ocrx_word' id='word_1_689' title='bbox 2360 2652 2444 2699; x_wconf 90' lang='lat' dir='ltr'><strong>est</strong></span> <span class='ocrx_word' id='word_1_690' title='bbox 2481 2646 2678 2702; x_wconf 83' lang='lat' dir='ltr'><strong>Pater?</strong></span> <span class='ocrx_word' id='word_1_691' title='bbox 2704 2648 2823 2718; x_wconf 85' lang='lat' dir='ltr'><strong>Ipse</strong></span> <span class='ocrx_word' id='word_1_692' title='bbox 2862 2654 3002 2709; x_wconf 91' lang='lat' dir='ltr'><strong>enim</strong></span> <span class='ocrx_word' id='word_1_693' title='bbox 3034 2657 3290 2717; x_wconf 92' lang='lat' dir='ltr'><strong>Dominus</strong></span> <span class='ocrx_word' id='word_1_694' title='bbox 3318 2638 3427 2731; x_wconf 70' lang='lat' dir='ltr'><strong>ait,</strong></span> 
     </span>
    </p>
   </div>
   <div class='ocr_carea' id='block_1_88' title="bbox 1835 2725 3435 2823">
    <p class='ocr_par' dir='ltr' id='par_1_88' title="bbox 1835 2725 3435 2823">
     <span class='ocr_line' id='line_1_89' title="bbox 1835 2725 3435 2823; baseline 0.021 -46"><span class='ocrx_word' id='word_1_695' title='bbox 1835 2725 2088 2793; x_wconf 80' lang='lat' dir='ltr'><strong>Quoniam</strong></span> <span class='ocrx_word' id='word_1_696' title='bbox 2314 2734 2480 2823; x_wconf 78' lang='lat' dir='ltr'><strong>major</strong></span> <span class='ocrx_word' id='word_1_697' title='bbox 2504 2751 2583 2788; x_wconf 87' lang='lat' dir='ltr'><strong>me</strong></span> <span class='ocrx_word' id='word_1_698' title='bbox 2610 2746 2683 2791; x_wconf 83' lang='lat' dir='ltr'><strong>est</strong></span> <span class='ocrx_word' id='word_1_699' title='bbox 2715 2739 2893 2809; x_wconf 84' lang='lat' dir='ltr'><strong>(Joan.</strong></span> <span class='ocrx_word' id='word_1_700' title='bbox 2928 2758 3038 2809; x_wconf 87' lang='lat' dir='ltr'><strong>xlv,</strong></span> <span class='ocrx_word' id='word_1_701' title='bbox 3069 2746 3186 2821; x_wconf 76' lang='grc'>28).</span> <span class='ocrx_word' id='word_1_702' title='bbox 3226 2725 3435 2823; x_wconf 62' lang='lat' dir='ltr'><strong>Regula</strong></span> 
     </span>
    </p>
   </div>
   <div class='ocr_carea' id='block_1_89' title="bbox 1832 2820 3431 2912">
    <p class='ocr_par' dir='ltr' id='par_1_89' title="bbox 1832 2820 3431 2912">
     <span class='ocr_line' id='line_1_90' title="bbox 1832 2820 3431 2912; baseline 0.018 -40"><span class='ocrx_word' id='word_1_703' title='bbox 1832 2826 2011 2912; x_wconf 66' lang='lat' dir='ltr'><strong>autem</strong></span> <span class='ocrx_word' id='word_1_704' title='bbox 2038 2820 2315 2878; x_wconf 70' lang='lat' dir='ltr'><strong>catholicae</strong></span> <span class='ocrx_word' id='word_1_705' title='bbox 2358 2822 2482 2880; x_wconf 84' lang='lat' dir='ltr'><strong>fidei</strong></span> <span class='ocrx_word' id='word_1_706' title='bbox 2520 2826 2602 2883; x_wconf 88' lang='lat' dir='ltr'><strong>sic</strong></span> <span class='ocrx_word' id='word_1_707' title='bbox 2642 2843 2702 2883; x_wconf 89' lang='lat' dir='ltr'><strong>se</strong></span> <span class='ocrx_word' id='word_1_708' title='bbox 2740 2829 2919 2899; x_wconf 87' lang='lat' dir='ltr'><strong>habet,</strong></span> <span class='ocrx_word' id='word_1_709' title='bbox 2947 2843 3005 2889; x_wconf 92' lang='lat' dir='ltr'><strong>ut</strong></span> <span class='ocrx_word' id='word_1_710' title='bbox 3028 2820 3148 2893; x_wconf 87' lang='lat' dir='ltr'><strong>cum</strong></span> <span class='ocrx_word' id='word_1_711' title='bbox 3176 2820 3349 2912; x_wconf 73' lang='lat' dir='ltr'><strong>aliqua</strong></span> <span class='ocrx_word' id='word_1_712' title='bbox 3374 2846 3431 2902; x_wconf 73' lang='lat' dir='ltr'><strong>in</strong></span> 
     </span>
    </p>
   </div>
   <div class='ocr_carea' id='block_1_90' title="bbox 1833 2908 3428 3005">
    <p class='ocr_par' dir='ltr' id='par_1_90' title="bbox 1833 2908 3428 3005">
     <span class='ocr_line' id='line_1_91' title="bbox 1833 2908 3428 3005; baseline 0.018 -41"><span class='ocrx_word' id='word_1_713' title='bbox 1833 2908 2126 3005; x_wconf 85' lang='lat' dir='ltr'><strong>Scripturis</strong></span> <span class='ocrx_word' id='word_1_714' title='bbox 2158 2912 2411 2979; x_wconf 90' lang='lat' dir='ltr'><strong>dicuntur</strong></span> <span class='ocrx_word' id='word_1_715' title='bbox 2452 2915 2519 2972; x_wconf 89' lang='lat' dir='ltr'><strong>de</strong></span> <span class='ocrx_word' id='word_1_716' title='bbox 2561 2916 2716 2986; x_wconf 86' lang='lat' dir='ltr'><strong>Filio,</strong></span> <span class='ocrx_word' id='word_1_717' title='bbox 2746 2923 2887 2991; x_wconf 92' lang='lat' dir='ltr'><strong>quod</strong></span> <span class='ocrx_word' id='word_1_718' title='bbox 2928 2926 2999 2981; x_wconf 91' lang='lat' dir='ltr'><strong>sit</strong></span> <span class='ocrx_word' id='word_1_719' title='bbox 3035 2928 3211 2985; x_wconf 91' lang='lat' dir='ltr'><strong>minor</strong></span> <span class='ocrx_word' id='word_1_720' title='bbox 3237 2908 3428 3005; x_wconf 73' lang='lat' dir='ltr'><strong>Patre,</strong></span> 
     </span>
    </p>
   </div>
   <div class='ocr_carea' id='block_1_91' title="bbox 1833 3002 3433 3090">
    <p class='ocr_par' dir='ltr' id='par_1_91' title="bbox 1833 3002 3433 3090">
     <span class='ocr_line' id='line_1_92' title="bbox 1833 3002 3433 3090; baseline 0.016 -33"><span class='ocrx_word' id='word_1_721' title='bbox 1833 3002 2135 3060; x_wconf 89' lang='lat' dir='ltr'><strong>secundum</strong></span> <span class='ocrx_word' id='word_1_722' title='bbox 2177 3007 2573 3077; x_wconf 91' lang='lat' dir='ltr'><strong>susceptionem</strong></span> <span class='ocrx_word' id='word_1_723' title='bbox 2621 3012 2851 3069; x_wconf 90' lang='lat' dir='ltr'><strong>hominis</strong></span> <span class='ocrx_word' id='word_1_724' title='bbox 2885 3015 3280 3090; x_wconf 82' lang='lat' dir='ltr'><strong>intelligantur:</strong></span> <span class='ocrx_word' id='word_1_725' title='bbox 3306 3002 3433 3085; x_wconf 85' lang='lat' dir='ltr'><strong>cum</strong></span> 
     </span>
    </p>
   </div>
   <div class='ocr_carea' id='block_1_92' title="bbox 1833 3095 3434 3184">
    <p class='ocr_par' dir='ltr' id='par_1_92' title="bbox 1833 3095 3434 3184">
     <span class='ocr_line' id='line_1_93' title="bbox 1833 3095 3434 3184; baseline 0.017 -36"><span class='ocrx_word' id='word_1_726' title='bbox 1833 3108 1963 3151; x_wconf 90' lang='lat' dir='ltr'><strong>vero</strong></span> <span class='ocrx_word' id='word_1_727' title='bbox 2002 3109 2066 3150; x_wconf 90' lang='lat' dir='ltr'><strong>ea</strong></span> <span class='ocrx_word' id='word_1_728' title='bbox 2108 3095 2361 3152; x_wconf 91' lang='lat' dir='ltr'><strong>dicuntur</strong></span> <span class='ocrx_word' id='word_1_729' title='bbox 2400 3100 2595 3169; x_wconf 90' lang='lat' dir='ltr'><strong>quibus</strong></span> <span class='ocrx_word' id='word_1_730' title='bbox 2641 3102 3040 3165; x_wconf 89' lang='lat' dir='ltr'><strong>demonstratur</strong></span> <span class='ocrx_word' id='word_1_731' title='bbox 3075 3116 3312 3184; x_wconf 83' lang='lat' dir='ltr'><strong>aequalis,</strong></span> <span class='ocrx_word' id='word_1_732' title='bbox 3345 3134 3434 3177; x_wconf 90' lang='lat' dir='ltr'><strong>se-</strong></span> 
     </span>
    </p>
   </div>
   <div class='ocr_carea' id='block_1_93' title="bbox 1832 3184 3432 3283">
    <p class='ocr_par' dir='ltr' id='par_1_93' title="bbox 1832 3184 3432 3283">
     <span class='ocr_line' id='line_1_94' title="bbox 1832 3184 3432 3283; baseline 0.018 -43"><span class='ocrx_word' id='word_1_733' title='bbox 1832 3184 2068 3283; x_wconf 81' lang='lat' dir='ltr'><strong>cundum</strong></span> <span class='ocrx_word' id='word_1_734' title='bbox 2096 3186 2151 3243; x_wconf 93' lang='lat' dir='ltr'><strong>id</strong></span> <span class='ocrx_word' id='word_1_735' title='bbox 2175 3189 2317 3283; x_wconf 85' lang='lat' dir='ltr'><strong>quod</strong></span> <span class='ocrx_word' id='word_1_736' title='bbox 2339 3190 2488 3283; x_wconf 82' lang='lat' dir='ltr'><strong>Deus</strong></span> <span class='ocrx_word' id='word_1_737' title='bbox 2525 3202 2609 3248; x_wconf 88' lang='lat' dir='ltr'><strong>est</strong></span> <span class='ocrx_word' id='word_1_738' title='bbox 2635 3195 2979 3266; x_wconf 87' lang='lat' dir='ltr'><strong>accipiantur.</strong></span> <span class='ocrx_word' id='word_1_739' title='bbox 3026 3204 3261 3274; x_wconf 84' lang='lat' dir='ltr'><strong>Apparet</strong></span> <span class='ocrx_word' id='word_1_740' title='bbox 3301 3225 3432 3283; x_wconf 88' lang='lat' dir='ltr'><strong>ergo</strong></span> 
     </span>
    </p>
   </div>
   <div class='ocr_carea' id='block_1_94' title="bbox 1834 3278 3427 3373">
    <p class='ocr_par' dir='ltr' id='par_1_94' title="bbox 1834 3278 3427 3373">
     <span class='ocr_line' id='line_1_95' title="bbox 1834 3278 3427 3373; baseline 0.019 -43"><span class='ocrx_word' id='word_1_741' title='bbox 1834 3278 2282 3373; x_wconf 70' lang='lat' dir='ltr'><strong>quemadmodum</strong></span> <span class='ocrx_word' id='word_1_742' title='bbox 2320 3280 2520 3338; x_wconf 92' lang='lat' dir='ltr'><strong>dictum</strong></span> <span class='ocrx_word' id='word_1_743' title='bbox 2561 3285 2665 3351; x_wconf 89' lang='lat' dir='ltr'><strong>sit,</strong></span> <span class='ocrx_word' id='word_1_744' title='bbox 2707 3288 2865 3344; x_wconf 85' lang='lat' dir='ltr'><strong>Pater</strong></span> <span class='ocrx_word' id='word_1_745' title='bbox 2890 3294 3057 3365; x_wconf 88' lang='lat' dir='ltr'><strong>major</strong></span> <span class='ocrx_word' id='word_1_746' title='bbox 3079 3312 3159 3351; x_wconf 84' lang='lat' dir='ltr'><strong>me</strong></span> <span class='ocrx_word' id='word_1_747' title='bbox 3193 3310 3302 3366; x_wconf 84' lang='lat' dir='ltr'><strong>est;</strong></span> <span class='ocrx_word' id='word_1_748' title='bbox 3338 3278 3427 3373; x_wconf 68' lang='lat' dir='ltr'><strong>et,</strong></span> 
     </span>
    </p>
   </div>
   <div class='ocr_carea' id='block_1_95' title="bbox 1836 3367 3434 3454">
    <p class='ocr_par' dir='ltr' id='par_1_95' title="bbox 1836 3367 3434 3454">
     <span class='ocr_line' id='line_1_96' title="bbox 1836 3367 3434 3454; baseline 0.018 -33"><span class='ocrx_word' id='word_1_749' title='bbox 1836 3367 1950 3438; x_wconf 87' lang='lat' dir='ltr'><strong>Ego</strong></span> <span class='ocrx_word' id='word_1_750' title='bbox 1974 3378 2023 3423; x_wconf 85' lang='lat' dir='ltr'><strong>et</strong></span> <span class='ocrx_word' id='word_1_751' title='bbox 2064 3368 2224 3425; x_wconf 78' lang='lat' dir='ltr'><strong>Pater</strong></span> <span class='ocrx_word' id='word_1_752' title='bbox 2251 3389 2407 3427; x_wconf 89' lang='lat' dir='ltr'><strong>unum</strong></span> <span class='ocrx_word' id='word_1_753' title='bbox 2436 3391 2610 3431; x_wconf 88' lang='lat' dir='ltr'><strong>sumus</strong></span> <span class='ocrx_word' id='word_1_754' title='bbox 2635 3376 2745 3451; x_wconf 83' lang='lat' dir='ltr'><strong>(Id.</strong></span> <span class='ocrx_word' id='word_1_755' title='bbox 2777 3396 2846 3447; x_wconf 71' lang='grc' dir='ltr'>ι,</span> <span class='ocrx_word' id='word_1_756' title='bbox 2875 3382 2967 3454; x_wconf 79' lang='grc'><strong>50)</strong></span> <span class='ocrx_word' id='word_1_757' title='bbox 2997 3402 3010 3439; x_wconf 90' lang='lat'><strong>:</strong></span> <span class='ocrx_word' id='word_1_758' title='bbox 3042 3394 3097 3441; x_wconf 91' lang='lat' dir='ltr'><strong>et</strong></span> <span class='ocrx_word' id='word_1_759' title='bbox 3115 3429 3129 3453; x_wconf 84' lang='grc'>,</span> <span class='ocrx_word' id='word_1_760' title='bbox 3154 3387 3294 3447; x_wconf 83' lang='lat' dir='ltr'><strong>Deus</strong></span> <span class='ocrx_word' id='word_1_761' title='bbox 3322 3367 3434 3450; x_wconf 79' lang='lat' dir='ltr'><strong>erat</strong></span> 
     </span>
    </p>
   </div>
   <div class='ocr_carea' id='block_1_96' title="bbox 1848 3456 3430 3559">
    <p class='ocr_par' dir='ltr' id='par_1_96' title="bbox 1848 3456 3430 3559">
     <span class='ocr_line' id='line_1_97' title="bbox 1848 3456 3430 3559; baseline 0.02 -48"><span class='ocrx_word' id='word_1_762' title='bbox 1848 3456 2098 3559; x_wconf 68' lang='lat' dir='ltr'><strong>Verbum;</strong></span> <span class='ocrx_word' id='word_1_763' title='bbox 2127 3471 2217 3559; x_wconf 72' lang='lat' dir='ltr'><strong>et,</strong></span> <span class='ocrx_word' id='word_1_764' title='bbox 2259 3461 2469 3559; x_wconf 79' lang='lat' dir='ltr'><strong>Verbum</strong></span> <span class='ocrx_word' id='word_1_765' title='bbox 2506 3483 2625 3523; x_wconf 88' lang='lat' dir='ltr'><strong>caro</strong></span> <span class='ocrx_word' id='word_1_766' title='bbox 2668 3473 2858 3542; x_wconf 81' lang='lat' dir='ltr'><strong>factum</strong></span> <span class='ocrx_word' id='word_1_767' title='bbox 2881 3485 2953 3530; x_wconf 81' lang='lat' dir='ltr'><strong>est</strong></span> <span class='ocrx_word' id='word_1_768' title='bbox 2978 3475 3085 3547; x_wconf 83' lang='lat' dir='ltr'><strong>(Id.</strong></span> <span class='ocrx_word' id='word_1_769' title='bbox 3114 3496 3163 3545; x_wconf 88' lang='grc' dir='ltr'>ι,</span> <span class='ocrx_word' id='word_1_770' title='bbox 3194 3484 3219 3537; x_wconf 79' lang='grc'>1</span> <span class='ocrx_word' id='word_1_771' title='bbox 3245 3525 3259 3549; x_wconf 86' lang='grc'><em>,</em></span> <span class='ocrx_word' id='word_1_772' title='bbox 3294 3484 3384 3559; x_wconf 62' lang='lat' dir='ltr'><strong>ii)</strong></span> <span class='ocrx_word' id='word_1_773' title='bbox 3413 3505 3430 3543; x_wconf 89' lang='lat'>:</span> 
     </span>
    </p>
   </div>
   <div class='ocr_carea' id='block_1_97' title="bbox 1836 3551 3433 3643">
    <p class='ocr_par' dir='ltr' id='par_1_97' title="bbox 1836 3551 3433 3643">
     <span class='ocr_line' id='line_1_98' title="bbox 1836 3551 3433 3643; baseline 0.016 -35"><span class='ocrx_word' id='word_1_774' title='bbox 1836 3560 1924 3621; x_wconf 88' lang='lat' dir='ltr'><strong>et,</strong></span> <span class='ocrx_word' id='word_1_775' title='bbox 1954 3551 2078 3607; x_wconf 85' lang='lat' dir='ltr'><strong>Non</strong></span> <span class='ocrx_word' id='word_1_776' title='bbox 2101 3555 2339 3627; x_wconf 82' lang='lat' dir='ltr'><strong>rapinam</strong></span> <span class='ocrx_word' id='word_1_777' title='bbox 2377 3556 2648 3615; x_wconf 85' lang='lat' dir='ltr'><strong>arbitratus</strong></span> <span class='ocrx_word' id='word_1_778' title='bbox 2684 3572 2760 3616; x_wconf 87' lang='lat' dir='ltr'><strong>est</strong></span> <span class='ocrx_word' id='word_1_779' title='bbox 2800 3580 2906 3620; x_wconf 78' lang='lat' dir='ltr'><strong>esse</strong></span> <span class='ocrx_word' id='word_1_780' title='bbox 2940 3570 3149 3638; x_wconf 62' lang='lat' dir='ltr'><strong>(aqualis</strong></span> <span class='ocrx_word' id='word_1_781' title='bbox 3174 3573 3282 3629; x_wconf 82' lang='lat' dir='ltr'><strong>Deo</strong></span> <span class='ocrx_word' id='word_1_782' title='bbox 3300 3618 3315 3643; x_wconf 89' lang='lat'><strong>,</strong></span> <span class='ocrx_word' id='word_1_783' title='bbox 3343 3551 3433 3633; x_wconf 73' lang='lat' dir='ltr'><strong>sed</strong></span> 
     </span>
    </p>
   </div>
   <div class='ocr_carea' id='block_1_98' title="bbox 1837 3646 3428 3741">
    <p class='ocr_par' dir='ltr' id='par_1_98' title="bbox 1837 3646 3428 3741">
     <span class='ocr_line' id='line_1_99' title="bbox 1837 3646 3428 3741; baseline 0.017 -43"><span class='ocrx_word' id='word_1_784' title='bbox 1837 3646 2157 3741; x_wconf 58' lang='lat' dir='ltr'><strong>semetipsum</strong></span> <span class='ocrx_word' id='word_1_785' title='bbox 2182 3647 2458 3741; x_wconf 54' lang='lat' dir='ltr'><strong>eminaniuit</strong></span> <span class='ocrx_word' id='word_1_786' title='bbox 2487 3655 2705 3721; x_wconf 80' lang='lat' dir='ltr'><strong>formam</strong></span> <span class='ocrx_word' id='word_1_787' title='bbox 2731 3658 2859 3710; x_wconf 80' lang='lat' dir='ltr'><strong>servi</strong></span> <span class='ocrx_word' id='word_1_788' title='bbox 2887 3661 3139 3731; x_wconf 82' lang='lat' dir='ltr'><strong>accipiens</strong></span> <span class='ocrx_word' id='word_1_789' title='bbox 3172 3665 3428 3741; x_wconf 80' lang='lat' dir='ltr'><strong>(Philipp.</strong></span> 
     </span>
    </p>
   </div>
   <div class='ocr_carea' id='block_1_99' title="bbox 1837 3734 3433 3830">
    <p class='ocr_par' dir='ltr' id='par_1_99' title="bbox 1837 3734 3433 3830">
     <span class='ocr_line' id='line_1_100' title="bbox 1837 3734 3433 3830; baseline 0.017 -40"><span class='ocrx_word' id='word_1_790' title='bbox 1837 3736 1981 3830; x_wconf 66' lang='lat'><strong>11,6,</strong></span> <span class='ocrx_word' id='word_1_791' title='bbox 2009 3734 2088 3807; x_wconf 90' lang='lat'><strong>7).</strong></span> <span class='ocrx_word' id='word_1_792' title='bbox 2119 3736 2226 3793; x_wconf 91' lang='lat' dir='ltr'><strong>Sed</strong></span> <span class='ocrx_word' id='word_1_793' title='bbox 2252 3740 2501 3808; x_wconf 89' lang='lat' dir='ltr'><strong>quoniam</strong></span> <span class='ocrx_word' id='word_1_794' title='bbox 2549 3744 2715 3799; x_wconf 90' lang='lat' dir='ltr'><strong>multa</strong></span> <span class='ocrx_word' id='word_1_795' title='bbox 2758 3749 2918 3803; x_wconf 90' lang='lat' dir='ltr'><strong>etiam</strong></span> <span class='ocrx_word' id='word_1_796' title='bbox 2965 3734 3259 3812; x_wconf 88' lang='lat' dir='ltr'><strong>secundum</strong></span> <span class='ocrx_word' id='word_1_797' title='bbox 3304 3734 3433 3830; x_wconf 80' lang='lat' dir='ltr'><strong>pro-</strong></span> 
     </span>
    </p>
   </div>
   <div class='ocr_carea' id='block_1_100' title="bbox 1839 3827 3435 3908">
    <p class='ocr_par' dir='ltr' id='par_1_100' title="bbox 1839 3827 3435 3908">
     <span class='ocr_line' id='line_1_101' title="bbox 1839 3827 3435 3908; baseline 0.017 -27"><span class='ocrx_word' id='word_1_798' title='bbox 1839 3827 2118 3897; x_wconf 89' lang='lat' dir='ltr'><strong>prietatem</strong></span> <span class='ocrx_word' id='word_1_799' title='bbox 2161 3842 2431 3899; x_wconf 77' lang='lat' dir='ltr'><strong>personae,</strong></span> <span class='ocrx_word' id='word_1_800' title='bbox 2461 3845 2683 3903; x_wconf 90' lang='lat' dir='ltr'><strong>excepto</strong></span> <span class='ocrx_word' id='word_1_801' title='bbox 2727 3838 2869 3906; x_wconf 92' lang='lat' dir='ltr'><strong>quod</strong></span> <span class='ocrx_word' id='word_1_802' title='bbox 2908 3844 3098 3898; x_wconf 86' lang='lat' dir='ltr'><strong>attinet</strong></span> <span class='ocrx_word' id='word_1_803' title='bbox 3134 3847 3201 3901; x_wconf 90' lang='lat' dir='ltr'><strong>ad</strong></span> <span class='ocrx_word' id='word_1_804' title='bbox 3249 3827 3435 3908; x_wconf 75' lang='lat' dir='ltr'><strong>susce-</strong></span> 
     </span>
    </p>
   </div>
   <div class='ocr_carea' id='block_1_101' title="bbox 1839 3919 3433 3999">
    <p class='ocr_par' dir='ltr' id='par_1_101' title="bbox 1839 3919 3433 3999">
     <span class='ocr_line' id='line_1_102' title="bbox 1839 3919 3433 3999; baseline 0.016 -26"><span class='ocrx_word' id='word_1_805' title='bbox 1839 3919 2074 3989; x_wconf 91' lang='lat' dir='ltr'><strong>ptionem</strong></span> <span class='ocrx_word' id='word_1_806' title='bbox 2098 3919 2351 3989; x_wconf 89' lang='lat' dir='ltr'><strong>hominis,</strong></span> <span class='ocrx_word' id='word_1_807' title='bbox 2382 3922 2451 3978; x_wconf 90' lang='lat' dir='ltr'><strong>de</strong></span> <span class='ocrx_word' id='word_1_808' title='bbox 2480 3924 2571 3978; x_wconf 92' lang='lat' dir='ltr'><strong>illo</strong></span> <span class='ocrx_word' id='word_1_809' title='bbox 2606 3925 2675 3981; x_wconf 90' lang='lat' dir='ltr'><strong>ita</strong></span> <span class='ocrx_word' id='word_1_810' title='bbox 2703 3927 2972 3999; x_wconf 88' lang='lat' dir='ltr'><strong>dicuntur,</strong></span> <span class='ocrx_word' id='word_1_811' title='bbox 3000 3945 3055 3989; x_wconf 91' lang='lat' dir='ltr'><strong>ut</strong></span> <span class='ocrx_word' id='word_1_812' title='bbox 3084 3936 3291 3995; x_wconf 87' lang='lat' dir='ltr'><strong>Patrem</strong></span> <span class='ocrx_word' id='word_1_813' title='bbox 3325 3958 3433 3999; x_wconf 90' lang='lat' dir='ltr'><strong>non</strong></span> 
     </span>
    </p>
   </div>
   <div class='ocr_carea' id='block_1_102' title="bbox 1838 4010 3432 4097">
    <p class='ocr_par' dir='ltr' id='par_1_102' title="bbox 1838 4010 3432 4097">
     <span class='ocr_line' id='line_1_103' title="bbox 1838 4010 3432 4097; baseline 0.016 -33"><span class='ocrx_word' id='word_1_814' title='bbox 1838 4010 1982 4065; x_wconf 89' lang='lat' dir='ltr'><strong>aliud</strong></span> <span class='ocrx_word' id='word_1_815' title='bbox 2010 4027 2169 4082; x_wconf 89' lang='lat' dir='ltr'><strong>quam</strong></span> <span class='ocrx_word' id='word_1_816' title='bbox 2200 4012 2434 4079; x_wconf 91' lang='lat' dir='ltr'><strong>Patrem,</strong></span> <span class='ocrx_word' id='word_1_817' title='bbox 2465 4023 2521 4069; x_wconf 91' lang='lat' dir='ltr'><strong>et</strong></span> <span class='ocrx_word' id='word_1_818' title='bbox 2547 4014 2738 4072; x_wconf 86' lang='lat' dir='ltr'><strong>Filium</strong></span> <span class='ocrx_word' id='word_1_819' title='bbox 2763 4037 2870 4075; x_wconf 91' lang='lat' dir='ltr'><strong>non</strong></span> <span class='ocrx_word' id='word_1_820' title='bbox 2889 4024 3031 4079; x_wconf 90' lang='lat' dir='ltr'><strong>aliud</strong></span> <span class='ocrx_word' id='word_1_821' title='bbox 3058 4042 3217 4097; x_wconf 89' lang='lat' dir='ltr'><strong>quam</strong></span> <span class='ocrx_word' id='word_1_822' title='bbox 3240 4030 3432 4089; x_wconf 89' lang='lat' dir='ltr'><strong>Filium</strong></span> 
     </span>
    </p>
   </div>
   <div class='ocr_carea' id='block_1_103' title="bbox 1838 4101 3434 4186">
    <p class='ocr_par' dir='ltr' id='par_1_103' title="bbox 1838 4101 3434 4186">
     <span class='ocr_line' id='line_1_104' title="bbox 1838 4101 3434 4186; baseline 0.015 -29"><span class='ocrx_word' id='word_1_823' title='bbox 1838 4101 2061 4173; x_wconf 89' lang='lat' dir='ltr'><strong>intelligi</strong></span> <span class='ocrx_word' id='word_1_824' title='bbox 2086 4113 2349 4173; x_wconf 90' lang='lat' dir='ltr'><strong>oporteat,</strong></span> <span class='ocrx_word' id='word_1_825' title='bbox 2374 4115 2564 4175; x_wconf 88' lang='lat' dir='ltr'><strong>putant</strong></span> <span class='ocrx_word' id='word_1_826' title='bbox 2582 4107 2817 4168; x_wconf 61' lang='lat' dir='ltr'><strong>haeretici</strong></span> <span class='ocrx_word' id='word_1_827' title='bbox 2844 4114 2896 4167; x_wconf 91' lang='lat' dir='ltr'><strong>in</strong></span> <span class='ocrx_word' id='word_1_828' title='bbox 2917 4115 2985 4170; x_wconf 86' lang='lat' dir='ltr'><strong>iis</strong></span> <span class='ocrx_word' id='word_1_829' title='bbox 3010 4133 3130 4186; x_wconf 70' lang='lat' dir='ltr'><strong>qua:</strong></span> <span class='ocrx_word' id='word_1_830' title='bbox 3147 4121 3218 4175; x_wconf 88' lang='lat' dir='ltr'><strong>ita</strong></span> <span class='ocrx_word' id='word_1_831' title='bbox 3245 4123 3434 4180; x_wconf 87' lang='lat' dir='ltr'><strong>dicun-</strong></span> 
     </span>
    </p>
   </div>
   <div class='ocr_carea' id='block_1_104' title="bbox 1840 4195 3429 4281">
    <p class='ocr_par' dir='ltr' id='par_1_104' title="bbox 1840 4195 3429 4281">
     <span class='ocr_line' id='line_1_105' title="bbox 1840 4195 3429 4281; baseline 0.014 -34"><span class='ocrx_word' id='word_1_832' title='bbox 1840 4201 1927 4248; x_wconf 88' lang='lat' dir='ltr'><strong>tur</strong></span> <span class='ocrx_word' id='word_1_833' title='bbox 1950 4202 2111 4264; x_wconf 89' lang='lat' dir='ltr'><strong>atque</strong></span> <span class='ocrx_word' id='word_1_834' title='bbox 2148 4195 2539 4266; x_wconf 89' lang='lat' dir='ltr'><strong>intelliguntur,</strong></span> <span class='ocrx_word' id='word_1_835' title='bbox 2570 4201 2929 4268; x_wconf 67' lang='lat' dir='ltr'><strong>aequalitatem</strong></span> <span class='ocrx_word' id='word_1_836' title='bbox 2956 4221 3077 4262; x_wconf 89' lang='lat' dir='ltr'><strong>esse</strong></span> <span class='ocrx_word' id='word_1_837' title='bbox 3101 4225 3207 4265; x_wconf 91' lang='lat' dir='ltr'><strong>non</strong></span> <span class='ocrx_word' id='word_1_838' title='bbox 3251 4227 3429 4281; x_wconf 91' lang='lat' dir='ltr'><strong>posse.</strong></span> 
     </span>
    </p>
   </div>
   <div class='ocr_carea' id='block_1_105' title="bbox 1840 4285 3430 4379">
    <p class='ocr_par' dir='ltr' id='par_1_105' title="bbox 1840 4285 3430 4379">
     <span class='ocr_line' id='line_1_106' title="bbox 1840 4285 3430 4379; baseline 0.014 -38"><span class='ocrx_word' id='word_1_839' title='bbox 1840 4285 2109 4379; x_wconf 88' lang='lat' dir='ltr'><strong>Scriptum</strong></span> <span class='ocrx_word' id='word_1_840' title='bbox 2131 4295 2216 4341; x_wconf 86' lang='lat' dir='ltr'><strong>est</strong></span> <span class='ocrx_word' id='word_1_841' title='bbox 2234 4288 2399 4356; x_wconf 92' lang='lat' dir='ltr'><strong>enim,</strong></span> <span class='ocrx_word' id='word_1_842' title='bbox 2434 4287 2620 4344; x_wconf 84' lang='lat' dir='ltr'><strong>Omnia</strong></span> <span class='ocrx_word' id='word_1_843' title='bbox 2648 4308 2739 4361; x_wconf 85' lang='lat' dir='ltr'><strong>per</strong></span> <span class='ocrx_word' id='word_1_844' title='bbox 2761 4294 2931 4364; x_wconf 86' lang='lat' dir='ltr'><strong>ipsum</strong></span> <span class='ocrx_word' id='word_1_845' title='bbox 2956 4298 3093 4368; x_wconf 85' lang='lat' dir='ltr'><strong>facta</strong></span> <span class='ocrx_word' id='word_1_846' title='bbox 3111 4314 3226 4357; x_wconf 86' lang='lat' dir='ltr'><strong>sunt</strong></span> <span class='ocrx_word' id='word_1_847' title='bbox 3249 4304 3430 4379; x_wconf 82' lang='lat' dir='ltr'><strong>(Joan.</strong></span> 
     </span>
    </p>
   </div>
   <div class='ocr_carea' id='block_1_106' title="bbox 1839 4378 3425 4460">
    <p class='ocr_par' dir='ltr' id='par_1_106' title="bbox 1839 4378 3425 4460">
     <span class='ocr_line' id='line_1_107' title="bbox 1839 4378 3425 4460; baseline 0.016 -30"><span class='ocrx_word' id='word_1_848' title='bbox 1839 4392 1879 4445; x_wconf 90' lang='lat'><strong>1,</strong></span> <span class='ocrx_word' id='word_1_849' title='bbox 1909 4378 1964 4449; x_wconf 79' lang='lat'><strong>3)</strong></span> <span class='ocrx_word' id='word_1_850' title='bbox 1983 4420 1999 4447; x_wconf 90' lang='lat'><strong>,</strong></span> <span class='ocrx_word' id='word_1_851' title='bbox 2040 4379 2224 4449; x_wconf 89' lang='lat' dir='ltr'><strong>utique</strong></span> <span class='ocrx_word' id='word_1_852' title='bbox 2265 4395 2360 4450; x_wconf 86' lang='lat' dir='ltr'><strong>per</strong></span> <span class='ocrx_word' id='word_1_853' title='bbox 2403 4381 2617 4449; x_wconf 84' lang='lat' dir='ltr'><strong>Filium,</strong></span> <span class='ocrx_word' id='word_1_854' title='bbox 2645 4384 2748 4441; x_wconf 90' lang='lat' dir='ltr'><strong>hoc</strong></span> <span class='ocrx_word' id='word_1_855' title='bbox 2774 4397 2875 4455; x_wconf 90' lang='lat' dir='ltr'><strong>est,</strong></span> <span class='ocrx_word' id='word_1_856' title='bbox 2911 4407 3007 4460; x_wconf 92' lang='lat' dir='ltr'><strong>per</strong></span> <span class='ocrx_word' id='word_1_857' title='bbox 3034 4392 3265 4451; x_wconf 82' lang='lat' dir='ltr'><strong>Verbum</strong></span> <span class='ocrx_word' id='word_1_858' title='bbox 3294 4399 3387 4454; x_wconf 89' lang='lat' dir='ltr'><strong>Dei</strong></span> <span class='ocrx_word' id='word_1_859' title='bbox 3412 4419 3425 4455; x_wconf 91' lang='lat'>:</span> 
     </span>
    </p>
   </div>
   <div class='ocr_carea' id='block_1_107' title="bbox 1838 4469 3427 4556">
    <p class='ocr_par' dir='ltr' id='par_1_107' title="bbox 1838 4469 3427 4556">
     <span class='ocr_line' id='line_1_108' title="bbox 1838 4469 3427 4556; baseline 0.013 -32"><span class='ocrx_word' id='word_1_860' title='bbox 1838 4483 1872 4525; x_wconf 86' lang='lat' dir='ltr'><strong>a</strong></span> <span class='ocrx_word' id='word_1_861' title='bbox 1910 4485 2037 4540; x_wconf 93' lang='lat' dir='ltr'><strong>quo,</strong></span> <span class='ocrx_word' id='word_1_862' title='bbox 2068 4469 2171 4525; x_wconf 91' lang='lat' dir='ltr'><strong>nisi</strong></span> <span class='ocrx_word' id='word_1_863' title='bbox 2212 4486 2242 4526; x_wconf 90' lang='lat' dir='ltr'><strong>a</strong></span> <span class='ocrx_word' id='word_1_864' title='bbox 2280 4472 2478 4529; x_wconf 85' lang='lat' dir='ltr'><strong>Patre?</strong></span> <span class='ocrx_word' id='word_1_865' title='bbox 2512 4473 2783 4547; x_wconf 86' lang='lat' dir='ltr'><strong>Nusquam</strong></span> <span class='ocrx_word' id='word_1_866' title='bbox 2835 4489 3012 4537; x_wconf 90' lang='lat' dir='ltr'><strong>autem</strong></span> <span class='ocrx_word' id='word_1_867' title='bbox 3059 4487 3311 4556; x_wconf 90' lang='lat' dir='ltr'><strong>scriptum</strong></span> <span class='ocrx_word' id='word_1_868' title='bbox 3346 4502 3427 4547; x_wconf 91' lang='lat' dir='ltr'><strong>est</strong></span> 
     </span>
    </p>
   </div>
   <div class='ocr_carea' id='block_1_108' title="bbox 1840 4562 3429 4649">
    <p class='ocr_par' dir='ltr' id='par_1_108' title="bbox 1840 4562 3429 4649">
     <span class='ocr_line' id='line_1_109' title="bbox 1840 4562 3429 4649; baseline 0.014 -33"><span class='ocrx_word' id='word_1_869' title='bbox 1840 4562 1983 4633; x_wconf 91' lang='lat' dir='ltr'><strong>quod</strong></span> <span class='ocrx_word' id='word_1_870' title='bbox 2020 4562 2189 4619; x_wconf 90' lang='lat' dir='ltr'><strong>Filius</strong></span> <span class='ocrx_word' id='word_1_871' title='bbox 2226 4579 2321 4634; x_wconf 89' lang='lat' dir='ltr'><strong>per</strong></span> <span class='ocrx_word' id='word_1_872' title='bbox 2358 4566 2570 4622; x_wconf 86' lang='lat' dir='ltr'><strong>Patrem</strong></span> <span class='ocrx_word' id='word_1_873' title='bbox 2593 4569 2823 4640; x_wconf 90' lang='lat' dir='ltr'><strong>aliquam</strong></span> <span class='ocrx_word' id='word_1_874' title='bbox 2850 4584 3149 4630; x_wconf 85' lang='lat' dir='ltr'><strong>creaturam</strong></span> <span class='ocrx_word' id='word_1_875' title='bbox 3176 4592 3429 4649; x_wconf 85' lang='lat' dir='ltr'><strong>operatus</strong></span> 
     </span>
    </p>
   </div>
   <div class='ocr_carea' id='block_1_109' title="bbox 1840 4654 3432 4733">
    <p class='ocr_par' dir='ltr' id='par_1_109' title="bbox 1840 4654 3432 4733">
     <span class='ocr_line' id='line_1_110' title="bbox 1840 4654 3432 4733; baseline 0.012 -23"><span class='ocrx_word' id='word_1_876' title='bbox 1840 4654 1930 4710; x_wconf 90' lang='lat' dir='ltr'><strong>sit.</strong></span> <span class='ocrx_word' id='word_1_877' title='bbox 1958 4655 2093 4711; x_wconf 81' lang='lat' dir='ltr'><strong>Item</strong></span> <span class='ocrx_word' id='word_1_878' title='bbox 2133 4656 2388 4726; x_wconf 89' lang='lat' dir='ltr'><strong>scriptum</strong></span> <span class='ocrx_word' id='word_1_879' title='bbox 2419 4668 2503 4714; x_wconf 91' lang='lat' dir='ltr'><strong>est</strong></span> <span class='ocrx_word' id='word_1_880' title='bbox 2533 4660 2673 4729; x_wconf 88' lang='lat' dir='ltr'><strong>quod</strong></span> <span class='ocrx_word' id='word_1_881' title='bbox 2713 4661 2890 4733; x_wconf 85' lang='lat' dir='ltr'><strong>imago</strong></span> <span class='ocrx_word' id='word_1_882' title='bbox 2928 4664 3100 4722; x_wconf 86' lang='lat' dir='ltr'><strong>Patris</strong></span> <span class='ocrx_word' id='word_1_883' title='bbox 3150 4670 3219 4724; x_wconf 90' lang='lat' dir='ltr'><strong>sit</strong></span> <span class='ocrx_word' id='word_1_884' title='bbox 3264 4672 3432 4728; x_wconf 85' lang='lat' dir='ltr'><strong>Filius</strong></span> 
     </span>
    </p>
   </div>
   <div class='ocr_carea' id='block_1_110' title="bbox 1843 4745 3434 4835">
    <p class='ocr_par' dir='ltr' id='par_1_110' title="bbox 1843 4745 3434 4835">
     <span class='ocr_line' id='line_1_111' title="bbox 1843 4745 3434 4835; baseline 0.014 -35"><span class='ocrx_word' id='word_1_885' title='bbox 1843 4745 2060 4816; x_wconf 85' lang='lat' dir='ltr'><strong>(Coloss.</strong></span> <span class='ocrx_word' id='word_1_886' title='bbox 2093 4762 2145 4814; x_wconf 87' lang='lat'><strong>1,</strong></span> <span class='ocrx_word' id='word_1_887' title='bbox 2188 4746 2314 4821; x_wconf 79' lang='lat' dir='ltr'><strong>i5);</strong></span> <span class='ocrx_word' id='word_1_888' title='bbox 2343 4765 2605 4820; x_wconf 88' lang='lat' dir='ltr'><strong>nusquam</strong></span> <span class='ocrx_word' id='word_1_889' title='bbox 2644 4761 2821 4809; x_wconf 90' lang='lat' dir='ltr'><strong>autem</strong></span> <span class='ocrx_word' id='word_1_890' title='bbox 2864 4758 3120 4827; x_wconf 89' lang='lat' dir='ltr'><strong>scriptum</strong></span> <span class='ocrx_word' id='word_1_891' title='bbox 3162 4773 3248 4818; x_wconf 90' lang='lat' dir='ltr'><strong>est</strong></span> <span class='ocrx_word' id='word_1_892' title='bbox 3290 4767 3434 4835; x_wconf 85' lang='lat' dir='ltr'><strong>quod</strong></span> 
     </span>
    </p>
   </div>
   <div class='ocr_carea' id='block_1_111' title="bbox 1842 4837 3434 4923">
    <p class='ocr_par' dir='ltr' id='par_1_111' title="bbox 1842 4837 3434 4923">
     <span class='ocr_line' id='line_1_112' title="bbox 1842 4837 3434 4923; baseline 0.013 -30"><span class='ocrx_word' id='word_1_893' title='bbox 1842 4838 2017 4909; x_wconf 83' lang='lat' dir='ltr'><strong>imago</strong></span> <span class='ocrx_word' id='word_1_894' title='bbox 2059 4837 2179 4893; x_wconf 86' lang='lat' dir='ltr'><strong>Filii</strong></span> <span class='ocrx_word' id='word_1_895' title='bbox 2222 4840 2291 4895; x_wconf 92' lang='lat' dir='ltr'><strong>sit</strong></span> <span class='ocrx_word' id='word_1_896' title='bbox 2333 4840 2511 4896; x_wconf 85' lang='lat' dir='ltr'><strong>Pater.</strong></span> <span class='ocrx_word' id='word_1_897' title='bbox 2553 4843 2755 4901; x_wconf 87' lang='lat' dir='ltr'><strong>Deinde</strong></span> <span class='ocrx_word' id='word_1_898' title='bbox 2792 4849 2933 4918; x_wconf 92' lang='lat' dir='ltr'><strong>quod</strong></span> <span class='ocrx_word' id='word_1_899' title='bbox 2971 4850 3057 4907; x_wconf 90' lang='lat' dir='ltr'><strong>ille</strong></span> <span class='ocrx_word' id='word_1_900' title='bbox 3084 4856 3313 4923; x_wconf 88' lang='lat' dir='ltr'><strong>genitor,</strong></span> <span class='ocrx_word' id='word_1_901' title='bbox 3347 4859 3434 4916; x_wconf 86' lang='lat' dir='ltr'><strong>ille</strong></span> 
     </span>
    </p>
   </div>
   <div class='ocr_carea' id='block_1_112' title="bbox 1842 4933 3435 5022">
    <p class='ocr_par' dir='ltr' id='par_1_112' title="bbox 1842 4933 3435 5022">
     <span class='ocr_line' id='line_1_113' title="bbox 1842 4933 3435 5022; baseline 0.013 -34"><span class='ocrx_word' id='word_1_902' title='bbox 1842 4933 2083 5004; x_wconf 88' lang='lat' dir='ltr'><strong>genitus;</strong></span> <span class='ocrx_word' id='word_1_903' title='bbox 2114 4942 2169 4989; x_wconf 91' lang='lat' dir='ltr'><strong>et</strong></span> <span class='ocrx_word' id='word_1_904' title='bbox 2192 4944 2386 4991; x_wconf 87' lang='lat' dir='ltr'><strong>caetera</strong></span> <span class='ocrx_word' id='word_1_905' title='bbox 2431 4936 2835 5009; x_wconf 87' lang='lat' dir='ltr'><strong>hujuscemodi,</strong></span> <span class='ocrx_word' id='word_1_906' title='bbox 2866 4961 2985 5015; x_wconf 69' lang='lat' dir='ltr'><strong>quae</strong></span> <span class='ocrx_word' id='word_1_907' title='bbox 3026 4963 3132 5003; x_wconf 90' lang='lat' dir='ltr'><strong>non</strong></span> <span class='ocrx_word' id='word_1_908' title='bbox 3158 4950 3224 5004; x_wconf 91' lang='lat' dir='ltr'><strong>ad</strong></span> <span class='ocrx_word' id='word_1_909' title='bbox 3251 4967 3435 5022; x_wconf 68' lang='lat' dir='ltr'><strong>mqua-</strong></span> 
     </span>
    </p>
   </div>
   <div class='ocr_carea' id='block_1_113' title="bbox 1843 5024 3436 5109">
    <p class='ocr_par' dir='ltr' id='par_1_113' title="bbox 1843 5024 3436 5109">
     <span class='ocr_line' id='line_1_114' title="bbox 1843 5024 3436 5109; baseline 0.011 -28"><span class='ocrx_word' id='word_1_910' title='bbox 1843 5024 2049 5081; x_wconf 88' lang='lat' dir='ltr'><strong>litatem</strong></span> <span class='ocrx_word' id='word_1_911' title='bbox 2091 5025 2437 5095; x_wconf 73' lang='lat' dir='ltr'><strong>substantiae,</strong></span> <span class='ocrx_word' id='word_1_912' title='bbox 2480 5029 2577 5085; x_wconf 88' lang='lat' dir='ltr'><strong>sed</strong></span> <span class='ocrx_word' id='word_1_913' title='bbox 2622 5030 2690 5086; x_wconf 88' lang='lat' dir='ltr'><strong>ad</strong></span> <span class='ocrx_word' id='word_1_914' title='bbox 2740 5035 3116 5104; x_wconf 88' lang='lat' dir='ltr'><strong>proprietatem</strong></span> <span class='ocrx_word' id='word_1_915' title='bbox 3166 5042 3436 5109; x_wconf 86' lang='lat' dir='ltr'><strong>pertinent</strong></span> 
     </span>
    </p>
   </div>
   <div class='ocr_carea' id='block_1_114' title="bbox 1842 5118 3438 5194">
    <p class='ocr_par' dir='ltr' id='par_1_114' title="bbox 1842 5118 3438 5194">
     <span class='ocr_line' id='line_1_115' title="bbox 1842 5118 3438 5194; baseline 0.013 -23"><span class='ocrx_word' id='word_1_916' title='bbox 1842 5131 2230 5189; x_wconf 85' lang='lat' dir='ltr'><strong>personarum:</strong></span> <span class='ocrx_word' id='word_1_917' title='bbox 2260 5118 2313 5173; x_wconf 90' lang='lat' dir='ltr'><strong>in</strong></span> <span class='ocrx_word' id='word_1_918' title='bbox 2340 5120 2533 5191; x_wconf 87' lang='lat' dir='ltr'><strong>quibus</strong></span> <span class='ocrx_word' id='word_1_919' title='bbox 2574 5123 2649 5178; x_wconf 91' lang='lat' dir='ltr'><strong>illi</strong></span> <span class='ocrx_word' id='word_1_920' title='bbox 2692 5127 3049 5194; x_wconf 62' lang='lat' dir='ltr'><strong>aequalitatem</strong></span> <span class='ocrx_word' id='word_1_921' title='bbox 3088 5145 3209 5184; x_wconf 90' lang='lat' dir='ltr'><strong>cum</strong></span> <span class='ocrx_word' id='word_1_922' title='bbox 3254 5133 3438 5191; x_wconf 88' lang='lat' dir='ltr'><strong>dicunt</strong></span> 
     </span>
    </p>
   </div>
   <div class='ocr_carea' id='block_1_115' title="bbox 1843 5214 3437 5289">
    <p class='ocr_par' dir='ltr' id='par_1_115' title="bbox 1843 5214 3437 5289">
     <span class='ocr_line' id='line_1_116' title="bbox 1843 5214 3437 5289; baseline 0.011 -25"><span class='ocrx_word' id='word_1_923' title='bbox 1843 5225 1965 5265; x_wconf 90' lang='lat' dir='ltr'><strong>esse</strong></span> <span class='ocrx_word' id='word_1_924' title='bbox 1984 5224 2089 5266; x_wconf 91' lang='lat' dir='ltr'><strong>non</strong></span> <span class='ocrx_word' id='word_1_925' title='bbox 2118 5224 2276 5279; x_wconf 87' lang='lat' dir='ltr'><strong>posse</strong></span> <span class='ocrx_word' id='word_1_926' title='bbox 2295 5252 2310 5277; x_wconf 92' lang='lat'><strong>,</strong></span> <span class='ocrx_word' id='word_1_927' title='bbox 2337 5216 2587 5283; x_wconf 88' lang='lat' dir='ltr'><strong>quoniam</strong></span> <span class='ocrx_word' id='word_1_928' title='bbox 2617 5214 2684 5270; x_wconf 93' lang='lat' dir='ltr'><strong>ad</strong></span> <span class='ocrx_word' id='word_1_929' title='bbox 2710 5217 2828 5272; x_wconf 85' lang='lat' dir='ltr'><strong>haec</strong></span> <span class='ocrx_word' id='word_1_930' title='bbox 2851 5222 3177 5289; x_wconf 84' lang='lat' dir='ltr'><strong>penetrantia</strong></span> <span class='ocrx_word' id='word_1_931' title='bbox 3205 5227 3437 5282; x_wconf 84' lang='lat' dir='ltr'><strong>crassio-</strong></span> 
     </span>
    </p>
   </div>
   <div class='ocr_carea' id='block_1_116' title="bbox 1842 5303 3435 5386">
    <p class='ocr_par' dir='ltr' id='par_1_116' title="bbox 1842 5303 3435 5386">
     <span class='ocr_line' id='line_1_117' title="bbox 1842 5303 3435 5386; baseline 0.009 -29"><span class='ocrx_word' id='word_1_932' title='bbox 1842 5317 1931 5358; x_wconf 90' lang='lat' dir='ltr'><strong>res</strong></span> <span class='ocrx_word' id='word_1_933' title='bbox 1958 5303 1979 5334; x_wconf 80' lang='grc'>³</span> <span class='ocrx_word' id='word_1_934' title='bbox 2008 5309 2218 5358; x_wconf 89' lang='lat' dir='ltr'><strong>mentes</strong></span> <span class='ocrx_word' id='word_1_935' title='bbox 2257 5303 2545 5371; x_wconf 89' lang='lat' dir='ltr'><strong>adhibent,</strong></span> <span class='ocrx_word' id='word_1_936' title='bbox 2575 5307 2812 5377; x_wconf 89' lang='lat' dir='ltr'><strong>pondere</strong></span> <span class='ocrx_word' id='word_1_937' title='bbox 2855 5312 3184 5368; x_wconf 84' lang='lat' dir='ltr'><strong>auctoritatis</strong></span> <span class='ocrx_word' id='word_1_938' title='bbox 3212 5318 3435 5386; x_wconf 85' lang='lat' dir='ltr'><strong>urgendi</strong></span> 
     </span>
    </p>
   </div>
   <div class='ocr_carea' id='block_1_117' title="bbox 1843 5392 3435 5473">
    <p class='ocr_par' dir='ltr' id='par_1_117' title="bbox 1843 5392 3435 5473">
     <span class='ocr_line' id='line_1_118' title="bbox 1843 5392 3435 5473; baseline 0.011 -27"><span class='ocrx_word' id='word_1_939' title='bbox 1843 5403 1989 5447; x_wconf 90' lang='lat' dir='ltr'><strong>sunt.</strong></span> <span class='ocrx_word' id='word_1_940' title='bbox 2032 5392 2091 5447; x_wconf 92' lang='lat' dir='ltr'><strong>Si</strong></span> <span class='ocrx_word' id='word_1_941' title='bbox 2132 5393 2275 5448; x_wconf 88' lang='lat' dir='ltr'><strong>enim</strong></span> <span class='ocrx_word' id='word_1_942' title='bbox 2320 5394 2374 5449; x_wconf 89' lang='lat' dir='ltr'><strong>in</strong></span> <span class='ocrx_word' id='word_1_943' title='bbox 2418 5394 2499 5450; x_wconf 87' lang='lat' dir='ltr'><strong>his</strong></span> <span class='ocrx_word' id='word_1_944' title='bbox 2546 5412 2650 5451; x_wconf 90' lang='lat' dir='ltr'><strong>non</strong></span> <span class='ocrx_word' id='word_1_945' title='bbox 2700 5410 2883 5469; x_wconf 90' lang='lat' dir='ltr'><strong>posset</strong></span> <span class='ocrx_word' id='word_1_946' title='bbox 2910 5402 3129 5473; x_wconf 88' lang='lat' dir='ltr'><strong>intelligi</strong></span> <span class='ocrx_word' id='word_1_947' title='bbox 3159 5408 3435 5473; x_wconf 82' lang='lat' dir='ltr'><strong>aequalitas</strong></span> 
     </span>
    </p>
   </div>
   <div class='ocr_carea' id='block_1_118' title="bbox 1842 5485 3435 5566">
    <p class='ocr_par' dir='ltr' id='par_1_118' title="bbox 1842 5485 3435 5566">
     <span class='ocr_line' id='line_1_119' title="bbox 1842 5485 3435 5566; baseline 0.012 -27"><span class='ocrx_word' id='word_1_948' title='bbox 1842 5485 1960 5555; x_wconf 87' lang='lat' dir='ltr'><strong>ejus</strong></span> <span class='ocrx_word' id='word_1_949' title='bbox 2003 5500 2098 5555; x_wconf 91' lang='lat' dir='ltr'><strong>per</strong></span> <span class='ocrx_word' id='word_1_950' title='bbox 2138 5502 2295 5556; x_wconf 92' lang='lat' dir='ltr'><strong>quem</strong></span> <span class='ocrx_word' id='word_1_951' title='bbox 2341 5486 2478 5543; x_wconf 88' lang='lat' dir='ltr'><strong>facta</strong></span> <span class='ocrx_word' id='word_1_952' title='bbox 2523 5500 2647 5545; x_wconf 89' lang='lat' dir='ltr'><strong>sunt</strong></span> <span class='ocrx_word' id='word_1_953' title='bbox 2692 5494 2869 5548; x_wconf 91' lang='lat' dir='ltr'><strong>omnia</strong></span> <span class='ocrx_word' id='word_1_954' title='bbox 2894 5495 3138 5565; x_wconf 90' lang='lat' dir='ltr'><strong>etejusa</strong></span> <span class='ocrx_word' id='word_1_955' title='bbox 3163 5512 3268 5566; x_wconf 92' lang='lat' dir='ltr'><strong>quo</strong></span> <span class='ocrx_word' id='word_1_956' title='bbox 3296 5498 3435 5559; x_wconf 84' lang='lat' dir='ltr'><strong>facta</strong></span> 
     </span>
    </p>
   </div>
   <div class='ocr_carea' id='block_1_119' title="bbox 1843 5576 3435 5662">
    <p class='ocr_par' dir='ltr' id='par_1_119' title="bbox 1843 5576 3435 5662">
     <span class='ocr_line' id='line_1_120' title="bbox 1843 5576 3435 5662; baseline 0.011 -29"><span class='ocrx_word' id='word_1_957' title='bbox 1843 5586 1989 5646; x_wconf 88' lang='lat' dir='ltr'><strong>sunt,</strong></span> <span class='ocrx_word' id='word_1_958' title='bbox 2011 5576 2257 5649; x_wconf 88' lang='lat' dir='ltr'><strong>imaginis</strong></span> <span class='ocrx_word' id='word_1_959' title='bbox 2281 5587 2336 5634; x_wconf 91' lang='lat' dir='ltr'><strong>ct</strong></span> <span class='ocrx_word' id='word_1_960' title='bbox 2356 5579 2472 5651; x_wconf 88' lang='lat' dir='ltr'><strong>ejus</strong></span> <span class='ocrx_word' id='word_1_961' title='bbox 2506 5582 2659 5652; x_wconf 88' lang='lat' dir='ltr'><strong>cujus</strong></span> <span class='ocrx_word' id='word_1_962' title='bbox 2686 5586 2859 5656; x_wconf 88' lang='lat' dir='ltr'><strong>imago</strong></span> <span class='ocrx_word' id='word_1_963' title='bbox 2887 5595 2988 5653; x_wconf 89' lang='lat' dir='ltr'><strong>est,</strong></span> <span class='ocrx_word' id='word_1_964' title='bbox 3018 5586 3180 5656; x_wconf 88' lang='lat' dir='ltr'><strong>geniti</strong></span> <span class='ocrx_word' id='word_1_965' title='bbox 3210 5597 3265 5644; x_wconf 90' lang='lat' dir='ltr'><strong>et</strong></span> <span class='ocrx_word' id='word_1_966' title='bbox 3284 5593 3435 5662; x_wconf 83' lang='lat' dir='ltr'><strong>geni-</strong></span> 
     </span>
    </p>
   </div>
   <div class='ocr_carea' id='block_1_120' title="bbox 1919 5716 2990 5784">
    <p class='ocr_par' dir='ltr' id='par_1_120' title="bbox 1919 5716 2990 5784">
     <span class='ocr_line' id='line_1_121' title="bbox 1919 5716 2990 5784; baseline 0.006 -21"><span class='ocrx_word' id='word_1_967' title='bbox 1919 5716 2031 5784; x_wconf 58' lang='lat' dir='ltr'><strong>fsic</strong></span> <span class='ocrx_word' id='word_1_968' title='bbox 2053 5723 2160 5765; x_wconf 78' lang='lat' dir='ltr'><strong>Mss.</strong></span> <span class='ocrx_word' id='word_1_969' title='bbox 2184 5716 2301 5766; x_wconf 81' lang='lat' dir='ltr'><strong>Editi</strong></span> <span class='ocrx_word' id='word_1_970' title='bbox 2325 5724 2507 5777; x_wconf 87' lang='lat' dir='ltr'><strong>autem,</strong></span> <span class='ocrx_word' id='word_1_971' title='bbox 2526 5727 2805 5784; x_wconf 82' lang='lat' dir='ltr'><strong>prosccutus</strong></span> <span class='ocrx_word' id='word_1_972' title='bbox 2823 5720 2990 5784; x_wconf 81' lang='lat' dir='ltr'><strong>fueris.</strong></span> 
     </span>
    </p>
   </div>
   <div class='ocr_carea' id='block_1_121' title="bbox 1919 5777 3414 5847">
    <p class='ocr_par' dir='ltr' id='par_1_121' title="bbox 1919 5777 3414 5847">
     <span class='ocr_line' id='line_1_122' title="bbox 1919 5777 3414 5847; baseline 0.009 -20"><span class='ocrx_word' id='word_1_973' title='bbox 1919 5777 1941 5810; x_wconf 75' lang='grc'><strong>⁸</strong></span> <span class='ocrx_word' id='word_1_974' title='bbox 1962 5783 2060 5828; x_wconf 80' lang='lat' dir='ltr'><strong>Rat.</strong></span> <span class='ocrx_word' id='word_1_975' title='bbox 2074 5785 2148 5828; x_wconf 78' lang='lat' dir='ltr'><strong>Er.</strong></span> <span class='ocrx_word' id='word_1_976' title='bbox 2170 5786 2223 5829; x_wconf 89' lang='lat' dir='ltr'><strong>et</strong></span> <span class='ocrx_word' id='word_1_977' title='bbox 2235 5785 2361 5840; x_wconf 71' lang='lat' dir='ltr'><strong>Mss,</strong></span> <span class='ocrx_word' id='word_1_978' title='bbox 2382 5780 2720 5844; x_wconf 82' lang='lat' dir='ltr'><strong>grossiores.—</strong></span> <span class='ocrx_word' id='word_1_979' title='bbox 2730 5785 2802 5831; x_wconf 83' lang='lat' dir='ltr'><strong>sic</strong></span> <span class='ocrx_word' id='word_1_980' title='bbox 2820 5777 2964 5833; x_wconf 76' lang='lat' dir='ltr'><strong>etiam</strong></span> <span class='ocrx_word' id='word_1_981' title='bbox 2984 5784 3128 5847; x_wconf 80' lang='lat' dir='ltr'><strong>Lugd.</strong></span> <span class='ocrx_word' id='word_1_982' title='bbox 3151 5792 3202 5835; x_wconf 86' lang='lat' dir='ltr'><strong>et</strong></span> <span class='ocrx_word' id='word_1_983' title='bbox 3222 5792 3343 5839; x_wconf 79' lang='lat' dir='ltr'><strong>Ven.</strong></span> <span class='ocrx_word' id='word_1_984' title='bbox 3373 5795 3414 5841; x_wconf 78' lang='lat' dir='ltr'><strong>ll</strong></span> 
     </span>
    </p>
   </div>
   <div class='ocr_carea' id='block_1_122' title="bbox 2830 5870 3109 5949">
    <p class='ocr_par' dir='ltr' id='par_1_122' title="bbox 2830 5870 3109 5949">
     <span class='ocr_line' id='line_1_123' title="bbox 2830 5870 3109 5949; baseline -0.004 0"><span class='ocrx_word' id='word_1_985' title='bbox 2830 5870 3109 5949; x_wconf 55' lang='lat' dir='ltr'><strong>(Troia)</strong></span> 
     </span>
    </p>
   </div>
  </div>
