3996 6282
564 243 638 302 75
1303 233 1391 288 DE
1434 229 1748 290 DIVERSIS
1785 232 2306 302 QUESTIONIBUS
2341 233 2628 307 LXXXIII,
2667 240 2726 299 S.
2757 241 3126 302 AUGUSTINI
3355 281 3358 283 -
3806 253 3878 314 76

565 363 732 426 toris;
769 355 915 413 nullo
957 353 1120 412 modo
1157 351 1445 423 Apostolus
1487 351 1943 408 contentiosorum
1982 350 2159 407 homi-

569 469 700 512 num
715 467 819 509 ora
845 448 1173 508 concludens
1203 446 1375 517 ipsum
1405 444 1565 500 etiam
1601 445 1820 503 verbum
1864 452 2088 514 poneret
2112 444 2154 511 ι,

567 549 756 605 dicens
800 563 814 600 :
845 542 968 599 Non
995 542 1231 614 rapinam
1256 538 1529 594 arbitratus
1558 546 1630 594 est
1654 554 1761 594 esse
1785 537 1998 608 aqualis
2024 536 2157 592 Deo.

635 642 693 695 2.
734 639 870 698 Cum
920 651 1050 708 ergo
1072 650 1134 691 ea
1173 648 1293 704 qum
1340 631 1408 687 ad
1460 631 1858 690 distinctionem
1903 630 2078 686 Patris
2105 637 2162 684 et

565 733 694 790 Filii
727 730 924 799 scripta
970 735 1114 794 sunt,
1146 725 1337 796 partim
1377 731 1598 794 prOpter
1636 737 1993 792 personarum
2029 735 2157 791 pro-

564 823 843 894 prietates,
895 819 1094 890 partim.
1131 825 1350 888 propter
1372 814 1744 884 succptionem
1787 813 2054 880 hominis,
2084 812 2159 867 ita

562 914 760 982 scripta
789 911 932 976 sint;
979 909 1104 964 dum
1133 915 1312 962 tamen
1338 905 1534 968 diuinae
1559 903 1873 967 substantiae
1901 903 2162 958 Patrios.

562 1005 686 1061 Filii
710 1003 881 1069 deitas
909 1010 965 1056 et
989 999 1165 1057 unitas
1190 1007 1244 1052 et
1261 996 1536 1067 aquatius
1559 1003 1777 1050 manest
1802 1011 1818 1050 :
1840 1003 2159 1064 recte-qum-

560 1097 698 1152 ritur
729 1096 782 1149 in
813 1095 918 1148 hoc
947 1093 1084 1158 loco,
1111 1101 1291 1144 utrem
1327 1086 1624 1149 secundum
1651 1101 2005 1157 personarum
2032 1100 2160 1155 pro-

561 1188 836 1258 prietates,
868 1199 940 1239 an
981 1181 1271 1242 secundum
1303 1179 1538 1234 hominis
1564 1179 1962 1248 susceptionem
2007 1178 2158 1248 Apo~

561 1278 738 1334 stolas
759 1275 975 1341 dixerit,
1007 1273 1148 1338 Tunc
1173 1282 1224 1326 et
1247 1272 1360 1341 ipse
1393 1269 1562 1324 Filius
1584 1268 1841 1340 subjectus
1880 1270 1975 1324 erit
1997 1270 2160 1340 siqui

559 1371 638 1427 illi
670 1367 888 1438 subjecit
905 1365 1100 1421 omnia.
1129 1362 1284 1419 Solet
1305 1362 1704 1420 cirmmstantis
1717 1360 2156 1431 Seripturmilluw

558 1462 767 1518 minare
798 1457 1140 1521 sententiam,
1186 1469 1310 1510 cum
1337 1469 1401 1509 ea
1446 1468 1568 1524 quas
1594 1451 1740 1507 circa
1781 1452 1980 1522 script:
2005 1459 2154 1518 sunt.-

558 1557 882 1624 pt‘tesontem
924 1545 1274 1618 qumstionem
1324 1543 1719 1614 septingentis,
1771 1542 2160 1614 diligenti‘div

559 1644 811 1702 cussionc
861 1647 1173 1700 mactantur.
1234 1637 1540 1692 Invenimus
1584 1636 1764 1706 itaque
1820 1635 1895 1693 ita
1935 1641 2153 1690 ventum

557 1751 680 1792 esse
706 1734 774 1788 ad
801 1731 942 1786 hunc
989 1731 1186 1796 locum,
1231 1738 1293 1783 ut
1344 1743 1504 1797 supra
1532 1726 1756 1794 diceret,
1785 1724 1948 1786 Nune
1984 1736 2156 1784 autem

557 1830 792 1886 Christus
845 1826 1064 1880 surrexit
1113 1839 1147 1875 a
1192 1821 1443 1888 nwrtuis,
1487 1820 1726 1890 primitic
1774 1819 2151 1877 mundum.

558 1921 766 1993 Agebat
813 1917 958 1972 enim
1001 1915 1068 1970 de
1111 1912 1506 1969 resurrectione
1532 1921 1892 1979 mortuorum,
1923 1911 2153 1982 quod-in

556 2012 787 2069 Domino
815 2008 1109 2064 secundum
1129 2005 1528 2076 susceptionem
1553 2003 1786 2058 hominis
1811 2002 2151 2070 luctamen;

555 2119 862 2178 quanquam
903 2099 1242 2172 apertissimo
1289 2104 1545 2168 sequatur
1589 2107 1648 2153 et
1671 2096 1858 2153 dicat:
1897 2097 2157 2164 Quoniam

554 2197 765 2270 quidem
801 2211 888 2266 per
914 2193 1166 2246 hominem
1193 2206 1346 2256 mors,
1379 2199 1425 2243 et
1455 2205 1546 2259 per
1572 2188 1827 2243 hominem
1852 2191 2154 2245 resurrectio

557 2303 895 2348 mortuorum.
926 2287 1074 2343 Sicut
1106 2289 1242 2340 enim
1274 2286 1329 2338 in
1359 2284 1524 2338 Adam
1547 2299 1722 2339 omnes
1743 2285 2048 2351 moriuntur,
2077 2287 2154 2340 sin

555 2392 605 2438 et
647 2385 699 2437 in
726 2381 927 2436 Christo
959 2395 1132 2433 omnes
1157 2376 1560 2447 viviﬁcabuntur.
1590 2373 1947 2448 Unusquisque
1982 2385 2155 2431 autem

555 2475 614 2530 in
634 2490 724 2529 suo
749 2473 925 2527 ordine
948 2486 966 2525 τ
985 2469 1184 2524 initium
1209 2467 1476 2533 Christus;
1496 2465 1679 2521 deinde
1695 2468 1737 2522 ii
1749 2465 1844 2538 qui
1860 2476 1976 2521 sunt
1997 2467 2148 2522 Clu-i-

555 2567 641 2631 sti,
671 2565 724 2618 in
751 2561 1017 2634 praesentia
1037 2559 1289 2632 (πκρυσίᾳ)
1311 2559 1455 2630 ejus;
1482 2557 1663 2614 deinde
1688 2559 1829 2627 ﬁnis,
1856 2574 1970 2613 eam
1990 2560 2151 2613 tradi-

556 2657 686 2713 derit
704 2670 918 2727 regnant
937 2655 1051 2707 Deo
1063 2661 1118 2706 et
1134 2651 1302 2719 Patri,
1321 2666 1438 2705 cum
1455 2651 1986 2708 evocaverit-omnem
2005 2653 2149 2723 prin.-

553 2749 778 2820 cipatum
810 2757 858 2802 et
881 2763 1081 2801 onmem
1107 2753 1397 2817 potestatem
1417 2753 1463 2799 et
1491 2745 1740 2799 virtutem.
1776 2742 1986 2817 Oportet
2014 2747 2149 2801 enim

550 2841 698 2896 illum
722 2855 953 2910 regnare,
976 2840 1136 2891 donec
1159 2847 1315 2907 ponat
1341 2853 1515 2890 omnes
1539 2838 1768 2892 inimicos
1792 2854 1912 2892 suos
1932 2839 2025 2892 sub
2053 2855 2146 2908 pe-

551 2933 699 2987 dibus
733 2932 858 2985 suis.
903 2928 1234 2982 Novissima‘
1258 2927 1466 2980 inimica
1494 2927 1784 2981 destruetur
1819 2944 1975 2982 mm.
2017 2927 2146 2983 0m-

549 3027 638 3081 nia
675 3026 808 3078 enim
831 3022 1042 3094 subjecit
1079 3022 1174 3075 sub
1198 3021 1408 3092 pedibus
1439 3021 1568 3090 ejus.
1596 3020 1726 3075 Cum
1755 3033 1922 3076 autem
1963 3023 2150 3078 dixerit

547 3119 688 3190 quod
717 3118 887 3173 omnia
929 3116 1154 3186 subjecta
1181 3124 1318 3181 sunt,
1348 3115 1671 3184 manifestum
1696 3123 1773 3170 est
1811 3119 1930 3187 quia
1961 3128 2146 3189 ρνωεεν

550 3227 666 3266 eum
702 3210 790 3280 qui
815 3209 1023 3278 subjecit
1047 3206 1128 3260 illi
1151 3207 1340 3261 omnia.
1376 3205 1505 3260 Cum
1538 3215 1708 3260 autem
1743 3209 1791 3260 ei
1812 3209 1984 3263 omnia
2021 3211 2143 3265 sub-

541 3305 681 3378 jecta
721 3302 932 3372 fuerint,
967 3308 1082 3353 tunc
1113 3307 1161 3354 et
1198 3299 1308 3368 ipse
1351 3295 1520 3351 Filius
1561 3299 1814 3368 subjectus
1847 3301 1940 3354 erit
1973 3301 2020 3355 ei
2059 3303 2148 3373 qui

548 3395 631 3449 illi
679 3391 889 3463 subjecit
939 3389 1130 3456 omnia,
1186 3397 1242 3441 ut
1285 3389 1350 3442 sit
1401 3387 1544 3442 Deus
1593 3389 1763 3442 omnia
1811 3389 1864 3443 in
1913 3392 2144 3448 omnibus

555 3486 598 3560 (Ι
628 3482 745 3540 Cor.
777 3498 872 3547 xv,
904 3480 1118 3551 20-28).
1149 3478 1484 3535 Manifestum
1534 3487 1618 3536 est
1655 3494 1786 3551 ergo
1812 3479 1917 3537 hoe
1952 3495 2145 3538 secans-

552 3577 682 3632 dum
712 3573 1108 3645 susceptionem
1140 3570 1372 3627 hominis
1401 3570 1618 3625 dictum.

625 3667 676 3722 5.
721 3665 827 3721 Sed
863 3664 1054 3718 aliain
1084 3662 1186 3717 hoc
1232 3661 1485 3732 capitulo,
1529 3661 1680 3733 cujus
1725 3671 1894 3720 totum
1935 3672 2143 3722 textum

553 3754 994 3818 commemoravi,
1013 3753 1186 3808 solent
1199 3751 1397 3808 habere
1406 3753 1756 3822 quaestionem
1773 3771 1786 3806 :
1808 3755 1980 3825 primo
1998 3756 2145 3826 quod

550 3850 752 3908 dictum
799 3857 914 3917 est,
965 3845 1093 3902 Cum
1146 3845 1412 3901 tradiderit
1453 3861 1664 3919 regnum
1709 3847 1820 3902 Deo
1865 3858 1916 3904 et
1961 3849 2140 3917 Patri;

551 3942 702 4014 quasi
732 3955 871 3995 nunc
906 3953 1011 3994 non
1057 3945 1236 3994 teneat
1282 3951 1505 4008 regnum
1549 3937 1725 3994 Pater.
1760 3938 1963 3997 Deinde
1997 3942 2139 4012 quod

551 4036 750 4090 dictum
797 4041 900 4099 est,
933 4029 1142 4101 Oportet
1168 4029 1301 4084 enim
1328 4029 1476 4083 illum
1511 4045 1746 4101 regnare,
1782 4031 1948 4086 donec
1985 4043 2143 4103 ponat

551 4143 722 4184 omnes
746 4126 974 4180 inimicos
1020 4139 1141 4179 suos
1188 4121 1281 4177 sub
1329 4120 1538 4193 pedibus
1561 4123 1704 4189 suis;
1753 4125 1904 4194 quasi
1951 4135 2138 4196 postea

547 4236 659 4276 non
687 4219 756 4274 sit
796 4224 1134 4288 regnaturus,
1179 4222 1235 4271 et
1261 4213 1328 4269 ad
1359 4214 1460 4269 hoc
1487 4213 1662 4270 valeat
1691 4215 1832 4286 quod
1863 4231 2021 4288 supra
2049 4215 2134 4274 dl-

547 4321 694 4369 ctum
725 4319 826 4375 est,
877 4307 1076 4362 Deinde
1120 4307 1256 4375 ﬁm’s.
1297 4305 1452 4375 Quod
1493 4307 1747 4380 sacrilega
1783 4310 2034 4380 opinione
2061 4311 2140 4368 sic

551 4404 841 4476 accipiunt,
859 4401 1010 4472 quasi
1041 4401 1201 4454 llnem
1227 4397 1423 4455 dixerit
1446 4402 1961 4460 consummationem
1987 4407 2134 4477 regni

551 4499 702 4569 ejus;
733 4510 852 4551 cum
900 4493 1158 4562 scriptum
1206 4492 1275 4547 sit
1324 4493 1377 4548 in
1401 4493 1718 4571 .Evangelio,
1751 4492 1822 4549 Et
1847 4498 1993 4568 regni
2029 4500 2137 4569 ejus

551 4605 654 4643 non
680 4588 771 4642 erit
799 4586 914 4655 ﬁnis
935 4582 1084 4658 (Luc.
1115 4597 1154 4652 ι,
1183 4583 1295 4654 55).
1327 4584 1607 4642 Postremo
1632 4587 1774 4657 quod
1803 4587 2000 4645 dictum
2032 4601 2132 4660 est,

555 4679 680 4735 Cum
719 4685 885 4732 autem
923 4677 970 4730 ei
1007 4675 1176 4731 omnia
1231 4677 1454 4747 subjecta
1505 4679 1726 4750 fuerint,
1779 4688 1897 4736 tunc
1939 4692 1992 4737 et
2027 4685 2135 4756 ipse

549 4771 725 4827 Filius
749 4769 999 4840 subjectus
1027 4769 1120 4822 erit
1150 4769 1196 4822 ei
1236 4769 1320 4839 qui
1348 4769 1427 4824 illi
1454 4769 1674 4841 subjecit
1695 4774 1898 4842 omnia;
1934 4775 2010 4831 sic
2045 4789 2136 4831 vo-

549 4862 667 4916 lunt
693 4858 934 4922 intelligi.
958 4858 1110 4917 quasi
1157 4872 1299 4914 nunc
1346 4867 1437 4914 aut
1483 4859 1683 4932 aliquid
1732 4862 1869 4920 Filio
1912 4881 2018 4923 non
2066 4868 2136 4924 sit

549 4955 868 5024 subjectum,
899 4966 990 5007 aut
1013 4951 1159 5008 Patri
1191 4965 1298 5007 non
1323 4952 1393 5007 sit
1419 4954 1534 5024 ipse
1562 4955 1852 5027 subjectus.

622 5047 678 5100 4.
719 5044 927 5101 Genera
968 5043 1126 5115 igitur
1159 5043 1442 5101 locutionis
1485 5047 1710 5104 solvitur
1754 5053 1997 5122 quaestio.
2045 5055 2132 5115 Sic

550 5135 694 5192 enim
723 5136 1038 5206 plerumque
1069 5133 1624 5209 Scriptura-loquitur,
1664 5149 1723 5197 ut
1750 5145 1896 5215 quod
1921 5159 2135 5221 semper

554 5241 672 5288 est:
701 5237 824 5285 tunc
841 5226 956 5284 fieri
981 5226 1190 5282 dicatur
1218 5228 1270 5282 in
1295 5228 1491 5300 aliqua,
1523 5245 1644 5288 cum
1667 5234 1718 5289 in
1748 5250 1814 5292 eo
1835 5238 1857 5270 ³
1885 5245 2135 5312 οοεηοεςί

558 5320 784 5378 deberit.
842 5320 919 5376 Ita
943 5319 1085 5376 enim
1113 5319 1348 5379 dicimus
1370 5321 1424 5379 in
1467 5325 1742 5399 oratione,
1774 5329 2136 5405 Sanctiﬁcetur

607 5525 630 5598 ξ
653 5523 944 5598 l‘iavarricus
965 5523 1122 5598 codex
1137 5557 1156 5588 ,
1396 5527 1686 5595 mquaiitatis
1705 5540 1919 5597 pateret.

580 5586 779 5668 ﬁdium
809 5595 1114 5652 constanter,
1140 5586 1420 5646 avarissime
1450 5586 1879 5660 fumum
1899 5604 2007 5654 ω
2028 5603 2134 5668 μιθ-

550 5657 730 5708 nsque.

619 5710 643 5745 δ
660 5717 791 5775 uss,
820 5712 880 5765 ab
904 5725 972 5765 eo.
1320 5728 1323 5731 ·

2270 367 2453 408 nomen
2479 363 2620 408 tuum
2651 357 2862 427 (Matth.
2890 375 2962 428 vr,
2992 359 3080 434 9);
3121 363 3272 434 quasi
3299 363 3585 436 aliquando
3607 376 3872 430 sanctum

2269 458 2376 500 non
2423 447 2509 502 sit.
2558 447 2698 519 Ergo
2745 451 2882 506 sicut
2929 455 3298 523 sancti/iretur,
3328 466 3695 517 est-sanctum
3741 478 3873 522 esse

2267 534 2594 604 innotescat;
2650 539 2725 596 ita
2753 557 2986 614 quoque,
3033 543 3160 600 Cum
3205 548 3472 604 tradiderit
3496 568 3716 624 regnum
3757 553 3874 612 Dee

2265 638 2314 682 et
2340 627 2510 698 Patri,
2557 633 2615 687 id
2643 641 2746 703 est,
2773 650 2895 691 cum
2925 637 3136 693 Patrem
3178 655 3408 710 regnare
3455 648 3870 714 monstraverit,

2265 728 2466 792 ut-per-
2489 725 2721 794 speciem
2764 727 3352 802 maniteststionemque
3397 734 3693 804 clarescat,
3725 739 3869 808 quod

2265 828 2408 870 nune
2433 831 2464 871 a
2486 817 2732 874 ﬁdelibus
2756 820 3000 877 creditur
3033 831 3087 877 et
3113 824 3181 880 ab
3215 824 3518 882 inﬁdelibus
3557 844 3667 884 non
3714 840 3871 900 puta-

2265 913 2370 962 tur.
2402 909 2693 967 Evscuabit
2718 922 2896 969 autem
2925 930 3138 971 omnem
3166 917 3521 988 principatum
3542 931 3596 977 et
3623 932 3869 992 potesta-

2264 1005 2395 1066 tem,
2423 1001 3033 1077 manifestendo-utique
3048 1023 3272 1079 regnum
3299 1009 3492 1076 Patris,
3520 1021 3578 1068 ut
3603 1017 3868 1073 omnibus

2265 1097 2451 1144 notum
2483 1091 2571 1160 sit,
2597 1094 2796 1149 milium
2817 1096 3124 1168 principum
3149 1107 3568 1171 et-potestatum,
3594 1105 3716 1162 sive
3747 1121 3863 1166 cm-

2265 1180 2504 1250 leetium,
2537 1184 2662 1241 sive
2697 1188 3054 1256 terrestrium,
3108 1205 3220 1260 per,
3249 1205 3310 1247 se
3352 1192 3604 1251 habuisse
3657 1199 3867 1270 aliquid

2264 1274 2594 1346 principatus
2632 1287 2691 1333 et
2715 1282 3013 1349 potestatis,
3040 1269 3144 1340 sed
3161 1286 3233 1342 ab
3255 1286 3346 1341 illo
3374 1304 3570 1360 ex-quo
3593 1302 3727 1347 sunt
3751 1269 3870 1351 om-

2263 1365 2375 1432 nis,
2405 1383 2511 1422 non
2541 1369 2712 1426 solum
2743 1373 2956 1438 ut-slnt;
2975 1389 3166 1431 verum
3190 1378 3439 1436 etiam‘ut
3462 1384 3714 1441 ordinata
3737 1387 3863 1444 sint.

2262 1453 2324 1512 In
2350 1457 2610 1514 illa-enim
2627 1462 3056 1521 militantium
3085 1467 3215 1522 nulli
3245 1484 3376 1540 spes
3395 1473 3571 1544 aliqua
3604 1491 3865 1536 remane-

2260 1555 2341 1611 bit
2381 1558 2442 1611 in‘
2474 1572 2737 1632 quoquam
2765 1561 3026 1640 principe,
3057 1573 3168 1620 aut,
3190 1566 3250 1621 in
3295 1579 3563 1640 quoquam
3617 1573 3862 1633 homine.

2260 1649 2422 1717 Quod
2463 1650 2632 1706 etiam
2679 1667 2822 1710 nunc
2876 1657 3196 1726 prophetica:
3234 1661 3458 1716 canitur
3492 1681 3508 1718 :
3553 1663 3763 1722 Bonum
3793 1679 3866 1726 est

2259 1757 2465 1811 sperare
2507 1742 2562 1796 in
2598 1742 2838 1813 Domino,
2870 1762 3030 1818 quam
3070 1765 3276 1818 sperare
3316 1753 3372 1807 in
3410 1754 3644 1823 nonnae;
3671 1758 3866 1817 bonum

2258 1842 2344 1888 est
2371 1851 2583 1906 sperare
2601 1837 2656 1891 in
2706 1836 2946 1908 licuitne,
2978 1857 3136 1911 quam
3184 1859 3394 1914 sperare
3439 1847 3496 1902 in
3542 1853 3866 1923 principibus

2262 1923 2437 2002 (Pref.
2465 1942 2628 1995 cxvn,
2652 1930 2707 1996 8,
2747 1929 2952 2004 ἕης-υτ·
2968 1935 3076 1991 ista
3093 1936 3440 1996 meditatione
3467 1941 3641 1997 anima
3666 1944 3786 2014 jam
3809 1947 3862 2013 in

2259 2029 2484 2091 regnum
2523 2020 2699 2078 Patris
2727 2034 3004 2096 assurgat,
3050 2041 3154 2086 nec
3180 2031 3491 2104 cujusquam
3532 2046 3861 2107 potestatem

2259 2119 2458 2187 praeter
2482 2111 2640 2168 illum
2659 2115 2838 2186 magni
2872 2115 3092 2187 faciens,
3134 2135 3235 2177 nec
3267 2137 3366 2179 sua
3400 2125 3500 2181 sibi
3542 2113 3645 2199 ipsi
3674 2130 3860 2201 perni-

2257 2200 2557 2259 ciosissima
2594 2204 2931 2264 blandiens‘.
2965 2209 3166 2268 Tradat
3212 2227 3341 2286 ergo
3387 2231 3609 2289 regnum
3642 2200 3763 2277 Deo
3807 2232 3859 2280 et

2259 2293 2426 2362 Patri,
2458 2310 2579 2352 cum
2600 2299 2861 2367 perillum
2889 2317 2993 2372 per
3023 2305 3258 2374 speciem
3285 2320 3642 2378 cognoscetur
3671 2313 3852 2371 Pater.

2257 2387 2507 2460 Regnum
2536 2391 2686 2446 enim:
2718 2393 2834 2464 ejus
2871 2405 2995 2451 sunt
3030 2396 3083 2452 in
3119 2399 3313 2468 quibus
3339 2415 3484 2457 nunc
3527 2415 3727 2476 regnat
3763 2423 3857 2480 per

2256 2476 2438 2535 ﬁdem.
2479 2480 2650 2536 Aliter
2680 2484 2825 2538 enim
2854 2485 3048 2542 dicitur
3073 2504 3294 2559 regnum
3322 2491 3517 2550 Christi
3553 2476 3854 2556 secundum

2255 2580 2572 2642 potestatem
2621 2573 2947 2644 divinitatis,
2998 2581 3292 2639 secundum
3342 2586 3483 2656 quod
3544 2588 3594 2644 ei
3659 2600 3852 2647 cuncta

2255 2671 2500 2719 creatura
2529 2665 2767 2736 subjecta
2795 2678 2915 2737 est;
2946 2679 3000 2726 et
3040 2672 3195 2728 aliter
3233 2689 3453 2747 regnum
3496 2680 3614 2750 ejus
3653 2681 3853 2739 dicitur

2257 2754 2520 2822 Ecclesia,
2572 2760 2866 2817 secundum
2913 2767 3291 2834 proprietatem
3335 2769 3457 2826 πάθε
3495 2789 3614 2844 qum
3664 2777 3724 2832 in
3764 2777 3854 2836 illo,

2255 2857 2358 2916 est,
2385 2851 2677 2907 secundum
2711 2855 2852 2924 quod
2878 2866 2994 2911 orat
3019 2858 3110 2929 qui
3137 2859 3284 2929 dicit,
3320 2859 3542 2920 Posside
3576 2884 3669 2922 nos
3693 2868 3846 2944 (hui.

2252 2954 2401 3009 xxvr,
2436 2942 2524 3010 15,
2551 2959 2651 2997 sec.
2695 2943 2885 3017 LXX).
2913 2945 3098 3018 Neque
3136 2952 3280 3007 enim
3312 2968 3417 3010 non
3453 2954 3568 3027 ipse
3607 2942 3849 3030 pos—Sidet

2253 3032 2453 3087 omnia.
2495 3031 2797 3090 Secundum
2841 3039 2992 3108 quod"
3033 3039 3226 3097 dicitur
3264 3046 3424 3101 etiam
3471 3048 3600 3105 illud
3652 3068 3666 3106 :
3717 3054 3846 3110 Cum

2253 3123 2383 3177 servi
2402 3125 2574 3178 essetis
2595 3127 2802 3195 peccati,
2829 3127 2973 3184 liberi
3004 3133 3388 3204 eratlsjustitite
3416 3138 3590 3210 (Rom.
3617 3158 3693 3210 v1,
3725 3144 3841 3219 20).

2253 3211 2937 3285 Evacuabitergoomnem
2978 3222 3331 3293 principatum
3368 3235 3422 3282 et
3447 3243 3660 3287 omnem
3691 3211 3843 3304 pote-

2251 3314 2441 3361 statem
2470 3314 2524 3363 et
2549 3307 2813 3377 virtutem,
2846 3320 2904 3366 ut
2941 3313 3072 3368 nulli
3102 3314 3312 3372 Patrem
3359 3319 3585 3379 intuenti
3626 3339 3730 3396 per
3757 3325 3845 3383 Fi-

2250 3394 2379 3450 lium
2407 3412 2542 3467 opus
2569 3399 2637 3453 sit
2661 3409 2755 3455 aut
2783 3401 2942 3458 libeat
2971 3405 3023 3458 in
3051 3406 3363 3479 cujusquam
3392 3394 3652 3472 creaturae
3681 3419 3769 3475 vel
3789 3417 3842 3476 iu

2249 3500 2344 3542 sna
2365 3492 2746 3560 conquiescere
2772 3502 3056 3562 potestate.

2321 3577 2376 3633 5.
2421 3565 2631 3650 Oportet
2672 3583 2805 3636 enim
2840 3599 2956 3638 eum
3001 3599 3234 3657 regnare,
3272 3591 3430 3647 donec
3473 3605 3630 3664 ponat
3667 3614 3842 3658 omnes

2248 3667 2480 3725 inimicos
2507 3687 2624 3728 suos
2647 3673 2739 3728 sub
2765 3674 2974 3745 pedibus
3001 3666 3106 3733 suis
3129 3695 3148 3733 :
3175 3680 3224 3736 id
3247 3693 3348 3751 est,
3377 3695 3586 3755 oportet
3614 3703 3838 3762 regnum

2248 3761 2368 3834 ejus
2397 3763 2449 3819 in
2477 3773 2682 3822 tantum
2707 3767 3054 3837 manifestarl,
3082 3771 3254 3830 donec
3279 3789 3467 3835 omnes
3491 3761 3697 3839 inimici
3721 3787 3836 3864 ejus

2248 3853 2423 3924 Ipsum
2449 3869 2672 3928 regnare
2710 3858 2996 3916 fateantur.
3029 3863 3141 3920 Huc
3168 3867 3312 3922 enim
3352 3869 3704 3944 intelligitur,
3737 3853 3835 3934 sub

2248 3944 2475 4022 pedibus
2502 3946 2622 4018 ejus
2647 3947 2853 4007 futuros
2876 3952 3142 4011 inimicos.
3170 3955 3326 4023 Quod
3369 3961 3414 4015 si
3445 3962 3512 4018 d‘e
3549 3962 3714 4034 justis
3743 3984 3834 4024 ac-

2247 4041 2569 4109 ceperimus,
2616 4041 2750 4098 ideo
2773 4042 2972 4099 dictum
3001 4055 3103 4113 est,
3149 4049 3396 4119 inimicos,
3434 4054 3558 4124 quia
3597 4072 3666 4120 ex
3695 4059 3835 4132 inju-

2247 4127 2356 4184 ἑῆς
2373 4128 2750 4201 justiﬁcantur,
2779 4133 2912 4190 etei
2934 4137 3204 4194 credendo
3228 4140 3548 4200 subduntur.
3573 4146 3650 4204 De
3684 4127 3832 4223 inju-

2245 4218 2352 4275 stis—
2386 4230 2562 4277 autem
2601 4223 2692 4294 qui
2748 4223 2815 4280 ad
2857 4226 3124 4296 jusmrum
3162 4230 3546 4310 beatitudinem
3595 4218 3830 4298 futuram

2247 4313 2676 4384 non-pertinent,
2721 4315 2798 4373 sic
2820 4320 3188 4389 accipiendum
3211 4333 3312 4390 est,
3357 4329 3609 4397 quoniam
3637 4341 3692 4388 et
3733 4334 3832 4406 ipsi

2247 4419 2370 4460 eum
2395 4421 2622 4477 regnare
2645 4407 2761 4478 ipsa
2795 4412 2942 4480 regni
2985 4412 3100 4483 ejus
3152 4417 3586 4478 manifestatione
3621 4427 3829 4483 confusi

2246 4493 2570 4552 fatebuntur.
2610 4497 2769 4570 Ergo,
2811 4498 3025 4573 Oportet
3039 4525 3043 4529 ·
3057 4520 3170 4560 eum
3210 4522 3441 4580 regnare,
3487 4511 3649 4569 donec
3673 4527 3830 4588 ponat

2245 4603 2418 4646 omnes
2451 4591 2684 4646 inimicos
2713 4594 2804 4648 sub
2829 4595 3038 4668 pedibus
3068 4601 3194 4666 suis,
3234 4617 3339 4658 non
3385 4603 3460 4660 ita
3484 4605 3687 4664 dlctum
3726 4619 3824 4678 est,

2245 4682 2398 4754 quasi
2421 4699 2542 4738 cum
2574 4687 2812 4755 posuerit
2857 4687 3104 4747 inimicos
3141 4707 3270 4750 suos
3305 4695 3405 4752 sub
3437 4697 3665 4772 pedibus
3695 4704 3822 4770 suis,

2245 4785 2353 4830 non
2399 4774 2467 4830 sit
2511 4785 2704 4846 postea
2725 4790 3044 4851 regnaturus
3092 4801 3107 4838 :
3149 4785 3263 4854 sed,
3327 4786 3537 4860 Oportet
3587 4809 3703 4848 eum
3746 4809 3825 4851 re-

2243 4879 2421 4936 gnare,
2453 4866 2612 4922 donec
2648 4878 2803 4940 ponat
2844 4886 3017 4928 omnes
3058 4874 3292 4933 inimicos
3327 4893 3444 4936 suos
3483 4881 3576 4937 sub
3618 4887 3824 4956 pedibus

2243 4957 2388 5024 suis;
2441 4969 2670 5031 oportet
2696 4977 2842 5035 eum,
2893 4963 3085 5036 inquit,
3140 4966 3212 5023 ad
3254 4979 3454 5028 tantam
3505 4975 3823 5034 evidentiam

2245 5061 2474 5122 regnum
2519 5065 2672 5108 suum
2702 5054 3018 5126 perducere,
3071 5057 3242 5117 donec
3272 5062 3470 5120 inimici
3515 5067 3634 5139 ejus
3680 5072 3822 5128 nullo

2245 5142 2404 5199 modo
2429 5143 2664 5200 audeant
2702 5160 2916 5218 negare
2941 5150 3088 5220 quod
3129 5165 3335 5224 regnet.
3385 5155 3518 5214 Nam
3568 5163 3822 5235 scriptum

2245 5243 2349 5303 est,
2375 5233 2458 5290 Ita
2490 5237 2627 5291 oculi
2647 5239 2805 5295 nostri
2828 5239 2908 5295 ad'
2924 5240 3199 5299 Dominum
3226 5246 3392 5303 Deum
3435 5233 3693 5324 nostrum,
3725 5257 3818 5312 do-

2245 5341 2335 5384 nec
2375 5327 2672 5386 misereatur
2715 5333 2876 5388 nostri
2906 5333 3073 5407 (Psat.
3097 5351 3261 5410 cxxn,
3291 5339 3348 5414 2)
3388 5358 3401 5396 :
3445 5357 3548 5399 nec
3585 5345 3704 5403 ideo
3747 5357 3820 5405 ta-

2245 5431 2390 5489 men,
2421 5435 2546 5476 cum
2568 5423 2816 5480 misertus
2843 5426 3018 5482 nostri
3036 5427 3211 5500 fuerit,
3242 5433 3424 5490 oculos
3452 5436 3521 5491 ab
3546 5452 3614 5495 eo
3652 5439 3812 5497 debe-

2246 5527 2365 5569 mus
2389 5524 2652 5572 avertere.
2686 5516 2743 5572 In
2781 5525 2985 5575 tantum
3016 5521 3157 5578 enim
3185 5531 3269 5580 est
3310 5525 3587 5586 beatitudo
3617 5543 3814 5602 nostra,

2311 5673 2452 5754 ἰξειι·
2493 5679 2579 5754 Et;
2603 5671 3110 5754 ῗξεΡῘΨῗθῗὲΨξξξῗρί
3141 5677 3248 5754 ipse
3261 5680 3668 5754 μετηεσίοεεειῡηε
3687 5687 3816 5746 διαυ-

2247 5733 2479 5786 dt'ens.—
2508 5734 2580 5787 sic
2603 5733 2748 5787 etiam
2773 5737 2918 5802 Lugd,
2953 5733 3007 5790 εἰ
3021 5733 3172 5793 νεα..
3207 5733 3465 5794 πρηνῆ
