3988 6400
198 281 267 337 τι
852 296 893 311 »τ
1624 256 1820 314 LIBER

1930 255 2072 313 ωε.
2688 244 2753 285 ~
2925 296 2929 301 ,
3403 256 3493 331 ,ες

198 396 254 451 ἰιι
301 399 571 463 quantum
635 386 753 458 ejus
801 380 1248 452 contemplatione
1301 376 1645 449 periruimur.
1692 373 1782 429 Sic

201 502 329 557 ergo
355 494 412 540 et
444 483 561 538 hoc
575 481 772 536 dictum
800 486 900 532 est.
922 475 1205 531 Oculorum
1236 480 1543 527 nostrorum
1561 468 1787 525 intentio

202 580 267 634 ad
298 577 591 635 Dominum
624 588 731 627 non
776 568 1079 641 porrigitur,
1112 565 1214 620 nisi
1243 578 1417 633 usque
1437 561 1504 617 ad
1533 562 1787 631 impetras

198 671 400 726 tionem
453 661 841 720 misericordia
882 659 1091 728 ipsius»,
1146 672 1252 711 non
1302 665 1365 710 ut
1424 664 1608 725 postea
1668 652 1790 707 inde

197 766 493 823 avertatur,
544 755 643 811 sed
667 762 727 809 ut
747 751 881 808 nihil
909 750 1047 807 inde.
1071 749 1305 819 amplius
1332 747 1588 817 requirat.
1617 745 1791 800 Donec

200 868 329 923 ergo
354 865 459 920 pro
495 862 567 903 eo
592 846 825 918 positum
868 852 970 910 est,
997 850 1065 897 ut.
1098 858 1205 896 non
1234 840 1484 910 amplius,
1505 839 1788 909 intelligas.

198 943 313 1011 Quo
333 942 480 997 enirn
496 938 744 1008 amplius,
760 936 812 991 id
833 946 934 1002 est,
955 934 1206 1004 usquead
1223 948 1383 1004 quam
1406 932 1661 1001 majorem
1682 945 1794 985 mae

204 1032 599 1089 niiestatienem
644 1026 1071 1084 manifestabitur
1122 1040 1348 1096 regnum
1409 1023 1648 1090 Christi,
1690 1022 1795 1077 nisi

202 1139 477 1196 quemue
497 1136 688 1178 omnes
711 1119 912 1176 inimici
928 1133 1052 1174 eum
1076 1132 1307 1187 regnare
1322 1115 1619 1171 fateantur?
1637 1114 1795 1170 Aliud

204 1226 431 1285 estergo
471 1229 581 1269 non
626 1212 854 1282 amplius
882 1209 1231 1274 manifestari,
1261 1209 1404 1263 aliud
1434 1223 1539 1263 non
1566 1208 1795 1277 amplius

208 1321 538 1379 permanere.
553 1303 667 1358 Non
688 1302 916 1372 amplius
936 1300 1285 1367 nmﬁfestari,
1312 1310 1395 1355 est
1415 1315 1525 1355 non
1542 1301 1657 1355 ﬁeri
1678 1316 1796 1354 ma-

210 1401 446 1457 nifestith
469 1418 481 1453 :
502 1414 613 1453 non
643 1395 873 1467 amplius
897 1409 1234 1467 permanere,
1268 1410 1375 1449 non
1401 1394 1517 1449 ﬁeri
1545 1407 1795 1463 perseve-

214 1494 426 1549 rantius.
446 1490 677 1558 ando
704 1498 885 1544 autem
915 1487 1253 1543 manifestius
1270 1488 1375 1541 erit
1396 1502 1620 1557 regnum
1640 1484 1799 1542 Cbri~

214 1586 307 1649 sti,
327 1598 487 1653 quam
506 1598 639 1637 eum
653 1581 913 1635 omnibus
927 1578 1181 1633 claruerit
1216 1576 1481 1632 inimicis}

278 1676 331 1731 ϐπ.
370 1674 675 1731 Novissima
716 1672 928 1725 inimica
970 1670 1255 1727 destruetur
1302 1684 1456 1722 mors.
1498 1667 1615 1723 Non
1656 1666 1801 1723 enim

209 1768 308 1825 erit
333 1767 491 1825 aliud.
524 1764 1027 1837 quoddestruatur,
1054 1772 1402 1832 posteaquam
1428 1762 1655 1817 mortale
1700 1761 1803 1816 hoc

212 1862 436 1917 induerit
464 1859 948 1915 immortalitatem.
981 1855 1166 1911 Onmia
1192 1855 1567 1926 subjecit
1593 1854 1684 1909 sub
1713 1871 1803 1926 pe-

214 1952 359 2008 dibus
382 1956 498 2025 ejus
530 1969 551 2006 :
576 1953 679 2007 hoc
706 1960 810 2018 est,
847 1960 908 2005 ut
931 1950 1095 2005 etiam
1117 1948 1632 2005 mortem'destruat.
1678 1947 1806 2002 Cum

212 2056 373 2100 unum
418 2046 615 2100 dixerit
644 2045 765 2115 quia
811 2044 988 2097 omnia
1028 2042 1259 2115 subjecta
1280 2052 1399 2097 sunt
1430 2042 1585 2115 (dixit
1626 2043 1828 2113 utique.

214 2138 479 2211 propheta
524 2137 579 2191 in
623 2136 851 2191 Psalmis
890 2134 1064 2203 (Psal.
1090 2151 1207 2201 vni,
1240 2134 1317 2205 8),
1370 2134 1694 2205 manifestum
1736 2145 1809 2190 est

215 2235 332 2303 ηιόα
364 2242 558 2304 preter
582 2246 701 2285 eum
726 2231 813 2300 qui
851 2229 1067 2300 subjecit
1084 2228 1163 2282 illi
1189 2229 1360 2282 omnia
1398 2244 1415 2282 :
1454 2228 1669 2283 Patrem
1699 2228 1811 2282 vult

218 2325 431 2395 intelligi
476 2321 668 2376 omnia
708 2320 845 2376 Filio
893 2319 1207 2389 subjeeisse,
1261 2320 1399 2374 sicut
1444 2319 1629 2374 multis
1678 2319 1811 2374 locis

217 2417 359 2473 idem
406 2414 675 2470 Dominus
712 2414 769 2467 in
806 2412 1098 2484 Evangelio
1148 2412 1488 2467 commendat
1526 2418 1582 2467 et
1619 2411 1815 2481 pracdi-

223 2509 375 2575 dieat,
422 2523 539 2563 non
588 2507 767 2562 solum
791 2514 1019 2576 propter
1039 2504 1275 2559 formam
1307 2505 1469 2571 servi,
1518 2504 1612 2559 sed
1652 2504 1816 2560 etiam

226 2612 441 2675 propter
468 2601 801 2672 ρήπρὶρίιιηιν
830 2598 900 2654 de
944 2613 1053 2669 quo
1098 2606 1213 2659 est;
1248 2606 1302 2653 et
1334 2611 1442 2667 quo
1476 2596 1699 2667 aequalis
1734 2605 1817 2651 est

229 2694 365 2750 ei-de
387 2708 507 2766 quo
522 2700 628 2748 est.
669 2694 837 2746 Amat
863 2690 1013 2745 enim
1049 2688 1117 2744 ad
1159 2704 1333 2744 unum
1362 2688 1681 2758 principium
1725 2703 1819 2742 re-

239 2785 373 2841 ferre
394 2785 598 2851 omnia,
633 2782 1091 2853 tanquamiinrago
1115 2780 1254 2849 ejus,
1303 2778 1397 2834 sed
1437 2774 1491 2832 in
1531 2791 1643 2848 quo
1666 2776 1819 2832 inha-

236 2878 363 2934 bitat
388 2879 581 2934 omnis
596 2874 874 2947 plenitudo
899 2874 1196 2929 divinitatis
1221 2870 1441 2942 (Coloss.
1466 2887 1523 2939 ιι,
1561 2870 1637 2943 9).

299 2974 351 3027 7‘.-
378 2971 513 3026 σωκ
538 2980 707 3024 autem
733 2969 975 3023 ei’ornnia
1012 2968 1243 3039 subjecta:
1264 2967 1471 3034 fuerint,
1494 2972 1615 3018 tunc
1642 2974 1693 3018 et
1710 2965 1820 3034 ipse

238 3063 401 3119 Filius
451 3062 702 3134 subjectus
746 3060 927 3115 eritsi
959 3058 1047 3130 qui
1086 3058 1168 3112 illi
1208 3057 1417 3129 subjecit
1464 3056 1653 3110 omnia.
1705 3056 1823 3111 Non

230 3156 375 3227 quasi
400 3155 581 3210 modo
599 3168 709 3208 non
735 3154 812 3207 ita
836 3152 923 3217 sit,
957 3150 1050 3205 sed
1072 3156 1201 3204 tunc
1222 3146 1561 3204 manifestum
1589 3147 1710 3214 erit,
1741 3161 1825 3202 se-

232 3248 469 3304 cundum
510 3245 834 3301 locutionem
877 3242 1121 3312 superius
1165 3248 1464 3295 tractatam.
1503 3238 1573 3294 Ut
1596 3240 1659 3293 sit
1687 3237 1827 3293 Deus

234 3340 407 3393 omnia
424 3338 483 3391 in
501 3335 751 3390 muribus.
780 3334 1012 3404 lpseest
1037 3331 1176 3398 θυῖε,
1211 3346 1375 3402 quem
1400 3331 1646 3400 superius
1672 3346 1827 3385 com-

234 3429 577 3495 memoravit,
606 3442 727 3482 cum
756 3435 923 3480 totum
950 3425 1123 3494 primo
1149 3423 1382 3478 breviter
1400 3422 1561 3477 vellet
1607 3422 1827 3477 conclu-

236 3524 381 3589 dere,
413 3520 610 3577 deinde
632 3519 786 3591 quasi
817 3517 1157 3573 membratim
1174 3516 1442 3586 explicare
1462 3524 1515 3570 et
1538 3529 1826 3585 exponere.

240 3614 580 3685 boquebatur
601 3612 751 3667 enim
771 3610 840 3666 de
885 3610 1297 3676 resurrectione,
1344 3608 1431 3663 ubi
1477 3608 1568 3673 ait,
1617 3605 1832 3661 Initium

242 3705 471 3761 illirium
495 3722 514 3769 ,°
542 3704 725 3758 deinde
740 3704 777 3756 ii
796 3703 889 3772 qui
912 3710 1033 3756 sunt
1048 3700 1237 3756 Christi
1280 3701 1334 3753 in
1375 3698 1640 3770 ρτωεεηιὶα
1681 3698 1832 3770 ejus;

246 3798 425 3851 debate
456 3796 596 3865 ﬁnis.
626 3795 753 3865 Ipse-
768 3794 978 3849 soilicet.
1018 3791 1138 3847 ﬁnis
1180 3801 1285 3858 est,
1318 3799 1379 3845 ut
1397 3792 1463 3846 sit
1500 3790 1638 3845 Deus
1662 3791 1833 3845 omnia

244 3888 303 3941 in
340 3887 591 3942 cautibus.
635 3885 803 3940 Aliter
830 3886 975 3940 enim
1000 3884 1195 3940 dicitur
1236 3883 1356 3938 ﬁnis
1383 3883 1474 3954 qui
1502 3885 1732 3952 pertinet
1758 3882 1826 3938 ad

245 3980 775 4046 consummationem,
797 3979 952 4033 aliter
987 3978 1076 4047 qui
1102 3976 1331 4047 pertinet
1369 3976 1436 4031 ad
1468 3977 1834 4045 consumptis-

246 4086 388 4129 nem.
413 4072 587 4127 Aliter
630 4071 985 4126 enimvﬁnitur
1010 4071 1184 4124 tunica
1222 4068 1473 4135 texendo,
1504 4069 1663 4123 aliter
1684 4069 1835 4123 cibus

248 4161 599 4219 comedenda.
649 4163 797 4218 Deus
816 4172 991 4217 autem
1022 4161 1204 4217 omnia
1250 4161 1302 4215 in
1333 4161 1580 4216 omnibus
1615 4161 1828 4227 dicitur,

248 4268 306 4313 ut
332 4273 495 4314 nemo
528 4272 714 4312 eorum
736 4257 827 4327 qui
856 4257 903 4311 ci
938 4256 1232 4322 cohaerent,
1260 4264 1403 4311 amet
1427 4255 1684 4310 adversus
1712 4270 1835 4310 eum

252 4367 405 4406 sum
424 4351 713 4423 propriam.
729 4350 1076 4416 voluntatem,
1093 4348 1535 4420 manife3tumque
1566 4349 1635 4403 sit
1658 4350 1837 4404 omni-

252 4443 517 4515 busquod
540 4444 687 4498 idem
732 4442 1015 4512 Apostolus
1051 4442 1298 4497 alioloco
1328 4441 1474 4509 dicit,
1512 4440 1647 4509 Quid
1672 4450 1840 4495 autem

256 4539 399 4595 habet
423 4539 561 4607 quod
584 4552 689 4591 non
704 4538 940 4605 accepisti
969 4536 986 4608 (
1012 4537 1029 4588 l
1057 4536 1174 4591 Cor.
1200 4552 1272 4601 iv,
1308 4537 1340 4589 7
1370 4536 1388 4607 )
1420 4536 1444 4589 ’ἔ

323 4632 372 4687 8.
397 4631 684 4685 Suntiitem
712 4629 911 4699 quisic
940 4628 1235 4698 intelligant
1274 4628 1415 4682 hunc
1441 4628 1637 4695 locum,
1671 4625 1840 4699 Opor-

258 4731 319 4773 tet
344 4739 457 4775 eum
480 4736 714 4792 regnare,
768 4721 927 4775 donec
948 4730 1111 4791 ponat
1132 4736 1301 4775 omnes
1338 4720 1567 4775 inimicos
1603 4737 1721 4774 suos
1748 4721 1841 4775 sub

264 4814 461 4881 pedibus
511 4814 640 4877 suis,
681 4822 741 4867 ut
768 4812 869 4867 sub
913 4813 1023 4867 alia
1069 4814 1453 4883 signiﬁcatione
1494 4813 1723 4884 positum
1755 4812 1842 4869 hic

264 4904 429 4961 dicant
449 4920 705 4977 regnare;
732 4919 834 4960 non
864 4906 964 4960 sub
984 4921 1046 4961 ea
1068 4893 1183 4976 qua.
1213 4906 1444 4975 positum
1465 4914 1566 4973 est,
1608 4922 1839 4977 regnum,

264 4996 451 5068 dequo
488 5000 582 5063 ait,
627 4996 755 5053 Cum
779 4998 1042 5052 tradiderit
1089 5015 1299 5070 regnum
1342 4997 1457 5053 Deo
1490 5008 1539 5053 et
1560 4998 1708 5053 Patri
1740 5015 1758 5053 :
1787 5008 1846 5056 ut

267 5088 389 5144 illud
422 5090 498 5145 sic
521 5090 885 5161 appellaverit,
916 5106 1153 5161 regnum,
1186 5092 1612 5160 quouniversam
1638 5099 1846 5146 creatu-

269 5193 375 5236 ram
396 5183 545 5239 Deus
564 5184 705 5253 regit
727 5200 739 5249 ;
774 5182 883 5237 hoc
904 5191 1099 5238 autem
1116 5184 1194 5238 sic
1217 5184 1583 5254 appellaverit,
1612 5200 1841 5256 regnare,

272 5274 662 5346 utintelligatur
703 5283 955 5346 tanquam
1001 5274 1258 5331 adversus
1306 5275 1514 5331 hostem
1553 5277 1847 5331 exercitum

274 5363 489 5433 dueere,
523 5368 615 5423 vel
647 5367 943 5423 defendere
983 5368 1249 5423 civitatem
1293 5376 1397 5422 :ut
1456 5367 1576 5423 ideo
1630 5368 1844 5435 dixerit,

278 5456 467 5528 Oportet
487 5478 599 5516 eum
640 5478 871 5533 regnare,
897 5464 1055 5517 donec
1086 5471 1240 5534 ponat
1270 5479 1442 5518 omnes
1478 5463 1709 5517 inimicos
1732 5478 1849 5517 suos

276 5554 353 5607 sub
388 5558 596 5625 pedibus
626 5559 730 5611 suis
760 5574 777 5621 ;
816 5559 937 5627 quia
964 5558 1082 5613 talis
1109 5558 1279 5629 regni,
1304 5558 1459 5628 quale
1489 5558 1682 5611 habent
1705 5557 1850 5626 prin-

277 5644 404 5713 cipes
426 5659 774 5717 armatorum,
805 5651 947 5705 nulla
988 5652 1089 5706 erit
1118 5666 1296 5731 causa,
1333 5653 1485 5707 hoste
1513 5652 1581 5707 ita
1613 5651 1851 5721 subjecto

276 5743 596 5801 utrebellare
642 5762 751 5802 non
806 5746 994 5816 possit.
1043 5744 1171 5801 Nam
1203 5747 1385 5820 utique
1433 5746 1630 5803 dictum
1680 5754 1759 5802 cst
1799 5747 1850 5800 in

1899 371 2208 442 Evangelio,
2227 368 2297 426 Et
2316 372 2459 443 regni
2478 389 2593 445 ejus
2609 389 2711 428 non
2749 375 2842 429 erit
2862 376 2999 445 ﬁnis,
3023 377 3314 437 secundum
3338 379 3485 454 quod

1898 474 2087 534 regnat
2129 464 2183 519 in
2229 474 2531 521 aeternum:
2570 467 2861 522 secundum
2904 478 3080 525 autem
3105 471 3161 528 id
3188 473 3329 545 quod
3382 478 3483 533 ad.

1899 569 2091 609 versus
2110 554 2378 617 diabolum
2405 555 2505 610 sub
2528 570 2592 611 eo
2628 557 2921 625 militatur;
2954 560 3151 616 tamdiu
3178 564 3283 620 erit
3298 566 3483 638 utique

1900 649 2000 704 ista
2029 648 2234 716 militia,
2259 648 2431 703 donec
2453 658 2614 719 ponat
2639 665 2825 706 ornnes
2847 650 3093 709 inimicos
3115 670 3239 713 suos
3259 660 3359 715 sub
3386 677 3486 731 pe—

1901 739 2058 796 dibus
2084 741 2226 808 suis;
2253 749 2441 811 postea
2467 756 2594 798 vero
2620 757 2726 798 non
2770 744 2891 813 erit,
2922 760 3043 801 cum
3068 762 3205 817 pace
3224 762 3483 822 perpetua

1901 831 2258 902 perfruentur.

1974 925 2029 980 9.
2063 925 2189 981 Haec
2214 934 2392 980 autem
2419 926 2489 980 ita
2510 927 2650 983 dicta
2678 928 2804 994 sint,
2834 937 2891 983 ut
2917 931 3228 987 noverimus
3249 934 3478 1006 diligen-

1903 1015 2009 1070 tius
2024 1017 2186 1073 etiam
2208 1016 2339 1071 illud
2358 1017 2687 1073 considerari
2733 1027 3001 1089 oportere,
3049 1025 3342 1081 secundum
3362 1030 3492 1098 quid

1902 1119 2090 1180 regnet
2137 1126 2278 1166 nunc
2314 1112 2567 1168 Domi-nus
2606 1114 3002 1183 dispensatione
3046 1124 3364 1178 Sacramenti
3409 1128 3492 1181 sui

1905 1217 2002 1272 per
2023 1202 2442 1263 incarnationem
2485 1213 2641 1275 atque
2668 1206 2991 1275 passionem.
3016 1207 3151 1265 Nam
3197 1216 3492 1271 secundum

1906 1292 1967 1348 id
1997 1294 2139 1364 quod
2192 1294 2425 1351 Verbum
2471 1296 2565 1351 Dei
2613 1306 2714 1362 est,
2745 1307 2854 1353 tam
2883 1299 3000 1355 sine
3039 1301 3145 1359 ﬁne
3172 1320 3329 1374 quam
3378 1308 3494 1363 sine

1906 1385 2059 1440 initio
2094 1395 2150 1440 et
2177 1386 2292 1441 sine
2322 1388 2714 1443 intermissione
2739 1398 2822 1445 est
2846 1406 3066 1463 regnum
3107 1395 3243 1465 ejus.
3286 1396 3493 1454 Socun-

1904 1476 2031 1531 dum
2056 1477 2110 1531 id
2126 1484 2300 1532 autem
2330 1479 2470 1547 quod
2512 1478 2749 1534 Verbum
2796 1496 2922 1537 caro
2950 1483 3147 1539 factum
3172 1487 3291 1559 est(
3322 1488 3481 1545 Joan.

1907 1583 1945 1635 ι,
1975 1569 2041 1622 14
2066 1570 2105 1639 ),
2138 1570 2302 1638 coepit
2327 1584 2550 1640 regnare
2580 1572 2630 1624 in
2652 1572 2993 1628 credentibus
3010 1591 3103 1645 per
3130 1577 3289 1634 ﬁdem
3315 1580 3495 1637 incar-

1907 1662 2138 1716 nationis
2162 1677 2293 1716 suae.
2335 1661 2487 1717 Unde
2513 1672 2595 1717 est
2623 1664 2789 1719 etiam
2811 1664 2939 1719 illud
2968 1683 2981 1718 :
3016 1666 3264 1725 Dominus
3309 1689 3497 1743 regna-

1908 1754 2031 1806 vita
2066 1752 2409 1824 ligno(Psal.
2462 1769 2565 1808 xcv
2591 1796 2607 1822 ,
2654 1753 2780 1828 10).
2826 1756 2960 1812 Hinc
3002 1770 3178 1815 autem
3222 1767 3499 1821 cvacuavit

1909 1860 2123 1901 omnem
2143 1846 2494 1915 principatum
2512 1854 2567 1900 et
2583 1861 2794 1901 omnem
2813 1857 3129 1918 potestatem
3151 1862 3203 1907 et
3225 1856 3496 1925 virtutem,

1912 1938 2037 1993 dum
2066 1953 2172 1993 non
2208 1953 2305 2009 per
2346 1939 2643 1995 claritatem
2683 1939 2821 2011 ejus,
2866 1942 2959 1997 sed
3005 1960 3098 2014 per
3150 1946 3500 2008 humilitatem

1913 2033 2045 2089 salvi
2076 2033 2208 2087 ﬁunt
2236 2033 2519 2088 credentes
2550 2034 2601 2086 in
2627 2048 2772 2088 eum.
2804 2034 2918 2090 Hoc
2961 2048 3043 2092 est
3070 2039 3439 2099 absconditum
3467 2061 3500 2101 a

1916 2126 2247 2195 sapientibus
2285 2134 2338 2179 et
2372 2124 2723 2195 prudentibus
2746 2166 2763 2193 ,
2802 2134 2857 2182 et
2931 2130 3221 2185 revelatum
3272 2137 3506 2203 parvulis

1917 2215 2147 2286 (Matth.
2181 2217 2343 2284 311,15
2371 2215 2390 2285 )
2418 2234 2432 2282 ;
2466 2217 2714 2287 quoniam
2748 2217 2946 2287 placuit
2972 2221 3085 2277 Deo
3110 2238 3205 2291 per
3224 2227 3505 2283 stultitiam

1918 2308 2312 2378 prmdicationis
2339 2310 2516 2365 salvos
2545 2308 2720 2365 facere
2744 2311 3025 2368 credentes
3049 2312 3070 2384 (
3111 2314 3130 2367 Ι
3162 2313 3280 2370 Cor.
3322 2335 3357 2383 ι,
3386 2319 3506 2390 21).

1917 2400 2102 2471 Neque
2124 2400 2410 2472 quidquam
2438 2416 2495 2455 se
2521 2402 2660 2455 inter
2681 2402 2930 2471 parvulos
2959 2405 3097 2459 scire
3122 2405 3250 2462 dicit
3276 2410 3510 2477 Aposto-

1920 2494 2023 2559 lus,
2058 2495 2171 2550 nisi
2211 2495 2393 2550 Jesum
2437 2493 2801 2560 Christum,et
2852 2496 2995 2552 hunc
3041 2500 3349 2556 cruciﬁxum
3377 2502 3394 2573 (
3422 2501 3510 2557 Id.

1921 2602 1981 2652 ιι,
2020 2587 2057 2640 9
2082 2586 2120 2657 ).
2149 2587 2263 2653 Qua
2292 2587 2670 2656 praedicatione
2696 2589 2892 2643 tamdiu
2924 2606 3057 2658 opus
3077 2602 3176 2658 est,
3202 2593 3373 2651 donec
3417 2610 3517 2665 po-

1924 2690 2119 2733 nantur
2148 2694 2336 2733 omnes
2372 2679 2573 2733 inimici
2627 2680 2728 2734 sub
2764 2681 2986 2748 pedibus
3008 2684 3163 2751 ejus:
3194 2686 3245 2739 id
3276 2697 3376 2751 est,
3410 2688 3515 2757 ipsi

1926 2769 2207 2823 humilitati
2229 2770 2366 2839 ejus,
2390 2785 2547 2838 quam
2580 2769 2772 2839 pedum
2804 2772 3019 2827 nomine
3062 2775 3342 2842 signiﬁcari
3371 2780 3515 2835 arbi-

1927 2871 2058 2930 tror,
2086 2862 2240 2918 cedat
2268 2870 2426 2931 atque
2451 2862 2706 2917 subdatur
2730 2863 2905 2918 omnis
2932 2866 3177 2934 superbia
3198 2870 3467 2926 saecularis
3495 2891 3513 2940 ;

1929 2956 2064 3011 sicut
2100 2971 2168 3010 ex
2211 2954 2439 3009 maxima
2468 2964 2619 3024 parte
2662 2956 2770 3023 jam
2810 2955 3006 3011 factum
3039 2968 3141 3024 est,
3176 2968 3230 3015 et
3272 2964 3514 3032 quotidie

1930 3048 2051 3103 ﬁeri
2071 3048 2332 3103 videmus.
2360 3045 2473 3103 Sed
2508 3062 2615 3116 quo
2643 3047 2748 3102 ﬁne
2792 3049 2887 3103 ista
2932 3050 3108 3106 ﬁunt?
3136 3052 3205 3109 Ut
3230 3056 3405 3111 tradat
3431 3064 3520 3114 re-

1932 3156 2092 3210 gnum
2120 3141 2230 3195 Deo
2258 3149 2311 3195 et
2328 3141 2503 3207 Patri,
2537 3140 2589 3194 id
2625 3149 2729 3208 est,
2773 3150 2831 3196 ut
2878 3144 3108 3199 nutritos
3136 3146 3239 3202 ﬁde
3268 3147 3519 3205 incarna-

1933 3234 2097 3289 tionis
2116 3249 2247 3300 suae,
2277 3233 2529 3302 perducat
2559 3234 2625 3287 ad
2652 3234 2887 3303 speciem
2916 3250 3021 3305 qua
3047 3240 3265 3307 aequalis
3294 3250 3377 3295 est
3412 3242 3520 3298 Pa-

1933 3327 2019 3380 tri.
2053 3325 2170 3381 Jam
2198 3326 2339 3380 enim
2374 3324 2451 3379 eis
2503 3326 2591 3395 qui
2617 3325 2976 3393 crediderant,
3008 3328 3340 3397 loquebatur,
3389 3348 3515 3390 cum

1933 3417 2139 3475 diceret
2165 3436 2176 3472 :
2210 3418 2273 3474 Si
2287 3419 2571 3472 manseritis
2615 3419 2668 3471 in
2697 3418 2841 3472 verba
2866 3435 2995 3487 meo,
3020 3436 3131 3474 vere
3157 3420 3392 3492 discipuli
3416 3428 3516 3479 mei

1935 3512 2052 3566 estis
2078 3512 2130 3577 ¹;
2157 3520 2203 3565 et
2228 3512 2533 3583 cognoscetis
2575 3512 2917 3576 veritatem,et
2961 3515 3142 3567 veritas
3185 3515 3411 3570 liberabit
3436 3534 3524 3574 vos

1937 3603 1957 3671 (
1983 3601 2140 3658 Joan.
2190 3619 2304 3668 vin,
2361 3604 2447 3668 Si,
2503 3602 2631 3674 52).
2666 3603 2905 3673 Regnum
2938 3605 3079 3658 enim
3130 3606 3303 3661 tradet
3351 3609 3520 3676 Patri,

1937 3711 2058 3751 cum
2089 3712 2184 3766 per
2224 3696 2278 3750 id
2310 3696 2553 3766 regnabit
2603 3696 2656 3750 in
2703 3697 3188 3766 contemplantibus
3218 3687 3526 3768 veritatem,

1937 3803 2043 3858 quo
2076 3788 2293 3857 aequalis
2322 3797 2404 3843 cst
2428 3788 2587 3853 Patri,
2622 3796 2676 3844 et
2704 3804 2800 3858 per
2822 3803 2880 3843 se
2909 3791 3238 3860 unigenitum
3281 3807 3378 3863 per
3402 3808 3526 3865 spe-

1939 3881 2075 3935 ciem
2106 3880 2263 3935 faciet
2289 3880 2456 3935 videri
2486 3880 2715 3936 Patrem.
2747 3880 2898 3937 Nunc
2922 3884 3061 3937 enim
3091 3898 3184 3953 per
3205 3883 3309 3940 hoc
3336 3894 3525 3957 regnat

1940 3970 1993 4026 in
2015 3970 2374 4035 credentibus,
2395 3986 2500 4040 quo
2531 3985 2589 4025 se
2624 3972 2798 4039 ipsum
2823 3972 3136 4040 exinanivit,
3169 3973 3394 4030 formam
3411 3994 3529 4033 ser-

1939 4064 1992 4117 vi
2020 4064 2322 4133 accipiens(
2352 4063 2583 4135 Philipp.
2608 4080 2665 4129 ιι,
2689 4064 2721 4118 7
2747 4063 2783 4136 ).
2832 4064 2984 4121 Tunc
3000 4076 3176 4121 autem
3218 4068 3390 4124 tradet
3436 4084 3529 4127 re-

1940 4172 2100 4228 gnum
2121 4158 2231 4211 Deo
2265 4166 2316 4211 et
2349 4158 2511 4224 Patri,
2567 4173 2686 4212 cum
2724 4160 3061 4213 evacuaverit
3116 4175 3327 4215 omnem
3377 4164 3526 4232 prin-

1942 4250 2193 4319 cipatum,
2216 4256 2270 4303 et
2292 4256 2627 4317 potestatem,
2645 4255 2699 4301 et
2719 4247 2989 4301 virtutem.
3012 4248 3164 4304 Unde
3185 4254 3461 4307 evacuabit
3483 4257 3528 4321 ',

1942 4341 2043 4395 nisi
2103 4340 2417 4406 humilitate,
2469 4347 2524 4394 et
2579 4339 2853 4409 patientia,
2901 4346 2957 4394 et
3012 4339 3363 4398 infirmitate?
3394 4344 3524 4413 Quis

1942 4436 2083 4491 enim
2115 4435 2443 4505 principatus
2490 4449 2595 4488 non
2645 4443 2950 4501 evacuctur,
2999 4449 3121 4489 cum
3175 4434 3339 4491 Filius
3391 4439 3531 4494 Dei3

1946 4538 2223 4602 propterea
2255 4535 2440 4598 regnat
2465 4527 2517 4581 in
2545 4525 2907 4591 credentibus,
2941 4530 3063 4595 quia
3093 4541 3214 4580 eum
3262 4529 3530 4600 principes

1945 4624 2124 4678 smculi
2168 4621 2539 4693 judicaverunt
2561 4621 2585 4674 ’ἶ
2610 4620 2739 4688 Quae
2794 4628 3030 4689 potestas
3087 4636 3191 4674 non
3223 4634 3531 4692 evacuetur,

1947 4732 2066 4773 cum
2090 4717 2200 4785 ipse
2230 4730 2328 4784 per
2375 4729 2533 4782 quem
2581 4712 2717 4767 facta
2748 4720 2871 4766 sunt
2904 4711 3102 4775 omnia,
3136 4721 3414 4783 pr0pterca
3445 4732 3532 4771 rc-

1946 4821 2073 4881 gnat
2104 4811 2153 4863 in
2181 4808 2542 4871 credentibus,
2576 4806 2695 4874 quia
2728 4805 2798 4858 ita
2827 4803 3099 4872 subjectus
3126 4814 3209 4860 est
3254 4810 3535 4875 potestati-

1948 4904 2067 4970 bus,
2087 4911 2144 4957 ut
2172 4901 2375 4957 diceret
2400 4898 2624 4963 homini,
2654 4895 2775 4951 Non
2793 4896 3001 4952 haberes
3026 4897 3081 4951 in
3101 4914 3182 4951 me
3220 4908 3533 4969 potestatem,

1948 4998 2047 5052 nisi
2066 4997 2187 5050 data
2212 4994 2299 5047 tibi
2336 5000 2463 5047 esset
2500 4989 2752 5062 desuper(
2778 4988 2938 5049 Joan.
2961 5005 3076 5055 xrx,
3106 4992 3165 5044 ll
3198 4989 3254 5063 )?
3279 4992 3408 5059 Qua:
3431 4996 3538 5048 vir-

1950 5098 2038 5145 tus
2063 5102 2167 5142 non
2197 5093 2501 5150 evacuatur,
2528 5098 2650 5137 cum
2688 5082 2804 5151 ipse
2837 5096 2934 5151 per
2962 5096 3120 5152 quem
3164 5082 3290 5137 coeli
3320 5083 3534 5140 solidati

1953 5192 2094 5247 sunt,
2125 5180 2245 5236 ideo
2273 5186 2461 5251 regnat
2486 5176 2536 5233 in
2566 5175 2926 5241 credentibus,
2972 5176 3101 5246 quia
3120 5190 3297 5246 usque
3318 5176 3385 5230 ad
3415 5193 3539 5232 cru-

1952 5291 2070 5331 cem
2092 5280 2422 5343 mortemque
2443 5270 2739 5327 inﬁrmatus
2764 5277 2847 5323 est
2870 5268 2895 5322 ‘l
2919 5267 3031 5324 Hoc
3053 5275 3233 5324 autem
3263 5269 3424 5324 modo
3459 5269 3542 5325 Fi-

1955 5368 2058 5423 lius
2082 5365 2294 5437 proprie
2318 5371 2505 5434 regnat
2530 5361 2582 5417 in
2610 5359 2716 5417 ﬁde
2740 5357 3096 5416 credentium.
3125 5358 3244 5413 Non
3266 5358 3408 5414 enim
3433 5359 3538 5415 Pa-

2019 5506 2036 5536 ι
2062 5509 2160 5553 nat.
2188 5508 2241 5552 et
2261 5500 2485 5564 plerique
2502 5505 2630 5557 Mss,
2653 5494 2805 5547 ϐνὶιὶδι
3144 5549 3174 5564 .,
3296 5550 3363 5564 _,_

2021 5567 2041 5596 ³
2065 5550 2143 5615 Sic
2159 5550 2329 5614 narra
2492 5569 2547 5611 At
2577 5550 2651 5608 ne.
2684 5566 2738 5609 et
2766 5565 2897 5616 lov.,
2933 5550 3190 5605 anteuenit.
3214 5576 3274 5586 —
3296 5550 3370 5601 sic
3392 5554 3540 5607 etiam

1956 5628 2104 5689 Lugd.
2141 5635 2192 5677 ct
2226 5636 2343 5675 Ven.
2401 5631 2457 5689 at.

2022 5675 2210 5747 3min,
2252 5689 2403 5739 I-‘ilms
2439 5683 2640 5736 hominis
2669 5696 2684 5733 .'
2709 5682 2883 5746 quibus
2912 5687 3001 5727 Mss
3041 5684 3194 5739 prope
3232 5685 3408 5731 omnes
3441 5675 3543 5751 σιες

1959 5756 2155 5805 sentiun
2164 5765 2192 5799 '.
