3996 6282
460 212 539 304 ‘79
1160 242 1248 299 DE
1287 239 1598 300 DIVERSIS
1634 236 2158 310 QUIESTIONIBUS
2194 235 2489 306 LXXXIII,
2528 236 2586 294 S.
2627 239 2993 298 AUGUSTINI

465 372 551 421 ter
565 360 668 417 dici
697 368 790 416 aut
808 357 953 417 credi
984 366 1158 431 potest
1189 358 1274 414 vel
1299 358 1625 425 incarnatus,
1656 355 1736 412 vel
1765 353 2052 425 judicatus,

466 453 555 509 vel
570 451 876 508 cruciﬁxus.
928 451 1031 506 Per
1078 449 1314 520 speciem
1357 457 1555 514 autem,
1587 462 1692 518 qua
1727 445 1947 517 aequalis
1974 452 2058 500 est

463 544 633 610 Patri,
658 556 779 598 cum
808 542 967 597 Patre
1010 548 1195 610 regnat
1242 540 1294 594 in
1345 536 1827 607 contemplantibus
1854 533 2056 591 verita-

464 647 598 693 tem.
629 635 781 706 Quod
811 645 989 690 autem
1020 634 1192 688 tradet
1218 648 1441 704 regnum
1473 632 1581 686 Deo
1607 641 1662 686 et
1684 629 1851 697 Patri,
1883 643 1913 681 a
1950 626 2057 683 ﬁde

466 727 853 783 incarnationis
880 740 992 781 suae
1020 724 1087 779 ad
1117 724 1354 795 speciem
1384 722 1598 778 deitatis
1632 719 1930 790 perducens
1961 731 2057 773 eos

464 821 558 894 qui
601 820 701 876 sibi
732 834 874 874 nunc
892 818 1138 884 credunt,
1168 833 1273 872 non
1304 816 1418 887 ipse
1455 813 1670 879 amittit,
1714 812 1810 867 sed
1837 818 2059 880 uterque

464 929 528 969 se
593 907 759 967 unum
811 911 878 965 ad
933 908 1216 965 fruendum
1284 903 1767 975 contemplantibus
1832 901 2056 973 prazbct.

465 1004 691 1061 Tamdiu
722 1013 899 1061 autem
928 1018 1060 1072 opus
1082 1010 1166 1057 est
1190 1000 1326 1056 utin
1361 999 1665 1056 hominibus
1692 995 1929 1053 nondum
1964 1010 2060 1050 va-

471 1100 708 1156 lentibus
734 1099 1091 1169 aequalitatem
1144 1096 1317 1152 Patris
1344 1103 1401 1151 et
1443 1092 1565 1148 Filii
1593 1091 1870 1164 perspicua
1902 1104 2057 1144 men-

470 1193 542 1249 tis
569 1193 686 1247 luce
720 1189 984 1255 contueri,
1031 1203 1139 1258 per-
1162 1186 1266 1242 hoc
1287 1195 1473 1256 regnet
1497 1183 1761 1248 Christus,
1802 1180 1945 1253 quod
1976 1188 2056 1235 ta-

467 1284 552 1340 les
574 1297 766 1353 capere
787 1290 1028 1352 possunt,
1063 1287 1118 1334 et
1149 1276 1290 1349 quod
1316 1276 1532 1347 proprie
1569 1275 1682 1344 ipse
1724 1271 1979 1342 suscepit,
2006 1268 2061 1324 id

468 1387 572 1444 est,
604 1375 988 1432 incarnationis
1042 1371 1418 1436 humilitatem,
1472 1368 1645 1424 donec
1669 1373 1832 1437 ponat
1874 1377 2061 1419 omnes

465 1469 713 1525 inimicos
737 1467 837 1524 sub
892 1464 1117 1536 pedibus
1145 1464 1291 1519 suis:
1320 1461 1374 1516 id
1420 1468 1524 1524 est,
1553 1460 1726 1515 donec
1772 1456 1948 1512 omnis
1972 1470 2062 1510 su-

468 1562 653 1631 perbia
701 1559 973 1616 siccularis
1027 1554 1413 1613 incarnationis
1442 1553 1560 1625 ejus
1603 1550 1892 1607 humilitati
1931 1547 2058 1606 sub-

466 1652 646 1708 datur.

542 1744 629 1799 10.
671 1742 809 1799 Sane
838 1739 980 1811 quod
1011 1739 1214 1794 dictum
1245 1744 1346 1801 est,
1374 1734 1520 1791 Tunc
1546 1743 1593 1790 et
1615 1735 1724 1805 ipse
1750 1731 1920 1788 Filius
1938 1731 2061 1786 sub-

458 1836 629 1908 jcctus
654 1834 745 1887 erit
766 1833 811 1887 ei
839 1833 923 1904 qui
946 1831 1025 1886 illi
1040 1830 1249 1898 subjecit
1274 1830 1480 1891 omnia;
1506 1826 1749 1898 quamvis
1769 1823 2061 1881 secundum

465 1927 862 1997 susceptionem
890 1924 1120 1979 hominis
1146 1921 1387 1989 dicatur,
1421 1920 1543 1991 quia
1570 1918 1694 1974 inde
1718 1926 1800 1973 est
1839 1916 2063 1987 quaestio

465 2026 615 2085 nata,
637 2032 757 2072 cum
778 2022 961 2086 ageret
987 2014 1053 2069 de
1082 2012 1474 2069 resurrectione
1494 2018 1819 2065 mortuorum
1847 2026 1859 2062 :
1887 2015 2064 2063 tamen

466 2117 616 2165 recte
633 2108 886 2180 quairitur
915 2115 1089 2162 utrum
1114 2104 1403 2161 secundum
1434 2105 1607 2174 ipsum
1628 2110 1831 2157 tantum
1863 2099 2063 2155 dictum

467 2201 560 2268 sit,
594 2199 734 2270 quod
769 2209 851 2256 est
878 2207 1036 2269 caput
1063 2197 1319 2255 Ecclesia:
1365 2195 1582 2268 (Ep/tes.
1613 2211 1667 2259 v,
1696 2194 1823 2265 25);
1876 2209 1943 2248 an
1980 2208 2066 2250 se-

470 2293 705 2349 cundum
736 2293 1041 2348 universum
1062 2289 1354 2357 Christum,
1385 2296 1736 2343 annumerato
1759 2299 1985 2354 corpore
2010 2292 2066 2339 et

470 2385 731 2440 membris
750 2384 885 2454 ejus.
915 2381 1049 2438 Cum
1078 2383 1222 2438 enim
1265 2382 1341 2438 ait
1376 2381 1443 2436 ad
1472 2380 1708 2446 Galatas,
1751 2377 1876 2434 Non
1919 2378 2061 2446 dicit,

468 2477 543 2533 Et
567 2476 858 2543 seminibus,
896 2485 1136 2543 tanquam
1160 2475 1212 2528 in
1242 2473 1451 2538 multis;
1477 2470 1566 2527 sed
1602 2480 1841 2543 tanquam
1862 2470 1916 2525 in
1942 2486 2060 2535 uno,

468 2567 541 2623 Et
579 2567 757 2622 semini
790 2578 896 2633 tuo,
928 2564 1065 2637 quod
1105 2572 1178 2619 est
1219 2561 1485 2641 Christus;
1518 2577 1588 2617 ne
1614 2561 1789 2631 ipsum
1820 2560 1923 2616 hoc
1944 2560 2067 2615 loco

472 2659 648 2715 solum
681 2658 1105 2728 intelligeremus
1140 2655 1435 2721 Christum,
1463 2654 1555 2725 qui
1575 2653 1643 2709 de
1670 2651 1832 2707 Maria
1858 2650 2065 2722 virgine

470 2762 556 2810 est
581 2762 757 2818 natus,
789 2760 970 2822 postea
999 2750 1151 2817 dicit,
1183 2748 1372 2805 Omnes
1398 2750 1531 2804 enim
1563 2764 1649 2803 vos
1675 2764 1834 2802 unum
1859 2748 1977 2802 estis
2012 2745 2068 2801 in

472 2843 675 2899 Christo
702 2842 732 2894 J
740 2859 844 2896 esu.
873 2842 934 2896 Si
962 2851 1130 2895 autem
1156 2856 1244 2894 vos
1272 2839 1479 2904 Christi,
1513 2855 1630 2910 ergo
1655 2838 1874 2892 Abraha:
1899 2852 2068 2892 semen

471 2934 591 2988 estis
624 2931 816 3003 (Galat.
849 2947 927 2998 tu,
959 2931 1048 2996 l6,
1071 2930 1163 2995 28,
1191 2930 1307 3001 29).
1339 2931 1408 2985 Et
1429 2930 1498 2986 ad
1532 2929 1837 2986 Corinthios
1854 2944 1976 2985 cum
2000 2929 2069 2986 de

475 3022 739 3078 charitate
759 3021 981 3086 diceret,
1004 3019 1073 3076 de
1100 3020 1353 3075 membris
1380 3020 1622 3090 corporis
1665 3018 2068 3075 similitudinem

473 3115 676 3170 ducens
705 3131 718 3166 :
746 3113 892 3168 Sicut
917 3114 1048 3167 enim
1071 3128 1255 3183 corpus
1281 3128 1438 3166 unum
1456 3121 1548 3180 est,
1575 3110 1765 3182 inquit,
1784 3120 1830 3166 et
1846 3110 2069 3167 membra

473 3204 625 3260 habet
654 3203 834 3268 multa,
878 3203 1050 3258 omnia
1078 3210 1247 3256 autem
1283 3202 1507 3257 membra
1545 3201 1772 3273 corporis
1808 3218 1924 3256 cum
1968 3202 2068 3257 sint

472 3298 659 3364 multa,
687 3313 849 3350 unum
876 3306 949 3350 est
980 3311 1197 3367 corpus;
1226 3297 1298 3350 ita
1322 3305 1368 3350 et
1389 3294 1638 3351 Christus.
1665 3294 1782 3351 Non
1811 3294 1963 3362 dixit,
1994 3294 2068 3351 ita

473 3398 531 3446 et
553 3388 783 3454 Christi;
833 3387 948 3455 sed,
993 3388 1135 3443 itaet
1166 3388 1413 3458 Christus,
1459 3388 1748 3445 ostendens
1794 3386 2066 3445 Christum

471 3489 623 3538 recte
646 3480 907 3551 appellari
935 3480 1094 3537 etiam
1125 3481 1450 3547 universum,
1500 3480 1603 3538 hoc
1630 3490 1735 3547 est,
1765 3490 1923 3551 caput
1942 3496 2065 3537 cum

473 3588 701 3644 corpore
716 3588 836 3640 suo,
865 3573 1009 3645 quod
1043 3582 1128 3629 est
1154 3573 1415 3629 Ecclesia.
1456 3573 1525 3629 Et
1551 3574 1733 3630 multis
1761 3574 2065 3645 Scriptura-

467 3680 594 3720 rum
623 3665 754 3720 locis
799 3665 1104 3720 invenimus
1146 3664 1418 3720 Christum
1460 3666 1619 3721 etiam
1646 3665 1749 3722 hoc
1779 3666 1938 3722 modo
1965 3681 2064 3737 ap-

470 3754 686 3826 pellari,
730 3765 788 3809 ut
816 3769 937 3810 cum
988 3754 1235 3811 omnibus
1270 3756 1382 3811 suis
1428 3756 1683 3813 membris
1720 3757 2063 3828 intelligatur,

474 3846 669 3917 quibus
697 3847 895 3902 dictum
925 3855 1028 3913 est,
1065 3846 1166 3903 Vos
1212 3848 1329 3902 estis
1362 3864 1546 3919 corpus
1571 3848 1757 3904 Christi
1775 3859 1823 3902 et
1846 3849 2067 3903 membra

474 3937 522 4008 (Ι
543 3937 663 3992 Cor.
687 3954 784 4004 xu,
805 3938 891 4000 12,
909 3938 1025 4010 27).
1046 3938 1163 3994 Νοη
1188 3954 1315 4011 ergo
1338 3938 1567 3995 absurde
1595 3941 1673 3996 sic
1701 3940 2061 4009 intelligimus.

473 4028 622 4084 Tunc
646 4038 692 4084 et
713 4030 821 4100 ipse
842 4029 1007 4086 Filius
1034 4030 1286 4102 subjectus
1312 4032 1401 4086 erit
1425 4033 1471 4086 ei
1498 4033 1585 4104 qui
1612 4032 1690 4087 illi
1714 4032 1922 4104 subjerit
1949 4050 2063 4088 om-

473 4118 599 4186 nia;
653 4128 712 4174 ut
757 4119 950 4175 Filium
998 4136 1105 4176 non
1154 4122 1326 4177 solum
1376 4131 1535 4193 caput
1572 4122 1845 4191 Ecclesiae,
1876 4123 1973 4179 sed
2010 4133 2065 4180 et

473 4223 663 4264 omnes
711 4225 833 4264 cum
876 4224 943 4264 eo
981 4218 1195 4266 sanctos
1234 4211 1612 4282 intelligamus,
1635 4214 1726 4284 qui
1747 4223 1872 4270 sunt
1900 4232 2063 4271 unum

471 4301 529 4355 in
556 4300 792 4367 Christo,
832 4316 997 4356 unum
1023 4316 1207 4358 semen
1241 4302 1508 4359 Abrahae:
1551 4304 1847 4375 subjectum
1886 4317 2060 4364 autem

472 4391 769 4447 secundum
795 4391 1298 4462 contemplationem
1338 4394 1680 4464 sempiterna:
1708 4397 1967 4465 veritatis,
1995 4399 2064 4454 ad

473 4483 820 4540 obtinendam
864 4483 1267 4552 beatitudinem,
1320 4486 1467 4542 nullo
1499 4497 1646 4542 motu
1688 4488 1872 4553 animi,
1916 4490 2062 4545 nulla

471 4586 627 4648 parte
643 4577 882 4647 corporis
902 4577 1183 4634 resistente
1202 4596 1216 4646 ;
1243 4588 1296 4633 ut
1312 4580 1364 4634 in
1385 4580 1474 4636 illa
1502 4581 1606 4635 vita
1623 4582 1836 4637 nemine
1850 4591 2064 4640 amante

470 4667 747 4738 propriam
777 4676 1116 4738 potestatem,
1142 4670 1207 4725 sit
1234 4668 1371 4726 Deus
1399 4671 1646 4726 omniain
1669 4673 1917 4729 omnibus.

471 4788 640 4848 LXX.
682 4790 760 4848 De
786 4807 845 4848 eo
871 4794 1009 4864 quod
1041 4794 1310 4867 Apostolus
1335 4796 1456 4852 dicit
1488 4814 1508 4852 :
1528 4798 1791 4871 Absorpta
1811 4812 1893 4857 est
1918 4817 2063 4860 mors

545 4881 603 4938 in
626 4883 922 4940 victoriam.
955 4884 1051 4942 Ubi
1076 4895 1175 4953 est,
1205 4903 1374 4955 mors,
1399 4891 1671 4946 contentio
1700 4894 1822 4948 tua?
1840 4894 1929 4951 ubi
1957 4907 2059 4964 est,

544 4989 692 5031 mors
712 5014 727 5043 ,
760 4976 978 5033 aculeus
1007 4986 1128 5034 tuus
1158 4979 1437 5035 iAculeus
1450 4989 1631 5037 autem
1659 4985 1848 5040 mortis
1873 5000 2063 5056 pecca-

545 5076 659 5123 tum
680 5107 697 5136 ,
725 5067 896 5125 virtus
924 5084 1052 5125 vero
1081 5071 1286 5140 peccati
1324 5071 1412 5127 lex
1443 5070 1489 5142 (I
1514 5072 1634 5133 Cor.
1664 5091 1761 5145 xv,
1787 5077 1988 5151 5&56).

547 5180 717 5237 Morte
740 5181 1029 5254 signiﬁcari
1057 5183 1289 5240 arbitror
1307 5184 1325 5217 ¹
1355 5183 1460 5242 hoc
1485 5186 1605 5243 loco
1645 5192 1909 5248 carnalem
1934 5207 2063 5249 con-

473 5274 834 5343 suetudinem,
863 5289 985 5347 qua:
1006 5276 1207 5332 resistit
1234 5275 1390 5334 bona:
1409 5278 1667 5337 voluntati
1685 5281 2062 5343 delectatione'

540 5434 635 5503 fin
679 5430 825 5503 editis
865 5432 1072 5503 questu)
1090 5434 1473 5503 septuagesima
1496 5438 1565 5503 sic
1587 5438 1875 5502 incipiebat:
1903 5444 2063 5502 Quwri

472 5492 1407 5573 ξρέεέ,ι11ιὲίέμδξξ,ν,.ῗειξὶέβεὲ.ίέίιιςὲᾶῖιοά
1432 5492 1761 5573 erismae:
1837 5492 2064 5569 λοέοφιά

470 5564 543 5629 est
562 5559 765 5629 morsu:
1078 5562 1174 5608 etc.
1200 5563 1399 5611 mortem
1418 5559 1687 5627 signiﬁcari
1714 5563 1941 5629 arbitror,
1961 5559 2057 5620 etc.

470 5618 772 5681 Castigantur
794 5629 858 5666 ex
877 5618 990 5681 itss.‘

535 5685 556 5716 ι
584 5679 665 5741 uie
692 5681 807 5730 editi
832 5679 1035 5739 addunt.
1063 5679 1315 5741 bonorum.
1340 5700 1448 5743 quae
1468 5702 1561 5742 vox
1585 5689 1723 5743 abest
1746 5704 1774 5743 a
1795 5698 1899 5745 Mss.

3691 243 3788 306 80

2165 355 2538 425 temporalium
2576 354 2943 413 fruendorum.
2994 357 3110 414 Non
3149 360 3292 415 enim
3317 359 3617 417 diceretur?
3652 362 3783 419 Ubi

2163 454 2255 513 est,
2274 463 2432 515 mors,
2459 449 2709 504 contentio
2731 450 2856 504 tua?
2876 450 2922 506 si
2948 466 3055 506 non
3081 452 3366 508 restitisset
3384 462 3440 508 et
3458 469 3780 527 repugnas-

2163 545 2263 592 set.
2290 537 2462 608 Ipsius
2487 540 2760 597 contentio
2787 542 2947 597 etiam
2975 542 3067 598 illo
3094 543 3213 599 loco
3241 540 3560 601 describitur
3582 564 3596 600 :
3617 546 3781 604 Caro

2156 629 2474 700 concupiscit
2506 632 2746 688 adversus
2777 633 3033 703 spiritum,
3069 644 3118 690 et
3144 637 3352 702 spiritus
3373 638 3614 693 adversus
3636 656 3781 695 car-

2163 736 2296 777 nem.
2331 721 2458 777 Haec
2479 724 2612 778 enim
2637 725 2851 780 invicem
2872 726 2967 781 sibi
2984 726 3220 782 resistunt
3245 736 3292 782 et
3318 728 3646 785 adversantur
3667 772 3689 797 ,
3709 739 3781 787 ut

2162 826 2264 866 non
2287 828 2400 883 qua:
2426 814 2577 869 vultis
2603 814 2698 895 illa
2721 816 2920 887 faciatis
2941 815 3138 888 (Calat.
3168 833 3221 883 v,
3253 819 3368 889 17).
3395 817 3483 873 Fit
3505 835 3633 891 ergo
3661 835 3781 891 per

2164 903 2643 961 sanctiﬁcatiouem
2669 905 2982 976 perfectam,
3007 917 3066 964 ut
3089 909 3265 964 omnis
3291 910 3522 966 carnalis
3548 912 3779 982 appeti—

2164 1001 2252 1048 tus
2296 994 2504 1064 spiritui
2549 1006 2736 1053 nostro
2789 998 3089 1056 illuminato
3138 1009 3194 1056 ct
3216 1001 3502 1068 viviﬁcato,
3552 1003 3606 1058 id
3652 1013 3777 1071 est,

2161 1082 2321 1139 bonae
2346 1085 2606 1143 voluntati
2650 1088 2981 1159 subjiciatur.
3032 1091 3097 1146 Et
3145 1090 3282 1147 sicut
3335 1106 3479 1149 nunc
3516 1092 3780 1150 videmus

2163 1176 2350 1232 multis
2377 1179 3142 1249 puerilibusdelectationibus
3158 1197 3258 1239 nos
3281 1197 3488 1251 carere,
3508 1199 3628 1255 qua:
3661 1199 3781 1241 nos

2166 1274 2366 1336 pueros
2387 1309 2401 1334 ,
2445 1269 2491 1323 si
2521 1269 2945 1342 denegarentur,
2988 1273 3248 1330 acerrime
3289 1274 3602 1331 cruciabam
3637 1292 3654 1329 :
3693 1276 3776 1331 ita

2164 1360 2493 1417 credendum
2522 1372 2610 1419 est
2632 1363 2700 1420 de
2737 1356 3110 1421 omni'carnali
3132 1366 3492 1424 delectatione
3518 1366 3781 1424 futurum

2165 1465 2308 1519 esse,
2335 1467 2458 1508 cum
2484 1453 2717 1523 perlecta
2743 1456 2999 1512 sanctitas
3028 1464 3199 1513 totum
3224 1458 3501 1514 hominem
3535 1473 3775 1528 repara—

2165 1542 2322 1598 verit.
2348 1543 2502 1600 Nunc
2520 1553 2700 1602 autem
2724 1547 2976 1618 quamdiu
2998 1558 3081 1604 est
3109 1548 3163 1604 in
3192 1548 3348 1605 nobis
3371 1548 3515 1619 quod
3543 1550 3782 1607 resistat

2148 1632 2321 1690 rbonze
2347 1635 2624 1702 voluntati,
2649 1638 2847 1694 auxilio
2875 1639 2970 1696 Dei
2996 1656 3091 1711 per
3117 1640 3289 1698 bonos
3313 1640 3559 1699 homines
3577 1654 3632 1699 et
3662 1642 3777 1700 bo-

2166 1739 2267 1780 nos
2295 1727 2534 1797 Angelos
2555 1728 2877 1799 indigemus,
2908 1732 3159 1788 utdonec
3177 1742 3395 1789 sanetur
3429 1733 3632 1789 vulnus
3669 1749 3779 1790 no-

2167 1825 2358 1883 strum,
2392 1834 2499 1873 non
2525 1819 2598 1874 ita
2623 1820 2925 1888 molestet‘,
2948 1832 3006 1878 ut
3024 1823 3250 1893 perimat
3274 1824 3433 1880 etiam
3449 1824 3652 1881 bonam
3672 1838 3777 1881 vo-

2167 1907 2446 1965 luntatem.
2485 1910 2636 1967 Hanc
2673 1920 2852 1968 autem
2904 1925 3133 1970 mortem
3178 1925 3397 1985 peccato
3441 1919 3773 1983 meruimus,

2166 1999 2310 2070 quod
2331 2010 2609 2071 peccatum
2639 2013 2908 2061 eratante
2948 2007 3095 2061 omni
3121 2006 3283 2063 modo
3317 2008 3372 2062 in
3401 2007 3575 2064 libero
3610 2008 3773 2064 arbi-

2170 2090 2294 2158 trio,
2320 2106 2444 2148 cum
2472 2093 2528 2147 in
2555 2094 2802 2165 paradiso
2823 2097 3001 2153 nullus
3026 2096 3185 2153 dolor
3225 2097 3503 2169 denegatae
3520 2098 3773 2156 delecta-

2169 2183 2329 2241 tionis
2346 2185 2366 2217 ²
2386 2186 2644 2242 voluntati
2661 2186 2818 2244 bona:
2835 2189 3066 2245 hominis
3086 2189 3389 2257 resistebat,
3412 2190 3569 2247 sicuti
3594 2205 3771 2248 nunc.

2168 2277 2332 2335 Verbi
2372 2279 2542 2350 gratia
2563 2319 2581 2346 ,
2628 2281 2678 2336 si
2716 2281 3240 2353 quisquam.existat
3282 2298 3444 2355 quem
3486 2300 3772 2356 nunquam

2168 2369 2454 2428 delectavit
2477 2373 2714 2443 venatio,
2741 2374 3074 2431 omnimodo
3098 2375 3237 2432 liber
3269 2386 3353 2432 est
3378 2385 3560 2434 utrum
3578 2379 3773 2436 venari

2169 2464 2297 2521 velit
2318 2480 2387 2521 an
2415 2466 2568 2534 nolit,
2598 2482 2701 2523 nec
2721 2482 2846 2524 eum
2874 2469 3336 2541 cruciatquisquis
3355 2468 3460 2527 hoc
3489 2471 3768 2541 prohibet.

2168 2556 2239 2612 At
2262 2556 2309 2612 si
2336 2558 2436 2613 ista
2464 2558 2708 2616 libertate
2750 2561 2892 2617 male
2935 2576 3082 2628 usus,
3113 2570 3337 2619 venatus
3380 2561 3543 2619 fuerit
3576 2571 3772 2620 contra

2168 2648 2502 2719 prohibentis
2538 2652 2861 2723 imperium,
2877 2654 3128 2724 paulatim
3153 2655 3446 2724 subrepens
3474 2655 3774 2713 delectatio

2169 2739 2456 2796 mortiﬁcat
2499 2742 2754 2808 animam,
2784 2753 2843 2800 ut
2870 2746 2918 2801 si
2946 2760 3007 2802 se
3045 2744 3319 2802 abstinere
3365 2746 3512 2812 velit,
3556 2747 3771 2819 absque

2169 2832 2416 2888 molestia
2439 2841 2494 2888 et
2521 2834 2641 2891 sine
2659 2850 2859 2907 angore
2889 2852 2995 2893 non
3036 2838 3228 2909 possit,
3271 2853 3393 2895 cum
3420 2839 3474 2895 id
3499 2848 3634 2897 ante
3660 2848 3770 2896 tota

2170 2923 2398 2980 sanitate
2424 2939 2531 2979 non
2562 2935 2765 2996 ageret.
2789 2927 2931 2998 Ergo
2945 2928 3155 2984 aculeus
3174 2930 3350 2985 mortis
3371 2939 3641 3001 peccatum
3661 2939 3771 2997 est;

2170 3016 2293 3084 quia
2324 3025 2545 3087 peccato
2582 3018 2720 3074 facta
2755 3028 2840 3076 est
2855 3019 3165 3089 delectatio,
3193 3038 3314 3093 qua:
3336 3021 3447 3093 jam
3468 3023 3647 3093 possit
3684 3037 3772 3079 re-

2169 3108 2362 3164 sistere
2380 3108 2536 3164 bonae
2551 3110 2809 3188 voluntati
2826 3111 2867 3179 ³,
2892 3121 3082 3169 etcum
3102 3114 3291 3172 dolore
3310 3114 3571 3171 cohiberi.
3591 3116 3770 3184 Quam

2168 3197 2602 3269 delectationem,
2631 3202 2755 3273 quia
2781 3205 2837 3258 in
2882 3202 3093 3261 defectu
3131 3214 3216 3261 est
3258 3206 3452 3262 animae
3475 3205 3770 3264 deterioris

2170 3289 2396 3358 eﬁ‘ectae,
2421 3291 2544 3363 jure
2590 3303 2821 3350 mortem
2862 3309 3135 3352 vocamus.
3169 3295 3341 3352 Virtus
3377 3307 3546 3352 autem
3573 3298 3772 3368 peccati

2170 3383 2252 3439 lea:
2279 3392 2387 3450 est;
2413 3384 2537 3455 quia
2563 3386 2733 3441 multo
2757 3386 3073 3443 sceleratius
3099 3396 3155 3444 et
3178 3387 3488 3459 ﬂagitiosius
3510 3405 3641 3460 quae
3682 3389 3767 3447 lex

2170 3475 2417 3546 prohibet
2458 3477 2885 3547 committuntur,
2935 3494 3095 3550 quam
3123 3481 3170 3536 si
3190 3482 3333 3538 nulla
3362 3482 3482 3552 lege
3506 3482 3766 3552 prohibe-

2169 3576 2375 3623 rentur.
2411 3568 2561 3625 Tunc
2584 3569 2763 3641 itaque
2793 3570 3046 3643 absorpta
3071 3574 3175 3630 erit
3197 3588 3345 3630 mors
3382 3576 3436 3631 in
3457 3576 3765 3644 victoriam,

2168 3674 2291 3716 cum
2306 3676 2402 3731 per
2425 3662 2897 3720 sanctiﬁcationem
2922 3666 2977 3720 in
3002 3666 3150 3721 omni
3187 3677 3339 3737 parte
3366 3668 3608 3725 hominis
3641 3684 3764 3741 per-

2167 3753 2309 3809 fecta
2353 3753 2706 3812 delectatione
2758 3756 3117 3827 spiritualium
3178 3757 3462 3817 delectatio
3525 3760 3764 3818 carnalis

2168 3843 2446 3901 obruetur.

2167 3937 2358 3994 LXXI.
2405 3938 2485 3994 De
2521 3956 2579 3995 eo
2615 3941 2750 4011 quod
2793 3942 3038 4013 scriptum
3063 3951 3138 3999 est
3168 3958 3188 3998 :
3213 3942 3444 4001 Invicem
3469 3960 3644 4003 onera
3671 3961 3763 4003 ve-

2239 4040 2352 4085 stra
2389 4040 2619 4102 portate,
2642 4039 2699 4087 et
2723 4032 2803 4088 sic
2825 4032 3188 4105 adimplebitis
3211 4036 3385 4108 legem
3402 4035 3608 4094 Christi
3637 4036 3764 4112 (Ca-

2241 4122 2333 4178 lat.
2370 4138 2444 4188 Vl,
2465 4121 2547 4195 2).

2240 4214 2292 4269 1.
2320 4213 2453 4283 Quia
2474 4214 2682 4272 Veteris
2701 4214 3029 4273 Testamenti
3061 4217 3300 4275 custodia
3326 4220 3571 4278 timorem
3598 4221 3762 4279 habe-

2166 4306 2276 4373 bat,
2306 4324 2410 4363 uon
2458 4309 2630 4379 potuit
2665 4309 2901 4379 apertius
2924 4309 3210 4381 signiﬁcari
3252 4310 3387 4368 Novi
3432 4313 3760 4373 Testamenti

2166 4400 2364 4455 donum
2393 4415 2516 4457 esse
2539 4401 2874 4470 charitatem,
2904 4418 3065 4474 quam
3101 4404 3201 4461 hoc
3239 4404 3379 4474 loco,
3411 4406 3500 4462 ubi
3525 4407 3759 4479 Aposto-

2166 4494 2248 4549 lus
2266 4493 2415 4561 dicit,
2447 4493 2671 4549 lnoicem
2692 4511 2845 4550 onera
2871 4506 3033 4552 vestra
3056 4507 3269 4569 portate,
3297 4508 3347 4553 et
3366 4499 3439 4555 sic
3463 4500 3760 4574 adimplebi-

2168 4587 2231 4642 tis
2266 4587 2424 4659 legent
2449 4586 2652 4669 Christi.
2683 4587 2834 4645 Hanc
2859 4589 3003 4645 enim
3042 4588 3240 4646 Christi
3268 4590 3442 4662 legem
3465 4592 3649 4649 dicere
3676 4592 3758 4648 in-

2167 4681 2442 4753 telligitur,
2466 4697 2570 4752 qua
2607 4682 2721 4752 ipse
2751 4682 3005 4739 Dominus
3039 4685 3292 4754 praecepit
3316 4692 3374 4739 ut
3400 4700 3499 4741 nos
3530 4685 3756 4741 invicem

2165 4771 2464 4845 diligamus,
2509 4782 2715 4830 tantum
2754 4775 2808 4830 in
2853 4790 2918 4831 ea
2954 4776 3215 4831 sententia
3262 4777 3512 4848 praecepti
3553 4775 3758 4849 pondus

2166 4867 2496 4924 constituens
2515 4908 2530 4932 ,
2561 4876 2618 4923 ut
2653 4867 2858 4925 diceret
2896 4884 2910 4921 :
2948 4866 3020 4922 In
3042 4866 3139 4922 hoc
3171 4878 3497 4940 cognoscetur
3518 4870 3755 4940 quoniam

2167 4958 2405 5031 discipuli
2429 4960 2528 5015 mei
2553 4961 2689 5027 estis,
2721 4961 2767 5016 si
2799 4976 2886 5016 vos
2914 4960 3123 5016 invicem
3146 4960 3372 5033 diligatis
3394 4960 3415 5032 (
3435 4959 3595 5017 Joan.
3626 4974 3750 5025 xui,

2166 5051 2258 5117 54,
2289 5051 2404 5124 55).
2427 5051 2595 5123 Hujus
2614 5061 2789 5109 autem
2814 5051 3116 5110 dilectionis
3142 5052 3378 5109 ofﬁcium
3402 5061 3505 5122 est,
3527 5054 3752 5109 invicem

2167 5158 2331 5199 onera
2367 5152 2548 5200 nostra
2576 5155 2808 5214 portare.
2835 5144 2942 5201 Sed
2968 5145 3071 5201 hoc
3095 5144 3354 5212 ofﬁcium,
3394 5145 3536 5217 quod
3561 5142 3754 5216 sempi-

2168 5246 2380 5294 ternum
2408 5252 2515 5294 non
2541 5246 2641 5304 est,
2674 5236 2929 5308 perducet
2946 5252 3076 5294 sane
3100 5237 3169 5295 ad
3187 5237 3572 5296 beatitudinem
3596 5245 3751 5295 aeter-
3822 5306 3835 5319 κ

2169 5346 2291 5387 nam
2314 5373 2329 5400 ,
2361 5331 2414 5386 in
2457 5346 2560 5402 qua
2586 5331 2730 5387 nulla
2754 5339 2912 5388 erunt
2952 5338 3132 5387 nostra
3157 5346 3320 5388 onera
3339 5372 3354 5400 ,
3383 5348 3504 5404 qua:
3527 5330 3751 5388 invicem

2234 5450 2249 5480 ι
2273 5446 2528 5496 sexdecim
2554 5454 2683 5506 Mss,
2707 5444 2999 5496 molestetur.

2234 5512 2253 5542 ²
2278 5510 2349 5559 sic
2364 5515 2461 5558 ttat.
2489 5515 2665 5573 et_Mss.
2688 5516 2745 5558 Αι
2766 5514 2839 5557 Et'.
2868 5515 2921 5558 et
2940 5515 3068 5569 Lov.,
3092 5506 3331 5573 denegata
3353 5506 3748 5560 delectatione.—

2167 5572 2240 5621 Sic
2263 5573 2408 5621 etiam
2432 5571 2578 5633 Lugd.
2602 5578 2655 5620 et.
2677 5578 2796 5619 Ven.
2865 5578 2922 5619 Μ.

2172 5696 2198 5748 b
2233 5634 2255 5665 ³
2275 5642 2458 5683 Omnes
2489 5631 2641 5696 prope
2681 5640 2808 5693 Mss,
2856 5631 3076 5685 resistere
3105 5631 3368 5695 voluntati;
3407 5633 3583 5686 omissa
3602 5639 3744 5689 voco.

2200 5708 2322 5748 Olttt‘.
3080 5741 3091 5748 .

2200 5708 2304 5749 Ollll‘
2313 5731 2322 5743 .
