3988 6396
256 392 317 448 Si
1670 387 1819 445 LIBE

1927 389 2108 447 UNUS.
2771 382 2780 394 ’
3451 408 3525 468 δε

257 508 455 571 portare
473 497 765 569 jubeamur.
796 496 947 552 Nunc
968 511 1095 553 vero
1118 511 1241 553 cum
1270 497 1324 553 in
1355 496 1456 553 hac
1483 499 1607 563 vita,
1643 499 1694 555 id
1719 510 1823 569 est,

257 595 304 648 in
330 592 423 646 bac
449 591 528 643 via
551 604 751 655 sumus,
785 604 948 644 onera
978 590 1202 644 invicem
1236 599 1417 653 nostra
1445 599 1736 660 portemus,
1769 600 1829 648 ut

258 683 315 737 ad
340 697 451 737 eam
475 682 632 735 vitam
661 696 777 751 qua:
802 689 949 736 caret
976 681 1122 735 omni
1144 696 1308 736 onere
1344 682 1625 751 pervenire
1652 682 1827 752 possi-

258 790 379 829 mus.
399 773 538 829 Sicut
556 774 698 828 enim
721 773 788 828 de
807 773 979 828 cervis
1000 772 1241 827 nonnulli
1264 773 1446 827 talium
1466 773 1824 845 cognitionum

257 865 457 919 studiosi
478 864 822 934 scripserunt,
851 880 970 920 cum
997 865 1189 920 fretum
1212 865 1281 920 ad
1304 865 1528 920 insulam
1552 874 1827 921 transeunt

260 971 549 1028 pascuorum
576 956 762 1027 gratia,
793 956 871 1013 sic
899 972 958 1013 se
986 957 1268 1024 ordinant,
1295 966 1355 1013 ut
1389 972 1554 1013 onera
1593 960 1824 1029 capitum

260 1065 451 1103 suorum
494 1066 611 1119 qua:
638 1058 847 1121 gestant
876 1050 931 1106 in
967 1052 1216 1107 cornibus
1242 1066 1401 1121 super
1430 1052 1653 1106 invicem
1692 1067 1823 1123 por-

259 1149 374 1207 tent,
407 1142 469 1195 ita
510 1150 565 1196 ut
590 1144 853 1212 posterior
880 1158 1041 1212 super
1066 1145 1391 1198 anteriorem
1418 1142 1623 1198 cervice
1648 1143 1826 1213 proje-

258 1243 326 1284 Cia
347 1242 489 1302 caput
516 1233 761 1289 collucet.
794 1235 861 1289 Et
888 1234 1009 1304 quia
1039 1248 1262 1289 necesse
1282 1241 1365 1289 est
1392 1249 1555 1288 unum
1585 1248 1706 1289 esse
1732 1233 1823 1304 qui

258 1333 453 1378 Caeteros
478 1325 807 1394 praecedens,
838 1340 942 1381 non
974 1334 1098 1381 ante
1123 1340 1182 1381 se
1216 1325 1410 1380 habeat
1446 1325 1530 1380 cui
1558 1333 1715 1394 caput
1742 1325 1824 1380 in-

262 1414 417 1481 clinet,
436 1415 635 1470 vicibus
665 1416 718 1471 id
745 1431 903 1487 agere
931 1415 1205 1482 dicuntur;
1230 1427 1287 1471 ut
1308 1417 1537 1471 lassatus
1566 1417 1646 1470 sui
1672 1416 1818 1486 capi-

264 1504 321 1556 tis
344 1518 486 1560 onere
513 1505 602 1560 ille
622 1507 715 1576 qui
739 1506 992 1576 praecedit
1012 1547 1027 1571 ,
1065 1515 1187 1576 post
1221 1522 1407 1561 omnes
1436 1506 1685 1562 recedat‘
1722 1547 1737 1572 ,
1768 1514 1823 1563 et

260 1597 302 1651 ei
325 1598 552 1653 succedat
575 1600 731 1669 cujus
760 1599 963 1656 ferebat
986 1608 1161 1669 caput,
1192 1615 1312 1655 cum
1341 1600 1455 1670 ipse
1481 1599 1712 1670 prmirct.
1744 1599 1821 1653 ita

254 1689 451 1744 invicem
472 1705 640 1747 onera
665 1705 759 1745 sua
786 1699 1082 1761 portantes,
1113 1691 1306 1746 fretum
1330 1699 1624 1758 transeunt,
1646 1690 1823 1744 donec

254 1780 445 1835 veniant
471 1782 536 1836 ad
567 1790 733 1837 terra:
762 1782 1101 1837 stabilitatem
1133 1780 1300 1853 (Plin.
1334 1781 1423 1836 lib.
1470 1782 1525 1848 8,
1556 1798 1670 1851 cap.
1703 1781 1817 1851 52).

251 1870 388 1926 istam
411 1872 637 1928 fortasse
657 1888 936 1928 cervorum
958 1881 1200 1928 naturam
1224 1872 1525 1927 intenderat
1546 1873 1818 1941 Salomon,

252 1975 354 2017 cum
395 1963 480 2028 ait,
512 1962 704 2019 Cervus
732 1965 968 2019 amicitia:
1007 1974 1057 2019 et
1100 1964 1273 2035 pullus
1301 1965 1579 2035 gratiarum
1622 1973 1821 2018 tuarum

251 2053 573 2122 colloquantur
620 2065 783 2109 tecum
827 2054 846 2125 (
874 2053 1028 2109 Prov.
1062 2070 1127 2122 ν,
1157 2054 1258 2119 19,
1289 2071 1390 2109 sec.
1430 2053 1577 2110 LXX
1598 2053 1639 2127 ).
1680 2053 1819 2109 Nihil

251 2144 374 2198 enim
397 2146 469 2200 sic
492 2145 688 2217 probat
712 2146 963 2212 amicum,
992 2144 1438 2217 quemadmodum
1465 2145 1645 2200 oneris
1663 2145 1821 2201 amici

250 2240 470 2306 portatio.

309 2329 357 2383 2.
393 2330 495 2388 Nec
520 2340 705 2387 tamen
737 2332 964 2388 invicem
991 2346 1155 2387 onera
1181 2338 1361 2387 nostra
1388 2338 1740 2401 portaremus,
1770 2330 1819 2385 si

249 2437 388 2476 unum
416 2433 628 2494 tempus
661 2433 805 2480 esset
832 2424 1153 2479 inﬁrmitatis
1197 2424 1473 2479 amborum
1494 2463 1510 2490 ,
1536 2422 1626 2493 qui
1655 2436 1819 2477 onera

246 2526 327 2567 sua
364 2516 653 2581 sustinent,
687 2525 778 2569 aut
806 2530 970 2570 unum
999 2515 1323 2569 inﬁrmitatis
1366 2529 1534 2584 genus
1563 2531 1575 2566 :
1609 2513 1704 2568 sed
1734 2512 1817 2568 di-

246 2620 377 2661 versa
401 2616 645 2678 tempora
667 2617 721 2663 et
746 2608 955 2663 diversa
980 2623 1171 2677 genera
1200 2607 1521 2662 inﬁrmitatis
1547 2606 1743 2660 faciunt
1762 2612 1821 2659 ut

254 2710 389 2752 onera
407 2710 591 2754 nostra
622 2707 839 2768 portare
862 2698 1083 2753 invicem
1116 2698 1406 2753 valeamus.
1438 2697 1596 2752 Verbi
1625 2696 1815 2767 gratia,

256 2786 368 2841 iram
392 2788 565 2843 fratris
595 2791 669 2843 tui
702 2797 827 2843 tunc
854 2789 1107 2858 portabis,
1137 2804 1259 2844 cum
1298 2797 1354 2843 tu
1394 2788 1650 2843 adversus
1694 2802 1816 2843 eum

256 2892 346 2933 non
368 2880 639 2947 irasceris;
664 2890 722 2935 ut
746 2896 932 2936 rursus
955 2897 1020 2936 eo
1048 2890 1287 2951 tempore
1312 2895 1416 2950 quo
1438 2888 1492 2935 te
1516 2880 1591 2934 ira
1614 2892 1819 2949 pracoc-

249 2975 516 3040 cupaverit,
549 2973 640 3028 ille
667 2982 718 3027 te
744 2972 960 3028 lenitate
986 2980 1041 3028 et
1068 2972 1443 3044 tranquillitate
1463 2987 1559 3027 sua
1587 2984 1816 3041 suppor-

247 3068 332 3117 tet.
366 3064 471 3120 lloc
501 3066 807 3135 exemplum
835 3065 901 3119 ad
943 3064 994 3119 id
1022 3066 1283 3136 pertinet,
1311 3080 1433 3120 cum
1458 3064 1664 3120 diversa
1694 3072 1819 3119 sunt

246 3163 460 3226 tempora
494 3157 818 3226 portantium
858 3171 1019 3212 onera
1048 3172 1164 3222 sua,
1195 3157 1436 3227 quamvis
1466 3156 1577 3226 ipsa
1608 3156 1816 3211 diversa

246 3261 337 3301 non
374 3250 439 3303 sit
467 3247 753 3302 infirmitas
786 3265 799 3301 :
828 3250 881 3302 in
911 3247 1170 3304 ambobus
1200 3249 1340 3302 enim
1384 3247 1451 3302 ab
1484 3248 1709 3302 invicem
1740 3248 1815 3302 ira

244 3346 484 3405 portatur.
513 3337 596 3393 Ad
625 3338 894 3393 diversum
932 3347 1108 3393 autem
1131 3338 1453 3392 inﬁrmitatis
1479 3353 1646 3407 genus
1672 3337 1817 3392 aliud

244 3433 527 3503 exemplum
566 3430 851 3486 videndum
879 3439 994 3485 est:
1022 3429 1186 3483 veluti
1226 3429 1272 3483 si
1300 3429 1418 3499 quis
1444 3428 1814 3499 loquacitatem

246 3520 291 3574 in
314 3537 367 3577 se
384 3523 591 3590 vicerit,
611 3531 665 3577 et
681 3522 1022 3592 pertinaciam
1048 3520 1285 3575 nondum
1304 3520 1513 3586 vicerit,
1535 3520 1670 3574 alius
1690 3534 1817 3574 vero

246 3612 403 3668 adhuc
424 3615 640 3683 loquax,
659 3612 753 3668 sed
781 3612 887 3682 jam
910 3611 1153 3682 pertinax
1183 3625 1287 3665 non
1311 3610 1398 3675 sit;
1417 3609 1575 3665 debet
1600 3610 1688 3664 ille
1716 3608 1814 3663 hn-

243 3704 320 3773 jus
345 3704 710 3775 loquacitatem
736 3713 791 3760 et
816 3704 913 3758 iste
941 3702 1081 3757 illius
1105 3700 1472 3772 pertinaciam,
1494 3700 1665 3756 donec
1687 3699 1816 3755 illud

245 3796 398 3851 initio
424 3797 603 3853 ethoc
646 3797 698 3850 in
743 3796 845 3849 isto
874 3803 1108 3860 sanetur,
1137 3794 1394 3847 charitatc
1435 3800 1668 3862 portare.
1713 3791 1818 3846 Par

247 3888 719 3959 quippeinﬁrmitas
741 3888 791 3942 in
805 3887 1014 3942 duobus
1034 3886 1081 3941 si
1097 3900 1205 3940 uno
1227 3884 1432 3941 accidat
1454 3894 1709 3955 tempore,
1736 3892 1818 3938 to-

245 3977 403 4036 lerare
426 3996 483 4036 se
506 3981 731 4035 invicem
759 3994 864 4034 non
892 3979 1090 4043 valent,
1114 3992 1234 4032 cum
1258 3978 1537 4032 adversum
1561 3992 1620 4032 se
1645 3977 1816 4032 inten-

245 4068 395 4125 ditur.
423 4070 553 4126 Nam
575 4070 833 4126 adversus
854 4071 1084 4140 aliquem
1104 4069 1341 4137 tertium,
1364 4077 1419 4124 et
1441 4068 1547 4123 duo
1573 4068 1691 4124 irati
1715 4067 1817 4124 sibi

246 4165 572 4232 conveniunt,
597 4173 652 4221 et
675 4180 735 4220 se
761 4165 989 4220 tolerant
1017 4183 1029 4218 :
1053 4179 1352 4234 quanquam
1381 4179 1481 4219 nec
1509 4165 1739 4219 tolerare
1759 4179 1817 4220 se

247 4255 458 4312 invicem
485 4256 697 4312 dicendi
725 4264 868 4321 sunt,
893 4256 986 4311 sed
1011 4257 1185 4325 potius
1205 4271 1263 4311 se
1284 4256 1509 4311 invicem
1530 4258 1814 4312 consolari.

248 4346 385 4402 Sicut
407 4357 459 4403 et
483 4350 665 4403 tristes
695 4347 763 4403 de
796 4362 857 4402 re
881 4363 984 4401 una
1005 4389 1020 4415 ,
1051 4347 1220 4416 magis
1252 4362 1312 4403 se
1345 4355 1561 4417 portant
1586 4356 1641 4404 et
1668 4350 1818 4419 quasi

248 4424 542 4496 incumbunt
584 4439 719 4507 sibi,
768 4454 927 4509 quam
969 4440 1015 4495 si
1058 4456 1192 4495 unus
1238 4441 1402 4496 tristis
1439 4449 1582 4498 esset
1606 4449 1661 4497 et
1683 4443 1819 4498 alius

248 4530 517 4597 gauderet:
546 4532 590 4585 si
614 4540 791 4585 autem
820 4531 1076 4585 adversus
1094 4545 1153 4586 se
1178 4531 1355 4586 tristes
1374 4531 1500 4599 sint,
1524 4547 1741 4602 prorsus
1760 4548 1819 4590 se

251 4621 461 4677 tolerare
487 4639 589 4676 non
615 4630 855 4692 possunt.
882 4622 951 4676 Et
970 4621 1091 4677 ideo
1117 4623 1169 4677 in
1198 4622 1499 4693 bujusmodi
1524 4624 1820 4681 ali‘ectioni-

254 4708 343 4764 bus
368 4712 695 4784 suscipienda
737 4721 820 4768 est
846 4713 1229 4783 aliquantulum
1269 4714 1383 4783 ipsa
1422 4715 1711 4785 aegritudo,
1750 4715 1819 4772 de

256 4816 345 4870 qua
372 4806 447 4861 vis
484 4805 645 4858 alium
691 4820 787 4874 per
831 4814 884 4859 tc
912 4804 1160 4870 liberari;
1189 4811 1245 4860 et
1271 4804 1349 4859 sic
1376 4806 1729 4876 suscipienda,
1758 4815 1818 4862 ut

258 4892 317 4944 ad
356 4897 590 4949 auxilium
616 4936 631 4959 ,
664 4911 769 4951 non
816 4895 884 4951 ad
928 4896 1281 4966 :rqualitatem
1325 4897 1555 4952 miseria:
1596 4898 1768 4953 valeat
1800 4916 1813 4953 :

259 4986 679 5050 quemadmodum
708 5002 768 5042 se
795 4987 1032 5055 inclinat,
1062 4989 1152 5057 qui
1189 5002 1404 5043 manum
1425 4989 1621 5059 jacenti
1648 4992 1819 5061 porri-

261 5074 343 5139 git.
367 5075 472 5130 Non
497 5079 637 5133 enim
664 5094 722 5133 se
741 5079 972 5150 projicit,
996 5087 1053 5133 nt
1080 5079 1236 5134 ambo
1250 5079 1498 5150 jaceant;
1523 5081 1615 5137 sed
1640 5081 1819 5153 incur-

264 5176 337 5217 vat
358 5175 562 5235 tantum,
595 5173 931 5241 utjacentem
961 5173 1145 5243 erigat.

325 5260 372 5312 5.
407 5261 575 5332 Neque
606 5263 709 5318 ulla
738 5279 826 5319 res
844 5264 1142 5319 ofﬁciosum
1170 5265 1329 5345 istum
1350 5264 1587 5323 laborem
1609 5267 1675 5323 ad
1696 5260 1825 5339 por?

267 5351 400 5405 tanda
427 5368 579 5410 onera
607 5357 831 5411 aliorum
866 5356 988 5411 facit
1024 5346 1251 5441 ιη)θῴ
1282 5358 1538 5427 impendi,
1569 5359 1668 5414 nisi
1693 5376 1817 5415 cum

264 5445 526 5512 Cogitamus
552 5459 742 5518 quanta
770 5464 869 5519 pro
894 5448 1046 5503 nobis
1073 5444 1347 5518 pertulerit
1378 5451 1648 5507 Dominus.
1684 5452 1817 5508 Hinc

265 5534 388 5587 etim
414 5537 693 5592 admonens
738 5539 1025 5608 Apostolus
1064 5541 1136 5594 ait
1166 5559 1179 5594 :
1216 5540 1328 5594 Hoc
1361 5543 1537 5596 sentite
1567 5544 1617 5596 in
1646 5543 1812 5610 vobis,

262 5625 380 5687 quod
397 5637 438 5679 et
456 5629 503 5680 in
530 5629 723 5683 Christo
742 5631 888 5696 Jesu,
917 5630 1004 5701 qui
1032 5647 1143 5684 cum
1164 5632 1216 5685 in
1234 5636 1402 5700 forma
1430 5632 1523 5686 Dei
1549 5644 1691 5698 esset,
1715 5651 1815 5688 non

262 5717 468 5785 rapinam
491 5722 755 5777 arbitratus
782 5733 853 5777 est
880 5739 985 5776 esse
1009 5724 1216 5791 aqualis
1228 5724 1359 5791 Deo;
1385 5726 1475 5778 sed
1497 5727 1815 5797 semetipsum

314 5829 330 5861 ⁸
353 5835 533 5886 ﬂuitat.
559 5844 609 5887 et
627 5845 755 5900 atss.,
780 5835 1126 5888 καιναί-,δίο
1150 5839 1296 5889 etiam
1315 5839 1462 5901 Lugd.
1491 5846 1541 5887 ct
1566 5847 1682 5889 \‘cn.
1750 5847 1809 5889 Μ.

1937 500 2210 556 exinanivit
2233 504 2447 575 formam
2462 506 2592 560 servi
2610 508 2880 578 accipiens,
2895 511 2944 565 in
2962 513 3336 573 similitudinem
3354 520 3523 577 homi-

1937 607 2057 644 num
2080 595 2264 663 factus,
2281 604 2326 648 et
2338 594 2509 650 habitu
2522 597 3307 663 inventusuthomo:humiliavit
3340 621 3516 666 semet—
3610 664 3617 669 .

1933 684 2099 754 ipsum
2125 690 2288 756 factus
2307 688 2541 746 obediens
2562 692 2578 723 ¹
2601 709 2756 761 usque
2780 696 2847 748 ad
2869 708 3096 765 mortem,
3126 712 3335 758 mortem
3350 716 3521 761 autem

1932 776 2113 829 crucis.
2140 776 2394 847 Superius
2413 783 2554 836 enim
2584 782 2807 849 dixerat,
2843 787 2962 841 Non
2982 806 3095 858 quin
3113 808 3205 845 sua
3224 774 3341 847 sunt
3360 812 3524 852 unus-

1931 867 2137 957 quisque
2160 868 2441 937 intendens,
2467 874 2556 927 sed
2584 891 2642 928 ea
2661 892 2773 945 quw
2791 878 3005 933 aliorum
3027 879 3287 953 (Philipp.
3308 901 3367 950 ll,
3386 886 3493 957 4-8)
3506 927 3521 942 .

1932 956 2067 1012 Huic
2106 961 2383 1016 sententias
2412 966 2683 1019 contexuit
2726 968 2866 1037 quod
2905 969 3103 1026 dictum
3148 983 3262 1039 est;
3293 991 3415 1030 nam
3446 956 3522 1034 ita

1930 1048 2171 1119 sequitur
2206 1070 2219 1106 :
2252 1051 2368 1106 Hoc
2387 1056 2565 1109 sentite
2592 1057 2643 1110 in
2668 1058 2823 1124 vobis,
2846 1061 2982 1130 quod
3001 1072 3048 1115 et
3071 1063 3124 1116 in
3148 1064 3344 1119 Christo
3370 1066 3519 1122 Jesu.

1928 1138 2010 1230 ad
2042 1139 2143 1195 hoc
2169 1141 2444 1212 duntaxat,
2478 1156 2535 1201 ut
2570 1150 3016 1218 quemadmodum
3058 1155 3150 1211 ille
3192 1156 3245 1211 in
3275 1174 3340 1213 eo
3378 1160 3522 1230 quod

1930 1228 2162 1285 Verbum
2201 1247 2325 1287 caro
2354 1234 2549 1290 factum
2590 1246 2690 1302 est,
2718 1249 2772 1294 et
2801 1239 3055 1297 habitavit
3085 1245 3136 1299 in
3162 1248 3314 1303 nobis
3340 1228 3520 1319 (Joan.

1929 1335 1966 1382 ι,
1993 1320 2103 1390 14),
2136 1331 2189 1377 et
2213 1323 2328 1379 sine
2364 1336 2581 1394 peccato
2608 1343 2726 1383 cum
2756 1340 2917 1397 esset,
2946 1342 3159 1403 peccata
3192 1346 3372 1392 nostra
3401 1354 3521 1397 sus~

1926 1414 2098 1483 cepit,
2137 1430 2240 1469 non
2270 1418 2494 1473 attendit
2528 1434 2621 1474 sua
2642 1463 2658 1489 ,
2685 1422 2779 1477 sed
2807 1434 3019 1491 nostra;
3045 1427 3114 1481 ita
3139 1436 3194 1482 et
3218 1444 3315 1484 nos
3344 1430 3520 1487 liben-

1927 1512 2037 1574 ter,
2073 1506 2139 1561 ad
2177 1507 2291 1578 ejus
2321 1510 2666 1567 imitationem
2688 1556 2703 1581 ,
2735 1515 2960 1572 invicem
2991 1534 3151 1574 onera
3184 1532 3364 1577 nostra
3395 1538 3520 1594 por~

1928 1605 2118 1654 temus.

1997 1690 2050 1744 4.
2077 1689 2209 1745 lluic
2233 1692 2540 1762 cogitationi
2562 1697 2764 1751 accedit
2796 1698 2955 1754 etiam
2982 1701 3066 1755 illa
3095 1704 3364 1773 cogitatio,
3391 1708 3518 1777 quia

1925 1779 2014 1834 ille
2041 1782 2272 1852 suscepit
2301 1782 2570 1839 hominem
2592 1826 2606 1850 ,
2637 1802 2736 1841 nos
2773 1798 2949 1844 autem
2997 1791 3238 1849 homines
3284 1811 3468 1852 sumus
3499 1817 3515 1854 :

1925 1879 1978 1923 et
1998 1871 2339 1927 considerare
2359 1864 2617 1931 debemus
2641 1877 2779 1947 quod
2807 1880 3175 1949 aagritudinem
3196 1885 3307 1940 sive
3327 1888 3515 1955 animi,

1923 1960 2037 2016 sive
2074 1962 2350 2031 corporis,
2382 1980 2540 2033 quam
2571 1966 2622 2020 in
2660 1967 2765 2021 alio
2804 1968 3021 2026 homine
3050 1972 3289 2028 videmus
3310 2016 3323 2040 ,
3355 1978 3517 2036 etiam

1924 2064 2023 2104 nos
2051 2049 2249 2106 habere
2290 2054 2557 2121 potuimus
2575 2096 2590 2121 ,
2618 2067 2709 2109 aut
2735 2071 3037 2127 possumus.
3066 2061 3176 2117 Hoc
3214 2079 3342 2135 ergo
3365 2067 3517 2122 exhi.

1922 2140 2143 2196 beamus
2169 2143 2243 2198 illi
2271 2144 2425 2214 cujus
2458 2146 2815 2203 inﬁrmitatem
2843 2159 3057 2220 portare
3080 2154 3342 2223 volumus,
3373 2159 3519 2228 quod

1923 2232 1990 2286 ab
2013 2233 2103 2288 illo
2132 2234 2285 2289 nobis
2310 2237 2566 2292 vellemus
2594 2239 2864 2308 exhiberi,
2909 2243 2955 2297 si
2982 2243 3118 2299 forte
3143 2261 3240 2300 nos
3261 2248 3314 2301 in
3343 2263 3403 2303 ea
3432 2262 3521 2303 ese

1923 2342 2136 2390 semns.
2164 2336 2218 2383 et
2252 2329 2366 2398 ipse
2401 2346 2505 2385 non
2546 2342 2706 2387 esset.
2744 2335 2824 2389 Ad
2849 2336 2951 2391 hoc
2978 2339 3204 2409 pertinet
3236 2342 3376 2411 quod
3403 2342 3524 2412 ipse

1923 2417 2211 2487 Apostolus
2226 2421 2319 2485 ait,
2347 2418 2592 2476 Omnibus
2618 2425 2786 2477 omnia
2816 2428 2981 2496 factus
2998 2445 3130 2497 sum,
3160 2439 3216 2483 ut
3244 2448 3415 2486 omnes
3436 2433 3521 2488 lu-

1922 2508 2214 2578 crifacerem
2236 2509 2295 2582 (ι
2324 2510 2440 2565 Cor.
2465 2528 2545 2579 ix,
2572 2512 2664 2585 22)
2694 2533 2707 2568 :
2739 2517 3019 2587 cogitando
3038 2520 3243 2576 scilicet
3271 2522 3324 2576 in
3346 2538 3412 2578 eo
3437 2526 3521 2579 vi-

1922 2597 1996 2650 tio
2021 2599 2185 2653 etiam
2212 2615 2271 2653 se
2308 2616 2428 2656 esse
2455 2604 2719 2671 potuisse,
2748 2606 2889 2662 unde
2916 2610 3164 2678 cupiebat
3190 2612 3348 2666 alium
3380 2614 3516 2669 libe-

1922 2703 2060 2742 rare.
2093 2690 2480 2759 Compatiendo
2509 2694 2650 2747 enim
2682 2697 2857 2764 potius
2883 2698 2934 2751 id
2959 2700 3177 2768 agebat,
3215 2719 3319 2757 non
3357 2720 3516 2760 men-

1924 2778 2123 2845 tiendo,
2154 2780 2291 2835 sicut
2331 2781 2544 2851 quidam
2571 2785 2927 2854 suspicantur,
2961 2798 3016 2843 et
3060 2789 3116 2844 hi
3162 2794 3393 2848 maxime
3421 2797 3515 2866 qui

1920 2873 2031 2927 suis
2072 2874 2362 2929 mendaciis
2403 2874 2748 2933 defendendis
2772 2921 2788 2946 ,
2834 2896 2953 2949 qua:
2991 2896 3187 2952 negare
3230 2901 3337 2939 non
3386 2902 3515 2956 pos-

1921 2971 2081 3030 sunt,
2104 2964 2326 3035 alicujus
2350 2967 2525 3037 magni
2555 2969 2783 3037 exempli
2816 2972 3168 3038 patrocinium
3197 2986 3462 3043 quaerunt.
3512 2972 3515 2975 ’

1991 3054 2045 3109 5.
2085 3054 2290 3109 Deinde
2315 3055 2475 3110 etiam
2500 3056 2631 3111 illud
2652 3058 3015 3128 cogitandum,
3042 3062 3245 3117 nullum
3272 3079 3394 3120 esse
3416 3066 3515 3121 bo-

1919 3146 2117 3201 minem
2146 3145 2236 3216 qui
2265 3160 2372 3201 non
2402 3149 2571 3217 possit
2596 3148 2795 3204 habere
2820 3150 3035 3221 aliquod
3062 3152 3258 3207 bonum
3280 3156 3422 3224 quod
3454 3167 3515 3213 tu

1921 3236 2157 3291 nondum
2185 3237 2371 3303 habes,
2395 3239 2603 3293 etiamsi
2626 3238 2805 3303 lateat,
2826 3239 2881 3294 in
2901 3255 3007 3311 quo
3028 3241 3143 3297 sine
3161 3243 3323 3299 dubio
3344 3248 3516 3315 possit

1920 3335 1975 3382 te
2024 3342 2143 3383 esse
2190 3329 2451 3399 superior.
2504 3329 2635 3395 Quae
2682 3331 2930 3401 cogitatio
2970 3331 3038 3387 ad
3081 3336 3513 3393 contundendam

1919 3419 2377 3491 edomandamque
2418 3421 2718 3491 superbiam
2749 3423 2919 3489 valet,
2963 3438 3031 3478 ne
3070 3425 3345 3482 arbitreris
3372 3444 3515 3498 quo-

1920 3512 2061 3565 niam
2091 3522 2177 3565 tua
2203 3512 2445 3582 quaedam
2474 3512 2613 3568 bona
2638 3514 2877 3569 eminent
2900 3524 2954 3570 et
2977 3527 3254 3586 apparent,
3285 3519 3405 3574 ideo
3432 3520 3515 3575 al-

1920 3611 2090 3659 terum
2117 3603 2259 3657 nulla
2288 3603 2485 3660 habere
2513 3620 2632 3674 quae
2662 3605 2897 3675 lateant,
2929 3615 2985 3663 et
3021 3608 3262 3665 fortassis
3290 3611 3512 3681 majoris

1919 3694 2173 3765 ponderis
2214 3697 2351 3749 bona
2392 3695 2582 3766 quibus
2630 3704 2680 3751 te
2722 3708 2940 3769 superat
2988 3701 3359 3771 nescientem.
3391 3702 3513 3761 Non

1920 3787 2061 3841 enim
2090 3786 2235 3840 falli”
2261 3800 2390 3852 nos,
2422 3795 2515 3841 aut
2554 3788 2854 3843 adulatione
2896 3790 3071 3860 potius
3095 3793 3192 3859 uti,
3223 3795 3513 3864 Apostolus

1915 3877 2089 3948 jubet,
2121 3894 2240 3934 cum
2270 3878 2419 3946 dicit,
2451 3878 2601 3934 Nihil
2620 3897 2709 3951 per
2729 3884 3092 3938 contentionem
3112 3902 3268 3956 neque
3290 3903 3379 3957 per
3398 3888 3514 3942 ina-

1920 3989 2032 4027 nem
2057 3972 2292 4043 gloriam,
2315 3974 2404 4027 sed
2428 3973 2481 4026 in
2516 3972 2797 4027 humilitate
2821 3975 2999 4029 mentis
3018 3977 3146 4030 alter
3164 3979 3379 4032 alterum
3396 3980 3512 4033 exi-

1921 4066 2180 4122 stimantes
2198 4068 2507 4137 superiorem
2535 4067 2630 4123 sibi
2660 4067 2918 4140 (Philipp.
2944 4084 3005 4135 ιι,
3037 4068 3127 4142 ὅ).
3162 4069 3278 4126 Νοη
3308 4070 3409 4127 hoc
3437 4071 3514 4128 ita

1921 4159 2177 4215 debemus
2221 4161 2551 4227 existimare,
2584 4168 2643 4215 ut
2680 4176 2785 4214 non
2829 4161 3227 4228 existimemus,
3269 4162 3365 4217 sed
3411 4176 3515 4220 nos

1921 4251 2226 4307 existimare
2271 4252 2571 4319 ﬁngamus;
2603 4250 2699 4306 sed
2748 4266 2874 4306 vere
2919 4252 3282 4308 existimemus
3308 4254 3511 4325 aliquid

1922 4326 2188 4399 occultum
2216 4357 2335 4398 esse
2370 4357 2528 4413 posse
2566 4344 2619 4398 in
2647 4343 2786 4410 alio,
2815 4358 2919 4413 quo
2949 4344 3101 4399 nobis
3128 4345 3373 4416 superior
3399 4348 3510 4415 sit,

1922 4435 2127 4492 etiamsi
2164 4435 2361 4490 bonum
2387 4444 2647 4501 nostrum,
2680 4450 2785 4505 quo
2812 4435 2903 4492 illo
2940 4435 3183 4492 videmur
3207 4438 3512 4506 superiores

1922 4542 2063 4591 esse,
2091 4542 2197 4582 non
2226 4527 2296 4582 sit
2322 4527 2610 4582 occultum.
2636 4525 2755 4582 Ista:
2779 4527 3123 4597 cogitationes
3151 4526 3513 4597 deprimentes

1923 4620 2222 4692 superbiam
2247 4662 2261 4688 ,
2290 4628 2346 4676 et
2384 4629 2637 4676 acuentes
2675 4620 3053 4685 cbaritatem',
3097 4620 3296 4676 faciunt
3344 4636 3511 4678 onera

1922 4712 2155 4769 fraterna
2192 4714 2441 4781 invicem,
2474 4728 2581 4768 non
2608 4713 2777 4769 solum
2808 4727 2959 4783 aequo
2991 4714 3190 4779 animo,
3223 4715 3319 4770 sed
3349 4716 3511 4771 etiam

1924 4805 2274 4862 libentissime
2299 4806 2568 4860 sustineri.
2596 4805 2755 4859 Nullo
2775 4805 2933 4861 modo
2951 4814 3127 4869 autem
3153 4806 3221 4862 de
3241 4821 3510 4877 quoquam

1924 4897 2140 4953 homine
2169 4897 2439 4967 incognito
2465 4895 2681 4951 ferenda
2710 4896 2970 4952 sententia
3001 4908 3081 4952 est
3106 4915 3119 4953 :
3146 4908 3199 4954 et
3225 4913 3383 4953 nemo
3409 4899 3511 4954 nisi

1923 5005 2019 5061 per
2040 4990 2323 5044 amicitiam
2343 4988 2700 5057 cognoscitur.
2731 4988 2797 5041 Et
2815 4987 2934 5042 ideo
2955 4988 3243 5043 amicorum
3265 4989 3402 5043 mala
3424 4991 3515 5042 lir-

1923 5081 2062 5134 mius
2085 5079 2428 5146 sustinemus,
2456 5077 2578 5148 quia
2602 5078 2739 5133 bona
2759 5093 2945 5133 eorum
2964 5093 3060 5132 nos
3082 5078 3414 5136 deiectantet
3435 5089 3517 5135 te-

1810 5216 1829 5231 .7
1922 5178 2071 5225 nent.

1926 5312 1929 5313 ν
1995 5263 2048 5317 6.
2088 5261 2293 5317 Nullius
2314 5261 2490 5333 itaque
2514 5262 2839 5334 repudianda
2865 5272 2946 5318 est
2970 5263 3199 5319 amicitia
3222 5278 3339 5318 sese
3365 5265 3512 5333 inge-

1922 5355 2156 5424 gercntis
2184 5352 2250 5407 ad
2270 5354 2556 5409 amicitiam
2581 5354 2931 5424 copulandam
2953 5371 2968 5419 ;
2994 5369 3097 5409 non
3129 5363 3186 5407 ut
3211 5354 3387 5408 statim
3420 5369 3509 5407 re-

1923 5449 2165 5518 cipiatur,
2194 5446 2286 5502 sed
2307 5455 2365 5501 ut
2396 5447 2732 5517 recipiendus
2757 5456 2987 5517 optetur,
3018 5456 3174 5515 atque
3213 5445 3281 5498 ita
3308 5452 3510 5499 tracte-

1925 5549 2028 5607 tur,
2050 5550 2105 5597 ut
2121 5541 2283 5611 recipi
2310 5541 2497 5611 poSsit.
2519 5540 2669 5595 Illum
2693 5542 2834 5596 enim
2855 5547 3122 5608 receptum
3146 5538 3197 5590 in
3218 5536 3509 5591 amicitiam

1994 5720 2009 5749 ί
2038 5726 2168 5778 Lov.,
2185 5717 2408 5768 obcdiens
2434 5714 2580 5766 Patri.
2604 5718 2769 5774 Abest,
2792 5713 2944 5778 potri,
2954 5712 3017 5763 ab
3035 5711 3178 5763 editis
3198 5710 3304 5761 aliis
3322 5719 3375 5762 et
3396 5720 3506 5764 Mss.

1989 5782 2008 5811 ²
2032 5781 2102 5827 sic
2119 5774 2341 5841 plerique
2361 5786 2466 5827 Mss.
2488 5786 2545 5841 Att
2558 5778 2674 5841 editi
2689 5812 2706 5841 ,
2731 5774 2873 5839 fallit.

1990 5842 2009 5872 ³
2027 5839 2143 5891 't'res
2166 5839 2293 5904 tussi,
2314 5839 2859 5905 (trigemmem-italiam.

2144 6134 2147 6135 7
2248 6145 2259 6155 θ

2184 6274 2197 6289 ,‘
