3996 6282
394 307 469 364 83
1125 301 1211 356 DE
1251 297 1561 355 DIVERSIS
1600 290 2114 364 QUXESTIONIBUS
2152 289 2437 357 LXXXIII,
2485 290 2543 345 S.
2593 290 2955 347 AUGUSTINI
3617 289 3683 349 ει

399 432 684 503 possumus
706 416 907 482 dicere,
936 415 1020 472 cui
1056 417 1232 471 omnia
1257 414 1475 469 consilia
1501 421 1678 466 nostra
1708 409 1992 465 refundere

400 511 708 568 audeamus.
735 509 804 565 Et
837 509 882 563 si
919 509 1196 580 quisquam
1223 516 1304 564 est
1329 508 1417 578 qui
1447 521 1504 562 se
1531 521 1633 560 non
1657 504 1819 558 audet
1847 505 1994 573 inge-

401 617 523 658 rere
551 601 619 657 ad
647 599 931 656 amicitiam
963 599 1276 665 faciendam,
1305 613 1428 654 cum
1452 598 1629 667 aliquo
1649 605 1833 650 nostro
1861 603 1998 649 tem-

401 691 576 763 porali
598 691 800 746 honore
820 699 912 746 aut
936 689 1193 761 dignitate
1221 696 1536 752 revocetur;
1567 685 1996 742 descendendum

403 793 488 840 est
505 784 571 838 ad
593 799 737 850 eum,
759 791 814 838 et
833 781 1158 839 offerendum
1186 782 1262 837 illi
1285 783 1512 852 quadam
1533 782 1786 836 comitate
1801 788 1857 834 et
1871 780 1997 834 sub-

402 876 660 930 missione
686 874 884 941 animi,
917 874 1057 944 quod
1103 885 1286 943 petere
1313 889 1407 944 per
1434 887 1492 928 se
1521 873 1635 942 ipse
1673 886 1778 926 non
1814 869 1993 924 audet.

403 969 544 1023 Sane
569 967 811 1038 quamvis
839 967 1040 1031 rarius,
1066 975 1244 1021 tamen
1267 964 1547 1034 aliquoties
1581 963 1773 1018 accidit
1798 971 1855 1017 ut
1880 962 1998 1030 ejus

405 1074 563 1129 quem
601 1058 844 1112 volumus
883 1057 934 1110 in
959 1057 1251 1112 amicitiam
1275 1056 1534 1125 recipere,
1565 1055 1710 1124 prius
1730 1055 1884 1110 nobis
1914 1052 1998 1107 in-

408 1158 688 1205 notescant
715 1149 852 1203 mala
879 1163 1035 1218 quam
1061 1148 1218 1212 bona,
1251 1146 1445 1218 quibus
1473 1146 1661 1202 offensi
1689 1155 1744 1202 et
1768 1145 1999 1214 quodam

408 1240 570 1295 modo
617 1240 916 1311 repercussi
945 1241 1294 1310 relinquimus
1335 1255 1489 1306 eum,
1521 1249 1575 1294 et
1619 1238 1685 1293 ad
1740 1239 2000 1294 bonorum

408 1332 586 1401 ejus‘,
633 1348 750 1402 qua:
799 1334 932 1388 forte
961 1331 1250 1388 occultiora
1293 1339 1437 1398 sunt,
1478 1331 1868 1401 indagationem
1896 1344 2002 1385 non

409 1425 770 1500 pervenimus.
799 1425 1064 1480 Admonet
1080 1425 1259 1495 itaque
1287 1424 1542 1480 Dominus
1561 1424 1718 1479 Iesus
1736 1423 1996 1490 Christus,

406 1516 502 1586 qui
528 1529 624 1570 nos
644 1516 754 1569 vult
779 1514 916 1570 effici
939 1515 1233 1570 imitatores
1258 1529 1383 1570 suos
1403 1557 1417 1578 ,
1455 1523 1513 1569 ut
1541 1515 1656 1584 ejus
1685 1515 1892 1568 infirma
1917 1523 2002 1568 to-

409 1606 664 1672 leremus,
695 1614 754 1661 ut
782 1605 847 1661 ad
869 1605 1112 1676 quaedam
1140 1620 1288 1672 sana,
1320 1606 1371 1659 in
1398 1619 1622 1675 quorum
1650 1604 2004 1660 delectatione

410 1699 830 1767 acquiescamus,
858 1713 954 1768 per
977 1699 1249 1753 charitatis
1270 1699 1602 1753 tolerantiam
1630 1697 2002 1766 perducamur.

411 1782 503 1844 Ait
526 1791 670 1845 enim
703 1809 716 1845 :
745 1789 868 1844 Non
897 1799 969 1843 est
993 1805 1121 1860 opus
1147 1790 1284 1843 sanis
1315 1789 1555 1854 niedicus,
1583 1789 1672 1842 sed
1707 1788 2003 1860 wgrotami-

380 1873 502 1936 κιαι
521 1880 738 1951 (Matth.
764 1896 845 1947 ιχ,
874 1879 987 1949 12).
1017 1879 1266 1950 Ideoque,
1285 1880 1329 1934 si
1358 1887 1574 1950 propter
1595 1879 1796 1934 Christi
1826 1880 2004 1934 chari-

414 1982 578 2027 tatem
607 1971 769 2028 etiam
812 1987 934 2027 eum
961 1973 1054 2040 qui
1092 1972 1239 2026 omni
1277 1987 1343 2027 ex
1373 1981 1523 2040 parte
1563 1971 1802 2026 fortassis
1830 1985 2005 2042 aegro-

414 2071 492 2117 tat
511 2065 554 2131 ',
585 2063 845 2132 repellere
871 2063 939 2117 ab
962 2063 1142 2117 animo
1185 2077 1291 2117 non
1318 2062 1598 2130 debemus,
1628 2063 1875 2134 quoniam
1915 2078 2006 2119 sa-

414 2156 530 2210 nari
563 2162 739 2224 potest
778 2171 873 2226 per
904 2156 1134 2211 Verbum
1166 2156 1299 2220 Dei;
1331 2164 1534 2226 quanto
1561 2157 1738 2210 minus
1767 2171 1889 2211 eum
1916 2156 2006 2226 qui

415 2255 698 2316 propterea
747 2246 900 2302 nobis
947 2246 1117 2302 videri
1164 2255 1340 2315 potest
1386 2254 1526 2301 totus
1571 2256 1831 2317 mgrotus,
1885 2247 2007 2317 quia

415 2336 659 2407 quaedam
681 2338 796 2406 ejus
823 2337 1000 2392 saucia
1028 2338 1080 2393 in
1116 2338 1292 2408 primo
1318 2339 1559 2409 ingressu
1621 2337 1870 2392 amicitia:
1900 2352 2008 2392 non

415 2428 686 2496 potuimus
711 2428 975 2484 sustinere
993 2469 1009 2495 ,
1041 2437 1097 2484 et
1123 2430 1266 2499 quod
1304 2438 1387 2484 est
1409 2429 1625 2499 gravius
1645 2469 1658 2493 ,
1689 2443 1811 2484 cum
1837 2428 2008 2484 oﬂ‘en-

417 2517 571 2586 sione
609 2519 775 2574 animi
818 2519 887 2576 de
912 2528 1022 2575 toto
1059 2519 1275 2576 homine
1315 2521 1429 2575 ausi
1457 2535 1641 2576 sumus
1672 2521 2009 2576 temerariam
2050 2513 2052 2515 ’

416 2609 712 2680 przejudicii
755 2610 894 2666 ferre
929 2613 1248 2667 sententiam
1269 2651 1284 2678 ,
1317 2626 1422 2667 non
1454 2612 1702 2668 timentes
1742 2611 1882 2681 quod
1928 2610 2011 2666 (li-

415 2707 562 2754 ctum
583 2708 686 2765 est,
713 2699 890 2755 Nolite
903 2701 1160 2771 judicare,
1183 2711 1238 2756 ut
1257 2703 1700 2773 nonjudicemini;
1725 2710 1798 2769 et,
1827 2700 1890 2755 In
1911 2713 2012 2772 qua

417 2807 652 2846 mensura
672 2793 830 2848 mensi
857 2795 1070 2863 fueritis,
1092 2796 1148 2848 in
1177 2796 1403 2848 eamdem
1421 2795 1707 2849 remetiatur
1734 2793 1869 2847 vobis
1898 2791 2006 2864 (Id.

420 2899 516 2951 vn,
546 2883 598 2950 1,
619 2884 699 2957 2).
727 2886 882 2953 Saepe
923 2895 1101 2941 autem
1142 2886 1227 2939 illa
1251 2902 1372 2955 quae
1397 2886 1536 2940 bona
1565 2894 1708 2951 sunt,
1739 2888 1883 2954 prius
1912 2899 2010 2953 ap-

419 2982 611 3043 parent
651 2992 666 3028 :
720 2975 775 3029 in
803 2974 997 3044 quibus
1043 2977 1207 3031 etiam
1239 2976 1580 3030 temerarium
1630 2974 2012 3030 benevolentiae

417 3063 675 3133 judicium
701 3063 995 3120 cavendum
1023 3073 1139 3131 est,
1171 3081 1242 3120 ne
1274 3071 1396 3120 eum
1430 3074 1598 3120 totum
1632 3066 1829 3120 bonum
1857 3073 2011 3134 puta-

421 3154 596 3219 veris,
629 3169 691 3210 ea
729 3171 849 3225 quas
885 3163 1070 3226 postea
1099 3156 1237 3210 maia
1267 3156 1644 3225 apparuerint,
1673 3169 1918 3210 securum
1959 3164 2012 3211 et

423 3247 745 3319 imparatum
793 3258 847 3304 te
895 3250 1194 3313 inveniant,
1247 3258 1304 3304 et
1335 3250 1554 3319 gravius
1599 3249 1906 3315 attendant;
1955 3255 2014 3305 ut

421 3357 546 3397 eum
575 3357 735 3412 quem
782 3351 983 3398 temere
1028 3343 1292 3399 dilexeras
1337 3344 1580 3400 acerbius
1620 3344 1833 3411 oderis,
1871 3344 2013 3414 quod

423 3430 575 3486 nefas
600 3441 702 3488 est.
731 3431 865 3500 Quia
893 3433 1102 3490 etiamsi
1131 3434 1275 3489 nulla
1305 3435 1422 3504 ejus
1449 3435 1585 3489 bona
1615 3435 1976 3505 przccederent
1995 3476 2011 3503 ,

424 3533 479 3576 et
511 3523 626 3580 haec
662 3538 782 3593 quae
821 3533 1004 3593 postea
1043 3533 1404 3594 apparuerunt
1439 3527 1599 3592 mala,
1632 3526 1780 3596 prius
1807 3526 2012 3582 emine-

423 3623 578 3680 rent,
612 3615 883 3672 toleranda
926 3626 1101 3672 tamen
1128 3626 1316 3684 erant,
1353 3619 1524 3675 donec
1551 3619 1730 3674 omnia
1770 3635 1891 3674 cum
1922 3620 2014 3675 illo

423 3721 630 3777 ageres,
657 3707 851 3778 quibus
879 3708 1001 3762 talia
1027 3709 1204 3764 sanari
1231 3709 1407 3764 solent
1431 3729 1443 3764 :
1471 3719 1669 3781 quanto
1695 3712 1862 3780 inagis
1892 3717 2011 3766 cum

421 3812 485 3852 ea
515 3797 651 3852 bona
680 3809 1088 3868 praecesserunt,
1122 3815 1240 3869 quas
1267 3811 1518 3870 tanquam
1546 3801 1766 3871 pignora
1797 3817 1896 3858 nos
1921 3802 2014 3858 de-

424 3888 555 3944 bent
581 3888 646 3944 ad
670 3891 966 3958 posteriora
993 3890 1265 3946 toleranda
1296 3891 1700 3962 constringere?

495 3981 548 4034 7.
581 3979 696 4051 ipsa
713 3989 796 4036 est
821 3997 946 4052 ergo
972 3983 1053 4038 les
1075 3981 1293 4048 Christi,
1322 3989 1379 4037 ut
1415 3984 1643 4038 invicem
1697 3997 1861 4040 onera
1906 3999 2014 4039 no-

423 4081 533 4128 stra
558 4081 853 4142 portemus.
880 4062 1152 4128 Christum
1181 4083 1359 4130 autem
1385 4075 1678 4146 diligendo,
1708 4074 1867 4131 facile
1889 4089 2010 4132 sus-

421 4164 656 4221 tinemus
706 4165 1068 4223 inﬁrmitatem
1094 4167 1337 4236 alterius,
1361 4169 1523 4222 etiam
1559 4169 1717 4239 quem
1771 4165 2011 4226 nondum

420 4251 639 4326 propter
668 4259 803 4312 bona
829 4273 920 4313 sua
942 4258 1232 4329 diligimus.
1263 4259 1573 4329 Cogitamus
1591 4263 1732 4316 enim
1773 4264 1893 4333 quia
1923 4264 2012 4320 ille

419 4360 579 4414 quem
605 4345 901 4417 diligimus,
933 4348 1189 4403 Dominus
1215 4358 1435 4418 propter
1460 4366 1581 4405 eum
1612 4361 1855 4408 mortuus
1904 4364 2007 4411 est.

419 4436 588 4504 Quam
624 4437 938 4494 cbaritatem
983 4440 1256 4508 apostolus
1308 4440 1503 4496 Paulus
1547 4442 1701 4498 nobis
1753 4445 2006 4515 ingessit,-

418 4541 540 4581 cum
563 4528 764 4583 diceret
788 4546 801 4582 :
834 4527 900 4582 Et
926 4529 1103 4600 peribit
1133 4530 1437 4598 inﬁrmmin
1457 4541 1543 4586 tua
1573 4535 1780 4589 scientia
1827 4541 2006 4608 frater,

421 4626 629 4686 propter
647 4634 793 4686 quem
820 4618 1051 4675 Christus
1066 4629 1294 4676 mortuus
1313 4633 1383 4676 est
1422 4623 1482 4694 (Ι
1507 4623 1624 4679 Cor.
1671 4641 1766 4681 vui
1787 4668 1802 4694 ,
1852 4628 1912 4682 11
1951 4629 2004 4698 )i

419 4707 495 4762 Ut
513 4708 558 4762 si
585 4708 732 4763 illum
758 4709 1026 4766 infirmum
1047 4721 1266 4782 propter
1290 4715 1472 4772 vitium
1503 4731 1610 4787 quo
1629 4719 1870 4774 inﬁrmus
1903 4727 2005 4789 est;

419 4799 598 4855 minus
623 4797 908 4871 diligimus,
938 4803 1085 4857 illum
1113 4803 1164 4859 in
1190 4820 1257 4861 eo
1286 4807 1710 4876 consideremus,
1741 4810 1830 4880 qui
1859 4826 2006 4865 mor-

420 4901 544 4958 tuus
568 4902 652 4950 est
669 4903 884 4964 propter
911 4895 1080 4952 illum.
1107 4896 1376 4956 Christum
1407 4913 1585 4958 autem
1623 4919 1729 4959 non
1759 4904 2004 4975 diligere,

419 4999 527 5039 non
551 4984 852 5052 infirmitas,
871 4986 966 5042 sed
987 5003 1132 5045 mors
1155 4999 1256 5046 est.
1285 4992 1622 5066 Quapropter
1665 4997 1864 5066 ingenti
1914 5014 2008 5053 cu-

419 5089 480 5130 ra
509 5084 563 5132 et
593 5076 869 5145 implorata
897 5077 991 5133 Dei
1031 5081 1393 5138 misericordia
1440 5086 1780 5155 cogitandum
1806 5097 1908 5156 est,
1937 5094 2008 5145 ne

418 5162 687 5222 Christum
713 5168 1042 5239 negligamus
1077 5182 1292 5242 propter
1341 5175 1610 5230 infirmum
1640 5217 1656 5242 ,
1701 5181 1824 5233 eum
1855 5181 2004 5235 infira

419 5272 564 5313 mum
587 5258 878 5316 debeamus
894 5262 1114 5332 diligere
1142 5274 1361 5334 propter
1385 5266 1680 5323 Christum.

413 5392 722 5505 “gleseptem
737 5399 867 5456 Mss,
892 5404 937 5447 et
960 5396 1025 5448 ad
1050 5395 1171 5446 bona
1208 5396 1314 5459 ejus
1342 5411 1359 5449 :
1386 5398 1627 5465 pauloque
1657 5407 1784 5466 post,
1804 5404 2007 5473 indaga-

484 5489 850 5594 ?ljmiit‘inq‘uiea;
873 5527 1010 5594 parte
1028 5515 1104 5590 pet
1124 5519 1314 5594 omnino
1337 5523 1552 5594 fortassis
1573 5535 1776 5590 aegrotat
1803 5544 1819 5580 :
1845 5533 2005 5594 paulo-

414 5588 515 5655 que
530 5585 652 5655 post
667 5577 1039 5655 habebantnquj
1060 5587 1252 5653 propter
1276 5577 1363 5655 nos
1383 5584 1538 5636 videri
1555 5577 1718 5655 potest.
1740 5577 2002 5655 ingnia},

413 5638 891 5764 quﬂdetggparte
926 5638 1466 5710 formsis'wgrotat....,
1492 5638 1572 5711 qui
1596 5638 1849 5716 propterea
1872 5638 2005 5710 ibi};

2452 403 2661 459 LXXII.
2690 405 2769 459 De
2787 405 3091 476 temporibus
3108 406 3324 460 (uternis.

2181 497 2356 565 Quarri
2379 504 2556 566 potest
2587 495 2855 572 quomodo
2897 497 2964 551 ab
2993 497 3106 566 ipso
3135 497 3376 566 apostolo
3404 495 3570 552 Paulo
3599 498 3678 553 di-

2099 596 2245 644 ctum
2272 588 2360 656 sit,
2412 588 2542 642 Ante
2588 597 2818 659 teMpora
2853 596 3041 642 artemo
3068 587 3206 658 (Tit.
3233 605 3272 652 ι,
3303 587 3399 661 ‘2).
3447 588 3503 645 Si
3545 591 3680 645 enim

2104 689 2342 751 tempora
2366 720 2382 746 ,
2435 680 2708 751 quomodo
2752 682 2991 736 αξιοι-ιιιιῖ
3026 680 3138 736 Nisi
3177 681 3312 737 forte
3361 689 3484 737 ante
3513 678 3683 737 omnia

2104 781 2345 843 tem-pora
2371 772 2592 843 intelligi
2619 772 2802 827 voluit.
2823 772 2955 841 Quia
2983 772 3026 828 si
3055 772 3298 838 dixisset,
3330 783 3448 827 ante
3495 782 3683 843 tempo-

2103 883 2183 932 ra,
2213 881 2386 936 ueque
2403 865 2712 931 addidisset,
2730 875 2950 931 aeterna;
2980 874 3159 935 posset
3179 865 3375 936 accipi,
3406 873 3528 920 ante
3548 882 3687 935 qum-

2104 955 2227 1011 dam
2258 968 2496 1026 tempora
2517 999 2531 1023 ,
2558 970 2676 1027 qua:
2700 966 2823 1012 ante
2843 971 2903 1013 se
2956 955 3214 1012 haberent
3270 957 3372 1011 alia
3428 966 3679 1027 tempora.

2107 1047 2329 1104 Eterna
2356 1058 2534 1103 autem
2564 1049 2749 1102 maiuit
2785 1047 2965 1104 dicere
2992 1063 3154 1119 quam
3189 1048 3397 1115 omnia,
3451 1048 3686 1106 fortassis

2109 1140 2251 1207 ideo,
2275 1141 2396 1210 quia
2421 1148 2633 1210 tempus
2659 1155 2767 1193 non
2788 1141 2949 1211 cmpit
2971 1155 3038 1194 ex
3060 1149 3324 1211 tempore.
3349 1140 3428 1194 An
3457 1149 3687 1210 tempora

2108 1243 2304 1288 aeterna
2332 1247 2503 1287 tevum
2526 1232 2871 1303 significavit;
2899 1233 3038 1287 inter
3061 1231 3201 1302 quod
3233 1240 3285 1286 et
3321 1241 3534 1301 tempus
3556 1273 3571 1299 ,
3594 1232 3689 1287 hoc

2108 1324 2455 1394 distat,quod
2503 1317 2633 1379 illud
2687 1324 2879 1379 stabile
2908 1331 3024 1389 est,
3069 1329 3278 1394 tempus
3302 1331 3477 1378 autem
3520 1332 3690 1378 muta-

2108 1415 2215 1472 bile
2247 1414 2366 1488 (την

2111 1506 2346 1564 LXXIII.
2370 1506 2451 1562 De
2470 1523 2526 1562 eo
2555 1508 2691 1576 quod
2717 1507 2960 1577 scriptum
2984 1515 3056 1560 est
3087 1523 3105 1560 :
3129 1506 3197 1562 Et
3227 1505 3409 1561 habitu
3449 1505 3692 1562 inventas

2533 1610 2594 1655 ut
2625 1601 2785 1656 homo
2817 1599 3083 1672 (Philipp.
3111 1613 3169 1664 ιι,
3195 1598 3276 1669 Ἰ).

2181 1692 2234 1746 1.
2285 1691 2465 1746 Multis
2519 1691 2693 1747 modis
2743 1690 2987 1745 habitum
3033 1690 3414 1747 dicimus:vel
3461 1690 3695 1746 habitum

2111 1783 2296 1850 animi,
2327 1784 2467 1838 sicut
2496 1792 2581 1840 est
2627 1783 3011 1855 cuiuscumque
3055 1783 3348 1855 disciplina:
3389 1785 3696 1856 perceptio,

2111 1888 2213 1929 usu
2239 1873 2489 1929 roborata
2515 1882 2676 1945 atque
2701 1873 2945 1942 ﬁrmata;
2997 1874 3080 1930 vel
3131 1873 3370 1930 habitum
3418 1873 3658 1945 corporis
3680 1916 3697 1944 ,

2111 1966 2403 2022 secundum
2431 1983 2592 2038 quem
2637 1967 2864 2023 dicimus
2918 1966 3079 2023 alium
3105 1967 3212 2023 alio
3251 1981 3370 2024 esse
3419 1967 3700 2024 succulen-

2113 2062 2306 2118 tl0rem
2333 2062 2729 2128 etvalidiorem,
2751 2075 2869 2132 qum
2889 2062 3059 2133 magis
3080 2063 3297 2132 proprie
3324 2060 3576 2116 habitudo
3597 2059 3703 2115 dici

2113 2155 2282 2218 solet;
2317 2153 2397 2208 vel
2417 2153 2658 2208 habitum
2693 2168 2877 2209 eorum
2907 2169 3025 2224 quin
3079 2153 3332 2208 membris
3373 2153 3574 2208 nostris
3610 2167 3704 2206 ac-

2113 2243 2522 2298 commodantur
2553 2241 2887 2298 extrinsecus
2910 2285 2925 2310 ,
2954 2241 3243 2297 secundum
3270 2257 3428 2312 quem
3477 2241 3705 2296 dicimus

2113 2336 2387 2404 vestitum,
2415 2336 2735 2400 calceatum,
2783 2343 3067 2401 armatum,
3097 2343 3151 2391 et
3174 2336 3219 2390 si
3246 2333 3388 2406 quod
3443 2331 3705 2405 ejusmodi

2113 2436 2216 2484 est.
2241 2429 2297 2483 In
2326 2429 2522 2498 quibus
2551 2428 2799 2483 omnibus
2823 2428 3106 2498 generibus
3152 2429 3221 2498 (si
3263 2425 3479 2498 quidem
3511 2439 3708 2483 nomen

2116 2520 2218 2575 hoc
2245 2520 2460 2575 ductum
2492 2528 2576 2576 est
2601 2521 2668 2575 ab
2695 2520 2787 2575 illo
2813 2521 2996 2587 verbo,
3031 2520 3171 2590 quod
3197 2528 3282 2576 est
3310 2519 3507 2576 habere
3594 2535 3711 2576 ma-

2116 2613 2367 2667 nifestum
2394 2612 2544 2668 estin
2567 2627 2628 2668 ea
2679 2617 2739 2668 re
2769 2612 2870 2668 dici
2902 2612 3138 2667 habitum
3166 2655 3179 2678 ,
3213 2629 3332 2684 quae
3379 2612 3572 2669 accidit
3615 2613 3712 2669 all-

2116 2703 2222 2767 cui,
2246 2702 2316 2756 ita
2345 2713 2402 2757 ut
2429 2718 2546 2756 eam
2580 2708 2746 2773 possit
2772 2704 2929 2760 etiam
2957 2717 3065 2758 non
3115 2704 3333 2760 habere.
3367 2705 3497 2760 Nam
3525 2714 3581 2760 et
3609 2705 3712 2762 do-

2117 2793 2287 2847 ctrina
2315 2794 2507 2848 accidit
2536 2798 2736 2862 animo,
2766 2802 2818 2848 et
2858 2809 3047 2850 succus
3080 2810 3143 2850 ac
3172 2795 3336 2852 robur
3377 2798 3623 2868 corpori;
3655 2803 3714 2854 et

2118 2885 2281 2937 vestis
2319 2892 2478 2954 atque
2525 2899 2672 2940 arma
2696 2928 2710 2952 ,
2764 2902 2869 2941 non
2911 2886 3129 2942 dubium
3169 2897 3251 2943 est
3289 2890 3414 2959 quin
3467 2890 3713 2950 accidant

2117 2975 2371 3030 membris
2399 2977 2629 3032 nostris:
2661 2980 2733 3032 ita
2754 2987 2812 3032 ut
2837 2986 2891 3033 et
2909 2979 3190 3048 imperitus
3215 2979 3381 3050 possit
3430 2996 3550 3038 esse
3601 2985 3715 3039 ani-

2119 3083 2260 3135 mus,
2291 3070 2335 3124 si
2360 3070 2409 3125 ei
2439 3070 2681 3127 doctrina
2712 3087 2815 3127 non
2845 3071 3142 3140 accideret;
3169 3083 3222 3129 et
3242 3074 3382 3130 exile
3405 3079 3566 3146 atque
3604 3077 3715 3134 lan~

2118 3161 2335 3231 guidum
2349 3169 2564 3230 corpus,
2584 3163 2700 3217 sine
2725 3177 2885 3218 succo
2902 3164 3164 3219 viscerum
3191 3173 3247 3220 et
3272 3165 3502 3233 robore;
3529 3171 3585 3223 et
3611 3179 3714 3224 nu-

2119 3253 2219 3309 dus
2243 3255 2358 3309 sine
2373 3262 2540 3319 veste,
2565 3264 2618 3309 et
2644 3255 2863 3310 inermis
2885 3257 3001 3312 sine
3031 3257 3217 3324 armis,
3273 3260 3325 3313 et
3380 3260 3515 3328 pede
3563 3259 3713 3317 nudo

2118 3346 2236 3401 sine
2263 3346 2640 3400 calceamentis
2669 3362 2789 3402 esse
2817 3347 2979 3403 homo
3017 3357 3210 3420 potest.
3253 3343 3477 3407 Habitus
3501 3351 3629 3422 ergo
3655 3352 3714 3410 in

2120 3455 2181 3496 ea
2211 3449 2271 3496 re
2297 3440 2509 3507 dicitur,
2534 3456 2652 3511 qua:
2691 3442 2844 3496 nobis
2873 3450 2932 3496 ut
2963 3443 3220 3499 habeatur
3247 3443 3458 3500 accidit.
3485 3446 3715 3503 Verum-

2121 3540 2299 3586 tamen
2325 3531 2427 3588 hoc
2450 3533 2689 3598 interest,
2719 3533 2860 3603 quod
2890 3534 3132 3604 qumdam
3175 3545 3360 3591 eorum
3406 3554 3523 3608 quae
3561 3540 3711 3595 acci-

2119 3625 2252 3679 dunt
2282 3625 2455 3692 nobis,
2475 3634 2535 3680 ιιι
2561 3625 2798 3680 habitum
2822 3623 3051 3694 faciant,
3097 3635 3204 3683 non
3236 3633 3509 3685 mittantur
3531 3635 3562 3684 a
3614 3631 3715 3688 i10-

2119 3714 2219 3779 bis,
2251 3714 2347 3770 sed
2377 3716 2489 3786 ipsa
2514 3731 2611 3771 nos
2633 3721 2840 3771 mutant
2865 3718 2918 3770 in
2946 3731 3025 3785 se,
3044 3719 3158 3787 ipsa
3186 3704 3388 3789 Integra
3434 3729 3486 3776 et
3523 3720 3714 3781 incen-

2120 3819 2277 3861 cussa
2299 3807 2567 3862 manentia
2600 3825 2611 3861 :
2646 3807 2802 3862 sicuti
2829 3808 3107 3878 sapientia,
3134 3817 3254 3864 eum
3307 3809 3497 3866 accidit
3541 3799 3716 3867 homi-

2119 3897 2208 3964 ni,
2238 3913 2341 3953 non
2366 3898 2479 3968 ipsa
2505 3906 2757 3965 mutatur,
2791 3900 2885 3954 sed
2919 3899 3188 3955 hominem
3215 3903 3403 3971 mutat,
3455 3905 3613 3973 quem
3643 3903 3713 3960 de

2120 3990 2284 4045 stulto
2306 3992 2600 4060 sapientem
2624 3991 2767 4047 facit.
2795 3985 3045 4060 Quicdam
3064 4007 3193 4049 vero
3227 3995 3303 4051 sic
3332 3996 3616 4064 accidunt,
3651 3995 3714 4053 iit

2121 4089 2175 4135 et
2210 4089 2415 4136 mutent
2443 4091 2499 4138 et
2519 4091 2789 4139 mutentur
2829 4100 2842 4138 :
2888 4086 3042 4141 sicuti
3091 4087 3241 4144 cib'us
3291 4089 3404 4159 ipse
3456 4089 3711 4148 amittens

2121 4174 2354 4242 speciem
2378 4189 2551 4243 suam,
2586 4177 2636 4230 in
2676 4183 2873 4248 corpus
2914 4183 3154 4234 nostrum
3201 4180 3458 4249 vertitur;
3510 4189 3564 4237 et
3611 4177 3713 4238 nos

2120 4266 2305 4322 refecti
2339 4268 2477 4335 cibo,
2497 4269 2564 4323 ab
2596 4269 2830 4325 exilitate
2860 4275 3017 4341 atque
3044 4271 3298 4342 ianghore
3335 4274 3386 4330 in
3431 4274 3593 4329 robur
3624 4285 3710 4331 at-

2120 4367 2223 4427 que
2247 4359 2528 4414 valentiam
2556 4369 2964 4416 cammutamur.
2996 4360 3232 4418 Tertium
3255 4372 3381 4418 vero
3405 4369 3573 4436 genus
3599 4371 3701 4433 est,

2119 4461 2238 4502 cum
2269 4449 2383 4517 ipsa
2410 4464 2527 4518 qua:
2554 4449 2817 4518 accidunt,
2838 4458 3106 4508 mutantur
3132 4459 3189 4508 ut
3217 4453 3452 4509 habitum
3484 4452 3703 4524 faciant,

2118 4549 2173 4596 et
2198 4541 2424 4611 ‘qtiodam
2453 4540 2612 4598 modo
2639 4541 2931 4599 formantur
2975 4545 3042 4600 ab“
3095 4547 3174 4602 eis
3222 4546 3411 4617 quibus
3467 4543 3707 4604 habitum

2119 4633 2334 4700 faciunt,
2389 4635 2543 4690 sicuti
2596 4643 2678 4691 est
2719 4638 2926 4692 vestis:
2959 4643 3081 4692 nam
3135 4645 3254 4694 eam
3309 4635 3584 4711 reposita’
3621 4641 3708 4695 vel

2117 4724 2350 4793 projecla
2376 4733 2485 4791 est,
2517 4734 2626 4780 non
2655 4723 2812 4782 habet
2867 4735 2982 4782 eam
3027 4728 3274 4797 formam,
3329 4745 3484 4800 quam
3541 4730 3708 4784 sumit

2117 4829 2236 4869 cum
2264 4815 2498 4872 induitur
2518 4825 2676 4888 atque
2714 4818 2980 4874 inducitur
3004 4820 3279 4876 menibris.
3335 4821 3473 4893 Ergo
3519 4819 3718 4878 induta

2116 4903 2308 4975 accipit
2338 4905 2559 4962 formam
2587 4909 2742 4978 quam
2786 4915 2890 4964 non
2918 4908 3146 4966 habebat
3170 4914 3325 4966 exuta
3354 4929 3368 4977 ;
3418 4927 3536 4966 cum
3588 4910 3703 4984 ipsa

2115 4999 2378 5067 membra,
2406 5007 2459 5055 et
2487 5003 2604 5056 cuin
2633 5012 2918 5071 exuuntur,
2943 5011 2996 5059 et
3015 5017 3134 5059 cum
3165 5001 3474 5072 induuntitr,
3507 5005 3561 5059 in
3602 5022 3700 5061 suo

2116 5097 2258 5144 statu
2284 5100 2554 5147 maneant.
2584 5094 2764 5149 Potest
2791 5099 2977 5150 esseet
3003 5094 3246 5165 quartum
3275 5111 3461 5167 genus,
3491 5113 3611 5152 cum
3641 5112 3700 5152 ea

2117 5199 2237 5253 qum.
2267 5185 2531 5252 accidunt,
2564 5185 2629 5241 ad
2649 5187 2941 5242 faciendum
2971 5179 3228 5256 habitum,
3261 5206 3358 5245 nec
3388 5205 3451 5245 ca
3495 5191 3700 5246 mutant

2117 5275 2310 5344 quibus
2336 5277 2600 5343 accidunt,
2630 5295 2726 5333 nec
2747 5279 2813 5332 ab
2835 5280 2911 5334 cis
2940 5281 3050 5350 ipsa
3075 5291 3343 5336 mutantur
3377 5301 3388 5335 :
3418 5283 3570 5338 siculi
3601 5299 3698 5337 au-

2117 5365 2278 5419 nulus
2305 5367 2491 5436 digito,
2526 5369 2567 5421 si
2601 5379 2705 5422 non
2734 5370 2891 5424 nimis
2913 5365 3178 5427 subtiliter
3216 5373 3538 5428 attendatur.
3593 5373 3698 5427 Vc-

2116 5466 2416 5513 rumtamen
2446 5460 2544 5515 hoc
2573 5476 2739 5530 genus
2783 5471 2874 5515 aut
2927 5463 3127 5516 milium
3175 5473 3276 5529 cst,
3332 5465 3375 5519 si
3423 5457 3700 5536 diligenter

2119 5548 2392 5617 discutias,
2427 5558 2518 5605 aut
2544 5554 3127 5612 omninorarissimum.

2185 5726 2203 5796 ξ
2233 5729 2846 5796 magister}colendarum,
2871 5728 3102 5796 deposita.

2182 5784 2256 5849 (τι)
2290 5784 2386 5836 Lib.
2417 5787 2474 5838 12
2496 5789 2560 5840 de
2582 5788 2716 5840 civit.
2738 5784 2851 5854 Dei,
3006 5791 3083 5842 16.
