3996 6282
540 314 609 372 87
1263 313 1351 370 DE
1393 311 1702 370 DIVERSIS
1739 310 2262 382 QUAESTIONIBUS
2300 309 2588 376 LXXXIII,
2627 309 2682 365 S.
2725 307 3094 367 AUGUSTINI
3763 314 3838 376 εδ

539 428 774 497 relinquo
826 423 963 482 vobis
999 423 1189 500 (Joau.
1247 443 1370 494 xw,
1409 426 1535 497 27).
1590 425 1911 481 Cohaeredes
1954 432 2133 478 autem

539 521 658 589 ejus
678 520 993 587 efﬁciamur,
1023 535 1147 575 cum
1173 520 1227 575 in
1249 519 1353 575 ﬁne
1378 519 1561 575 saeculi
1585 534 1730 573 mors
1758 516 2133 573 absorbebitur

541 612 594 664 in
642 611 919 667 victoriam
971 610 1034 683 (I
1066 610 1185 666 Cor.
1213 627 1309 676 xv,
1333 611 1449 680 54).
1478 610 1630 666 Tunc
1655 610 1798 666 enim
1839 609 2044 664 similes
2083 609 2135 664 ei

539 703 773 767 erimus,
799 702 1013 773 quando
1040 703 1334 760 videbimus
1371 717 1498 759 eum
1545 702 1701 757 sicuti
1746 709 1831 758 est
1874 698 1930 772 (Ι
1971 699 2132 754 Joan.

539 810 618 857 ιιι,
645 795 722 864 2).
743 795 913 862 Quam
941 794 1307 850 lnereditatem
1330 810 1436 850 non
1462 793 1578 864 ejus
1598 793 1772 848 Patris
1805 800 1977 847 morte
2018 789 2136 846 adi-

544 886 821 953 piscimur,
851 885 941 955 qui
969 885 1106 940 mori
1137 901 1244 942 non
1279 893 1490 956 potest;
1542 883 1972 955 quandoquidem
2022 882 2139 952 ipse

542 978 600 1029 ﬁt
631 976 917 1032 haereditas
942 987 1155 1043 nostra,
1189 976 1481 1033 secundum
1529 975 1656 1030 illud
1697 975 1840 1046 quod
1880 974 2137 1043 scriptum

543 1075 650 1132 est,
681 1066 936 1122 Dominus
953 1085 1073 1138 pars
1103 1067 1413 1122 hereditatis
1442 1082 1567 1121 mete
1593 1066 1613 1138 (
1637 1064 1782 1120 Psal.
1802 1081 1894 1134 xv,
1921 1064 1976 1134 5)
2005 1083 2019 1118 :
2041 1063 2138 1118 sed

541 1159 815 1230 quoniam,
843 1175 964 1216 cum
992 1161 1160 1216 vocati
1182 1175 1369 1216 sumus
1391 1159 1568 1214 adhuc
1594 1157 1818 1230 parvuli,
1843 1167 1898 1212 et
1925 1155 1992 1211 ad
2029 1156 2139 1226 spi-

541 1253 750 1307 ritualia
775 1253 1184 1322 contemplanda
1215 1253 1390 1307 minus
1427 1251 1627 1319 idonei,
1657 1264 1824 1320 usque
1847 1248 1915 1303 ad
1941 1246 2140 1302 humil-

543 1344 699 1398 limas
720 1352 931 1399 nostras
950 1343 1301 1414 cogitationes
1324 1358 1383 1398 se
1402 1342 1584 1397 divina
1627 1341 1903 1396 miseratio
1947 1353 2139 1410 porre-

541 1434 643 1500 xit,
663 1441 723 1488 ut
740 1434 1243 1504 quomodocumque
1267 1447 1493 1488 cernere
1517 1432 1833 1496 niteremur,
1858 1428 2001 1500 quod
2030 1443 2138 1484 non

545 1526 821 1581 evidenter
839 1535 998 1597 atque
1027 1525 1305 1596 perspicue
1325 1523 1698 1589 cernebamus,
1750 1521 1980 1592 idipsum
2023 1533 2140 1575 mo-

542 1617 679 1671 ritur
708 1615 846 1685 quod
866 1617 917 1670 in
939 1616 1222 1686 aenigmate
1242 1615 1626 1676 cernebamus.
1655 1627 1775 1667 cum
1805 1610 1938 1666 facie
1960 1610 2028 1665 ad
2053 1608 2140 1664 fa-

543 1709 683 1762 ciem
711 1722 934 1764 cernere
975 1707 1318 1777 coeperimus.
1369 1705 1763 1760 Convenienter
1790 1717 1918 1774 ergo
1946 1701 2141 1757 dicitur

549 1798 870 1852 moriturum
895 1811 1016 1852 esse
1059 1795 1200 1866 quod
1246 1793 1703 1850 aufereturzc'um
1740 1801 1907 1847 autem
1951 1792 2142 1847 venerit

544 1888 680 1958 quod
709 1891 984 1958 perfectum
1009 1896 1103 1954 est,
1132 1886 1390 1955 auferetur
1410 1885 1545 1956 quod
1566 1900 1630 1939 ea:
1668 1893 1813 1955 parte
1840 1891 1911 1938 est
1937 1881 1994 1956 (I
2015 1881 2137 1937 Cor.

545 1995 664 2046 xm,
695 1978 808 2050 10).
838 1979 912 2034 Ita
943 1978 1098 2034 nobis
1133 1978 1363 2050 quodam
1407 1976 1568 2033 modo
1616 1976 1844 2032 moritur
1878 1975 2038 2032 Pater
2080 1975 2140 2031 in

544 2071 829 2140 aenigmate
856 2110 871 2136 ,
903 2079 958 2124 et
992 2068 1134 2125 idem
1165 2070 1279 2139 ipse
1313 2070 1372 2124 ﬁt
1396 2068 1682 2124 hacreditas
1703 2109 1717 2133 ,
1759 2082 1884 2126 cum
1909 2067 2042 2122 faeie
2069 2067 2140 2123 ad

542 2162 737 2220 faciem
770 2163 980 2218 videtur
1013 2164 1066 2229 ις
1096 2179 1202 2219 ιιοιι
1225 2163 1348 2233 quia
1379 2163 1494 2232 ipse
1533 2162 1779 2229 moritur,
1816 2160 1913 2215 sed
1939 2160 2140 2230 imper-

542 2254 685 2311 fecta
714 2255 768 2310 in
788 2270 912 2310 eum
943 2265 1125 2310 nostra
1147 2255 1284 2309 visio
1309 2252 1550 2324 perfecta
1574 2253 1782 2307 visione
1811 2252 2090 2322 perimitur
2118 2269 2135 2306 :

543 2357 600 2404 et
623 2358 799 2404 tamen
820 2347 923 2403 nisi
949 2348 1039 2403 illa
1076 2347 1224 2417 prior
1252 2359 1352 2401 nos
1385 2345 1636 2412 nutriret,
1660 2344 1728 2398 ad
1752 2344 1911 2399 aliam
1946 2344 2142 2416 plenis-

542 2439 736 2494 simam
763 2447 818 2493 et
846 2436 1301 2493 evidentissimam
1320 2449 1426 2490 non
1452 2434 1791 2489 efﬁceremur
1817 2433 2017 2488 idonei.

613 2529 668 2582 2.
709 2526 861 2597 Quod
909 2527 956 2582 si
996 2527 1159 2585 etiam
1205 2525 1273 2581 de
1310 2511 1542 2580 Domino
1571 2525 1702 2581 Jesu
1741 2524 1978 2593 Christo,
2028 2539 2139 2582 non

541 2620 838 2674 secundum
870 2616 1103 2672 Verbum
1151 2617 1204 2672 in
1254 2616 1516 2686 principio
1569 2616 1738 2671 Deum
1787 2614 1927 2686 apud
1967 2615 2137 2672 Deum

541 2709 726 2776 (Joan.
759 2724 796 2774 ι,
829 2707 906 2778 1),
935 2707 1030 2762 sed
1076 2707 1370 2762 secundum
1419 2721 1666 2777 puerum,
1695 2706 1789 2777 qui
1826 2704 2140 2776 proﬁciebat

542 2807 700 2855 atate
725 2814 790 2854 ac
837 2799 1096 2868 sapientia
1125 2797 1286 2870 (Luc.
1315 2814 1375 2865 ιι,
1405 2796 1522 2870 40),
1553 2799 1673 2869 pius
1703 2797 2003 2853 intellectus
2042 2797 2138 2853 ad-

542 2891 740 2953 mittit,
791 2889 1004 2958 propria
1047 2887 1137 2942 illa
1183 2888 1524 2957 susceptione
1564 2895 1795 2954 servata,
1823 2902 1942 2958 quae
1983 2901 2136 2942 com-

542 2981 723 3038 munis
750 2980 799 3034 ei
825 2993 946 3034 cum
971 2979 1184 3033 caneris
1207 2977 1514 3032 hominibus
1547 2991 1654 3032 non
1696 2986 1800 3044 est,
1831 2977 1986 3046 cujus
2021 2985 2139 3032 tan-

543 3087 708 3142 quam
733 3079 903 3126 morte
942 3067 1215 3140 possideat
1250 3067 1640 3135 haereditatem,
1667 3065 2008 3122 manifestum
2031 3075 2136 3124 est.

541 3165 661 3220 Non
693 3165 836 3221 enim
861 3177 961 3219 nos
979 3161 1290 3218 eohaeredes
1322 3160 1438 3232 ejus
1463 3175 1584 3218 esse
1621 3174 1925 3232 possumus,
1955 3162 2056 3217 nisi
2083 3171 2140 3218 et

544 3260 662 3329 ipse
701 3257 873 3312 haeres
899 3257 989 3312 sit.
1029 3255 1086 3311 Si
1113 3262 1290 3310 autem
1321 3256 1489 3324 pietas
1525 3253 1630 3310 hoc
1663 3268 1770 3310 non
1796 3253 2049 3321 admittit,
2081 3263 2140 3310 ut

542 3352 719 3420 primo
745 3364 811 3404 ex
853 3356 1003 3419 parte
1041 3346 1246 3402 videret
1289 3345 1452 3401 homo
1481 3346 1787 3402 Dominicus
1811 3345 1911 3419 (a),
1942 3345 2139 3402 deinde

544 3457 614 3498 ex
641 3451 753 3496 toto
772 3454 1072 3510 quanquam
1101 3438 1155 3494 in
1181 3438 1440 3509 sapientia
1466 3437 1726 3510 proﬁcere
1754 3437 1928 3493 dictus
1952 3437 2050 3504 sit;
2080 3437 2138 3494 in

544 3547 773 3602 corpore
802 3546 902 3586 suo
929 3530 1251 3602 intelligatur
1281 3529 1473 3596 lueres,
1506 3529 1560 3584 id
1585 3539 1668 3585 est
1695 3528 1958 3598 Ecclesia,
1984 3529 2137 3599 cujus

545 3625 856 3680 eohasredes
892 3639 1076 3680 sumus
1119 3641 1132 3678 :
1181 3622 1626 3694 quemadmodum
1654 3622 1746 3678 ﬁlii
1789 3623 1906 3694 ejus
1950 3622 2136 3679 matris

545 3719 799 3783 dicimur,
830 3717 1073 3788 quamvis
1097 3732 1163 3772 ex
1190 3717 1346 3773 nobis
1369 3724 1600 3772 constet.

519 3813 524 3847 έ
619 3811 673 3865 5.
714 3807 820 3865 Sed
848 3823 1059 3864 rursum
1085 3809 1249 3878 qttmri
1291 3815 1484 3878 potest,
1514 3807 1668 3876 cujus
1695 3813 1870 3862 morte
1904 3805 2025 3862 lacti
2064 3807 2138 3862 si-

531 3891 666 3955 'mus
695 3899 856 3954 etiam
892 3914 989 3953 nos
1019 3896 1302 3953 litercditas
1329 3897 1444 3963 Dei,
1472 3896 1762 3952 secundum
1799 3896 1950 3961 illud,
1989 3895 2134 3951 Dabo

544 3991 638 4044 tibi
655 3998 824 4060 gentes
852 3988 1194 4043 [nereditatem
1223 3988 1395 4040 tuam'|
1441 3985 1610 4058 (Psal.
1652 4002 1710 4054 ιι,
1737 3985 1793 4060 8)
1819 4003 1832 4038 :
1867 3985 1968 4041 nisi
1999 3985 2135 4041 forte

542 4081 706 4152 hujus
732 4080 932 4147 mundi,
963 4094 1070 4151 quo
1110 4079 1255 4149 prius
1293 4086 1544 4149 tanquam
1573 4078 1881 4134 dominante
1917 4078 2137 4134 teneba-

541 4186 686 4225 mur.
715 4171 842 4226 Post
859 4181 1037 4224 autem
1062 4183 1183 4224 cum
1204 4168 1450 4235 dicimus,
1471 4167 1603 4223 Mihi
1622 4169 1844 4223 mundus
1860 4168 2136 4239 cruciﬁxus

542 4274 639 4327 est,
671 4271 718 4315 et
744 4278 835 4333 rgo
869 4261 1058 4315 mundo
1085 4257 1280 4333 (Colat.
1311 4275 1386 4325 vr,
1427 4259 1552 4330 M);
1583 4259 1822 4330 possidet
1856 4274 1954 4314 nos
1981 4258 2136 4316 Chri-

542 4362 680 4416 stus,
713 4358 923 4405 mortuo
948 4350 1040 4404 illo
1075 4350 1165 4420 qui
1191 4363 1289 4405 nos
1316 4349 1626 4420 possidebat
1652 4368 1664 4404 :
1696 4365 1818 4405 cum
1849 4349 1898 4406 ei
1936 4365 2136 4407 renun-

543 4445 744 4496 tiamus
765 4441 1024 4496 morimur
1050 4440 1146 4505 illi,
1170 4449 1225 4495 et
1250 4442 1363 4510 ipse
1390 4440 1566 4495 nobis.

541 4533 780 4588 LXXVI.
828 4531 909 4586 De
952 4548 1009 4586 eo
1061 4530 1195 4601 quod
1242 4531 1504 4600 apostolus
1552 4529 1774 4586 Jacobus
1818 4531 1940 4586 dicit
1979 4548 2000 4588 :
2039 4531 2133 4588 Vis

614 4633 793 4678 autem
822 4624 977 4687 scire,
1008 4637 1042 4678 ο
1081 4621 1243 4677 homo
1273 4622 1467 4688 inanis,
1497 4621 1621 4692 quia
1665 4621 1797 4679 ﬁdes
1842 4623 1959 4680 sine
1996 4639 2130 4696 ope-

509 4722 517 4730 '
615 4714 766 4769 ribus
793 4714 961 4769 otiosa
988 4722 1072 4769 est
1100 4711 1304 4786 (Jacobi
1331 4727 1388 4780 ιι,
1420 4710 1553 4785 20)?

617 4806 671 4858 ί.
712 4804 972 4871 Quoniam
1003 4803 1194 4858 Paulus
1220 4802 1496 4874 apostolus
1529 4802 1824 4874 praedicans
1847 4804 2130 4877 justiﬁeari

455 4892 469 4980 ξ
543 4896 819 4952 hominem
865 4909 962 4964 per
989 4893 1147 4949 tidem
1189 4895 1306 4950 sine
1341 4895 1613 4966 operibus,
1638 4910 1745 4950 non
1789 4896 1926 4952 bene
1969 4897 2130 4954 intel-

453 5039 462 5065 ὲ.
540 4990 717 5045 lectus
742 4996 824 5043 est
853 4987 922 5043 ah
954 4987 1032 5042 eis
1069 4986 1160 5057 qui
1190 4987 1268 5041 sic
1291 4996 1611 5057 acceperunt
1648 4987 1866 5055 dictum,
1890 4997 1950 5044 ut
1978 4998 2129 5060 puta-

541 5089 684 5144 rent,
728 5094 850 5134 cum
889 5077 1055 5134 semel
1103 5077 1156 5132 in
1183 5076 1453 5134 Christum
1499 5077 1879 5148 credidissent,
1918 5080 2128 5136 etiamsi

541 5171 686 5226 male
731 5177 1099 5240 operarentur,
1143 5175 1194 5224 et
1239 5167 1534 5224 facinorose
1580 5168 1943 5240 ﬁagitioseque
1983 5169 2127 5226 vive-

538 5270 685 5330 rent,
713 5262 887 5317 salvos
908 5275 967 5317 se
993 5275 1112 5316 esse
1133 5275 1290 5330 posse
1310 5275 1406 5330 per
1432 5259 1588 5314 [idem
1623 5276 1636 5312 :
1668 5260 1815 5315 locus
1843 5259 1944 5316 iste
1966 5259 2125 5331 hujus

605 5397 622 5428 ι
650 5401 749 5445 ttat.
774 5400 849 5444 Fr.
876 5400 929 5446 et
947 5394 1118 5458 viginti
1139 5401 1269 5454 Mss,
1301 5391 1591 5458 possidetur.
1609 5419 1671 5429 —
1693 5394 1765 5443 Sic
1798 5393 1945 5443 etiam
1968 5395 2117 5458 Lugd.

543 5464 791 5581 aliis}:
808 5465 932 5568 Ἲλιν.
953 5526 1078 5581 ιιοει,
1097 5516 1427 5581 hwreditatem
1452 5522 1601 5577 tuam,
1617 5517 1930 5578 repetebant,
1959 5525 2124 5581 Hiere-

538 5579 739 5631 ditatem
759 5587 919 5630 autem
939 5579 1102 5640 tuam;
1125 5579 1254 5642 quod
1277 5580 1418 5642 abest
1439 5591 1470 5626 a
1491 5585 1669 5642 hauet
1690 5584 1796 5627 Mss.
1811 5603 1871 5615 -
1897 5579 2042 5642 Lugd.
2073 5587 2126 5630 et

537 5648 658 5713 ven.
685 5642 875 5714 habent
912 5639 1156 5692 eamdem
1174 5639 1434 5689 lectionem
1458 5651 1514 5690 ac
1538 5639 1778 5690 editiones
1802 5646 1875 5690 Er.
1903 5648 1954 5691 et
1966 5639 2124 5694 bova-

538 5711 800 5754 Iliensium.
838 5711 892 5754 Μ.

598 5763 671 5830 (a)
705 5771 721 5816 ι
746 5771 948 5815 netract.
972 5777 1077 5828 cap.
1106 5764 1182 5826 19,
1208 5775 1258 5814 ιι.
1282 5762 1329 5816 8.

1979 5854 1996 5866 ρ
2071 5849 2113 5865 I"

2244 423 2495 494 Epistolas
2519 422 2765 479 eumdem
2787 437 3002 478 sensum
3029 421 3176 476 Pauli
3201 422 3447 492 apostoli,
3464 427 3742 495 quomodo
3763 429 3835 485 sit

2247 515 2637 586 intelligendus,
2659 515 2876 585 exponit
2903 513 3107 586 (Jacobi
3135 530 3194 584 ιι,
3223 515 3436 593 17-24).
3459 517 3694 590 Ideoque
3719 536 3837 577 ma-

2245 607 2326 677 gis
2365 605 2596 663 Abrahze
2621 606 2789 662 utitur
2823 607 3090 678 exemplo,
3123 623 3343 664 vacuam
3372 623 3512 666 esse
3558 611 3748 679 ﬁdem,
3791 614 3842 670 ai

2246 711 2354 752 non
2379 697 2516 753 bene
2538 698 2852 768 operctur‘;
2879 697 3128 770 quoniam
3157 699 3384 754 Abrahtc
3401 702 3651 772 exemplo
3671 704 3845 762 etiam

2246 790 2445 847 Paulus
2481 791 2754 862 apostolus
2780 806 2910 847 usus
2935 800 3038 859 est,
3063 800 3121 846 ut
3151 793 3400 863 probaret
3421 793 3708 865 justiﬁeari
3744 797 3850 853 ho-

2246 887 2446 942 minem
2483 901 2580 958 per
2606 886 2765 942 ﬁdem
2809 887 2925 942 sine
2951 886 3202 958 operibus
3243 885 3400 958 Legis
3442 887 3619 960 (Rom.
3649 905 3730 958 tv,
3757 889 3837 963 2).

2246 978 2379 1034 Cum
2419 979 2562 1034 enim
2604 978 2742 1034 bona
2783 993 2943 1050 opera
2987 987 3388 1040 commemorat
3415 979 3674 1049 Abrahae,
3722 996 3842 1053 quc

2245 1069 2365 1140 ejus
2391 1069 2549 1126 ﬁdem
2574 1071 2823 1126 comitata
2851 1078 2995 1136 sunt,
3029 1070 3157 1126 satis
3197 1069 3429 1127 ostendit
3452 1071 3682 1128 Paulum
3713 1087 3845 1144 apo-

2245 1163 2443 1218 stolum
2472 1178 2579 1218 non
2613 1163 2687 1218 ita
2718 1177 2814 1233 per
2834 1162 3101 1218 Abraham
3125 1162 3323 1220 docere
3343 1164 3620 1234 iustiﬁcari
3661 1165 3842 1221 homi-

2250 1269 2372 1309 nem
2411 1269 2508 1325 per
2534 1253 2692 1310 ﬁdem
2731 1255 2847 1310 sine
2873 1255 3144 1326 operibus,
3177 1265 3235 1310 ut
3275 1255 3322 1310 si
3359 1256 3477 1327 quis
3521 1257 3843 1326 crediderit,

2247 1361 2354 1402 non
2381 1346 2448 1402 ad
2475 1362 2597 1403 eum
2627 1347 2894 1418 pertineat
2932 1349 3070 1405 bene
3099 1349 3345 1418 Operari;
3390 1350 3484 1405 sed
3508 1350 3578 1406 ad
3608 1351 3720 1408 hoc
3748 1367 3844 1424 po-

2248 1439 2376 1506 tius,
2400 1448 2462 1495 ut
2486 1455 2646 1496 nemo
2669 1441 2872 1496 meritis
2897 1441 3169 1512 priorum'
3206 1456 3429 1513 operum
3467 1444 3770 1502 arbitretur
3787 1461 3846 1503 se

2246 1531 2557 1601 pervenisse
2581 1531 2647 1586 ad
2690 1531 2889 1587 donum
2913 1532 3328 1603 justiﬁcationis,
3355 1549 3474 1606 quae
3502 1545 3586 1592 est
3615 1536 3674 1591 in
3715 1536 3843 1594 ﬁde.

2246 1619 2305 1674 In
2352 1619 2457 1677 hoc
2497 1621 2640 1676 enim
2687 1636 2747 1677 se
2775 1621 3036 1678 Gentibus
3082 1623 3136 1678 in
3179 1621 3452 1680 Christum
3496 1625 3847 1684 credentibus

2245 1713 2417 1769 ειυᾶωί
2456 1714 2710 1785 ριεεΐειιιε
2738 1715 3046 1787 cupiebant,
3077 1716 3218 1788 quod
3244 1717 3493 1775 dicebant
3533 1734 3595 1775 se
3633 1720 3847 1777 meritis

2245 1806 2510 1862 bonorum
2557 1821 2780 1878 operum
2807 1823 2928 1879 qua:
2956 1809 3012 1863 in
3042 1808 3182 1880 Lege
3209 1818 3355 1877 sunt,
3382 1809 3448 1865 ad
3475 1811 3847 1880 evangelicam

2246 1897 2476 1969 gratiam
2505 1898 2855 1969 pervenisse:
2885 1899 3112 1971 ideoque
3137 1900 3636 1958 seandalizabantur
3660 1903 3845 1971 multi,

2245 1989 2336 2060 qui
2378 2005 2447 2044 ex
2488 1990 2567 2046 eis
2592 1989 2952 2057 crediderant,
2978 1990 3120 2061 quod
3160 1991 3545 2048 incircumcisis
3579 1993 3852 2049 Gentibus

2246 2079 2445 2135 Christi
2471 2081 2640 2152 gratia
2669 2081 2990 2137 traderetur.
3017 2081 3165 2139 Unde
3193 2082 3466 2154 apostolus
3488 2083 3693 2141 Paulus
3719 2083 3850 2140 dicit

2244 2186 2406 2242 posse
2460 2173 2731 2229 hominem
2774 2174 2891 2229 sine
2929 2173 3204 2246 operibus,
3249 2174 3346 2231 sed
3383 2175 3845 2246 praecedentibus,

2240 2263 2518 2334 iustiﬁcari
2547 2279 2642 2335 per
2671 2264 2850 2320 ﬁdem.
2878 2264 3011 2320 Nam
3033 2265 3355 2335 justiticatus
3384 2282 3479 2338 per
3504 2267 3670 2324 ﬁdem
3707 2282 3847 2340 quo-

2244 2355 2408 2411 modo
2463 2365 2639 2427 potest
2688 2357 2790 2413 nisi
2837 2356 2982 2428 juste
3023 2357 3275 2430 deinceps
3315 2358 3547 2430 operari,
3595 2361 3851 2431 quamvis

2244 2454 2404 2501 antea
2443 2446 2576 2501 nihil
2615 2454 2868 2518 operatus
2915 2446 3080 2518 juste,
3111 2447 3179 2503 ad
3231 2446 3355 2504 ﬁdei
3401 2447 3848 2519 justiﬁcatiouem

2245 2537 2570 2606 pervenerit,
2595 2553 2704 2593 non
2732 2539 2928 2596 merito
2960 2539 3226 2595 bonorum
3261 2553 3504 2610 operum,
3537 2541 3635 2598 sed
3671 2545 3848 2615 gratia

2245 2627 2366 2696 Dei,
2412 2643 2532 2700 quae
2573 2629 2628 2684 in
2669 2629 2763 2686 illo
2795 2631 2906 2702 jam
2947 2646 3113 2688 vacua
3138 2646 3262 2688 esse
3306 2647 3412 2688 non
3457 2635 3677 2704 potest'
3723 2651 3847 2694 cum

2239 2717 2351 2789 jam
2394 2734 2492 2791 per
2531 2720 2872 2778 dilectionem
2919 2722 3059 2779 bene
3103 2724 3393 2792 operatur?
3421 2723 3573 2794 Quod
3619 2727 3670 2782 si
3724 2742 3846 2785 cum

2243 2811 2553 2882 crediderit,
2593 2829 2720 2870 mox
2749 2814 2816 2870 de
2859 2815 2961 2872 hac
2999 2815 3108 2870 vita
3136 2815 3484 2884 decesserit‘,
3526 2817 3846 2888 justiﬁestio

2243 2901 2370 2958 ﬁdei
2396 2912 2577 2960 manet
2600 2919 2723 2960 cum
2760 2905 2874 2972 illo,
2895 2919 2997 2961 nec
3022 2904 3446 2976 praecedentibus
3477 2907 3634 2964 bouis
3658 2911 3848 2982 operi-

2243 2993 2367 3064 bus,
2395 2996 2520 3067 quia
2548 3011 2656 3052 non
2687 2997 2881 3053 merito
2906 2997 2974 3054 ad
2997 2999 3164 3066 illam,
3210 2999 3306 3057 sed
3342 3002 3514 3073 gratia
3552 3005 3844 3074 pervenit;

2241 3102 2347 3144 nec
2369 3091 2842 3161 consequentibus,
2871 3092 2993 3162 quia
3029 3092 3082 3148 in
3113 3091 3216 3149 hac
3251 3093 3359 3150 vita
3391 3108 3514 3152 esse
3548 3110 3659 3151 non
3704 3098 3845 3154 sini-

2244 3187 2353 3234 tur.
2384 3179 2537 3236 Unde
2562 3180 2902 3238 manifestum
2927 3193 3030 3250 est,
3059 3183 3202 3255 quod
3228 3184 3424 3242 Paulus
3449 3187 3740 3258 apostolus
3765 3189 3846 3246 di—

2243 3273 2338 3340 cit,
2364 3273 2683 3328 Arbitramur
2707 3275 2840 3330 enim
2864 3276 3117 3331 hominem
3139 3277 3410 3347 iustiﬁcari
3433 3295 3524 3350 per
3545 3279 3710 3350 ﬁdem
3739 3282 3847 3338 sine

2243 3365 2479 3436 aperibus
2521 3365 2635 3436 (Id.
2684 3383 2762 3434 ιιι,
2807 3367 2924 3439 28),
2952 3383 3060 3424 non
3080 3369 3155 3424 ita
3188 3369 3583 3440 intelligendum
3611 3387 3766 3443 esse,
3788 3383 3847 3430 ut

2244 3464 2462 3525 accepta
2494 3456 2620 3524 ﬁde,
2646 3457 2691 3512 si
2715 3459 2929 3526 vixerit,
2960 3458 3202 3514 dicamus
3230 3474 3352 3516 eum
3369 3460 3594 3532 justum,
3620 3463 3844 3520 etiamsi

2243 3546 2384 3602 male
2402 3547 2620 3603 vixerit.
2651 3548 2775 3605 Ideo
2799 3551 3048 3620 exemplo
3073 3550 3304 3607 Abrahae
3322 3560 3376 3608 et
3401 3553 3679 3623 apostolus
3702 3555 3846 3612 Pau-

2243 3639 2327 3695 lus
2346 3643 2531 3708 utitur,
2553 3641 2681 3712 quia
2714 3642 2830 3696 sine
2855 3642 3106 3714 operibus
3143 3642 3295 3714 legis,
3324 3658 3484 3715 quam
3520 3660 3629 3701 non
3674 3661 3844 3704 acce-

2240 3738 2414 3800 perat,
2442 3744 2538 3800 per
2577 3730 2736 3786 ﬁdem
2784 3731 3106 3800 justilicatus
3145 3740 3261 3799 est;
3313 3742 3370 3789 et
3413 3733 3662 3801 Jacobus,
3715 3739 3842 3809 quia

2243 3823 2403 3879 ﬁdem
2444 3823 2610 3894 ipsius
2634 3825 2865 3880 Abrahae
2889 3839 3052 3896 opera
3079 3825 3219 3882 bona
3259 3839 3543 3890 consecuta
3569 3845 3698 3888 esse
3735 3823 3841 3889 “de-

2239 3923 2524 3983 monstrat,
2540 3915 2830 3972 ostendens
2856 3917 3302 3987 quemadmodum
3330 3917 3746 3993 intelligendum
3769 3924 3842 3982 sit

2241 4005 2384 4077 quod
2415 4005 2612 4061 Paulus
2637 4007 2910 4078 apostolus
2935 4007 3261 4078 pradieavit.

2311 4096 2368 4152 2.
2392 4095 2524 4152 Nam
2546 4099 2634 4169 qui
2663 4105 2851 4168 putant
2874 4098 3033 4155 istam
3059 4098 3240 4156 Jacobi
3260 4101 3484 4173 apostoli
3510 4107 3839 4163 sententiam

2240 4191 2562 4248 contrariam
2591 4207 2712 4248 esse
2749 4192 2828 4249 illi
2852 4192 3000 4249 Pauli
3028 4195 3252 4265 apostoli
3281 4196 3578 4264 sententiae,
3608 4207 3840 4269 possunt

2241 4286 2486 4341 arbitrari
2525 4286 2686 4342 etiam
2715 4286 2887 4358 ipsum
2913 4286 3134 4343 Paulum
3178 4289 3280 4346 sibi
3324 4304 3444 4346 esse
3478 4293 3837 4362 contrarium,

2241 4378 2364 4449 quia
2393 4376 2524 4433 dicit
2549 4377 2654 4433 alio
2680 4377 2797 4434 loco
2831 4397 2845 4434 :
2896 4376 3020 4433 Non
3061 4379 3196 4434 enim
3241 4381 3495 4436 auditores
3539 4382 3666 4454 tegis
3702 4385 3839 4456 justi

2240 4475 2358 4523 sunt
2390 4467 2532 4538 apud
2565 4465 2749 4535 Deum,
2771 4468 2862 4523 sed
2884 4468 3102 4539 factores
3129 4471 3253 4542 legis
3267 4472 3693 4542 justi/imbuatur
3716 4474 3836 4548 (Id.

2239 4573 2300 4624 ιι,
2328 4556 2440 4631 15).
2472 4557 2539 4612 Ει
2565 4557 2670 4613 alio
2707 4557 2826 4614 loco
2855 4558 3020 4622 :.Sed
3063 4559 3190 4630 ﬁdes
3227 4577 3340 4633 quia
3377 4579 3469 4634 per
3511 4563 3838 4624 dilectionem

2239 4657 2481 4719 operatur
2505 4647 2702 4726 (Galat.
2733 4664 2788 4718 v,
2816 4648 2894 4722 6).
2925 4649 2992 4706 Et
3018 4651 3208 4706 iterum
3237 4669 3251 4706 :
3284 4651 3348 4707 Si
3384 4653 3515 4709 enim
3554 4659 3836 4714 secundum

2239 4756 2444 4796 carnem
2489 4739 2711 4796 vixeritis
2735 4782 2751 4809 ,
2807 4741 3124 4808 moriemini;
3158 4743 3203 4798 si
3243 4751 3413 4799 autem
3459 4746 3645 4816 spiritu
3693 4753 3837 4821 facta

2239 4834 2409 4890 carnis
2456 4835 2910 4904 mortiﬁcaveritis,
2948 4837 3119 4892 vivetis
3161 4835 3337 4910 (Rom.
3382 4853 3496 4906 vnt,
3542 4840 3661 4914 13).
3700 4841 3835 4912 Quae

2237 4925 2348 4981 sint
2373 4934 2552 4982 autem
2595 4925 2734 4982 facta
2778 4927 2977 4994 carnis,
3009 4943 3129 4998 quae
3172 4929 3425 5001 operibus
3463 4931 3836 5001 spiritualibus

2237 5016 2606 5074 mortiﬁeanda
2626 5027 2772 5085 sunt,
2803 5018 2910 5074 alio
2933 5019 3052 5076 loco
3069 5019 3423 5091 demonstrat,
3447 5023 3672 5082 dicens:
3704 5026 3834 5082 Ma-
3890 5033 3902 5094 ξ
3994 5016 3996 5098 Ι

2238 5107 2424 5179 nifesta
2449 5116 2616 5164 autem
2642 5117 2762 5164 sunt
2784 5125 2941 5181 opera
2957 5113 3151 5178 carnis,
3166 5129 3281 5184 ante
3302 5123 3418 5169 sunt
3443 5118 3832 5190 fornicationes,

2237 5199 2588 5268 immunditiis,
2621 5200 2958 5272 impudicitia,
2996 5202 3252 5267 idolorum
3295 5206 3527 5274 servitus,
3563 5211 3832 5280 veneﬁcia,

2237 5290 2538 5358 inimicitias,
2560 5291 2914 5359 contentiones,
2937 5293 3301 5362 aemulationes,
3325 5297 3691 5366 animositates,
3722 5302 3836 5356 dis-

2237 5385 2516 5455 sensiones,
2545 5384 2779 5454 haereses,
2806 5386 3029 5456 incidite,
3053 5389 3335 5459 ebrietates,
3364 5392 3831 5460 commessationes,

2299 5520 2320 5613 ί
2343 5517 3704 5645 ἓὲἓίξῗιεὼέἶδέηῗῗίιῖεξέξέιῗιυῗῗῖλᾶῗθπυοῆᾟλῗΜΜ
3725 5535 3830 5579 ⁸⁸⁸³

2301 5644 2441 5693 ιεεχ
2484 5642 2735 5703 Mss.,sed
2786 5643 2946 5708 gratia
3003 5643 3125 5708 Dei,
3158 5642 3269 5710 quia
3311 5659 3486 5702 vacare
3528 5646 3693 5704 initio
3728 5661 3831 5707 non

2235 5710 2566 5818 poie’iéuaem
2585 5773 2676 5819 Mss
2697 5802 2715 5831 ,
2737 5765 3026 5823 discesserit.
