3996 6282
170 316 251 372 se
1049 313 1055 316 ’
1613 300 1816 357 LIBER
1855 292 2062 359 "unus.
3413 315 3495 375 90

168 439 227 483 et
261 429 358 481 his
410 423 617 485 similia;
658 436 771 492 qua:
796 417 1019 489 prtcdieo
1044 416 1200 483 vobis,
1231 416 1360 470 sicut
1394 414 1629 485 prwdixi,
1659 432 1787 487 quo-

172 521 333 573 niam
366 518 453 587 qui
475 514 592 567 talia
618 520 799 581 agunt,
822 525 1032 578 regnum
1063 507 1158 561 Dei
1182 522 1282 560 non
1311 506 1633 575 possidebunt
1660 505 1792 576 (Ga—
1814 538 1815 541 η

172 613 279 667 lat.
314 627 378 675 ν,
417 605 621 675 1931).
656 604 725 658 Et
750 602 816 655 ad
845 598 1152 655 Corinthios
1197 598 1272 652 ait
1313 615 1326 651 :
1375 596 1548 650 Nolite
1586 612 1792 661 errare;

175 721 361 775 neque
391 699 735 773 fornicatores,
780 709 939 763 neque
962 692 1114 746 idolis
1139 690 1426 757 servientes,
1453 705 1612 758 neque
1635 688 1791 743 adul-

172 798 308 865 teri,
340 808 499 864 neque
526 789 726 853 molles,
749 801 910 857 neque
938 782 1281 839 masculorum
1307 780 1668 845 concubitbres,
1702 794 1793 834 ne—

174 905 288 958 que
318 888 479 958 fures,
507 897 665 952 neque
704 879 865 944 abari,
896 892 1055 948 neque
1102 874 1304 941 ebriosi,
1337 889 1496 944 neque
1535 871 1791 940 maledici,

174 997 361 1050 neque
395 992 589 1049 rapaces
612 990 827 1046 regnum
853 971 952 1026 Dei
978 969 1325 1042 possidebunt.
1358 966 1425 1022 Et
1459 968 1566 1023 hate
1593 968 1796 1037 quidem

176 1072 413 1144 fuistis;
441 1070 525 1125 sed
561 1067 725 1121 abluti
752 1064 894 1131 estis,
925 1062 1015 1118 sed
1037 1061 1347 1131 sanctiﬁcati
1372 1060 1509 1126 estis,
1536 1059 1624 1113 sed
1646 1059 1796 1129 iusti-

177 1164 338 1233 ﬁcati
372 1162 486 1217 estis
521 1160 575 1214 in
601 1158 808 1213 nomine
838 1154 1049 1209 Domini
1075 1153 1235 1207 nostri
1279 1149 1312 1205 J
1319 1167 1407 1205 esu
1430 1148 1639 1218 Christi,
1669 1159 1719 1205 et
1742 1150 1798 1205 in

182 1256 409 1326 Spiritu
432 1252 526 1307 Dei
551 1250 717 1305 nostri
748 1247 804 1319 (l
828 1246 949 1303 Cor.
978 1260 1056 1311 vt,
1088 1244 1262 1314 9-H).
1291 1242 1494 1310 Quibus
1518 1242 1797 1298 sententiis

177 1343 635 1403 manifestissime
673 1341 835 1396 docet
859 1353 966 1395 non
1008 1352 1103 1394 eos
1144 1335 1419 1408 prmterito
1461 1334 1606 1390 bono
1634 1348 1798 1405 opere

182 1437 256 1493 ad
286 1436 425 1493 ﬁdei
459 1433 899 1506 justiﬁcationem
929 1429 1274 1502 pervenisse;
1324 1440 1427 1483 nec
1454 1427 1660 1482 meritis
1702 1441 1797 1483 eo-

183 1550 315 1591 rum
345 1534 505 1589 istam
532 1530 758 1603 gratiam
785 1528 985 1595 datam,
1017 1526 1232 1599 quando
1258 1525 1410 1593 dicit,
1443 1524 1511 1578 Et
1537 1522 1644 1576 haec
1680 1519 1797 1590 qui-

186 1627 313 1682 dem
344 1625 517 1697 fuistis
541 1639 562 1677 :
586 1622 684 1677 sed
710 1636 834 1677 cum
876 1620 1023 1687 dicit,
1060 1618 1160 1685 Qui
1206 1619 1333 1673 talia
1372 1624 1549 1688 agunt,
1589 1627 1801 1683 regnum

185 1717 292 1773 Dei
321 1733 431 1770 non
462 1713 827 1788 possidebunt;
874 1711 1006 1766 satis
1046 1709 1304 1776 ostendit,
1329 1708 1437 1779 jam
1465 1721 1528 1762 ex
1558 1717 1665 1775 quo
1683 1715 1801 1758 cre-

184 1807 479 1873 diderunt,
504 1805 645 1861 bene
680 1802 891 1874 operari
929 1801 1148 1857 debere.
1177 1799 1330 1869 Quod
1369 1806 1424 1855 et
1450 1796 1680 1853 Jacobus
1713 1792 1796 1849 di-

187 1898 288 1962 cit,
326 1907 388 1954 et
432 1895 617 1952 multis
657 1893 877 1950 omnino
920 1892 1054 1961 locis
1098 1891 1242 1948 idem
1286 1889 1562 1961 apostolus
1604 1886 1801 1943 Paulus

187 1990 329 2046 satis
376 1994 672 2059 aperteque
708 1986 1000 2057 praedicat,
1041 1992 1186 2041 recte
1230 1982 1511 2039 vivendum
1554 1979 1802 2036 omnibus

189 2081 287 2150 qui
318 2080 377 2135 in
409 2077 628 2134 Christo
655 2075 1019 2141 crediderunt,
1050 2090 1118 2131 ne
1144 2074 1211 2130 ad
1249 2088 1436 2145 pinnas
1461 2071 1800 2143 perveniant.

189 2168 357 2237 Quod
409 2178 469 2225 et
510 2168 627 2239 ipse
669 2166 928 2222 Dominus
971 2171 1379 2230 commemorat,
1420 2162 1641 2218 dicens:
1678 2159 1801 2215 Non

195 2263 368 2317 omnis
406 2261 496 2326 qui
546 2259 669 2313 dicit
729 2258 873 2323 mihi,
920 2255 1159 2321 Domine,
1209 2254 1454 2319 Domine,
1494 2251 1701 2307 intrabit
1748 2250 1804 2304 in

193 2370 419 2425 regnum
451 2350 730 2414 caelorum;
757 2349 846 2404 sed
883 2348 971 2418 qui
1006 2347 1128 2419 facit
1166 2346 1470 2401 voluntatem
1497 2341 1672 2396 Patris
1704 2341 1804 2395 mei

197 2446 362 2516 quiin
383 2444 525 2499 caelis
544 2450 639 2508 est,
662 2440 770 2512 ipse
792 2438 997 2494 intrabit
1022 2438 1076 2492 in
1100 2452 1309 2509 regnum
1328 2434 1566 2490 calorum
1583 2431 1799 2502 (Matth.

200 2552 311 2601 vn,
346 2533 412 2589 21
426 2533 469 2606 ).
514 2532 585 2587 Et
629 2531 798 2585 alibi:
836 2527 1028 2600 thuid
1067 2527 1231 2581 dicitis
1263 2525 1409 2591 mihi,
1433 2522 1671 2587 Domine,
1697 2520 1802 2575 θοι-

211 2627 376 2693 mine,
405 2635 454 2679 et
494 2640 597 2678 non
641 2622 810 2695 facitis
850 2636 964 2691 quas
1008 2620 1120 2674 dico
1157 2618 1295 2673 vobis
1339 2617 1491 2687 (Luc.
1541 2629 1631 2682 vt,
1670 2610 1803 2685 46)?

212 2718 301 2782 Et,
338 2715 514 2771 Omnis
552 2714 639 2784 qui
678 2712 821 2766 audit
858 2710 1007 2767 verba
1048 2725 1160 2765 mea
1189 2709 1295 2763 lucc
1324 2716 1371 2764 et
1395 2706 1515 2779 facit
1541 2722 1617 2770 ea,
1660 2703 1804 2759 simi-

209 2808 323 2863 labo
358 2823 475 2863 eum
516 2806 626 2860 viro
664 2803 936 2877 prudenti,
978 2802 1064 2872 qui
1103 2800 1374 2871 aediﬁcavit
1415 2799 1621 2852 domum
1656 2799 1804 2849 suam

203 2914 365 2969 supra
407 2905 641 2967 petram,
685 2903 790 2951 etc.
833 2890 903 2947 Et
948 2892 1033 2963 qui
1077 2891 1222 2945 audit
1264 2890 1412 2945 verba
1455 2904 1566 2942 mea
1607 2886 1715 2941 Iuec
1757 2892 1805 2941 et

204 3005 305 3044 non
339 2990 474 3061 facit
511 3004 603 3054 ea,
637 2985 870 3040 similabo
906 3000 1020 3038 eum
1061 2984 1169 3037 viro
1207 2982 1393 3045 stulto,
1422 2981 1510 3050 qui
1534 2978 1805 3049 aedificavit

201 3082 415 3136 domum
450 3097 600 3135 suam
634 3094 788 3150 super
813 3094 1051 3143 arenam,
1073 3085 1179 3132 etc.
1213 3074 1425 3147 (Matth.
1447 3090 1521 3131 vlt
1538 3116 1553 3141 ,
1577 3073 1800 3144 24-27).

207 3173 552 3245 Quapropter
588 3186 695 3227 non
724 3178 850 3227 sunt
876 3168 976 3224 sibi
1014 3168 1297 3224 contrarire
1332 3165 1559 3222 duorum
1590 3173 1805 3236 aposto-

205 3264 379 3321 lorum
414 3263 697 3320 sententia:
716 3302 731 3328 ,
754 3260 903 3317 Pauli
929 3267 985 3315 et
1010 3257 1229 3323 Jacobi,
1259 3272 1381 3312 cum
1407 3256 1539 3311 dicit
1564 3269 1699 3311 unus
1718 3255 1805 3326 ju-

206 3356 432 3413 stiﬁcari
462 3354 735 3410 hominem
763 3367 861 3423 per
886 3350 1043 3406 ﬁdem
1084 3349 1201 3404 sine
1240 3347 1490 3418 operibus
1511 3388 1525 3411 ,
1570 3355 1626 3401 et
1667 3346 1803 3401 alius

206 3448 335 3505 dicit
363 3450 586 3504 inanem
612 3460 733 3501 esse
767 3443 925 3500 ﬁdem
952 3443 1069 3498 sine
1097 3440 1385 3511 operibus:
1408 3439 1532 3510 quia
1564 3437 1653 3492 ille
1676 3436 1831 3492 dicit

210 3539 275 3596 de
300 3540 564 3611 operibus
608 3551 727 3608 qua:
762 3535 920 3591 ﬁdem
969 3531 1299 3604 praecedunt,
1326 3530 1427 3585 iste
1464 3528 1533 3583 de
1578 3528 1643 3583 iis
1685 3542 1804 3597 qua:

210 3630 369 3686 ﬁdem
419 3637 757 3698 sequuntur;
811 3626 951 3682 sicut
1000 3624 1163 3679 etiam
1217 3623 1332 3693 ipse
1383 3619 1580 3675 Paulus
1620 3619 1804 3674 multis

210 3722 341 3779 locis
374 3721 637 3778 ostendit.

428 3811 691 3870 LXXVII.
720 3811 798 3867 De
817 3812 1012 3876 timore,
1041 3817 1210 3864 utrum
1231 3815 1493 3879 peccatum
1512 3805 1597 3860 sit.

277 3908 469 3965 Omnis
492 3906 821 3978 perturbatio
843 3945 859 3971 ,
884 3903 1097 3974 passio;
1141 3901 1318 3955 onmis
1359 3897 1650 3968 cupiditas,
1676 3910 1805 3966 per-

215 3999 446 4055 turbatio
472 4016 488 4053 :
514 3996 861 4066 omnisigitur
879 3992 1163 4064 cupiditas,
1190 3990 1388 4061 passio.
1414 3987 1602 4043 Omnis
1624 3995 1805 4041 autem

212 4094 419 4163 passio,
453 4106 578 4146 cum
612 4097 695 4145 est
720 4088 774 4142 in
803 4087 987 4152 nobis,
1020 4086 1133 4155 ipsa
1170 4082 1418 4154 passione
1462 4079 1723 4150 patimur;
1752 4086 1807 4133 et

214 4183 267 4238 in
293 4191 557 4253 quantum
599 4179 778 4251 passio
805 4186 921 4245 est,
953 4177 1221 4247 patimur:
1246 4172 1423 4229 omnis
1452 4171 1615 4242 igitur
1651 4169 1804 4240 cupi-

215 4273 344 4330 ditas
364 4317 381 4341 ,
407 4288 535 4328 cum
568 4282 649 4326 εει
677 4271 729 4325 iu
760 4269 945 4333 nobis,
991 4267 1106 4337 ipsa
1134 4263 1422 4349 cupiditate
1460 4260 1722 4332 patimur;
1752 4268 1807 4315 et

216 4366 267 4422 in
293 4374 554 4438 quantum
577 4363 838 4434 cupiditas
857 4368 940 4416 est
960 4402 975 4427 ,
1003 4359 1256 4429 patimur.
1279 4352 1464 4411 Omnis
1480 4361 1655 4408 autem
1676 4366 1805 4421 pas-

216 4463 312 4525 sio,
340 4462 395 4515 in
424 4466 682 4528 quantum
705 4456 817 4525 ipsa
862 4452 1113 4524 passione
1138 4450 1389 4519 patimur,
1423 4460 1529 4501 non
1563 4452 1647 4500 est
1674 4458 1806 4514 pec-

218 4562 388 4609 catum
420 4570 434 4605 :
462 4552 539 4605 sic
565 4559 618 4605 et
636 4550 679 4605 si
700 4548 932 4619 patimur
958 4544 1225 4607 timorem,
1254 4555 1363 4596 non
1391 4548 1477 4595 est
1504 4545 1802 4609 peccatum.

219 4641 492 4715 Tanquam
538 4640 584 4695 si
628 4639 916 4702 diceretur,
945 4635 1001 4691 Si
1031 4634 1183 4704 bipes
1204 4640 1286 4687 est
1308 4672 1324 4697 ,
1358 4645 1464 4686 non
1492 4637 1575 4684 est
1617 4642 1802 4698 pecus.

226 4733 278 4788 Si
304 4749 429 4807 ergo
458 4740 741 4804 propterea
762 4730 864 4786 hoc
889 4743 993 4784 non
1024 4734 1107 4784 est
1131 4738 1463 4795 consequens
1479 4765 1495 4789 ,
1524 4722 1646 4793 quia
1667 4720 1806 4777 mul-

226 4834 271 4879 ta
287 4834 406 4881 sunt
424 4839 622 4895 pecora
646 4821 892 4893 bipedia;
923 4826 1202 4890 propterea
1230 4825 1284 4872 et
1302 4814 1428 4870 illud
1457 4828 1561 4869 non
1579 4821 1661 4868 est
1676 4826 1806 4867 con-

222 4928 444 4985 sequens
463 4956 479 4979 ,
509 4914 631 4985 quia
658 4913 822 4967 multa
846 4919 970 4967 sunt
993 4916 1210 4980 peccata
1253 4922 1373 4976 qua:
1412 4905 1661 4975 patimur.
1692 4902 1806 4959 Hoc

220 5007 353 5062 enim
376 5014 563 5062 contra
590 5004 803 5070 dicitur,
830 5017 941 5058 non
966 5016 1086 5057 esse
1112 5012 1444 5068 consequens
1484 5004 1543 5051 ut
1588 4996 1632 5051 si
1664 4996 1804 5066 pati-

222 5110 333 5151 mur
356 5097 605 5151 timorem
626 5136 642 5160 ,
672 5093 794 5150 ideo
820 5107 927 5147 non
957 5090 1026 5146 sit
1052 5098 1346 5161 peccatum.
1374 5087 1455 5143 Tu
1497 5095 1674 5142 autem
1714 5085 1802 5141 di-

224 5187 295 5242 cis
316 5202 651 5259 consequeus
688 5200 809 5243 esse
857 5193 915 5240 ut
940 5184 988 5239 si
1019 5183 1250 5254 patimur
1284 5182 1530 5236 timorem
1552 5222 1568 5247 ,
1601 5194 1709 5234 non
1736 5179 1806 5233 sit

226 5290 521 5347 peccatum;
551 5295 672 5335 cum
709 5289 889 5335 tamen
915 5275 1181 5333 concedas
1203 5277 1219 5308 ί
1252 5275 1428 5346 aliqua
1451 5289 1572 5330 esse
1607 5287 1805 5344 pecca-

226 5377 271 5424 ta
296 5386 413 5442 qua:
439 5371 686 5441 patimur.
876 5376 881 5379 ‘

388 5460 673 5518 LXXVIII.
706 5460 783 5515 De
808 5458 1183 5531 pulchritudine
1207 5456 1614 5511 simulacrorum.

289 5555 389 5610 Ars
430 5556 518 5611 illa
560 5567 766 5609 summa
815 5549 1197 5620 omnipotentis
1242 5548 1363 5612 Dei,
1413 5562 1505 5617 per
1548 5559 1705 5615 quam
1736 5558 1803 5599 ex

228 5646 380 5705 nihilo
405 5648 542 5704 facta
568 5656 692 5702 sunt
715 5642 893 5702 omnia
910 5684 926 5711 ,
951 5657 1071 5713 quae
1099 5641 1258 5696 etiam
1291 5637 1549 5709 sapientia
1574 5636 1689 5707 ejus
1719 5635 1801 5692 di-

287 5801 411 5860 ἀει.
440 5807 495 5857 et
517 5812 607 5853 sex
630 5805 762 5861 Mss,
783 5807 894 5847 cum
914 5801 1073 5859 tamen
1097 5797 1291 5847 constet.

1902 418 2057 483 citur,
2088 418 2199 487 ipsa
2247 427 2497 488 operatur
2527 421 2687 476 etiam
2742 436 2837 492 per
2887 423 3138 490 artiﬁces,
3170 435 3230 483 ut
3257 428 3486 499 pulchra

1898 519 2056 582 atque
2076 514 2418 583 congruentia
2471 515 2700 581 faciant;
2750 519 2991 587 quamvis
3026 534 3131 574 non
3174 520 3243 575 de
3288 522 3480 592 nihilo,

1898 604 1992 659 sed
2023 605 2089 659 de
2113 606 2287 676 aliqua
2313 608 2532 662 materia
2549 618 2858 677 operentur,
2886 611 3208 684 velutligno,
3229 623 3321 669 aut
3340 633 3483 672 mar-

1899 710 2067 762 more,
2092 704 2182 751 aut
2209 697 2393 764 ebore,
2424 706 2480 754 et
2504 700 2548 753 si
2574 699 2716 770 quod
2749 700 2893 756 aliud
2922 703 3160 759 materiae
3182 720 3351 776 genus
3371 717 3491 765 ma:-

1900 788 2057 844 uibus
2083 788 2301 845 artiﬁcis
2325 789 2591 846 subditur.
2627 792 2732 849 Sed
2762 792 2885 849 ideo
2913 794 2999 849 isti
3026 810 3133 850 non
3160 807 3384 866 possunt
3413 800 3486 856 de

1900 880 2068 936 nihilo
2093 881 2291 952 aliquid
2320 882 2576 939 labricare
2594 884 2635 950 ‘,
2661 885 2781 956 quia
2811 901 2909 956 per
2935 900 3131 957 corpus
3155 898 3447 959 operantur
3471 907 3489 957 ;

1901 988 2022 1028 cum
2057 982 2231 1029 tamen
2260 988 2354 1029 eos
2398 990 2670 1044 numeros,
2719 984 2774 1031 et
2817 977 3261 1035 lineamentorum
3292 996 3494 1038 conve-

1902 1066 2154 1121 nientiam
2172 1109 2186 1133 ,
2210 1082 2328 1137 qua:
2352 1082 2451 1138 per
2468 1082 2662 1139 corpus
2679 1071 2889 1140 corpori
2913 1070 3244 1141 imprimunt,
3272 1074 3325 1128 in
3361 1076 3487 1130 ani-
3573 1110 3583 1125 .

1903 1174 1992 1214 mo
2016 1160 2278 1230 accipiant
2301 1161 2369 1215 ab
2394 1161 2482 1216 illa
2521 1176 2726 1217 summa
2755 1163 3036 1234 sapientia,
3064 1180 3184 1235 quae
3210 1166 3357 1236 ipsos
3384 1183 3487 1221 nu-
3571 1142 3581 1155 ’

1902 1265 2080 1306 meros
2131 1259 2183 1306 et
2230 1251 2400 1322 ipsam
2452 1253 2876 1308 convenientiam
2930 1255 3086 1326 longe
3146 1258 3490 1314 artiﬁciosius

1902 1342 2154 1404 uniyerso
2200 1343 2384 1398 mundi
2428 1345 2638 1414 corpori
2674 1346 2964 1415 impressit,
3016 1348 3157 1419 quod
3210 1349 3278 1405 de
3320 1350 3489 1405 nihilo

1902 1431 2214 1488 fabricatum
2241 1442 2324 1489 est
2355 1452 2368 1488 :
2399 1435 2454 1489 in
2499 1450 2607 1505 quo
2647 1446 2773 1490 sunt
2798 1437 2961 1492 etiam
3006 1448 3231 1508 corpora
3278 1441 3490 1495 anima—

1904 1522 2052 1587 lium,
2080 1540 2199 1594 quaa
2218 1525 2327 1595 jam
2344 1525 2411 1581 de
2436 1526 2635 1596 aliquo,
2664 1526 2717 1581 id
2745 1535 2827 1583 est
2846 1569 2861 1592 ,
2893 1527 2964 1584 de
2987 1529 3269 1584 elementis
3299 1530 3485 1586 mundi

1903 1613 2259 1681 fabricantur;
2312 1616 2407 1671 sed
2479 1616 2637 1686 longe
2680 1618 2950 1686 potentius
3001 1618 3489 1689 excellentiusque,

1904 1719 2062 1775 quam
2082 1720 2203 1760 cum
2228 1706 2460 1762 artiﬁces
2479 1706 2724 1762 homines
2753 1707 2968 1763 easdem
2994 1708 3191 1778 ﬁguras
3204 1724 3496 1780 corporum

1905 1806 1960 1853 et
1984 1798 2181 1853 formas
2201 1799 2252 1854 in
2280 1800 2393 1855 suis
2412 1800 2663 1869 operibus
2692 1800 2985 1855 imitantur.
3006 1800 3123 1856 Non
3151 1803 3292 1857 enim
3317 1803 3497 1858 omnis

1906 1894 2264 1948 numerositas
2318 1894 2536 1949 humani
2578 1895 2822 1965 corporis
2863 1895 3131 1951 invenitur
3170 1895 3223 1950 in
3277 1905 3488 1963 statua;

1905 1986 2002 2043 sed
2031 1996 2205 2043 tamen
2226 2002 2577 2057 qmeeumque
2601 1987 2673 2042 ibi
2700 1987 2966 2042 invenitur
2989 1990 3032 2055 ³,
3064 1988 3132 2043 ab
3160 1988 3248 2043 illa
3277 1988 3497 2059 sapien-

1907 2081 1978 2134 tia
2006 2095 2102 2150 per
2127 2080 2346 2135 artiﬁcis
2380 2095 2596 2135 manum
2638 2080 2897 2151 trajicitur
2925 2080 2967 2145 ³,
3004 2096 3123 2150 quae
3150 2081 3323 2151 ipsum
3368 2097 3496 2137 cor-

1907 2185 2007 2241 pus
2051 2171 2341 2226 humanum
2388 2172 2699 2228 naturaliter
2741 2171 2984 2227 fabricat.
3010 2172 3120 2228 Nec
3151 2172 3274 2229 ideo
3304 2182 3485 2229 tamen

1905 2275 2005 2331 pro
2033 2276 2226 2331 magno
2248 2260 2477 2317 habendi
2505 2269 2649 2327 sunt,
2691 2263 2782 2333 qui
2825 2263 2951 2317 talia
2986 2277 3149 2334 opera
3192 2264 3491 2329 fabricant,

1907 2360 1996 2406 aut
2028 2351 2288 2423 diligunt;
2333 2354 2454 2423 quia
2495 2354 2796 2408 minoribus
2836 2353 2999 2409 rebus
3042 2354 3245 2409 intenta
3291 2356 3491 2423 anima,

1904 2458 2040 2512 quas
2065 2458 2163 2513 per
2185 2458 2382 2514 corpus
2405 2444 2754 2514 corporaliter
2768 2443 2916 2511 facit,
2944 2443 3119 2499 minus
3139 2444 3365 2501 inhaeret
3394 2445 3498 2515 ipsi

1906 2548 2131 2589 summa:
2156 2534 2450 2604 sapientiae,
2482 2534 2627 2589 unde
2674 2535 2802 2590 istas
2850 2536 3116 2604 potentias
3160 2535 3498 2605 habet:qui-

1907 2625 2005 2680 bus
2032 2626 2172 2680 male
2203 2626 2386 2691 utitur,
2427 2625 2554 2680 dum
2586 2625 2714 2681 loris
2748 2638 2841 2680 eas
2860 2633 3111 2691 exercet;
3141 2625 3229 2679 illa
3263 2627 3407 2680 enim
3439 2626 3497 2682 in

1906 2716 2098 2786 quibus
2119 2731 2211 2771 eas
2249 2724 2485 2779 exercet,
2517 2714 2760 2784 diligens,
2796 2714 3106 2769 interiorem
3156 2730 3342 2769 earum
3373 2714 3489 2770 for-

1905 2821 2048 2862 mam
2074 2807 2316 2863 stabilem
2355 2806 2604 2877 negligit,
2635 2813 2691 2861 et
2718 2805 2929 2860 inanior
2958 2804 3326 2875 inﬁrmiorque
3366 2804 3492 2860 efﬁ-

1906 2899 2065 2954 citur.
2101 2897 2203 2965 Qui
2245 2912 2375 2953 vero
2403 2896 2527 2951 talia
2556 2910 2719 2966 opera
2750 2896 2912 2951 etiam
2938 2896 3220 2951 coluerunt
3248 2895 3292 2963 δ,
3318 2911 3496 2967 quan-

1907 2999 2019 3046 tum
2041 2989 2373 3046 deviaverint
2398 3003 2430 3043 a
2454 2988 2679 3044 veritate
2696 3027 2712 3050 ,
2736 2987 2861 3042 hinc
2884 2986 3103 3058 intelligi
3127 2994 3341 3058 potest,
3370 2988 3498 3059 quia

1907 3082 1952 3137 si
1982 3082 2096 3153 ipsa
2140 3080 2446 3135 animalium
2483 3092 2707 3147 corpora
2744 3076 3018 3142 colerent,
3045 3092 3165 3148 quae
3193 3077 3365 3132 multo
3395 3092 3499 3133 ex-

1907 3173 2184 3230 cellentius
2204 3170 2459 3227 fabricata
2484 3177 2630 3235 sunt,
2677 3177 2730 3224 et
2763 3182 2989 3238 quorum
3038 3176 3163 3223 sunt
3200 3167 3293 3223 illa
3320 3167 3501 3223 imita-

1907 3273 2107 3329 menta,
2137 3263 2264 3335 quid
2294 3263 2373 3318 eis
2401 3260 2662 3317 infelicius
2687 3259 2990 3316 diceremus
3008 3260 3034 3312 ‘l

1908 3354 2143 3410 LXXIX.
2178 3354 2349 3421 Quare
2374 3353 2510 3424 magi
2541 3350 2831 3406 Pharaonis
2864 3354 3089 3422 fecerunt
3124 3351 3359 3423 quaedam
3388 3352 3494 3406 mi-

1978 3448 2155 3502 racula
2179 3448 2309 3502 sicut
2330 3446 2532 3517 Moyses
2559 3445 2781 3515 famulus
2809 3442 2907 3498 Dei
2928 3443 3124 3515 (Exod.
3153 3459 3246 3511 vn,
3269 3443 3425 3515 vni)?
3510 3458 3515 3469 ‘

1980 3540 2032 3593 1.
2055 3538 2241 3595 Omnis
2287 3539 2461 3592 anima
2514 3536 2704 3607 partim
2729 3536 2917 3607 privati
2948 3535 3223 3606 cujusdam
3245 3536 3382 3606 juris
3406 3537 3494 3593 sui

1908 3639 2227 3702 potestatem
2270 3628 2440 3701 gerit,
2487 3630 2677 3698 partim
2721 3627 3082 3684 universitatis
3110 3626 3312 3697 legibus
3357 3627 3499 3683 sicut

1908 3722 2136 3794 publicis
2163 3730 2441 3776 coercetur
2486 3728 2541 3775 et
2582 3718 2803 3789 regitur.
2847 3718 2981 3786 Quia
3006 3732 3134 3787 ergo
3161 3732 3494 3787 unaquaeque

1908 3828 1996 3869 res
2021 3811 2246 3867 visibilis
2270 3811 2323 3866 in
2354 3810 2457 3865 hoc
2492 3809 2695 3865 mundo
2737 3809 2900 3863 habet
2949 3816 3267 3878 potestatem
3293 3807 3497 3877 angeli-

1907 3919 2025 3960 cam
2054 3904 2153 3959 sibi
2180 3902 2548 3974 praepositam,
2576 3902 2715 3956 sicut
2750 3900 2952 3970 aliquot
2973 3898 3108 3954 locis
3134 3898 3311 3953 divina
3347 3897 3492 3954 Scri-

1909 4002 2067 4066 ptura
2095 4001 2340 4061 testatur,
2392 3992 2462 4048 de
2504 4007 2566 4048 ea
2614 4006 2674 4046 re
2716 3991 2803 4045 cui
2850 3990 3136 4061 prmposita
3184 3999 3288 4056 est,
3342 3989 3501 4045 aliter

1909 4086 2061 4158 quasi
2091 4085 2296 4157 privato
2315 4086 2437 4154 jure
2460 4084 2587 4152 agit,
2632 4083 2788 4136 aliter
2823 4093 3073 4151 tanquam
3098 4080 3310 4148 publice
3337 4093 3500 4149 agere

1909 4179 2136 4248 cogitur.
2168 4176 2439 4230 Potentior
2487 4181 2572 4229 est
2597 4172 2740 4226 enim
2790 4179 2941 4240 parte
2986 4169 3339 4233 universitas;
3366 4184 3503 4237 quo-

1909 4270 2053 4323 niam
2083 4265 2211 4321 illud
2229 4264 2372 4334 quod
2394 4263 2464 4318 ibi
2486 4260 2739 4332 privatim
2774 4261 2904 4330 agit,
2934 4267 3142 4313 tantum
3183 4272 3341 4327 agere
3366 4257 3501 4312 sini-

1912 4368 2015 4423 tur,
2039 4365 2293 4427 quantum
2317 4354 2401 4408 lex
2438 4350 2799 4407 universitatis
2834 4350 2981 4405 sinit.
3021 4347 3127 4404 Sed
3166 4362 3499 4419 unaquaeque

1910 4448 2087 4505 anima
2137 4454 2283 4502 tanto
2331 4454 2415 4500 est
2462 4442 2663 4514 pietate
2706 4441 3001 4512 purgatior,
3045 4448 3243 4510 quanto
3287 4440 3499 4513 privato

1910 4554 2009 4596 suo
2035 4539 2210 4595 minus
2235 4536 2494 4592 delectata
2519 4576 2535 4601 ,
2562 4535 2733 4605 legem
2762 4531 3126 4587 universitatis
3147 4530 3399 4593 intuetur,
3427 4531 3500 4586 ei-

1910 4646 2015 4703 que
2043 4630 2235 4687 devote
2259 4644 2321 4683 ac
2350 4627 2577 4683 libenter
2605 4613 2958 4703 obtemperat;
2982 4622 3080 4676 Est
3097 4620 3240 4675 enim
3266 4621 3353 4676 lex
3376 4621 3496 4676 uni-

1910 4702 2177 4779 versitatis
2224 4719 2401 4775 divina
2453 4702 2745 4788 sapientia.“
2786 4713 2996 4781 Quanto
3037 4720 3216 4766 autem
3266 4712 3498 4781 amplius

1911 4817 2116 4888 privato
2135 4828 2233 4869 suo
2258 4811 2474 4882 gaudet,
2518 4820 2572 4863 et
2617 4806 2856 4876 neglecto
2907 4804 3050 4871 Deo,
3105 4804 3194 4874 qui
3242 4804 3495 4859 omnibus

1911 4907 2103 4963 animis
2147 4904 2346 4960 utiliter
2374 4916 2437 4957 ac
2469 4898 2753 4954 salubriter
2795 4895 3073 4967 praesidet,
3122 4895 3236 4965 ipsa
3265 4894 3367 4949 sibi
3409 4895 3499 4949 vel

1911 5000 2028 5055 aliis
2055 4996 2246 5069 quibus
2273 4993 2523 5065 potuerit,
2551 4991 2665 5046 vult
2688 5004 2808 5046 esse
2839 5004 2935 5060 pro
2969 4989 3115 5054 Deo,
3141 5002 3294 5044 suam
3313 4989 3493 5058 potius

1911 5093 1965 5147 in
1987 5105 2046 5146 se
2074 5089 2158 5143 vel
2180 5088 2231 5142 in
2254 5086 2388 5141 alios
2407 5125 2422 5149 ,
2451 5098 2611 5155 quam
2650 5082 2791 5138 illius
2829 5081 2885 5137 in
2920 5093 3108 5135 omnes
3146 5078 3374 5150 diligens
3400 5094 3496 5149 po-

1975 5227 1992 5259 ι
2017 5222 2173 5275 Multis
2194 5224 2243 5272 in
2266 5221 2401 5271 libris
2418 5220 2621 5271 verbum
2639 5217 2763 5269 istud
2786 5230 2896 5267 cum
2919 5217 3107 5279 passiva
3124 5215 3502 5279 terminatione,

1910 5288 2051 5338 sicuti
2068 5287 2303 5348 frequens
2323 5284 2446 5348 apud
2479 5284 2792 5348 Ciceroneni,
2817 5276 3325 5348 adhibgurpnquarn
3346 5276 3502 5348 depo-

1910 5336 2061 5410 nens;
2076 5336 2280 5411 proque,
2302 5336 2558 5411 fabricare,
2578 5336 2841 5411 reperitur,
2859 5339 3091 5411 fabricari
3112 5352 3129 5389 :
3147 5336 3355 5401 et'paulo
3370 5343 3502 5398 post,

1909 5404 2146 5474 fabriet'zta
2161 5404 2231 5459 e'st
2246 5404 2391 5474 ,pro,
2412 5404 2701 5474 fabricatum
2719 5409 2807 5474 est,
2834 5408 2931 5474 etc.

1975 5457 2001 5504 ί
2015 5457 2154 5522 ὲῖξὶξὶ
2166 5457 2299 5527 hev;
2316 5457 2643 5525 inueniuntur;
2660 5473 2710 5515 et
2722 5457 2870 5527 intra,
2889 5460 3212 5527 trajiciuntur.
3230 5457 3320 5507 sed
3334 5458 3503 5527 verius

1912 5520 2087 5585 natiét
2108 5520 2236 5592 Mss,
2274 5520 2589 5581 invenitur....
2615 5520 2874 5589 trajicitur.
2907 5520 3133 5582 subaudi,
3157 5520 3499 5570 numerositas.

1911 5597 2058 5692 Lugd.
2082 5603 2134 5645 et
2156 5603 2274 5643 Ven.
2294 5600 2349 5643 ut
2370 5600 2444 5640 Er.
2472 5598 2523 5641 et
2546 5598 2652 5638 Lov.
2719 5595 2775 5635 Μ.
3044 5644 3072 5654 η
3110 5643 3122 5654 _

2019 5667 2107 5692 “ac
2143 5659 2376 5692 nuinnnm
2405 5667 2491 5692 npr
2507 5647 2707 5692 artiﬁcis
2729 5647 2939 5692 animum
2958 5649 3122 5692 tratm

2019 5667 2123 5707 Mss.
2143 5659 2379 5719 quinque,
2405 5667 2491 5719 per
2507 5647 2707 5719 artiﬁcis
2958 5647 3364 5708 trajicitur.1res
3379 5656 3499 5701 vero

1913 5723 1990 5771 alii
2010 5758 2023 5783 ,
2046 5735 2131 5784 per
2154 5708 2354 5783 artiﬁcis
2368 5708 2660 5784 'ttoluntatem
2679 5708 2941 5770 trajicitur.

1978 5785 1998 5816 ἰ
2013 5776 2188 5833 Ἰίιιιι-ἀδ
2212 5776 2336 5848 itis...
2356 5776 2530 5828 colunt.

2090 5860 2131 5876 νδ(
