  <div class='ocr_page' id='page_1' title='image "/cluster/home/n/w/nwhite01/storage/ocr_20150623/40/uva.x000669811/055.png"; bbox 0 0 3996 6282; ppageno 0'>
   <div class='ocr_carea' id='block_1_1' title="bbox 641 269 3931 343">
    <p class='ocr_par' dir='ltr' id='par_1_1' title="bbox 641 269 3931 343">
     <span class='ocr_line' id='line_1_1' title="bbox 641 269 3931 343; baseline 0 -14"><span class='ocrx_word' id='word_1_1' title='bbox 641 279 714 338; x_wconf 74' lang='lat'><strong>95</strong></span> <span class='ocrx_word' id='word_1_2' title='bbox 1372 272 1460 331; x_wconf 87' lang='lat' dir='ltr'><strong>DE</strong></span> <span class='ocrx_word' id='word_1_3' title='bbox 1501 271 1807 331; x_wconf 82' lang='lat' dir='ltr'><strong>DIVERSIS</strong></span> <span class='ocrx_word' id='word_1_4' title='bbox 1842 269 2365 340; x_wconf 63' lang='lat' dir='ltr'><strong>QUlESTIONIBUS</strong></span> <span class='ocrx_word' id='word_1_5' title='bbox 2404 272 2692 343; x_wconf 78' lang='lat' dir='ltr'><strong>LXXXIII,</strong></span> <span class='ocrx_word' id='word_1_6' title='bbox 2733 275 2790 330; x_wconf 91' lang='lat' dir='ltr'><strong>S.</strong></span> <span class='ocrx_word' id='word_1_7' title='bbox 2833 273 3198 332; x_wconf 79' lang='lat' dir='ltr'><strong>AUGUSTINI</strong></span> <span class='ocrx_word' id='word_1_8' title='bbox 3873 281 3931 341; x_wconf 79' lang='lat'><strong>96</strong></span> 
     </span>
    </p>
   </div>
   <div class='ocr_carea' id='block_1_2' title="bbox 638 387 2230 463">
    <p class='ocr_par' dir='ltr' id='par_1_2' title="bbox 638 387 2230 463">
     <span class='ocr_line' id='line_1_2' title="bbox 638 387 2230 463; baseline -0.003 -17"><span class='ocrx_word' id='word_1_9' title='bbox 638 407 794 461; x_wconf 85' lang='lat' dir='ltr'><strong>quam</strong></span> <span class='ocrx_word' id='word_1_10' title='bbox 810 398 867 446; x_wconf 82' lang='lat' dir='ltr'><strong>ut</strong></span> <span class='ocrx_word' id='word_1_11' title='bbox 887 391 1109 446; x_wconf 81' lang='lat' dir='ltr'><strong>animam</strong></span> <span class='ocrx_word' id='word_1_12' title='bbox 1135 406 1280 445; x_wconf 80' lang='lat' dir='ltr'><strong>suam</strong></span> <span class='ocrx_word' id='word_1_13' title='bbox 1301 401 1454 461; x_wconf 83' lang='lat' dir='ltr'><strong>ponat</strong></span> <span class='ocrx_word' id='word_1_14' title='bbox 1483 393 1595 463; x_wconf 80' lang='lat' dir='ltr'><strong>quis</strong></span> <span class='ocrx_word' id='word_1_15' title='bbox 1613 409 1705 462; x_wconf 81' lang='lat' dir='ltr'><strong>pro</strong></span> <span class='ocrx_word' id='word_1_16' title='bbox 1731 391 1906 445; x_wconf 81' lang='lat' dir='ltr'><strong>amicis</strong></span> <span class='ocrx_word' id='word_1_17' title='bbox 1932 390 2037 444; x_wconf 80' lang='lat' dir='ltr'><strong>suis</strong></span> <span class='ocrx_word' id='word_1_18' title='bbox 2054 387 2230 461; x_wconf 82' lang='lat' dir='ltr'><strong>(Joan.</strong></span> 
     </span>
    </p>
   </div>
   <div class='ocr_carea' id='block_1_3' title="bbox 640 477 2232 552">
    <p class='ocr_par' dir='ltr' id='par_1_3' title="bbox 640 477 2232 552">
     <span class='ocr_line' id='line_1_3' title="bbox 640 477 2232 552; baseline -0.003 -15"><span class='ocrx_word' id='word_1_19' title='bbox 640 495 736 550; x_wconf 79' lang='lat' dir='ltr'><strong>xv,</strong></span> <span class='ocrx_word' id='word_1_20' title='bbox 783 481 890 552; x_wconf 79' lang='lat' dir='ltr'><strong>l3)</strong></span> <span class='ocrx_word' id='word_1_21' title='bbox 919 498 932 536; x_wconf 92' lang='lat'><strong>:</strong></span> <span class='ocrx_word' id='word_1_22' title='bbox 965 496 1082 551; x_wconf 84' lang='lat' dir='ltr'><strong>quae</strong></span> <span class='ocrx_word' id='word_1_23' title='bbox 1109 480 1239 536; x_wconf 93' lang='lat' dir='ltr'><strong>mihi</strong></span> <span class='ocrx_word' id='word_1_24' title='bbox 1269 482 1517 550; x_wconf 79' lang='lat' dir='ltr'><strong>pervicax</strong></span> <span class='ocrx_word' id='word_1_25' title='bbox 1546 481 1906 537; x_wconf 87' lang='lat' dir='ltr'><strong>contradictor</strong></span> <span class='ocrx_word' id='word_1_26' title='bbox 1934 487 2109 549; x_wconf 88' lang='lat' dir='ltr'><strong>potest</strong></span> <span class='ocrx_word' id='word_1_27' title='bbox 2149 477 2232 532; x_wconf 92' lang='lat' dir='ltr'><strong>di-</strong></span> 
     </span>
    </p>
   </div>
   <div class='ocr_carea' id='block_1_4' title="bbox 639 570 2234 642">
    <p class='ocr_par' dir='ltr' id='par_1_4' title="bbox 639 570 2234 642">
     <span class='ocr_line' id='line_1_4' title="bbox 639 570 2234 642; baseline -0.001 -15"><span class='ocrx_word' id='word_1_28' title='bbox 639 586 766 628; x_wconf 86' lang='lat' dir='ltr'><strong>cere</strong></span> <span class='ocrx_word' id='word_1_29' title='bbox 789 572 1009 642; x_wconf 88' lang='lat' dir='ltr'><strong>ﬁgurate</strong></span> <span class='ocrx_word' id='word_1_30' title='bbox 1037 589 1067 628; x_wconf 89' lang='lat' dir='ltr'><strong>a</strong></span> <span class='ocrx_word' id='word_1_31' title='bbox 1094 572 1320 628; x_wconf 91' lang='lat' dir='ltr'><strong>Domino</strong></span> <span class='ocrx_word' id='word_1_32' title='bbox 1339 571 1512 640; x_wconf 89' lang='lat' dir='ltr'><strong>dicta;</strong></span> <span class='ocrx_word' id='word_1_33' title='bbox 1541 574 1677 629; x_wconf 90' lang='lat' dir='ltr'><strong>sicut</strong></span> <span class='ocrx_word' id='word_1_34' title='bbox 1701 573 1864 627; x_wconf 87' lang='lat' dir='ltr'><strong>multa</strong></span> <span class='ocrx_word' id='word_1_35' title='bbox 1889 573 1944 627; x_wconf 87' lang='lat' dir='ltr'><strong>in</strong></span> <span class='ocrx_word' id='word_1_36' title='bbox 1972 570 2234 642; x_wconf 83' lang='lat' dir='ltr'><strong>parabolis</strong></span> 
     </span>
    </p>
   </div>
   <div class='ocr_carea' id='block_1_5' title="bbox 637 664 2234 721">
    <p class='ocr_par' dir='ltr' id='par_1_5' title="bbox 637 664 2234 721">
     <span class='ocr_line' id='line_1_5' title="bbox 637 664 2234 721; baseline 0.001 -2"><span class='ocrx_word' id='word_1_37' title='bbox 637 679 765 719; x_wconf 87' lang='lat' dir='ltr'><strong>eum</strong></span> <span class='ocrx_word' id='word_1_38' title='bbox 789 664 1022 720; x_wconf 91' lang='lat' dir='ltr'><strong>locutum</strong></span> <span class='ocrx_word' id='word_1_39' title='bbox 1047 679 1168 720; x_wconf 89' lang='lat' dir='ltr'><strong>esse</strong></span> <span class='ocrx_word' id='word_1_40' title='bbox 1196 665 1536 721; x_wconf 87' lang='lat' dir='ltr'><strong>manifestum</strong></span> <span class='ocrx_word' id='word_1_41' title='bbox 1562 675 1663 721; x_wconf 88' lang='lat' dir='ltr'><strong>est.</strong></span> <span class='ocrx_word' id='word_1_42' title='bbox 1693 665 1825 721; x_wconf 88' lang='lat' dir='ltr'><strong>Nam</strong></span> <span class='ocrx_word' id='word_1_43' title='bbox 1854 665 1954 721; x_wconf 90' lang='lat' dir='ltr'><strong>etsi</strong></span> <span class='ocrx_word' id='word_1_44' title='bbox 1983 665 2082 720; x_wconf 86' lang='lat' dir='ltr'><strong>ista</strong></span> <span class='ocrx_word' id='word_1_45' title='bbox 2126 677 2234 720; x_wconf 92' lang='lat' dir='ltr'><strong>non</strong></span> 
     </span>
    </p>
   </div>
   <div class='ocr_carea' id='block_1_6' title="bbox 637 755 2234 829">
    <p class='ocr_par' dir='ltr' id='par_1_6' title="bbox 637 755 2234 829">
     <span class='ocr_line' id='line_1_6' title="bbox 637 755 2234 829; baseline 0.001 -19"><span class='ocrx_word' id='word_1_46' title='bbox 637 757 717 810; x_wconf 78' lang='lat' dir='ltr'><strong>ita</strong></span> <span class='ocrx_word' id='word_1_47' title='bbox 743 763 901 822; x_wconf 89' lang='lat' dir='ltr'><strong>sunt,</strong></span> <span class='ocrx_word' id='word_1_48' title='bbox 943 769 1048 810; x_wconf 91' lang='lat' dir='ltr'><strong>non</strong></span> <span class='ocrx_word' id='word_1_49' title='bbox 1083 765 1258 812; x_wconf 89' lang='lat' dir='ltr'><strong>tamen</strong></span> <span class='ocrx_word' id='word_1_50' title='bbox 1287 772 1421 828; x_wconf 92' lang='lat' dir='ltr'><strong>opus</strong></span> <span class='ocrx_word' id='word_1_51' title='bbox 1457 766 1541 812; x_wconf 90' lang='lat' dir='ltr'><strong>est</strong></span> <span class='ocrx_word' id='word_1_52' title='bbox 1575 758 1884 828; x_wconf 74' lang='lat' dir='ltr'><strong>pugnaciter</strong></span> <span class='ocrx_word' id='word_1_53' title='bbox 1922 772 2113 829; x_wconf 88' lang='lat' dir='ltr'><strong>agere,</strong></span> <span class='ocrx_word' id='word_1_54' title='bbox 2144 755 2234 812; x_wconf 91' lang='lat' dir='ltr'><strong>ubi</strong></span> 
     </span>
    </p>
   </div>
   <div class='ocr_carea' id='block_1_7' title="bbox 635 843 2233 920">
    <p class='ocr_par' dir='ltr' id='par_1_7' title="bbox 635 843 2233 920">
     <span class='ocr_line' id='line_1_7' title="bbox 635 843 2233 920; baseline 0.004 -22"><span class='ocrx_word' id='word_1_55' title='bbox 635 843 898 900; x_wconf 90' lang='lat' dir='ltr'><strong>habemus</strong></span> <span class='ocrx_word' id='word_1_56' title='bbox 926 846 1381 916; x_wconf 87' lang='lat' dir='ltr'><strong>Evangelistarum</strong></span> <span class='ocrx_word' id='word_1_57' title='bbox 1407 849 1766 916; x_wconf 76' lang='lat' dir='ltr'><strong>narrationes,</strong></span> <span class='ocrx_word' id='word_1_58' title='bbox 1809 863 1906 919; x_wconf 88' lang='lat' dir='ltr'><strong>per</strong></span> <span class='ocrx_word' id='word_1_59' title='bbox 1942 864 2074 920; x_wconf 87' lang='lat' dir='ltr'><strong>quas</strong></span> <span class='ocrx_word' id='word_1_60' title='bbox 2109 863 2233 904; x_wconf 90' lang='lat' dir='ltr'><strong>eum</strong></span> 
     </span>
    </p>
   </div>
   <div class='ocr_carea' id='block_1_8' title="bbox 634 936 2234 1010">
    <p class='ocr_par' dir='ltr' id='par_1_8' title="bbox 634 936 2234 1010">
     <span class='ocr_line' id='line_1_8' title="bbox 634 936 2234 1010; baseline 0.002 -18"><span class='ocrx_word' id='word_1_61' title='bbox 634 945 690 992; x_wconf 89' lang='lat' dir='ltr'><strong>et</strong></span> <span class='ocrx_word' id='word_1_62' title='bbox 737 944 919 991; x_wconf 91' lang='lat' dir='ltr'><strong>natum</strong></span> <span class='ocrx_word' id='word_1_63' title='bbox 948 936 1015 992; x_wconf 90' lang='lat' dir='ltr'><strong>de</strong></span> <span class='ocrx_word' id='word_1_64' title='bbox 1044 937 1207 993; x_wconf 79' lang='lat' dir='ltr'><strong>Maria</strong></span> <span class='ocrx_word' id='word_1_65' title='bbox 1235 939 1438 1008; x_wconf 81' lang='lat' dir='ltr'><strong>virgine</strong></span> <span class='ocrx_word' id='word_1_66' title='bbox 1464 940 1812 1010; x_wconf 83' lang='lat' dir='ltr'><strong>cognovimus</strong></span> <span class='ocrx_word' id='word_1_67' title='bbox 1831 980 1846 1005; x_wconf 91' lang='lat'><strong>,</strong></span> <span class='ocrx_word' id='word_1_68' title='bbox 1891 947 1946 994; x_wconf 91' lang='lat' dir='ltr'><strong>et</strong></span> <span class='ocrx_word' id='word_1_69' title='bbox 1985 953 2234 1009; x_wconf 86' lang='lat' dir='ltr'><strong>compre-</strong></span> 
     </span>
    </p>
   </div>
   <div class='ocr_carea' id='block_1_9' title="bbox 636 1028 2234 1101">
    <p class='ocr_par' dir='ltr' id='par_1_9' title="bbox 636 1028 2234 1101">
     <span class='ocr_line' id='line_1_9' title="bbox 636 1028 2234 1101; baseline 0.003 -18"><span class='ocrx_word' id='word_1_70' title='bbox 636 1028 866 1084; x_wconf 89' lang='lat' dir='ltr'><strong>hensum</strong></span> <span class='ocrx_word' id='word_1_71' title='bbox 897 1045 926 1083; x_wconf 89' lang='lat' dir='ltr'><strong>a</strong></span> <span class='ocrx_word' id='word_1_72' title='bbox 952 1029 1171 1098; x_wconf 75' lang='lat' dir='ltr'><strong>Iudaeis,</strong></span> <span class='ocrx_word' id='word_1_73' title='bbox 1200 1039 1256 1086; x_wconf 91' lang='lat' dir='ltr'><strong>et</strong></span> <span class='ocrx_word' id='word_1_74' title='bbox 1277 1030 1598 1101; x_wconf 86' lang='lat' dir='ltr'><strong>ﬂagellatum</strong></span> <span class='ocrx_word' id='word_1_75' title='bbox 1615 1072 1630 1098; x_wconf 97' lang='lat'><strong>,</strong></span> <span class='ocrx_word' id='word_1_76' title='bbox 1657 1040 1713 1087; x_wconf 86' lang='lat' dir='ltr'><strong>et</strong></span> <span class='ocrx_word' id='word_1_77' title='bbox 1738 1031 2050 1087; x_wconf 86' lang='lat' dir='ltr'><strong>cruciﬁxum</strong></span> <span class='ocrx_word' id='word_1_78' title='bbox 2075 1039 2234 1101; x_wconf 86' lang='lat' dir='ltr'><strong>atque</strong></span> 
     </span>
    </p>
   </div>
   <div class='ocr_carea' id='block_1_10' title="bbox 633 1119 2233 1193">
    <p class='ocr_par' dir='ltr' id='par_1_10' title="bbox 633 1119 2233 1193">
     <span class='ocr_line' id='line_1_10' title="bbox 633 1119 2233 1193; baseline 0 -17"><span class='ocrx_word' id='word_1_79' title='bbox 633 1119 1055 1188; x_wconf 87' lang='lat' dir='ltr'><strong>interfectum,et</strong></span> <span class='ocrx_word' id='word_1_80' title='bbox 1071 1123 1335 1192; x_wconf 90' lang='lat' dir='ltr'><strong>sepultum</strong></span> <span class='ocrx_word' id='word_1_81' title='bbox 1349 1123 1400 1177; x_wconf 90' lang='lat' dir='ltr'><strong>in</strong></span> <span class='ocrx_word' id='word_1_82' title='bbox 1414 1131 1782 1188; x_wconf 89' lang='lat' dir='ltr'><strong>monumento;</strong></span> <span class='ocrx_word' id='word_1_83' title='bbox 1795 1137 1913 1193; x_wconf 73' lang='lat' dir='ltr'><strong>qum</strong></span> <span class='ocrx_word' id='word_1_84' title='bbox 1924 1122 2102 1177; x_wconf 86' lang='lat' dir='ltr'><strong>omnia</strong></span> <span class='ocrx_word' id='word_1_85' title='bbox 2118 1123 2233 1177; x_wconf 88' lang='lat' dir='ltr'><strong>sine</strong></span> 
     </span>
    </p>
   </div>
   <div class='ocr_carea' id='block_1_11' title="bbox 634 1212 2231 1285">
    <p class='ocr_par' dir='ltr' id='par_1_11' title="bbox 634 1212 2231 1285">
     <span class='ocr_line' id='line_1_11' title="bbox 634 1212 2231 1285; baseline -0.001 -17"><span class='ocrx_word' id='word_1_86' title='bbox 634 1227 859 1284; x_wconf 89' lang='lat' dir='ltr'><strong>corpore</strong></span> <span class='ocrx_word' id='word_1_87' title='bbox 885 1213 1180 1284; x_wconf 77' lang='lat' dir='ltr'><strong>intelligere</strong></span> <span class='ocrx_word' id='word_1_88' title='bbox 1200 1214 1334 1269; x_wconf 84' lang='lat' dir='ltr'><strong>facta</strong></span> <span class='ocrx_word' id='word_1_89' title='bbox 1362 1229 1522 1269; x_wconf 89' lang='lat' dir='ltr'><strong>nemo</strong></span> <span class='ocrx_word' id='word_1_90' title='bbox 1544 1222 1736 1285; x_wconf 90' lang='lat' dir='ltr'><strong>potest.</strong></span> <span class='ocrx_word' id='word_1_91' title='bbox 1765 1213 1875 1269; x_wconf 89' lang='lat' dir='ltr'><strong>Nec</strong></span> <span class='ocrx_word' id='word_1_92' title='bbox 1901 1212 2022 1268; x_wconf 90' lang='lat' dir='ltr'><strong>ﬁcte</strong></span> <span class='ocrx_word' id='word_1_93' title='bbox 2045 1219 2138 1267; x_wconf 89' lang='lat' dir='ltr'><strong>aut</strong></span> <span class='ocrx_word' id='word_1_94' title='bbox 2165 1212 2231 1266; x_wconf 89' lang='lat' dir='ltr'><strong>ﬁ-</strong></span> 
     </span>
    </p>
   </div>
   <div class='ocr_carea' id='block_1_12' title="bbox 633 1305 2232 1378">
    <p class='ocr_par' dir='ltr' id='par_1_12' title="bbox 633 1305 2232 1378">
     <span class='ocr_line' id='line_1_12' title="bbox 633 1305 2232 1378; baseline 0.001 -17"><span class='ocrx_word' id='word_1_95' title='bbox 633 1315 820 1377; x_wconf 87' lang='lat' dir='ltr'><strong>gurate</strong></span> <span class='ocrx_word' id='word_1_96' title='bbox 851 1305 1161 1377; x_wconf 88' lang='lat' dir='ltr'><strong>accipienda</strong></span> <span class='ocrx_word' id='word_1_97' title='bbox 1190 1308 1466 1378; x_wconf 82' lang='lat' dir='ltr'><strong>quisquam</strong></span> <span class='ocrx_word' id='word_1_98' title='bbox 1504 1308 1590 1364; x_wconf 87' lang='lat' dir='ltr'><strong>vel</strong></span> <span class='ocrx_word' id='word_1_99' title='bbox 1625 1307 2056 1363; x_wconf 89' lang='lat' dir='ltr'><strong>dementissimus</strong></span> <span class='ocrx_word' id='word_1_100' title='bbox 2079 1305 2232 1362; x_wconf 82' lang='lat' dir='ltr'><strong>dixe-</strong></span> 
     </span>
    </p>
   </div>
   <div class='ocr_carea' id='block_1_13' title="bbox 632 1397 2233 1470">
    <p class='ocr_par' dir='ltr' id='par_1_13' title="bbox 632 1397 2233 1470">
     <span class='ocr_line' id='line_1_13' title="bbox 632 1397 2233 1470; baseline -0.001 -17"><span class='ocrx_word' id='word_1_101' title='bbox 632 1401 735 1467; x_wconf 91' lang='lat' dir='ltr'><strong>rit;</strong></span> <span class='ocrx_word' id='word_1_102' title='bbox 775 1414 897 1454; x_wconf 92' lang='lat' dir='ltr'><strong>cum</strong></span> <span class='ocrx_word' id='word_1_103' title='bbox 919 1397 1060 1454; x_wconf 91' lang='lat' dir='ltr'><strong>dicta</strong></span> <span class='ocrx_word' id='word_1_104' title='bbox 1091 1402 1199 1454; x_wconf 91' lang='lat' dir='ltr'><strong>sint</strong></span> <span class='ocrx_word' id='word_1_105' title='bbox 1223 1399 1289 1454; x_wconf 89' lang='lat' dir='ltr'><strong>ab</strong></span> <span class='ocrx_word' id='word_1_106' title='bbox 1309 1400 1387 1454; x_wconf 90' lang='lat' dir='ltr'><strong>eis</strong></span> <span class='ocrx_word' id='word_1_107' title='bbox 1412 1400 1504 1470; x_wconf 85' lang='lat' dir='ltr'><strong>qui</strong></span> <span class='ocrx_word' id='word_1_108' title='bbox 1542 1413 1627 1455; x_wconf 89' lang='lat' dir='ltr'><strong>res</strong></span> <span class='ocrx_word' id='word_1_109' title='bbox 1654 1408 1832 1468; x_wconf 89' lang='lat' dir='ltr'><strong>gestas</strong></span> <span class='ocrx_word' id='word_1_110' title='bbox 1850 1439 1865 1465; x_wconf 96' lang='lat'><strong>,</strong></span> <span class='ocrx_word' id='word_1_111' title='bbox 1890 1407 1948 1453; x_wconf 93' lang='lat' dir='ltr'><strong>ut</strong></span> <span class='ocrx_word' id='word_1_112' title='bbox 1971 1399 2233 1454; x_wconf 82' lang='lat' dir='ltr'><strong>memine-</strong></span> 
     </span>
    </p>
   </div>
   <div class='ocr_carea' id='block_1_14' title="bbox 632 1491 2232 1564">
    <p class='ocr_par' dir='ltr' id='par_1_14' title="bbox 632 1491 2232 1564">
     <span class='ocr_line' id='line_1_14' title="bbox 632 1491 2232 1564; baseline -0.001 -17"><span class='ocrx_word' id='word_1_113' title='bbox 632 1501 776 1556; x_wconf 84' lang='lat' dir='ltr'><strong>rant,</strong></span> <span class='ocrx_word' id='word_1_114' title='bbox 800 1501 1168 1548; x_wconf 89' lang='lat' dir='ltr'><strong>narraverunt.</strong></span> <span class='ocrx_word' id='word_1_115' title='bbox 1192 1492 1337 1549; x_wconf 87' lang='lat' dir='ltr'><strong>Sicut</strong></span> <span class='ocrx_word' id='word_1_116' title='bbox 1359 1508 1487 1563; x_wconf 90' lang='lat' dir='ltr'><strong>ergo</strong></span> <span class='ocrx_word' id='word_1_117' title='bbox 1507 1493 1606 1547; x_wconf 90' lang='lat' dir='ltr'><strong>ista</strong></span> <span class='ocrx_word' id='word_1_118' title='bbox 1627 1507 1824 1564; x_wconf 90' lang='lat' dir='ltr'><strong>corpus</strong></span> <span class='ocrx_word' id='word_1_119' title='bbox 1842 1507 1962 1547; x_wconf 91' lang='lat' dir='ltr'><strong>eum</strong></span> <span class='ocrx_word' id='word_1_120' title='bbox 1985 1491 2232 1546; x_wconf 87' lang='lat' dir='ltr'><strong>habuisse</strong></span> 
     </span>
    </p>
   </div>
   <div class='ocr_carea' id='block_1_15' title="bbox 637 1583 2233 1653">
    <p class='ocr_par' dir='ltr' id='par_1_15' title="bbox 637 1583 2233 1653">
     <span class='ocr_line' id='line_1_15' title="bbox 637 1583 2233 1653; baseline -0.003 -11"><span class='ocrx_word' id='word_1_121' title='bbox 637 1595 920 1653; x_wconf 84' lang='lat' dir='ltr'><strong>testantur,</strong></span> <span class='ocrx_word' id='word_1_122' title='bbox 943 1587 1023 1643; x_wconf 91' lang='lat' dir='ltr'><strong>sic</strong></span> <span class='ocrx_word' id='word_1_123' title='bbox 1047 1602 1170 1642; x_wconf 92' lang='lat' dir='ltr'><strong>eum</strong></span> <span class='ocrx_word' id='word_1_124' title='bbox 1197 1587 1433 1642; x_wconf 90' lang='lat' dir='ltr'><strong>indicant</strong></span> <span class='ocrx_word' id='word_1_125' title='bbox 1461 1586 1711 1642; x_wconf 85' lang='lat' dir='ltr'><strong>habuisse</strong></span> <span class='ocrx_word' id='word_1_126' title='bbox 1737 1585 1969 1640; x_wconf 86' lang='lat' dir='ltr'><strong>animam</strong></span> <span class='ocrx_word' id='word_1_127' title='bbox 1996 1583 2233 1640; x_wconf 81' lang='lat' dir='ltr'><strong>affectio-</strong></span> 
     </span>
    </p>
   </div>
   <div class='ocr_carea' id='block_1_16' title="bbox 632 1678 2231 1750">
    <p class='ocr_par' dir='ltr' id='par_1_16' title="bbox 632 1678 2231 1750">
     <span class='ocr_line' id='line_1_16' title="bbox 632 1678 2231 1750; baseline -0.001 -16"><span class='ocrx_word' id='word_1_128' title='bbox 632 1693 734 1735; x_wconf 85' lang='lat' dir='ltr'><strong>nes</strong></span> <span class='ocrx_word' id='word_1_129' title='bbox 764 1679 868 1734; x_wconf 73' lang='lat' dir='ltr'><strong>illa:</strong></span> <span class='ocrx_word' id='word_1_130' title='bbox 888 1721 904 1746; x_wconf 91' lang='lat'><strong>,</strong></span> <span class='ocrx_word' id='word_1_131' title='bbox 935 1696 1055 1750; x_wconf 76' lang='lat' dir='ltr'><strong>qua:</strong></span> <span class='ocrx_word' id='word_1_132' title='bbox 1086 1696 1192 1735; x_wconf 91' lang='lat' dir='ltr'><strong>non</strong></span> <span class='ocrx_word' id='word_1_133' title='bbox 1238 1689 1460 1750; x_wconf 88' lang='lat' dir='ltr'><strong>possunt</strong></span> <span class='ocrx_word' id='word_1_134' title='bbox 1484 1694 1604 1735; x_wconf 89' lang='lat' dir='ltr'><strong>esse</strong></span> <span class='ocrx_word' id='word_1_135' title='bbox 1633 1679 1734 1734; x_wconf 87' lang='lat' dir='ltr'><strong>nisi</strong></span> <span class='ocrx_word' id='word_1_136' title='bbox 1765 1680 1818 1732; x_wconf 91' lang='lat' dir='ltr'><strong>in</strong></span> <span class='ocrx_word' id='word_1_137' title='bbox 1848 1678 2024 1732; x_wconf 90' lang='lat' dir='ltr'><strong>anima</strong></span> <span class='ocrx_word' id='word_1_138' title='bbox 2056 1694 2068 1730; x_wconf 95' lang='lat'>:</span> <span class='ocrx_word' id='word_1_139' title='bbox 2099 1691 2231 1746; x_wconf 87' lang='lat' dir='ltr'><strong>quas</strong></span> 
     </span>
    </p>
   </div>
   <div class='ocr_carea' id='block_1_17' title="bbox 630 1767 2228 1842">
    <p class='ocr_par' dir='ltr' id='par_1_17' title="bbox 630 1767 2228 1842">
     <span class='ocr_line' id='line_1_17' title="bbox 630 1767 2228 1842; baseline -0.003 -17"><span class='ocrx_word' id='word_1_140' title='bbox 630 1770 978 1827; x_wconf 89' lang='lat' dir='ltr'><strong>nihilominus</strong></span> <span class='ocrx_word' id='word_1_141' title='bbox 997 1771 1198 1828; x_wconf 85' lang='lat' dir='ltr'><strong>eisdem</strong></span> <span class='ocrx_word' id='word_1_142' title='bbox 1228 1770 1584 1842; x_wconf 84' lang='lat' dir='ltr'><strong>Evangelistis</strong></span> <span class='ocrx_word' id='word_1_143' title='bbox 1623 1769 1961 1825; x_wconf 89' lang='lat' dir='ltr'><strong>narrantibus</strong></span> <span class='ocrx_word' id='word_1_144' title='bbox 1984 1767 2228 1838; x_wconf 87' lang='lat' dir='ltr'><strong>legimus.</strong></span> 
     </span>
    </p>
   </div>
   <div class='ocr_carea' id='block_1_18' title="bbox 633 1847 2226 1936">
    <p class='ocr_par' dir='ltr' id='par_1_18' title="bbox 633 1847 2226 1936">
     <span class='ocr_line' id='line_1_18' title="bbox 633 1847 2226 1936; baseline -0.003 -20"><span class='ocrx_word' id='word_1_145' title='bbox 633 1861 703 1917; x_wconf 87' lang='lat' dir='ltr'><strong>Et</strong></span> <span class='ocrx_word' id='word_1_146' title='bbox 722 1863 947 1917; x_wconf 88' lang='lat' dir='ltr'><strong>miratus</strong></span> <span class='ocrx_word' id='word_1_147' title='bbox 966 1872 1048 1918; x_wconf 90' lang='lat' dir='ltr'><strong>est</strong></span> <span class='ocrx_word' id='word_1_148' title='bbox 1068 1863 1225 1918; x_wconf 90' lang='lat' dir='ltr'><strong>Jesus</strong></span> <span class='ocrx_word' id='word_1_149' title='bbox 1243 1847 1470 1936; x_wconf 78' lang='lat' dir='ltr'><strong>(Matth.</strong></span> <span class='ocrx_word' id='word_1_150' title='bbox 1495 1877 1604 1924; x_wconf 83' lang='lat' dir='ltr'><strong>vui,</strong></span> <span class='ocrx_word' id='word_1_151' title='bbox 1632 1859 1757 1931; x_wconf 90' lang='grc'><strong>10),</strong></span> <span class='ocrx_word' id='word_1_152' title='bbox 1779 1869 1833 1916; x_wconf 92' lang='lat' dir='ltr'><strong>et</strong></span> <span class='ocrx_word' id='word_1_153' title='bbox 1854 1861 2018 1915; x_wconf 91' lang='lat' dir='ltr'><strong>iratus</strong></span> <span class='ocrx_word' id='word_1_154' title='bbox 2049 1858 2226 1929; x_wconf 83' lang='lat' dir='ltr'><strong>(Joan.</strong></span> 
     </span>
    </p>
   </div>
   <div class='ocr_carea' id='block_1_19' title="bbox 629 1952 2230 2028">
    <p class='ocr_par' dir='ltr' id='par_1_19' title="bbox 629 1952 2230 2028">
     <span class='ocr_line' id='line_1_19' title="bbox 629 1952 2230 2028; baseline -0.002 -19"><span class='ocrx_word' id='word_1_155' title='bbox 629 1970 708 2020; x_wconf 80' lang='grc' dir='ltr'><strong>ιιι,</strong></span> <span class='ocrx_word' id='word_1_156' title='bbox 736 1956 804 2010; x_wconf 82' lang='grc'><strong>15</strong></span> <span class='ocrx_word' id='word_1_157' title='bbox 825 1955 844 2025; x_wconf 97' lang='grc'>)</span> <span class='ocrx_word' id='word_1_158' title='bbox 864 1997 879 2022; x_wconf 97' lang='grc'><strong>,</strong></span> <span class='ocrx_word' id='word_1_159' title='bbox 909 1964 963 2010; x_wconf 91' lang='lat' dir='ltr'><strong>et</strong></span> <span class='ocrx_word' id='word_1_160' title='bbox 986 1956 1329 2011; x_wconf 89' lang='lat' dir='ltr'><strong>contristatus</strong></span> <span class='ocrx_word' id='word_1_161' title='bbox 1359 1954 1562 2028; x_wconf 84' lang='lat' dir='ltr'><strong>(Marc.</strong></span> <span class='ocrx_word' id='word_1_162' title='bbox 1587 1970 1666 2020; x_wconf 86' lang='grc' dir='ltr'><strong>ιιι,</strong></span> <span class='ocrx_word' id='word_1_163' title='bbox 1695 1952 1762 2022; x_wconf 82' lang='lat'><strong>5)</strong></span> <span class='ocrx_word' id='word_1_164' title='bbox 1787 1995 1799 2016; x_wconf 89' lang='lat'><strong>,</strong></span> <span class='ocrx_word' id='word_1_165' title='bbox 1832 1961 1887 2007; x_wconf 91' lang='lat' dir='ltr'><strong>et</strong></span> <span class='ocrx_word' id='word_1_166' title='bbox 1905 1953 2230 2008; x_wconf 84' lang='lat' dir='ltr'><strong>exhilaratus</strong></span> 
     </span>
    </p>
   </div>
   <div class='ocr_carea' id='block_1_20' title="bbox 633 2041 2232 2114">
    <p class='ocr_par' dir='ltr' id='par_1_20' title="bbox 633 2041 2232 2114">
     <span class='ocr_line' id='line_1_20' title="bbox 633 2041 2232 2114; baseline 0 -18"><span class='ocrx_word' id='word_1_167' title='bbox 633 2043 829 2114; x_wconf 84' lang='lat' dir='ltr'><strong>(Joan.</strong></span> <span class='ocrx_word' id='word_1_168' title='bbox 861 2060 935 2110; x_wconf 80' lang='grc' dir='ltr'><strong>ιιι,</strong></span> <span class='ocrx_word' id='word_1_169' title='bbox 978 2045 1103 2114; x_wconf 84' lang='grc'><strong>15),</strong></span> <span class='ocrx_word' id='word_1_170' title='bbox 1150 2053 1206 2100; x_wconf 91' lang='lat' dir='ltr'><strong>et</strong></span> <span class='ocrx_word' id='word_1_171' title='bbox 1231 2045 1392 2098; x_wconf 88' lang='lat' dir='ltr'><strong>multa</strong></span> <span class='ocrx_word' id='word_1_172' title='bbox 1426 2045 1551 2099; x_wconf 89' lang='lat' dir='ltr'><strong>talia</strong></span> <span class='ocrx_word' id='word_1_173' title='bbox 1600 2042 2028 2098; x_wconf 87' lang='lat' dir='ltr'><strong>innumerabilia.</strong></span> <span class='ocrx_word' id='word_1_174' title='bbox 2081 2041 2232 2096; x_wconf 83' lang='lat' dir='ltr'><strong>Sicut</strong></span> 
     </span>
    </p>
   </div>
   <div class='ocr_carea' id='block_1_21' title="bbox 631 2134 2231 2206">
    <p class='ocr_par' dir='ltr' id='par_1_21' title="bbox 631 2134 2231 2206">
     <span class='ocr_line' id='line_1_21' title="bbox 631 2134 2231 2206; baseline 0.002 -19"><span class='ocrx_word' id='word_1_175' title='bbox 631 2134 794 2188; x_wconf 87' lang='lat' dir='ltr'><strong>etiam</strong></span> <span class='ocrx_word' id='word_1_176' title='bbox 821 2135 909 2190; x_wconf 89' lang='lat' dir='ltr'><strong>illa</strong></span> <span class='ocrx_word' id='word_1_177' title='bbox 938 2151 1055 2205; x_wconf 79' lang='lat' dir='ltr'><strong>quae</strong></span> <span class='ocrx_word' id='word_1_178' title='bbox 1085 2137 1366 2206; x_wconf 86' lang='lat' dir='ltr'><strong>conjuncta</strong></span> <span class='ocrx_word' id='word_1_179' title='bbox 1407 2136 1564 2191; x_wconf 88' lang='lat' dir='ltr'><strong>simul</strong></span> <span class='ocrx_word' id='word_1_180' title='bbox 1592 2135 1765 2190; x_wconf 89' lang='lat' dir='ltr'><strong>ofﬁcia</strong></span> <span class='ocrx_word' id='word_1_181' title='bbox 1815 2141 1870 2189; x_wconf 92' lang='lat' dir='ltr'><strong>et</strong></span> <span class='ocrx_word' id='word_1_182' title='bbox 1909 2135 2149 2204; x_wconf 88' lang='lat' dir='ltr'><strong>corporis</strong></span> <span class='ocrx_word' id='word_1_183' title='bbox 2177 2143 2231 2190; x_wconf 90' lang='lat' dir='ltr'><strong>et</strong></span> 
     </span>
    </p>
   </div>
   <div class='ocr_carea' id='block_1_22' title="bbox 631 2227 2226 2298">
    <p class='ocr_par' dir='ltr' id='par_1_22' title="bbox 631 2227 2226 2298">
     <span class='ocr_line' id='line_1_22' title="bbox 631 2227 2226 2298; baseline 0.001 -18"><span class='ocrx_word' id='word_1_184' title='bbox 631 2228 827 2281; x_wconf 85' lang='lat' dir='ltr'><strong>animae</strong></span> <span class='ocrx_word' id='word_1_185' title='bbox 852 2228 1186 2283; x_wconf 86' lang='lat' dir='ltr'><strong>ostendunt:</strong></span> <span class='ocrx_word' id='word_1_186' title='bbox 1229 2229 1365 2284; x_wconf 88' lang='lat' dir='ltr'><strong>sicut</strong></span> <span class='ocrx_word' id='word_1_187' title='bbox 1393 2237 1518 2284; x_wconf 90' lang='lat' dir='ltr'><strong>sunt</strong></span> <span class='ocrx_word' id='word_1_188' title='bbox 1554 2229 1694 2298; x_wconf 89' lang='lat' dir='ltr'><strong>quod</strong></span> <span class='ocrx_word' id='word_1_189' title='bbox 1739 2228 1962 2283; x_wconf 89' lang='lat' dir='ltr'><strong>esurivit</strong></span> <span class='ocrx_word' id='word_1_190' title='bbox 2005 2227 2226 2298; x_wconf 83' lang='lat' dir='ltr'><strong>(Matth.</strong></span> 
     </span>
    </p>
   </div>
   <div class='ocr_carea' id='block_1_23' title="bbox 630 2317 2228 2391">
    <p class='ocr_par' dir='ltr' id='par_1_23' title="bbox 630 2317 2228 2391">
     <span class='ocr_line' id='line_1_23' title="bbox 630 2317 2228 2391; baseline 0.001 -19"><span class='ocrx_word' id='word_1_191' title='bbox 630 2332 709 2382; x_wconf 81' lang='lat' dir='ltr'><strong>tv,</strong></span> <span class='ocrx_word' id='word_1_192' title='bbox 739 2317 832 2387; x_wconf 74' lang='grc'><strong>2),</strong></span> <span class='ocrx_word' id='word_1_193' title='bbox 860 2318 1003 2388; x_wconf 91' lang='lat' dir='ltr'><strong>quod</strong></span> <span class='ocrx_word' id='word_1_194' title='bbox 1029 2319 1284 2374; x_wconf 85' lang='lat' dir='ltr'><strong>dormivit</strong></span> <span class='ocrx_word' id='word_1_195' title='bbox 1304 2318 1420 2391; x_wconf 87' lang='lat' dir='ltr'><strong>(Id.</strong></span> <span class='ocrx_word' id='word_1_196' title='bbox 1463 2335 1588 2385; x_wconf 81' lang='lat' dir='ltr'><strong>vui,</strong></span> <span class='ocrx_word' id='word_1_197' title='bbox 1620 2318 1723 2388; x_wconf 72' lang='grc'><strong>24)</strong></span> <span class='ocrx_word' id='word_1_198' title='bbox 1748 2360 1763 2384; x_wconf 97' lang='grc'><strong>,</strong></span> <span class='ocrx_word' id='word_1_199' title='bbox 1801 2318 1941 2388; x_wconf 90' lang='lat' dir='ltr'><strong>quod</strong></span> <span class='ocrx_word' id='word_1_200' title='bbox 1983 2317 2228 2388; x_wconf 88' lang='lat' dir='ltr'><strong>fatigatus</strong></span> 
     </span>
    </p>
   </div>
   <div class='ocr_carea' id='block_1_24' title="bbox 630 2406 2226 2479">
    <p class='ocr_par' dir='ltr' id='par_1_24' title="bbox 630 2406 2226 2479">
     <span class='ocr_line' id='line_1_24' title="bbox 630 2406 2226 2479; baseline 0.001 -20"><span class='ocrx_word' id='word_1_201' title='bbox 630 2406 700 2460; x_wconf 88' lang='lat' dir='ltr'><strong>ab</strong></span> <span class='ocrx_word' id='word_1_202' title='bbox 737 2407 928 2462; x_wconf 86' lang='lat' dir='ltr'><strong>itinere</strong></span> <span class='ocrx_word' id='word_1_203' title='bbox 976 2407 1117 2462; x_wconf 87' lang='lat' dir='ltr'><strong>sedit</strong></span> <span class='ocrx_word' id='word_1_204' title='bbox 1147 2407 1350 2479; x_wconf 82' lang='lat' dir='ltr'><strong>&#39;(Joan.</strong></span> <span class='ocrx_word' id='word_1_205' title='bbox 1399 2423 1474 2473; x_wconf 74' lang='grc' dir='ltr'><strong>ιν,</strong></span> <span class='ocrx_word' id='word_1_206' title='bbox 1503 2408 1596 2479; x_wconf 86' lang='lat'><strong>6),</strong></span> <span class='ocrx_word' id='word_1_207' title='bbox 1623 2416 1678 2463; x_wconf 93' lang='lat' dir='ltr'><strong>et</strong></span> <span class='ocrx_word' id='word_1_208' title='bbox 1703 2408 1804 2462; x_wconf 89' lang='lat' dir='ltr'><strong>alia</strong></span> <span class='ocrx_word' id='word_1_209' title='bbox 1841 2407 2226 2478; x_wconf 85' lang='lat' dir='ltr'><strong>hujuscemodi.</strong></span> 
     </span>
    </p>
   </div>
   <div class='ocr_carea' id='block_1_25' title="bbox 630 2498 2228 2568">
    <p class='ocr_par' dir='ltr' id='par_1_25' title="bbox 630 2498 2228 2568">
     <span class='ocr_line' id='line_1_25' title="bbox 630 2498 2228 2568; baseline 0.001 -16"><span class='ocrx_word' id='word_1_210' title='bbox 630 2498 749 2552; x_wconf 84' lang='lat' dir='ltr'><strong>Non</strong></span> <span class='ocrx_word' id='word_1_211' title='bbox 778 2499 919 2552; x_wconf 91' lang='lat' dir='ltr'><strong>enim</strong></span> <span class='ocrx_word' id='word_1_212' title='bbox 942 2507 1166 2568; x_wconf 87' lang='lat' dir='ltr'><strong>possunt</strong></span> <span class='ocrx_word' id='word_1_213' title='bbox 1189 2499 1402 2566; x_wconf 84' lang='lat' dir='ltr'><strong>dicere;</strong></span> <span class='ocrx_word' id='word_1_214' title='bbox 1448 2501 1608 2555; x_wconf 90' lang='lat' dir='ltr'><strong>etiam</strong></span> <span class='ocrx_word' id='word_1_215' title='bbox 1655 2500 1708 2553; x_wconf 93' lang='lat' dir='ltr'><strong>in</strong></span> <span class='ocrx_word' id='word_1_216' title='bbox 1749 2498 2020 2554; x_wconf 80' lang='lat' dir='ltr'><strong>veteribus</strong></span> <span class='ocrx_word' id='word_1_217' title='bbox 2054 2498 2228 2554; x_wconf 90' lang='lat' dir='ltr'><strong>Libris</strong></span> 
     </span>
    </p>
   </div>
   <div class='ocr_carea' id='block_1_26' title="bbox 629 2592 2228 2662">
    <p class='ocr_par' dir='ltr' id='par_1_26' title="bbox 629 2592 2228 2662">
     <span class='ocr_line' id='line_1_26' title="bbox 629 2592 2228 2662; baseline 0.001 -16"><span class='ocrx_word' id='word_1_218' title='bbox 629 2592 828 2647; x_wconf 88' lang='lat' dir='ltr'><strong>dictam</strong></span> <span class='ocrx_word' id='word_1_219' title='bbox 852 2606 976 2647; x_wconf 90' lang='lat' dir='ltr'><strong>esse</strong></span> <span class='ocrx_word' id='word_1_220' title='bbox 1006 2593 1139 2647; x_wconf 91' lang='lat' dir='ltr'><strong>iram</strong></span> <span class='ocrx_word' id='word_1_221' title='bbox 1169 2593 1266 2649; x_wconf 89' lang='lat' dir='ltr'><strong>Dei</strong></span> <span class='ocrx_word' id='word_1_222' title='bbox 1301 2602 1356 2649; x_wconf 92' lang='lat' dir='ltr'><strong>et</strong></span> <span class='ocrx_word' id='word_1_223' title='bbox 1389 2593 1626 2648; x_wconf 80' lang='lat' dir='ltr'><strong>laetitiam</strong></span> <span class='ocrx_word' id='word_1_224' title='bbox 1647 2635 1662 2658; x_wconf 93' lang='lat'><strong>,</strong></span> <span class='ocrx_word' id='word_1_225' title='bbox 1689 2603 1744 2649; x_wconf 91' lang='lat' dir='ltr'><strong>et</strong></span> <span class='ocrx_word' id='word_1_226' title='bbox 1765 2593 2050 2648; x_wconf 90' lang='lat' dir='ltr'><strong>nonnullos</strong></span> <span class='ocrx_word' id='word_1_227' title='bbox 2071 2592 2228 2662; x_wconf 88' lang='lat' dir='ltr'><strong>hujus</strong></span> 
     </span>
    </p>
   </div>
   <div class='ocr_carea' id='block_1_27' title="bbox 625 2682 2230 2754">
    <p class='ocr_par' dir='ltr' id='par_1_27' title="bbox 625 2682 2230 2754">
     <span class='ocr_line' id='line_1_27' title="bbox 625 2682 2230 2754; baseline 0.002 -18"><span class='ocrx_word' id='word_1_228' title='bbox 625 2682 844 2751; x_wconf 84' lang='lat' dir='ltr'><strong>generis</strong></span> <span class='ocrx_word' id='word_1_229' title='bbox 864 2693 1080 2746; x_wconf 91' lang='lat' dir='ltr'><strong>motus,</strong></span> <span class='ocrx_word' id='word_1_230' title='bbox 1127 2699 1228 2739; x_wconf 87' lang='lat' dir='ltr'><strong>nec</strong></span> <span class='ocrx_word' id='word_1_231' title='bbox 1265 2683 1386 2738; x_wconf 89' lang='lat' dir='ltr'><strong>ideo</strong></span> <span class='ocrx_word' id='word_1_232' title='bbox 1413 2693 1590 2738; x_wconf 89' lang='lat' dir='ltr'><strong>tamen</strong></span> <span class='ocrx_word' id='word_1_233' title='bbox 1635 2699 1756 2740; x_wconf 89' lang='lat' dir='ltr'><strong>esse</strong></span> <span class='ocrx_word' id='word_1_234' title='bbox 1793 2699 2129 2754; x_wconf 89' lang='lat' dir='ltr'><strong>consequens</strong></span> <span class='ocrx_word' id='word_1_235' title='bbox 2172 2691 2230 2739; x_wconf 91' lang='lat' dir='ltr'><strong>ut</strong></span> 
     </span>
    </p>
   </div>
   <div class='ocr_carea' id='block_1_28' title="bbox 622 2771 2229 2830">
    <p class='ocr_par' dir='ltr' id='par_1_28' title="bbox 622 2771 2229 2830">
     <span class='ocr_line' id='line_1_28' title="bbox 622 2771 2229 2830; baseline 0 0"><span class='ocrx_word' id='word_1_236' title='bbox 622 2772 794 2830; x_wconf 86' lang='lat' dir='ltr'><strong>Deum</strong></span> <span class='ocrx_word' id='word_1_237' title='bbox 848 2771 1097 2829; x_wconf 89' lang='lat' dir='ltr'><strong>habuisse</strong></span> <span class='ocrx_word' id='word_1_238' title='bbox 1146 2774 1378 2828; x_wconf 89' lang='lat' dir='ltr'><strong>animam</strong></span> <span class='ocrx_word' id='word_1_239' title='bbox 1423 2774 1747 2830; x_wconf 88' lang='lat' dir='ltr'><strong>credendum</strong></span> <span class='ocrx_word' id='word_1_240' title='bbox 1792 2776 1881 2830; x_wconf 86' lang='lat' dir='ltr'><strong>sit.</strong></span> <span class='ocrx_word' id='word_1_241' title='bbox 1928 2775 2076 2830; x_wconf 91' lang='lat' dir='ltr'><strong>Dicta</strong></span> <span class='ocrx_word' id='word_1_242' title='bbox 2104 2782 2229 2830; x_wconf 91' lang='lat' dir='ltr'><strong>sunt</strong></span> 
     </span>
    </p>
   </div>
   <div class='ocr_carea' id='block_1_29' title="bbox 628 2863 2226 2935">
    <p class='ocr_par' dir='ltr' id='par_1_29' title="bbox 628 2863 2226 2935">
     <span class='ocr_line' id='line_1_29' title="bbox 628 2863 2226 2935; baseline 0.003 -19"><span class='ocrx_word' id='word_1_243' title='bbox 628 2863 773 2916; x_wconf 90' lang='lat' dir='ltr'><strong>enim</strong></span> <span class='ocrx_word' id='word_1_244' title='bbox 810 2863 900 2916; x_wconf 90' lang='lat' dir='ltr'><strong>illa</strong></span> <span class='ocrx_word' id='word_1_245' title='bbox 943 2864 1268 2933; x_wconf 88' lang='lat' dir='ltr'><strong>propheticis</strong></span> <span class='ocrx_word' id='word_1_246' title='bbox 1310 2865 1812 2935; x_wconf 86' lang='lat' dir='ltr'><strong>imaginationibus,</strong></span> <span class='ocrx_word' id='word_1_247' title='bbox 1842 2881 1948 2920; x_wconf 90' lang='lat' dir='ltr'><strong>non</strong></span> <span class='ocrx_word' id='word_1_248' title='bbox 1979 2876 2226 2921; x_wconf 89' lang='lat' dir='ltr'><strong>narrato-</strong></span> 
     </span>
    </p>
   </div>
   <div class='ocr_carea' id='block_1_30' title="bbox 623 2952 2228 3023">
    <p class='ocr_par' dir='ltr' id='par_1_30' title="bbox 623 2952 2228 3023">
     <span class='ocr_line' id='line_1_30' title="bbox 623 2952 2228 3023; baseline 0.002 -13"><span class='ocrx_word' id='word_1_249' title='bbox 623 2952 706 3010; x_wconf 80' lang='lat' dir='ltr'><strong>ria</strong></span> <span class='ocrx_word' id='word_1_250' title='bbox 734 2952 1183 3008; x_wconf 88' lang='lat' dir='ltr'><strong>manifestatione.</strong></span> <span class='ocrx_word' id='word_1_251' title='bbox 1212 2954 1346 3009; x_wconf 87' lang='lat' dir='ltr'><strong>Nam</strong></span> <span class='ocrx_word' id='word_1_252' title='bbox 1372 2964 1429 3009; x_wconf 91' lang='lat' dir='ltr'><strong>et</strong></span> <span class='ocrx_word' id='word_1_253' title='bbox 1455 2956 1694 3010; x_wconf 87' lang='lat' dir='ltr'><strong>membra</strong></span> <span class='ocrx_word' id='word_1_254' title='bbox 1722 2957 1814 3012; x_wconf 90' lang='lat' dir='ltr'><strong>Dei</strong></span> <span class='ocrx_word' id='word_1_255' title='bbox 1836 2956 1976 3012; x_wconf 90' lang='lat' dir='ltr'><strong>dicta</strong></span> <span class='ocrx_word' id='word_1_256' title='bbox 2002 2966 2146 3023; x_wconf 88' lang='lat' dir='ltr'><strong>sunt,</strong></span> <span class='ocrx_word' id='word_1_257' title='bbox 2173 2966 2228 3013; x_wconf 91' lang='lat' dir='ltr'><strong>et</strong></span> 
     </span>
    </p>
   </div>
   <div class='ocr_carea' id='block_1_31' title="bbox 623 3043 2225 3113">
    <p class='ocr_par' dir='ltr' id='par_1_31' title="bbox 623 3043 2225 3113">
     <span class='ocr_line' id='line_1_31' title="bbox 623 3043 2225 3113; baseline 0.005 -15"><span class='ocrx_word' id='word_1_258' title='bbox 623 3057 854 3106; x_wconf 89' lang='lat' dir='ltr'><strong>manus,</strong></span> <span class='ocrx_word' id='word_1_259' title='bbox 885 3051 938 3099; x_wconf 89' lang='lat' dir='ltr'><strong>et</strong></span> <span class='ocrx_word' id='word_1_260' title='bbox 958 3043 1154 3113; x_wconf 89' lang='lat' dir='ltr'><strong>pedes,</strong></span> <span class='ocrx_word' id='word_1_261' title='bbox 1189 3051 1244 3100; x_wconf 88' lang='lat' dir='ltr'><strong>et</strong></span> <span class='ocrx_word' id='word_1_262' title='bbox 1270 3044 1413 3100; x_wconf 91' lang='lat' dir='ltr'><strong>oculi</strong></span> <span class='ocrx_word' id='word_1_263' title='bbox 1434 3085 1448 3109; x_wconf 89' lang='lat'><strong>,</strong></span> <span class='ocrx_word' id='word_1_264' title='bbox 1493 3052 1550 3100; x_wconf 89' lang='lat' dir='ltr'><strong>et</strong></span> <span class='ocrx_word' id='word_1_265' title='bbox 1574 3045 1766 3112; x_wconf 90' lang='lat' dir='ltr'><strong>facies,</strong></span> <span class='ocrx_word' id='word_1_266' title='bbox 1806 3055 1860 3101; x_wconf 91' lang='lat' dir='ltr'><strong>et</strong></span> <span class='ocrx_word' id='word_1_267' title='bbox 1900 3047 2093 3103; x_wconf 87' lang='lat' dir='ltr'><strong>similia</strong></span> <span class='ocrx_word' id='word_1_268' title='bbox 2125 3065 2139 3100; x_wconf 90' lang='lat'><strong>:</strong></span> <span class='ocrx_word' id='word_1_269' title='bbox 2169 3059 2225 3106; x_wconf 90' lang='lat' dir='ltr'><strong>et</strong></span> 
     </span>
    </p>
   </div>
   <div class='ocr_carea' id='block_1_32' title="bbox 622 3133 2222 3210">
    <p class='ocr_par' dir='ltr' id='par_1_32' title="bbox 622 3133 2222 3210">
     <span class='ocr_line' id='line_1_32' title="bbox 622 3133 2222 3210; baseline 0.004 -22"><span class='ocrx_word' id='word_1_270' title='bbox 622 3133 1076 3204; x_wconf 71' lang='lat' dir='ltr'><strong>quemadmodum</strong></span> <span class='ocrx_word' id='word_1_271' title='bbox 1101 3135 1201 3190; x_wconf 88' lang='lat' dir='ltr'><strong>ista</strong></span> <span class='ocrx_word' id='word_1_272' title='bbox 1227 3149 1332 3191; x_wconf 91' lang='lat' dir='ltr'><strong>non</strong></span> <span class='ocrx_word' id='word_1_273' title='bbox 1365 3135 1599 3191; x_wconf 90' lang='lat' dir='ltr'><strong>indicant</strong></span> <span class='ocrx_word' id='word_1_274' title='bbox 1622 3151 1744 3192; x_wconf 91' lang='lat' dir='ltr'><strong>eum</strong></span> <span class='ocrx_word' id='word_1_275' title='bbox 1777 3136 1974 3194; x_wconf 90' lang='lat' dir='ltr'><strong>habere</strong></span> <span class='ocrx_word' id='word_1_276' title='bbox 2003 3153 2222 3210; x_wconf 91' lang='lat' dir='ltr'><strong>corpus,</strong></span> 
     </span>
    </p>
   </div>
   <div class='ocr_carea' id='block_1_33' title="bbox 620 3223 2220 3294">
    <p class='ocr_par' dir='ltr' id='par_1_33' title="bbox 620 3223 2220 3294">
     <span class='ocr_line' id='line_1_33' title="bbox 620 3223 2220 3294; baseline 0.003 -13"><span class='ocrx_word' id='word_1_277' title='bbox 620 3223 704 3281; x_wconf 79' lang='lat' dir='ltr'><strong>sic</strong></span> <span class='ocrx_word' id='word_1_278' title='bbox 727 3239 827 3280; x_wconf 90' lang='lat' dir='ltr'><strong>nec</strong></span> <span class='ocrx_word' id='word_1_279' title='bbox 853 3224 940 3279; x_wconf 90' lang='lat' dir='ltr'><strong>illa</strong></span> <span class='ocrx_word' id='word_1_280' title='bbox 969 3225 1223 3280; x_wconf 89' lang='lat' dir='ltr'><strong>animam.</strong></span> <span class='ocrx_word' id='word_1_281' title='bbox 1250 3226 1707 3294; x_wconf 85' lang='lat' dir='ltr'><strong>Quemadmodum</strong></span> <span class='ocrx_word' id='word_1_282' title='bbox 1737 3237 1916 3284; x_wconf 90' lang='lat' dir='ltr'><strong>autem</strong></span> <span class='ocrx_word' id='word_1_283' title='bbox 1946 3239 2220 3286; x_wconf 88' lang='lat' dir='ltr'><strong>narratum</strong></span> 
     </span>
    </p>
   </div>
   <div class='ocr_carea' id='block_1_34' title="bbox 623 3315 2221 3391">
    <p class='ocr_par' dir='ltr' id='par_1_34' title="bbox 623 3315 2221 3391">
     <span class='ocr_line' id='line_1_34' title="bbox 623 3315 2221 3391; baseline 0.004 -20"><span class='ocrx_word' id='word_1_284' title='bbox 623 3315 849 3386; x_wconf 80' lang='lat' dir='ltr'><strong>aliquid,</strong></span> <span class='ocrx_word' id='word_1_285' title='bbox 883 3317 970 3372; x_wconf 91' lang='lat' dir='ltr'><strong>ubi</strong></span> <span class='ocrx_word' id='word_1_286' title='bbox 1001 3317 1270 3372; x_wconf 89' lang='lat' dir='ltr'><strong>nominata</strong></span> <span class='ocrx_word' id='word_1_287' title='bbox 1302 3325 1428 3373; x_wconf 91' lang='lat' dir='ltr'><strong>sunt</strong></span> <span class='ocrx_word' id='word_1_288' title='bbox 1455 3332 1643 3374; x_wconf 87' lang='lat' dir='ltr'><strong>manus</strong></span> <span class='ocrx_word' id='word_1_289' title='bbox 1667 3317 1866 3374; x_wconf 91' lang='lat' dir='ltr'><strong>Christi</strong></span> <span class='ocrx_word' id='word_1_290' title='bbox 1887 3329 1943 3375; x_wconf 92' lang='lat' dir='ltr'><strong>et</strong></span> <span class='ocrx_word' id='word_1_291' title='bbox 1965 3331 2142 3391; x_wconf 88' lang='lat' dir='ltr'><strong>caput,</strong></span> <span class='ocrx_word' id='word_1_292' title='bbox 2166 3331 2221 3378; x_wconf 91' lang='lat' dir='ltr'><strong>et</strong></span> 
     </span>
    </p>
   </div>
   <div class='ocr_carea' id='block_1_35' title="bbox 618 3406 2221 3482">
    <p class='ocr_par' dir='ltr' id='par_1_35' title="bbox 618 3406 2221 3482">
     <span class='ocr_line' id='line_1_35' title="bbox 618 3406 2221 3482; baseline 0.006 -21"><span class='ocrx_word' id='word_1_293' title='bbox 618 3412 817 3461; x_wconf 61' lang='lat' dir='ltr'><strong>caetera</strong></span> <span class='ocrx_word' id='word_1_294' title='bbox 845 3421 966 3476; x_wconf 75' lang='lat' dir='ltr'><strong>qua:</strong></span> <span class='ocrx_word' id='word_1_295' title='bbox 990 3406 1226 3463; x_wconf 89' lang='lat' dir='ltr'><strong>indicant</strong></span> <span class='ocrx_word' id='word_1_296' title='bbox 1271 3407 1388 3477; x_wconf 89' lang='lat' dir='ltr'><strong>ejus</strong></span> <span class='ocrx_word' id='word_1_297' title='bbox 1430 3423 1658 3479; x_wconf 90' lang='lat' dir='ltr'><strong>corpus;</strong></span> <span class='ocrx_word' id='word_1_298' title='bbox 1707 3410 1776 3464; x_wconf 89' lang='lat' dir='ltr'><strong>ita</strong></span> <span class='ocrx_word' id='word_1_299' title='bbox 1819 3410 1979 3465; x_wconf 90' lang='lat' dir='ltr'><strong>etiam</strong></span> <span class='ocrx_word' id='word_1_300' title='bbox 2007 3427 2127 3482; x_wconf 77' lang='lat' dir='ltr'><strong>qua:</strong></span> <span class='ocrx_word' id='word_1_301' title='bbox 2152 3412 2221 3470; x_wconf 88' lang='lat' dir='ltr'><strong>de</strong></span> 
     </span>
    </p>
   </div>
   <div class='ocr_carea' id='block_1_36' title="bbox 619 3496 2216 3559">
    <p class='ocr_par' dir='ltr' id='par_1_36' title="bbox 619 3496 2216 3559">
     <span class='ocr_line' id='line_1_36' title="bbox 619 3496 2216 3559; baseline 0.006 -9"><span class='ocrx_word' id='word_1_302' title='bbox 619 3496 817 3551; x_wconf 66' lang='lat' dir='ltr'><strong>animai</strong></span> <span class='ocrx_word' id='word_1_303' title='bbox 853 3496 1223 3554; x_wconf 81' lang='lat' dir='ltr'><strong>atl‘ectionibus</strong></span> <span class='ocrx_word' id='word_1_304' title='bbox 1247 3499 1438 3555; x_wconf 92' lang='lat' dir='ltr'><strong>eodem</strong></span> <span class='ocrx_word' id='word_1_305' title='bbox 1487 3500 1809 3555; x_wconf 86' lang='lat' dir='ltr'><strong>narrationis</strong></span> <span class='ocrx_word' id='word_1_306' title='bbox 1833 3509 2016 3557; x_wconf 91' lang='lat' dir='ltr'><strong>tenore</strong></span> <span class='ocrx_word' id='word_1_307' title='bbox 2048 3504 2216 3559; x_wconf 83' lang='lat' dir='ltr'><strong>nomi-</strong></span> 
     </span>
    </p>
   </div>
   <div class='ocr_carea' id='block_1_37' title="bbox 620 3587 2216 3660">
    <p class='ocr_par' dir='ltr' id='par_1_37' title="bbox 620 3587 2216 3660">
     <span class='ocr_line' id='line_1_37' title="bbox 620 3587 2216 3660; baseline 0.006 -20"><span class='ocrx_word' id='word_1_308' title='bbox 620 3594 748 3641; x_wconf 85' lang='lat' dir='ltr'><strong>nata</strong></span> <span class='ocrx_word' id='word_1_309' title='bbox 775 3595 938 3654; x_wconf 92' lang='lat' dir='ltr'><strong>sunt,</strong></span> <span class='ocrx_word' id='word_1_310' title='bbox 983 3587 1222 3643; x_wconf 88' lang='lat' dir='ltr'><strong>indicant</strong></span> <span class='ocrx_word' id='word_1_311' title='bbox 1248 3589 1364 3660; x_wconf 92' lang='lat' dir='ltr'><strong>ejus</strong></span> <span class='ocrx_word' id='word_1_312' title='bbox 1387 3590 1638 3645; x_wconf 88' lang='lat' dir='ltr'><strong>animam.</strong></span> <span class='ocrx_word' id='word_1_313' title='bbox 1672 3590 1903 3647; x_wconf 86' lang='lat' dir='ltr'><strong>Stultum</strong></span> <span class='ocrx_word' id='word_1_314' title='bbox 1928 3600 2013 3648; x_wconf 91' lang='lat' dir='ltr'><strong>est</strong></span> <span class='ocrx_word' id='word_1_315' title='bbox 2037 3601 2216 3650; x_wconf 87' lang='lat' dir='ltr'><strong>autem</strong></span> 
     </span>
    </p>
   </div>
   <div class='ocr_carea' id='block_1_38' title="bbox 621 3677 2218 3751">
    <p class='ocr_par' dir='ltr' id='par_1_38' title="bbox 621 3677 2218 3751">
     <span class='ocr_line' id='line_1_38' title="bbox 621 3677 2218 3751; baseline 0.005 -19"><span class='ocrx_word' id='word_1_316' title='bbox 621 3677 850 3733; x_wconf 85' lang='lat' dir='ltr'><strong>credere</strong></span> <span class='ocrx_word' id='word_1_317' title='bbox 875 3679 1113 3734; x_wconf 91' lang='lat' dir='ltr'><strong>narranti</strong></span> <span class='ocrx_word' id='word_1_318' title='bbox 1139 3681 1478 3751; x_wconf 82' lang='lat' dir='ltr'><strong>evangelistae</strong></span> <span class='ocrx_word' id='word_1_319' title='bbox 1506 3681 1648 3751; x_wconf 90' lang='lat' dir='ltr'><strong>quod</strong></span> <span class='ocrx_word' id='word_1_320' title='bbox 1692 3682 2089 3738; x_wconf 85' lang='lat' dir='ltr'><strong>manducaverit</strong></span> <span class='ocrx_word' id='word_1_321' title='bbox 2109 3725 2126 3751; x_wconf 97' lang='lat'><strong>,</strong></span> <span class='ocrx_word' id='word_1_322' title='bbox 2163 3693 2218 3740; x_wconf 90' lang='lat' dir='ltr'><strong>et</strong></span> 
     </span>
    </p>
   </div>
   <div class='ocr_carea' id='block_1_39' title="bbox 619 3768 2213 3841">
    <p class='ocr_par' dir='ltr' id='par_1_39' title="bbox 619 3768 2213 3841">
     <span class='ocr_line' id='line_1_39' title="bbox 619 3768 2213 3841; baseline 0.006 -19"><span class='ocrx_word' id='word_1_323' title='bbox 619 3781 731 3822; x_wconf 91' lang='lat' dir='ltr'><strong>non</strong></span> <span class='ocrx_word' id='word_1_324' title='bbox 761 3768 810 3824; x_wconf 91' lang='lat' dir='ltr'><strong>ei</strong></span> <span class='ocrx_word' id='word_1_325' title='bbox 832 3769 1055 3825; x_wconf 87' lang='lat' dir='ltr'><strong>credere</strong></span> <span class='ocrx_word' id='word_1_326' title='bbox 1081 3771 1222 3841; x_wconf 89' lang='lat' dir='ltr'><strong>quod</strong></span> <span class='ocrx_word' id='word_1_327' title='bbox 1243 3771 1508 3826; x_wconf 89' lang='lat' dir='ltr'><strong>esurierit.</strong></span> <span class='ocrx_word' id='word_1_328' title='bbox 1541 3772 1650 3827; x_wconf 88' lang='lat' dir='ltr'><strong>Etsi</strong></span> <span class='ocrx_word' id='word_1_329' title='bbox 1671 3773 1815 3828; x_wconf 91' lang='lat' dir='ltr'><strong>enim</strong></span> <span class='ocrx_word' id='word_1_330' title='bbox 1838 3788 1942 3828; x_wconf 90' lang='lat' dir='ltr'><strong>non</strong></span> <span class='ocrx_word' id='word_1_331' title='bbox 1974 3781 2056 3830; x_wconf 92' lang='lat' dir='ltr'><strong>est</strong></span> <span class='ocrx_word' id='word_1_332' title='bbox 2081 3789 2213 3830; x_wconf 88' lang='lat' dir='ltr'><strong>con-</strong></span> 
     </span>
    </p>
   </div>
   <div class='ocr_carea' id='block_1_40' title="bbox 619 3863 2215 3934">
    <p class='ocr_par' dir='ltr' id='par_1_40' title="bbox 619 3863 2215 3934">
     <span class='ocr_line' id='line_1_40' title="bbox 619 3863 2215 3934; baseline 0.003 -17"><span class='ocrx_word' id='word_1_333' title='bbox 619 3873 856 3930; x_wconf 81' lang='lat' dir='ltr'><strong>sequens</strong></span> <span class='ocrx_word' id='word_1_334' title='bbox 881 3871 939 3916; x_wconf 93' lang='lat' dir='ltr'><strong>ut</strong></span> <span class='ocrx_word' id='word_1_335' title='bbox 964 3863 1138 3918; x_wconf 87' lang='lat' dir='ltr'><strong>omnis</strong></span> <span class='ocrx_word' id='word_1_336' title='bbox 1164 3863 1255 3934; x_wconf 91' lang='lat' dir='ltr'><strong>qui</strong></span> <span class='ocrx_word' id='word_1_337' title='bbox 1281 3864 1566 3920; x_wconf 90' lang='lat' dir='ltr'><strong>manducat</strong></span> <span class='ocrx_word' id='word_1_338' title='bbox 1595 3866 1822 3931; x_wconf 87' lang='lat' dir='ltr'><strong>esuriat;</strong></span> <span class='ocrx_word' id='word_1_339' title='bbox 1874 3881 1998 3921; x_wconf 86' lang='lat' dir='ltr'><strong>nam</strong></span> <span class='ocrx_word' id='word_1_340' title='bbox 2037 3875 2093 3923; x_wconf 92' lang='lat' dir='ltr'><strong>et</strong></span> <span class='ocrx_word' id='word_1_341' title='bbox 2121 3882 2215 3922; x_wconf 87' lang='lat' dir='ltr'><strong>an-</strong></span> 
     </span>
    </p>
   </div>
   <div class='ocr_carea' id='block_1_41' title="bbox 617 3949 2210 4028">
    <p class='ocr_par' dir='ltr' id='par_1_41' title="bbox 617 3949 2210 4028">
     <span class='ocr_line' id='line_1_41' title="bbox 617 3949 2210 4028; baseline 0.007 -24"><span class='ocrx_word' id='word_1_342' title='bbox 617 3949 798 4020; x_wconf 83' lang='lat' dir='ltr'><strong>gelum</strong></span> <span class='ocrx_word' id='word_1_343' title='bbox 826 3951 1051 4023; x_wconf 87' lang='lat' dir='ltr'><strong>legimus</strong></span> <span class='ocrx_word' id='word_1_344' title='bbox 1075 3953 1423 4010; x_wconf 87' lang='lat' dir='ltr'><strong>manducasse</strong></span> <span class='ocrx_word' id='word_1_345' title='bbox 1452 3953 1616 4028; x_wconf 86' lang='lat' dir='ltr'><strong>(Gen.</strong></span> <span class='ocrx_word' id='word_1_346' title='bbox 1649 3971 1798 4022; x_wconf 80' lang='lat' dir='ltr'><strong>xviu,</strong></span> <span class='ocrx_word' id='word_1_347' title='bbox 1827 3956 1881 4022; x_wconf 91' lang='lat'><strong>8,</strong></span> <span class='ocrx_word' id='word_1_348' title='bbox 1913 3957 1970 4024; x_wconf 88' lang='lat'><strong>9,</strong></span> <span class='ocrx_word' id='word_1_349' title='bbox 1998 3966 2045 4014; x_wconf 88' lang='lat' dir='ltr'><strong>et</strong></span> <span class='ocrx_word' id='word_1_350' title='bbox 2081 3958 2210 4016; x_wconf 85' lang='lat' dir='ltr'><strong>Tob.</strong></span> 
     </span>
    </p>
   </div>
   <div class='ocr_carea' id='block_1_42' title="bbox 617 4040 2212 4117">
    <p class='ocr_par' dir='ltr' id='par_1_42' title="bbox 617 4040 2212 4117">
     <span class='ocr_line' id='line_1_42' title="bbox 617 4040 2212 4117; baseline 0.007 -22"><span class='ocrx_word' id='word_1_351' title='bbox 617 4054 715 4106; x_wconf 74' lang='grc' dir='ltr'><strong>ιιι,</strong></span> <span class='ocrx_word' id='word_1_352' title='bbox 751 4040 878 4112; x_wconf 91' lang='grc'><strong>19),</strong></span> <span class='ocrx_word' id='word_1_353' title='bbox 909 4041 1002 4096; x_wconf 91' lang='lat' dir='ltr'><strong>sed</strong></span> <span class='ocrx_word' id='word_1_354' title='bbox 1033 4043 1266 4100; x_wconf 89' lang='lat' dir='ltr'><strong>esurisse</strong></span> <span class='ocrx_word' id='word_1_355' title='bbox 1295 4060 1401 4101; x_wconf 93' lang='lat' dir='ltr'><strong>non</strong></span> <span class='ocrx_word' id='word_1_356' title='bbox 1441 4046 1668 4116; x_wconf 84' lang='lat' dir='ltr'><strong>legimus</strong></span> <span class='ocrx_word' id='word_1_357' title='bbox 1695 4063 1708 4100; x_wconf 87' lang='lat'>:</span> <span class='ocrx_word' id='word_1_358' title='bbox 1741 4063 1914 4117; x_wconf 88' lang='lat' dir='ltr'><strong>neque</strong></span> <span class='ocrx_word' id='word_1_359' title='bbox 1943 4058 2000 4103; x_wconf 92' lang='lat' dir='ltr'><strong>ut</strong></span> <span class='ocrx_word' id='word_1_360' title='bbox 2039 4051 2212 4107; x_wconf 91' lang='lat' dir='ltr'><strong>omnis</strong></span> 
     </span>
    </p>
   </div>
   <div class='ocr_carea' id='block_1_43' title="bbox 614 4131 2208 4210">
    <p class='ocr_par' dir='ltr' id='par_1_43' title="bbox 614 4131 2208 4210">
     <span class='ocr_line' id='line_1_43' title="bbox 614 4131 2208 4210; baseline 0.008 -25"><span class='ocrx_word' id='word_1_361' title='bbox 614 4131 710 4201; x_wconf 88' lang='lat' dir='ltr'><strong>qui</strong></span> <span class='ocrx_word' id='word_1_362' title='bbox 733 4133 900 4188; x_wconf 88' lang='lat' dir='ltr'><strong>esurit</strong></span> <span class='ocrx_word' id='word_1_363' title='bbox 919 4133 1226 4203; x_wconf 86' lang='lat' dir='ltr'><strong>manducet,</strong></span> <span class='ocrx_word' id='word_1_364' title='bbox 1267 4137 1312 4191; x_wconf 89' lang='lat' dir='ltr'><strong>si</strong></span> <span class='ocrx_word' id='word_1_365' title='bbox 1339 4146 1430 4192; x_wconf 92' lang='lat' dir='ltr'><strong>aut</strong></span> <span class='ocrx_word' id='word_1_366' title='bbox 1466 4137 1644 4193; x_wconf 88' lang='lat' dir='ltr'><strong>ofﬁcio</strong></span> <span class='ocrx_word' id='word_1_367' title='bbox 1671 4138 1846 4210; x_wconf 91' lang='lat' dir='ltr'><strong>aliquo</strong></span> <span class='ocrx_word' id='word_1_368' title='bbox 1865 4154 1923 4194; x_wconf 86' lang='lat' dir='ltr'><strong>se</strong></span> <span class='ocrx_word' id='word_1_369' title='bbox 1943 4140 2208 4208; x_wconf 90' lang='lat' dir='ltr'><strong>cohibeat,</strong></span> 
     </span>
    </p>
   </div>
   <div class='ocr_carea' id='block_1_44' title="bbox 617 4221 2209 4298">
    <p class='ocr_par' dir='ltr' id='par_1_44' title="bbox 617 4221 2209 4298">
     <span class='ocr_line' id='line_1_44' title="bbox 617 4221 2209 4298; baseline 0.007 -22"><span class='ocrx_word' id='word_1_370' title='bbox 617 4231 712 4276; x_wconf 86' lang='lat' dir='ltr'><strong>aut</strong></span> <span class='ocrx_word' id='word_1_371' title='bbox 754 4221 894 4278; x_wconf 90' lang='lat' dir='ltr'><strong>desit</strong></span> <span class='ocrx_word' id='word_1_372' title='bbox 927 4224 978 4279; x_wconf 92' lang='lat' dir='ltr'><strong>ei</strong></span> <span class='ocrx_word' id='word_1_373' title='bbox 1016 4225 1167 4280; x_wconf 92' lang='lat' dir='ltr'><strong>cibus</strong></span> <span class='ocrx_word' id='word_1_374' title='bbox 1211 4225 1539 4298; x_wconf 75' lang='lat' dir='ltr'><strong>facultasque</strong></span> <span class='ocrx_word' id='word_1_375' title='bbox 1581 4229 1936 4285; x_wconf 89' lang='lat' dir='ltr'><strong>manducandi</strong></span> <span class='ocrx_word' id='word_1_376' title='bbox 1979 4248 1992 4284; x_wconf 88' lang='lat'><strong>:</strong></span> <span class='ocrx_word' id='word_1_377' title='bbox 2031 4239 2209 4288; x_wconf 90' lang='lat' dir='ltr'><strong>tamen</strong></span> 
     </span>
    </p>
   </div>
   <div class='ocr_carea' id='block_1_45' title="bbox 616 4317 2210 4391">
    <p class='ocr_par' dir='ltr' id='par_1_45' title="bbox 616 4317 2210 4391">
     <span class='ocr_line' id='line_1_45' title="bbox 616 4317 2210 4391; baseline 0.008 -26"><span class='ocrx_word' id='word_1_378' title='bbox 616 4327 739 4366; x_wconf 91' lang='lat' dir='ltr'><strong>cum</strong></span> <span class='ocrx_word' id='word_1_379' title='bbox 770 4321 1052 4384; x_wconf 89' lang='lat' dir='ltr'><strong>utrumque</strong></span> <span class='ocrx_word' id='word_1_380' title='bbox 1081 4328 1263 4371; x_wconf 89' lang='lat' dir='ltr'><strong>narrat</strong></span> <span class='ocrx_word' id='word_1_381' title='bbox 1307 4317 1630 4388; x_wconf 89' lang='lat' dir='ltr'><strong>evangelista</strong></span> <span class='ocrx_word' id='word_1_382' title='bbox 1683 4319 1911 4391; x_wconf 88' lang='lat' dir='ltr'><strong>(Matth.</strong></span> <span class='ocrx_word' id='word_1_383' title='bbox 1945 4337 2018 4387; x_wconf 82' lang='lat' dir='ltr'><strong>IV,</strong></span> <span class='ocrx_word' id='word_1_384' title='bbox 2059 4323 2113 4387; x_wconf 73' lang='grc'><strong>2,</strong></span> <span class='ocrx_word' id='word_1_385' title='bbox 2162 4332 2210 4378; x_wconf 88' lang='lat' dir='ltr'><strong>et</strong></span> 
     </span>
    </p>
   </div>
   <div class='ocr_carea' id='block_1_46' title="bbox 615 4406 2206 4485">
    <p class='ocr_par' dir='ltr' id='par_1_46' title="bbox 615 4406 2206 4485">
     <span class='ocr_line' id='line_1_46' title="bbox 615 4406 2206 4485; baseline 0.009 -27"><span class='ocrx_word' id='word_1_386' title='bbox 615 4419 699 4471; x_wconf 82' lang='grc' dir='ltr'><strong>ιιι,</strong></span> <span class='ocrx_word' id='word_1_387' title='bbox 728 4406 842 4476; x_wconf 88' lang='grc'><strong>11),</strong></span> <span class='ocrx_word' id='word_1_388' title='bbox 871 4416 1157 4478; x_wconf 91' lang='lat' dir='ltr'><strong>utrumque</strong></span> <span class='ocrx_word' id='word_1_389' title='bbox 1185 4409 1510 4465; x_wconf 91' lang='lat' dir='ltr'><strong>credendum</strong></span> <span class='ocrx_word' id='word_1_390' title='bbox 1529 4420 1631 4479; x_wconf 90' lang='lat' dir='ltr'><strong>est;</strong></span> <span class='ocrx_word' id='word_1_391' title='bbox 1653 4414 1777 4483; x_wconf 86' lang='lat' dir='ltr'><strong>quia</strong></span> <span class='ocrx_word' id='word_1_392' title='bbox 1796 4423 2082 4485; x_wconf 90' lang='lat' dir='ltr'><strong>utrumque</strong></span> <span class='ocrx_word' id='word_1_393' title='bbox 2098 4418 2206 4473; x_wconf 85' lang='lat' dir='ltr'><strong>sic-</strong></span> 
     </span>
    </p>
   </div>
   <div class='ocr_carea' id='block_1_47' title="bbox 613 4501 2204 4578">
    <p class='ocr_par' dir='ltr' id='par_1_47' title="bbox 613 4501 2204 4578">
     <span class='ocr_line' id='line_1_47' title="bbox 613 4501 2204 4578; baseline 0.008 -26"><span class='ocrx_word' id='word_1_394' title='bbox 613 4506 678 4552; x_wconf 90' lang='lat' dir='ltr'><strong>ut</strong></span> <span class='ocrx_word' id='word_1_395' title='bbox 692 4513 869 4554; x_wconf 90' lang='lat' dir='ltr'><strong>rerum</strong></span> <span class='ocrx_word' id='word_1_396' title='bbox 891 4511 1160 4571; x_wconf 88' lang='lat' dir='ltr'><strong>gestarum</strong></span> <span class='ocrx_word' id='word_1_397' title='bbox 1198 4501 1356 4558; x_wconf 80' lang='lat' dir='ltr'><strong>index</strong></span> <span class='ocrx_word' id='word_1_398' title='bbox 1396 4504 1593 4559; x_wconf 86' lang='lat' dir='ltr'><strong>factum</strong></span> <span class='ocrx_word' id='word_1_399' title='bbox 1625 4515 1941 4578; x_wconf 88' lang='lat' dir='ltr'><strong>gestumque</strong></span> <span class='ocrx_word' id='word_1_400' title='bbox 1965 4510 2204 4564; x_wconf 85' lang='lat' dir='ltr'><strong>conscri-</strong></span> 
     </span>
    </p>
   </div>
   <div class='ocr_carea' id='block_1_48' title="bbox 615 4591 2206 4672">
    <p class='ocr_par' dir='ltr' id='par_1_48' title="bbox 615 4591 2206 4672">
     <span class='ocr_line' id='line_1_48' title="bbox 615 4591 2206 4672; baseline 0.009 -29"><span class='ocrx_word' id='word_1_401' title='bbox 615 4592 742 4658; x_wconf 89' lang='lat' dir='ltr'><strong>psit.</strong></span> <span class='ocrx_word' id='word_1_402' title='bbox 755 4591 903 4647; x_wconf 92' lang='lat' dir='ltr'><strong>Sicut</strong></span> <span class='ocrx_word' id='word_1_403' title='bbox 917 4602 1094 4649; x_wconf 89' lang='lat' dir='ltr'><strong>autem</strong></span> <span class='ocrx_word' id='word_1_404' title='bbox 1114 4595 1234 4666; x_wconf 88' lang='lat' dir='ltr'><strong>quia</strong></span> <span class='ocrx_word' id='word_1_405' title='bbox 1248 4595 1605 4669; x_wconf 86' lang='lat' dir='ltr'><strong>manducavit,</strong></span> <span class='ocrx_word' id='word_1_406' title='bbox 1621 4598 1735 4655; x_wconf 90' lang='lat' dir='ltr'><strong>sine</strong></span> <span class='ocrx_word' id='word_1_407' title='bbox 1746 4614 1970 4670; x_wconf 91' lang='lat' dir='ltr'><strong>corpore</strong></span> <span class='ocrx_word' id='word_1_408' title='bbox 1987 4601 2206 4672; x_wconf 84' lang='lat' dir='ltr'><strong>intelligi</strong></span> 
     </span>
    </p>
   </div>
   <div class='ocr_carea' id='block_1_49' title="bbox 612 4686 2202 4764">
    <p class='ocr_par' dir='ltr' id='par_1_49' title="bbox 612 4686 2202 4764">
     <span class='ocr_line' id='line_1_49' title="bbox 612 4686 2202 4764; baseline 0.009 -30"><span class='ocrx_word' id='word_1_409' title='bbox 612 4695 721 4736; x_wconf 87' lang='lat' dir='ltr'><strong>non</strong></span> <span class='ocrx_word' id='word_1_410' title='bbox 741 4691 934 4752; x_wconf 87' lang='lat' dir='ltr'><strong>potest;</strong></span> <span class='ocrx_word' id='word_1_411' title='bbox 951 4686 1026 4740; x_wconf 91' lang='lat' dir='ltr'><strong>sic</strong></span> <span class='ocrx_word' id='word_1_412' title='bbox 1038 4687 1160 4756; x_wconf 87' lang='lat' dir='ltr'><strong>quia</strong></span> <span class='ocrx_word' id='word_1_413' title='bbox 1176 4689 1414 4754; x_wconf 90' lang='lat' dir='ltr'><strong>esurivit,</strong></span> <span class='ocrx_word' id='word_1_414' title='bbox 1433 4689 1547 4746; x_wconf 90' lang='lat' dir='ltr'><strong>sine</strong></span> <span class='ocrx_word' id='word_1_415' title='bbox 1560 4692 1740 4747; x_wconf 90' lang='lat' dir='ltr'><strong>anima</strong></span> <span class='ocrx_word' id='word_1_416' title='bbox 1759 4693 1872 4748; x_wconf 91' lang='lat' dir='ltr'><strong>ﬁeri</strong></span> <span class='ocrx_word' id='word_1_417' title='bbox 1889 4707 1992 4747; x_wconf 93' lang='lat' dir='ltr'><strong>non</strong></span> <span class='ocrx_word' id='word_1_418' title='bbox 2012 4692 2202 4764; x_wconf 91' lang='lat' dir='ltr'><strong>potuit.</strong></span> 
     </span>
    </p>
   </div>
   <div class='ocr_carea' id='block_1_50' title="bbox 651 4772 2200 4858">
    <p class='ocr_par' dir='ltr' id='par_1_50' title="bbox 651 4772 2200 4858">
     <span class='ocr_line' id='line_1_50' title="bbox 651 4772 2200 4858; baseline 0.009 -32"><span class='ocrx_word' id='word_1_419' title='bbox 651 4847 658 4856; x_wconf 34' lang='lat'>.</span> <span class='ocrx_word' id='word_1_420' title='bbox 683 4773 739 4827; x_wconf 77' lang='grc'><strong>4.</strong></span> <span class='ocrx_word' id='word_1_421' title='bbox 769 4772 880 4828; x_wconf 89' lang='lat' dir='ltr'><strong>Nec</strong></span> <span class='ocrx_word' id='word_1_422' title='bbox 907 4775 994 4830; x_wconf 90' lang='lat' dir='ltr'><strong>illa</strong></span> <span class='ocrx_word' id='word_1_423' title='bbox 1021 4793 1117 4832; x_wconf 90' lang='lat' dir='ltr'><strong>nos</strong></span> <span class='ocrx_word' id='word_1_424' title='bbox 1136 4786 1298 4836; x_wconf 85' lang='lat' dir='ltr'><strong>terret</strong></span> <span class='ocrx_word' id='word_1_425' title='bbox 1327 4781 1498 4836; x_wconf 89' lang='lat' dir='ltr'><strong>inanis</strong></span> <span class='ocrx_word' id='word_1_426' title='bbox 1528 4792 1685 4854; x_wconf 91' lang='lat' dir='ltr'><strong>atque</strong></span> <span class='ocrx_word' id='word_1_427' title='bbox 1715 4785 1889 4855; x_wconf 90' lang='lat' dir='ltr'><strong>inepta</strong></span> <span class='ocrx_word' id='word_1_428' title='bbox 1915 4785 2200 4858; x_wconf 83' lang='lat' dir='ltr'><strong>calumnia,</strong></span> 
     </span>
    </p>
   </div>
   <div class='ocr_carea' id='block_1_51' title="bbox 611 4865 2203 4947">
    <p class='ocr_par' dir='ltr' id='par_1_51' title="bbox 611 4865 2203 4947">
     <span class='ocr_line' id='line_1_51' title="bbox 611 4865 2203 4947; baseline 0.013 -30"><span class='ocrx_word' id='word_1_429' title='bbox 611 4879 717 4932; x_wconf 89' lang='lat' dir='ltr'><strong>qua</strong></span> <span class='ocrx_word' id='word_1_430' title='bbox 744 4865 1003 4923; x_wconf 89' lang='lat' dir='ltr'><strong>invidiose</strong></span> <span class='ocrx_word' id='word_1_431' title='bbox 1025 4870 1335 4929; x_wconf 90' lang='lat' dir='ltr'><strong>resistentes</strong></span> <span class='ocrx_word' id='word_1_432' title='bbox 1359 4875 1511 4930; x_wconf 88' lang='lat' dir='ltr'><strong>aiunt</strong></span> <span class='ocrx_word' id='word_1_433' title='bbox 1540 4893 1553 4929; x_wconf 90' lang='lat'><strong>:</strong></span> <span class='ocrx_word' id='word_1_434' title='bbox 1590 4877 1730 4947; x_wconf 87' lang='lat' dir='ltr'><strong>Ergo</strong></span> <span class='ocrx_word' id='word_1_435' title='bbox 1767 4878 1866 4932; x_wconf 91' lang='lat' dir='ltr'><strong>sub</strong></span> <span class='ocrx_word' id='word_1_436' title='bbox 1889 4881 2203 4938; x_wconf 87' lang='lat' dir='ltr'><strong>necessitate</strong></span> 
     </span>
    </p>
   </div>
   <div class='ocr_carea' id='block_1_52' title="bbox 609 4954 2197 5030">
    <p class='ocr_par' dir='ltr' id='par_1_52' title="bbox 609 4954 2197 5030">
     <span class='ocr_line' id='line_1_52' title="bbox 609 4954 2197 5030; baseline 0.012 -22"><span class='ocrx_word' id='word_1_437' title='bbox 609 4954 818 5030; x_wconf 82' lang='lat' dir='ltr'><strong>positus</strong></span> <span class='ocrx_word' id='word_1_438' title='bbox 845 4956 961 5021; x_wconf 90' lang='lat' dir='ltr'><strong>fuit,</strong></span> <span class='ocrx_word' id='word_1_439' title='bbox 1002 4959 1047 5014; x_wconf 91' lang='lat' dir='ltr'><strong>si</strong></span> <span class='ocrx_word' id='word_1_440' title='bbox 1096 4960 1192 5016; x_wconf 90' lang='lat' dir='ltr'><strong>has</strong></span> <span class='ocrx_word' id='word_1_441' title='bbox 1236 4962 1547 5021; x_wconf 82' lang='lat' dir='ltr'><strong>affectiones</strong></span> <span class='ocrx_word' id='word_1_442' title='bbox 1585 4969 1748 5022; x_wconf 90' lang='lat' dir='ltr'><strong>animi</strong></span> <span class='ocrx_word' id='word_1_443' title='bbox 1793 4983 1950 5024; x_wconf 90' lang='lat' dir='ltr'><strong>veras</strong></span> <span class='ocrx_word' id='word_1_444' title='bbox 1993 4971 2197 5027; x_wconf 88' lang='lat' dir='ltr'><strong>habuit.</strong></span> 
     </span>
    </p>
   </div>
   <div class='ocr_carea' id='block_1_53' title="bbox 537 5043 2202 5127">
    <p class='ocr_par' dir='ltr' id='par_1_53' title="bbox 537 5043 2202 5127">
     <span class='ocr_line' id='line_1_53' title="bbox 537 5043 2202 5127; baseline 0.012 -30"><span class='ocrx_word' id='word_1_445' title='bbox 537 5091 549 5119; x_wconf 88' lang='lat'><strong>._</strong></span> <span class='ocrx_word' id='word_1_446' title='bbox 610 5043 792 5100; x_wconf 90' lang='lat' dir='ltr'><strong>Facile</strong></span> <span class='ocrx_word' id='word_1_447' title='bbox 843 5049 1040 5121; x_wconf 89' lang='lat' dir='ltr'><strong>quippe</strong></span> <span class='ocrx_word' id='word_1_448' title='bbox 1086 5055 1468 5123; x_wconf 86' lang='lat' dir='ltr'><strong>respondemus</strong></span> <span class='ocrx_word' id='word_1_449' title='bbox 1501 5075 1512 5110; x_wconf 92' lang='lat'>:</span> <span class='ocrx_word' id='word_1_450' title='bbox 1544 5057 1684 5127; x_wconf 86' lang='lat' dir='ltr'><strong>Ergo</strong></span> <span class='ocrx_word' id='word_1_451' title='bbox 1733 5057 1833 5112; x_wconf 90' lang='lat' dir='ltr'><strong>sub</strong></span> <span class='ocrx_word' id='word_1_452' title='bbox 1884 5062 2202 5118; x_wconf 88' lang='lat' dir='ltr'><strong>necessitate</strong></span> 
     </span>
    </p>
   </div>
   <div class='ocr_carea' id='block_1_54' title="bbox 608 5139 2200 5222">
    <p class='ocr_par' dir='ltr' id='par_1_54' title="bbox 608 5139 2200 5222">
     <span class='ocr_line' id='line_1_54' title="bbox 608 5139 2200 5222; baseline 0.014 -32"><span class='ocrx_word' id='word_1_453' title='bbox 608 5139 813 5206; x_wconf 91' lang='lat' dir='ltr'><strong>positus</strong></span> <span class='ocrx_word' id='word_1_454' title='bbox 838 5139 955 5209; x_wconf 87' lang='lat' dir='ltr'><strong>fuit,</strong></span> <span class='ocrx_word' id='word_1_455' title='bbox 985 5145 1106 5215; x_wconf 85' lang='lat' dir='ltr'><strong>quia</strong></span> <span class='ocrx_word' id='word_1_456' title='bbox 1132 5149 1583 5218; x_wconf 89' lang='lat' dir='ltr'><strong>comprehensus,</strong></span> <span class='ocrx_word' id='word_1_457' title='bbox 1614 5150 1911 5222; x_wconf 87' lang='lat' dir='ltr'><strong>ﬁagellatns</strong></span> <span class='ocrx_word' id='word_1_458' title='bbox 1930 5196 1945 5221; x_wconf 90' lang='lat'><strong>,</strong></span> <span class='ocrx_word' id='word_1_459' title='bbox 1983 5157 2200 5211; x_wconf 85' lang='lat' dir='ltr'><strong>cruciﬁ-</strong></span> 
     </span>
    </p>
   </div>
   <div class='ocr_carea' id='block_1_55' title="bbox 608 5239 2201 5313">
    <p class='ocr_par' dir='ltr' id='par_1_55' title="bbox 608 5239 2201 5313">
     <span class='ocr_line' id='line_1_55' title="bbox 608 5239 2201 5313; baseline 0.014 -31"><span class='ocrx_word' id='word_1_460' title='bbox 608 5243 709 5283; x_wconf 82' lang='lat' dir='ltr'><strong>xus</strong></span> <span class='ocrx_word' id='word_1_461' title='bbox 739 5239 793 5285; x_wconf 92' lang='lat' dir='ltr'><strong>et</strong></span> <span class='ocrx_word' id='word_1_462' title='bbox 817 5245 1059 5291; x_wconf 91' lang='lat' dir='ltr'><strong>mortuus</strong></span> <span class='ocrx_word' id='word_1_463' title='bbox 1079 5247 1161 5292; x_wconf 89' lang='lat' dir='ltr'><strong>est</strong></span> <span class='ocrx_word' id='word_1_464' title='bbox 1190 5253 1204 5292; x_wconf 93' lang='lat'><strong>:</strong></span> <span class='ocrx_word' id='word_1_465' title='bbox 1236 5248 1294 5294; x_wconf 91' lang='lat' dir='ltr'><strong>ut</strong></span> <span class='ocrx_word' id='word_1_466' title='bbox 1314 5241 1526 5295; x_wconf 89' lang='lat' dir='ltr'><strong>tandem</strong></span> <span class='ocrx_word' id='word_1_467' title='bbox 1555 5241 1670 5297; x_wconf 88' lang='lat' dir='ltr'><strong>sine</strong></span> <span class='ocrx_word' id='word_1_468' title='bbox 1699 5245 2006 5313; x_wconf 83' lang='lat' dir='ltr'><strong>pertinacia,</strong></span> <span class='ocrx_word' id='word_1_469' title='bbox 2041 5249 2086 5303; x_wconf 90' lang='lat' dir='ltr'><strong>si</strong></span> <span class='ocrx_word' id='word_1_470' title='bbox 2111 5265 2201 5306; x_wconf 87' lang='lat' dir='ltr'><strong>vo-</strong></span> 
     </span>
    </p>
   </div>
   <div class='ocr_carea' id='block_1_56' title="bbox 605 5319 2198 5403">
    <p class='ocr_par' dir='ltr' id='par_1_56' title="bbox 605 5319 2198 5403">
     <span class='ocr_line' id='line_1_56' title="bbox 605 5319 2198 5403; baseline 0.014 -31"><span class='ocrx_word' id='word_1_471' title='bbox 605 5319 752 5386; x_wconf 91' lang='lat' dir='ltr'><strong>lunt,</strong></span> <span class='ocrx_word' id='word_1_472' title='bbox 786 5322 1081 5395; x_wconf 85' lang='lat' dir='ltr'><strong>intelligant</strong></span> <span class='ocrx_word' id='word_1_473' title='bbox 1107 5327 1185 5382; x_wconf 91' lang='lat' dir='ltr'><strong>sic</strong></span> <span class='ocrx_word' id='word_1_474' title='bbox 1211 5345 1333 5385; x_wconf 90' lang='lat' dir='ltr'><strong>eum</strong></span> <span class='ocrx_word' id='word_1_475' title='bbox 1362 5333 1637 5399; x_wconf 89' lang='lat' dir='ltr'><strong>passiones</strong></span> <span class='ocrx_word' id='word_1_476' title='bbox 1665 5334 1848 5403; x_wconf 91' lang='lat' dir='ltr'><strong>animi,</strong></span> <span class='ocrx_word' id='word_1_477' title='bbox 1881 5337 1981 5393; x_wconf 93' lang='lat' dir='ltr'><strong>hoc</strong></span> <span class='ocrx_word' id='word_1_478' title='bbox 2005 5350 2090 5394; x_wconf 91' lang='lat' dir='ltr'><strong>est</strong></span> <span class='ocrx_word' id='word_1_479' title='bbox 2112 5340 2198 5396; x_wconf 90' lang='lat' dir='ltr'><strong>af-</strong></span> 
     </span>
    </p>
   </div>
   <div class='ocr_carea' id='block_1_57' title="bbox 606 5410 2198 5497">
    <p class='ocr_par' dir='ltr' id='par_1_57' title="bbox 606 5410 2198 5497">
     <span class='ocr_line' id='line_1_57' title="bbox 606 5410 2198 5497; baseline 0.016 -35"><span class='ocrx_word' id='word_1_480' title='bbox 606 5410 884 5478; x_wconf 89' lang='lat' dir='ltr'><strong>fectiones,</strong></span> <span class='ocrx_word' id='word_1_481' title='bbox 919 5417 1189 5473; x_wconf 70' lang='lat' dir='ltr'><strong>voluntate</strong></span> <span class='ocrx_word' id='word_1_482' title='bbox 1226 5420 1639 5490; x_wconf 85' lang='lat' dir='ltr'><strong>dispensationis</strong></span> <span class='ocrx_word' id='word_1_483' title='bbox 1663 5426 1702 5492; x_wconf 74' lang='grc' dir='ltr'><strong>ί,</strong></span> <span class='ocrx_word' id='word_1_484' title='bbox 1730 5442 1882 5483; x_wconf 89' lang='lat' dir='ltr'><strong>veras</strong></span> <span class='ocrx_word' id='word_1_485' title='bbox 1908 5437 2104 5497; x_wconf 85' lang='lat' dir='ltr'><strong>tamen,</strong></span> <span class='ocrx_word' id='word_1_486' title='bbox 2140 5442 2198 5488; x_wconf 90' lang='lat' dir='ltr'><strong>ut</strong></span> 
     </span>
    </p>
   </div>
   <div class='ocr_carea' id='block_1_58' title="bbox 605 5500 2194 5594">
    <p class='ocr_par' dir='ltr' id='par_1_58' title="bbox 605 5500 2194 5594">
     <span class='ocr_line' id='line_1_58' title="bbox 605 5500 2194 5594; baseline 0.018 -43"><span class='ocrx_word' id='word_1_487' title='bbox 605 5500 820 5569; x_wconf 84' lang='lat' dir='ltr'><strong>placuit,</strong></span> <span class='ocrx_word' id='word_1_488' title='bbox 853 5507 1152 5576; x_wconf 89' lang='lat' dir='ltr'><strong>suscepisse</strong></span> <span class='ocrx_word' id='word_1_489' title='bbox 1171 5550 1186 5574; x_wconf 94' lang='lat'><strong>,</strong></span> <span class='ocrx_word' id='word_1_490' title='bbox 1218 5511 1669 5580; x_wconf 87' lang='lat' dir='ltr'><strong>quemadmodum</strong></span> <span class='ocrx_word' id='word_1_491' title='bbox 1699 5518 1974 5589; x_wconf 90' lang='lat' dir='ltr'><strong>passiones</strong></span> <span class='ocrx_word' id='word_1_492' title='bbox 2001 5535 2194 5594; x_wconf 87' lang='lat' dir='ltr'><strong>corpo-</strong></span> 
     </span>
    </p>
   </div>
   <div class='ocr_carea' id='block_1_59' title="bbox 683 5658 2194 5741">
    <p class='ocr_par' dir='ltr' id='par_1_59' title="bbox 683 5658 2194 5741">
     <span class='ocr_line' id='line_1_59' title="bbox 683 5658 2194 5741; baseline 0.007 -24"><span class='ocrx_word' id='word_1_493' title='bbox 683 5658 977 5741; x_wconf 37' lang='lat' dir='ltr'><strong>Ljifilgcem</strong></span> <span class='ocrx_word' id='word_1_494' title='bbox 999 5671 1106 5716; x_wconf 80' lang='lat' dir='ltr'><strong>Mss.</strong></span> <span class='ocrx_word' id='word_1_495' title='bbox 1131 5665 1249 5718; x_wconf 83' lang='lat' dir='ltr'><strong>Editi</strong></span> <span class='ocrx_word' id='word_1_496' title='bbox 1270 5674 1434 5722; x_wconf 83' lang='lat' dir='ltr'><strong>autem</strong></span> <span class='ocrx_word' id='word_1_497' title='bbox 1455 5668 1547 5724; x_wconf 89' lang='lat' dir='ltr'><strong>hoc</strong></span> <span class='ocrx_word' id='word_1_498' title='bbox 1571 5681 1759 5728; x_wconf 87' lang='lat' dir='ltr'><strong>tantum</strong></span> <span class='ocrx_word' id='word_1_499' title='bbox 1793 5675 1918 5741; x_wconf 86' lang='lat' dir='ltr'><strong>loco,</strong></span> <span class='ocrx_word' id='word_1_500' title='bbox 1942 5677 2194 5732; x_wconf 74' lang='lat' dir='ltr'><strong>voluntatis</strong></span> 
     </span>
    </p>
   </div>
   <div class='ocr_carea' id='block_1_60' title="bbox 604 5717 970 5780">
    <p class='ocr_par' dir='ltr' id='par_1_60' title="bbox 604 5717 970 5780">
     <span class='ocr_line' id='line_1_60' title="bbox 604 5717 970 5780; baseline 0.027 -14"><span class='ocrx_word' id='word_1_501' title='bbox 604 5717 970 5780; x_wconf 78' lang='lat' dir='ltr'><strong>dispensatime.</strong></span> 
     </span>
    </p>
   </div>
   <div class='ocr_carea' id='block_1_61' title="bbox 2343 385 3930 458">
    <p class='ocr_par' dir='ltr' id='par_1_61' title="bbox 2343 385 3930 458">
     <span class='ocr_line' id='line_1_61' title="bbox 2343 385 3930 458; baseline 0.009 -19"><span class='ocrx_word' id='word_1_502' title='bbox 2343 385 2416 440; x_wconf 92' lang='lat' dir='ltr'><strong>ris</strong></span> <span class='ocrx_word' id='word_1_503' title='bbox 2442 386 2629 443; x_wconf 91' lang='lat' dir='ltr'><strong>eadem</strong></span> <span class='ocrx_word' id='word_1_504' title='bbox 2656 387 3067 458; x_wconf 88' lang='lat' dir='ltr'><strong>dispensationis</strong></span> <span class='ocrx_word' id='word_1_505' title='bbox 3095 389 3366 445; x_wconf 87' lang='lat' dir='ltr'><strong>voluntate</strong></span> <span class='ocrx_word' id='word_1_506' title='bbox 3409 390 3526 446; x_wconf 89' lang='lat' dir='ltr'><strong>sine</strong></span> <span class='ocrx_word' id='word_1_507' title='bbox 3563 390 3668 446; x_wconf 90' lang='lat' dir='ltr'><strong>ulla</strong></span> <span class='ocrx_word' id='word_1_508' title='bbox 3699 398 3930 453; x_wconf 78' lang='lat' dir='ltr'><strong>necessi-</strong></span> 
     </span>
    </p>
   </div>
   <div class='ocr_carea' id='block_1_62' title="bbox 2343 479 3925 549">
    <p class='ocr_par' dir='ltr' id='par_1_62' title="bbox 2343 479 3925 549">
     <span class='ocr_line' id='line_1_62' title="bbox 2343 479 3925 549; baseline 0.009 -18"><span class='ocrx_word' id='word_1_509' title='bbox 2343 485 2452 532; x_wconf 89' lang='lat' dir='ltr'><strong>tate</strong></span> <span class='ocrx_word' id='word_1_510' title='bbox 2465 479 2717 549; x_wconf 86' lang='lat' dir='ltr'><strong>suscepit.</strong></span> <span class='ocrx_word' id='word_1_511' title='bbox 2732 479 3190 546; x_wconf 89' lang='lat' dir='ltr'><strong>Quemadmodum</strong></span> <span class='ocrx_word' id='word_1_512' title='bbox 3214 496 3313 547; x_wconf 81' lang='lat' dir='ltr'><strong>nos</strong></span> <span class='ocrx_word' id='word_1_513' title='bbox 3337 496 3442 538; x_wconf 89' lang='lat' dir='ltr'><strong>non</strong></span> <span class='ocrx_word' id='word_1_514' title='bbox 3469 483 3752 542; x_wconf 86' lang='lat' dir='ltr'><strong>voluntate</strong></span> <span class='ocrx_word' id='word_1_515' title='bbox 3779 489 3925 546; x_wconf 86' lang='lat' dir='ltr'><strong>mori-</strong></span> 
     </span>
    </p>
   </div>
   <div class='ocr_carea' id='block_1_63' title="bbox 2343 571 3927 638">
    <p class='ocr_par' dir='ltr' id='par_1_63' title="bbox 2343 571 3927 638">
     <span class='ocr_line' id='line_1_63' title="bbox 2343 571 3927 638; baseline 0.008 -14"><span class='ocrx_word' id='word_1_516' title='bbox 2343 585 2482 636; x_wconf 91' lang='lat' dir='ltr'><strong>mur,</strong></span> <span class='ocrx_word' id='word_1_517' title='bbox 2513 571 2590 625; x_wconf 90' lang='lat' dir='ltr'><strong>sic</strong></span> <span class='ocrx_word' id='word_1_518' title='bbox 2613 579 2668 626; x_wconf 91' lang='lat' dir='ltr'><strong>et</strong></span> <span class='ocrx_word' id='word_1_519' title='bbox 2694 586 2798 626; x_wconf 89' lang='lat' dir='ltr'><strong>non</strong></span> <span class='ocrx_word' id='word_1_520' title='bbox 2827 573 3098 628; x_wconf 84' lang='lat' dir='ltr'><strong>voluntate</strong></span> <span class='ocrx_word' id='word_1_521' title='bbox 3141 575 3446 630; x_wconf 89' lang='lat' dir='ltr'><strong>nascimur:</strong></span> <span class='ocrx_word' id='word_1_522' title='bbox 3476 576 3561 632; x_wconf 91' lang='lat' dir='ltr'><strong>ille</strong></span> <span class='ocrx_word' id='word_1_523' title='bbox 3611 587 3804 634; x_wconf 88' lang='lat' dir='ltr'><strong>autem</strong></span> <span class='ocrx_word' id='word_1_524' title='bbox 3848 598 3927 638; x_wconf 85' lang='lat' dir='ltr'><strong>vo-</strong></span> 
     </span>
    </p>
   </div>
   <div class='ocr_carea' id='block_1_64' title="bbox 2343 658 3926 735">
    <p class='ocr_par' dir='ltr' id='par_1_64' title="bbox 2343 658 3926 735">
     <span class='ocr_line' id='line_1_64' title="bbox 2343 658 3926 735; baseline 0.011 -22"><span class='ocrx_word' id='word_1_525' title='bbox 2343 658 2546 716; x_wconf 88' lang='lat' dir='ltr'><strong>luntate</strong></span> <span class='ocrx_word' id='word_1_526' title='bbox 2572 670 2886 733; x_wconf 76' lang='lat' dir='ltr'><strong>utrumque,</strong></span> <span class='ocrx_word' id='word_1_527' title='bbox 2915 671 2968 718; x_wconf 89' lang='lat' dir='ltr'><strong>ut</strong></span> <span class='ocrx_word' id='word_1_528' title='bbox 2996 665 3333 734; x_wconf 87' lang='lat' dir='ltr'><strong>opportebat,</strong></span> <span class='ocrx_word' id='word_1_529' title='bbox 3364 666 3640 735; x_wconf 81' lang='lat' dir='ltr'><strong>exhibuit,</strong></span> <span class='ocrx_word' id='word_1_530' title='bbox 3669 678 3735 725; x_wconf 89' lang='lat' dir='ltr'><strong>et</strong></span> <span class='ocrx_word' id='word_1_531' title='bbox 3765 679 3926 731; x_wconf 82' lang='lat' dir='ltr'><strong>tamen</strong></span> 
     </span>
    </p>
   </div>
   <div class='ocr_carea' id='block_1_65' title="bbox 2345 751 3925 826">
    <p class='ocr_par' dir='ltr' id='par_1_65' title="bbox 2345 751 3925 826">
     <span class='ocr_line' id='line_1_65' title="bbox 2345 751 3925 826; baseline 0.01 -21"><span class='ocrx_word' id='word_1_532' title='bbox 2345 751 2622 808; x_wconf 88' lang='lat' dir='ltr'><strong>verissime</strong></span> <span class='ocrx_word' id='word_1_533' title='bbox 2642 753 2900 809; x_wconf 84' lang='lat' dir='ltr'><strong>exhibuit.</strong></span> <span class='ocrx_word' id='word_1_534' title='bbox 2915 753 3062 811; x_wconf 90' lang='lat' dir='ltr'><strong>Sicut</strong></span> <span class='ocrx_word' id='word_1_535' title='bbox 3090 770 3218 826; x_wconf 89' lang='lat' dir='ltr'><strong>ergo</strong></span> <span class='ocrx_word' id='word_1_536' title='bbox 3248 758 3578 815; x_wconf 88' lang='lat' dir='ltr'><strong>necessitatis</strong></span> <span class='ocrx_word' id='word_1_537' title='bbox 3597 761 3827 818; x_wconf 90' lang='lat' dir='ltr'><strong>nomine</strong></span> <span class='ocrx_word' id='word_1_538' title='bbox 3842 779 3925 821; x_wconf 83' lang='lat' dir='ltr'><strong>nec</strong></span> 
     </span>
    </p>
   </div>
   <div class='ocr_carea' id='block_1_66' title="bbox 2341 843 3925 924">
    <p class='ocr_par' dir='ltr' id='par_1_66' title="bbox 2341 843 3925 924">
     <span class='ocr_line' id='line_1_66' title="bbox 2341 843 3925 924; baseline 0.009 -29"><span class='ocrx_word' id='word_1_539' title='bbox 2341 855 2439 896; x_wconf 91' lang='lat' dir='ltr'><strong>nos</strong></span> <span class='ocrx_word' id='word_1_540' title='bbox 2454 857 2554 898; x_wconf 92' lang='lat' dir='ltr'><strong>nec</strong></span> <span class='ocrx_word' id='word_1_541' title='bbox 2568 843 2686 899; x_wconf 93' lang='lat' dir='ltr'><strong>illos</strong></span> <span class='ocrx_word' id='word_1_542' title='bbox 2702 844 2978 914; x_wconf 88' lang='lat' dir='ltr'><strong>quisquam</strong></span> <span class='ocrx_word' id='word_1_543' title='bbox 2991 845 3170 900; x_wconf 88' lang='lat' dir='ltr'><strong>avellit</strong></span> <span class='ocrx_word' id='word_1_544' title='bbox 3181 860 3211 900; x_wconf 90' lang='lat' dir='ltr'><strong>a</strong></span> <span class='ocrx_word' id='word_1_545' title='bbox 3228 845 3332 902; x_wconf 92' lang='lat' dir='ltr'><strong>ﬁde</strong></span> <span class='ocrx_word' id='word_1_546' title='bbox 3345 848 3638 905; x_wconf 76' lang='lat' dir='ltr'><strong>verissima:</strong></span> <span class='ocrx_word' id='word_1_547' title='bbox 3651 852 3925 924; x_wconf 84' lang='lat' dir='ltr'><strong>passionis,</strong></span> 
     </span>
    </p>
   </div>
   <div class='ocr_carea' id='block_1_67' title="bbox 2343 935 3927 1012">
    <p class='ocr_par' dir='ltr' id='par_1_67' title="bbox 2343 935 3927 1012">
     <span class='ocr_line' id='line_1_67' title="bbox 2343 935 3927 1012; baseline 0.008 -26"><span class='ocrx_word' id='word_1_548' title='bbox 2343 947 2440 1002; x_wconf 90' lang='lat' dir='ltr'><strong>per</strong></span> <span class='ocrx_word' id='word_1_549' title='bbox 2467 949 2624 1004; x_wconf 92' lang='lat' dir='ltr'><strong>quam</strong></span> <span class='ocrx_word' id='word_1_550' title='bbox 2653 948 2847 1004; x_wconf 91' lang='lat' dir='ltr'><strong>corpus</strong></span> <span class='ocrx_word' id='word_1_551' title='bbox 2875 936 2991 1006; x_wconf 91' lang='lat' dir='ltr'><strong>ejus</strong></span> <span class='ocrx_word' id='word_1_552' title='bbox 3016 935 3345 992; x_wconf 89' lang='lat' dir='ltr'><strong>ostenditur:</strong></span> <span class='ocrx_word' id='word_1_553' title='bbox 3368 939 3446 994; x_wconf 93' lang='lat' dir='ltr'><strong>sic</strong></span> <span class='ocrx_word' id='word_1_554' title='bbox 3477 947 3534 996; x_wconf 89' lang='lat' dir='ltr'><strong>et</strong></span> <span class='ocrx_word' id='word_1_555' title='bbox 3561 956 3664 996; x_wconf 89' lang='lat' dir='ltr'><strong>nos</strong></span> <span class='ocrx_word' id='word_1_556' title='bbox 3689 942 3814 1012; x_wconf 86' lang='lat' dir='ltr'><strong>ipso</strong></span> <span class='ocrx_word' id='word_1_557' title='bbox 3841 961 3927 1000; x_wconf 91' lang='lat' dir='ltr'><strong>no-</strong></span> 
     </span>
    </p>
   </div>
   <div class='ocr_carea' id='block_1_68' title="bbox 2340 1022 3924 1092">
    <p class='ocr_par' dir='ltr' id='par_1_68' title="bbox 2340 1022 3924 1092">
     <span class='ocr_line' id='line_1_68' title="bbox 2340 1022 3924 1092; baseline 0.009 -15"><span class='ocrx_word' id='word_1_558' title='bbox 2340 1022 2485 1080; x_wconf 92' lang='lat' dir='ltr'><strong>mine</strong></span> <span class='ocrx_word' id='word_1_559' title='bbox 2507 1025 2839 1081; x_wconf 89' lang='lat' dir='ltr'><strong>necessitatis</strong></span> <span class='ocrx_word' id='word_1_560' title='bbox 2858 1041 3015 1082; x_wconf 91' lang='lat' dir='ltr'><strong>nemo</strong></span> <span class='ocrx_word' id='word_1_561' title='bbox 3033 1025 3270 1082; x_wconf 85' lang='lat' dir='ltr'><strong>deterret</strong></span> <span class='ocrx_word' id='word_1_562' title='bbox 3296 1043 3326 1082; x_wconf 90' lang='lat' dir='ltr'><strong>a</strong></span> <span class='ocrx_word' id='word_1_563' title='bbox 3361 1028 3466 1084; x_wconf 87' lang='lat' dir='ltr'><strong>ﬁde</strong></span> <span class='ocrx_word' id='word_1_564' title='bbox 3492 1032 3800 1087; x_wconf 68' lang='lat' dir='ltr'><strong>verissima:</strong></span> <span class='ocrx_word' id='word_1_565' title='bbox 3819 1034 3924 1092; x_wconf 61' lang='grc' dir='ltr'><strong>διε.</strong></span> 
     </span>
    </p>
   </div>
   <div class='ocr_carea' id='block_1_69' title="bbox 2340 1118 3924 1198">
    <p class='ocr_par' dir='ltr' id='par_1_69' title="bbox 2340 1118 3924 1198">
     <span class='ocr_line' id='line_1_69' title="bbox 2340 1118 3924 1198; baseline 0.006 -25"><span class='ocrx_word' id='word_1_566' title='bbox 2340 1118 2552 1184; x_wconf 91' lang='lat' dir='ltr'><strong>ctionis,</strong></span> <span class='ocrx_word' id='word_1_567' title='bbox 2579 1133 2674 1188; x_wconf 92' lang='lat' dir='ltr'><strong>per</strong></span> <span class='ocrx_word' id='word_1_568' title='bbox 2692 1135 2850 1190; x_wconf 89' lang='lat' dir='ltr'><strong>quam</strong></span> <span class='ocrx_word' id='word_1_569' title='bbox 2871 1120 3103 1176; x_wconf 90' lang='lat' dir='ltr'><strong>animam</strong></span> <span class='ocrx_word' id='word_1_570' title='bbox 3124 1121 3240 1191; x_wconf 91' lang='lat' dir='ltr'><strong>ejus</strong></span> <span class='ocrx_word' id='word_1_571' title='bbox 3262 1123 3629 1193; x_wconf 81' lang='lat' dir='ltr'><strong>agnoscimus;</strong></span> <span class='ocrx_word' id='word_1_572' title='bbox 3665 1140 3777 1182; x_wconf 87' lang='lat' dir='ltr'><strong>nec</strong></span> <span class='ocrx_word' id='word_1_573' title='bbox 3802 1129 3924 1198; x_wconf 84' lang='lat' dir='ltr'><strong>ipsos</strong></span> 
     </span>
    </p>
   </div>
   <div class='ocr_carea' id='block_1_70' title="bbox 2339 1210 3924 1285">
    <p class='ocr_par' dir='ltr' id='par_1_70' title="bbox 2339 1210 3924 1285">
     <span class='ocr_line' id='line_1_70' title="bbox 2339 1210 3924 1285; baseline 0.007 -21"><span class='ocrx_word' id='word_1_574' title='bbox 2339 1210 2502 1266; x_wconf 86' lang='lat' dir='ltr'><strong>debet</strong></span> <span class='ocrx_word' id='word_1_575' title='bbox 2519 1211 2838 1268; x_wconf 84' lang='lat' dir='ltr'><strong>deterrerea</strong></span> <span class='ocrx_word' id='word_1_576' title='bbox 2861 1213 3246 1270; x_wconf 90' lang='lat' dir='ltr'><strong>consentiendo</strong></span> <span class='ocrx_word' id='word_1_577' title='bbox 3271 1215 3546 1272; x_wconf 66' lang='lat' dir='ltr'><strong>catholica:</strong></span> <span class='ocrx_word' id='word_1_578' title='bbox 3569 1217 3726 1285; x_wconf 91' lang='lat' dir='ltr'><strong>ﬁdei,</strong></span> <span class='ocrx_word' id='word_1_579' title='bbox 3751 1220 3798 1274; x_wconf 92' lang='lat' dir='ltr'><strong>si</strong></span> <span class='ocrx_word' id='word_1_580' title='bbox 3837 1236 3924 1276; x_wconf 81' lang='lat' dir='ltr'><strong>non</strong></span> 
     </span>
    </p>
   </div>
   <div class='ocr_carea' id='block_1_71' title="bbox 2339 1301 3919 1382">
    <p class='ocr_par' dir='ltr' id='par_1_71' title="bbox 2339 1301 3919 1382">
     <span class='ocr_line' id='line_1_71' title="bbox 2339 1301 3919 1382; baseline 0.008 -26"><span class='ocrx_word' id='word_1_581' title='bbox 2339 1317 2436 1357; x_wconf 90' lang='lat' dir='ltr'><strong>eos</strong></span> <span class='ocrx_word' id='word_1_582' title='bbox 2446 1301 2681 1358; x_wconf 91' lang='lat' dir='ltr'><strong>deterret</strong></span> <span class='ocrx_word' id='word_1_583' title='bbox 2697 1304 2982 1360; x_wconf 81' lang='lat' dir='ltr'><strong>exitiabilis</strong></span> <span class='ocrx_word' id='word_1_584' title='bbox 3000 1306 3171 1376; x_wconf 90' lang='lat' dir='ltr'><strong>pudor</strong></span> <span class='ocrx_word' id='word_1_585' title='bbox 3187 1309 3476 1376; x_wconf 68' lang='lat' dir='ltr'><strong>mutandae,</strong></span> <span class='ocrx_word' id='word_1_586' title='bbox 3491 1312 3744 1380; x_wconf 87' lang='lat' dir='ltr'><strong>quamvis</strong></span> <span class='ocrx_word' id='word_1_587' title='bbox 3771 1311 3919 1382; x_wconf 63' lang='lat' dir='ltr'><strong>falsa,</strong></span> 
     </span>
    </p>
   </div>
   <div class='ocr_carea' id='block_1_72' title="bbox 2339 1392 3810 1460">
    <p class='ocr_par' dir='ltr' id='par_1_72' title="bbox 2339 1392 3810 1460">
     <span class='ocr_line' id='line_1_72' title="bbox 2339 1392 3810 1460; baseline 0.007 -13"><span class='ocrx_word' id='word_1_588' title='bbox 2339 1392 2428 1448; x_wconf 91' lang='lat' dir='ltr'><strong>diu</strong></span> <span class='ocrx_word' id='word_1_589' title='bbox 2459 1402 2634 1449; x_wconf 91' lang='lat' dir='ltr'><strong>tamen</strong></span> <span class='ocrx_word' id='word_1_590' title='bbox 2663 1404 2718 1450; x_wconf 89' lang='lat' dir='ltr'><strong>et</strong></span> <span class='ocrx_word' id='word_1_591' title='bbox 2743 1409 2864 1450; x_wconf 91' lang='lat' dir='ltr'><strong>cum</strong></span> <span class='ocrx_word' id='word_1_592' title='bbox 2907 1399 3209 1454; x_wconf 90' lang='lat' dir='ltr'><strong>temeritate</strong></span> <span class='ocrx_word' id='word_1_593' title='bbox 3232 1399 3466 1456; x_wconf 69' lang='lat' dir='ltr'><strong>defensae</strong></span> <span class='ocrx_word' id='word_1_594' title='bbox 3490 1404 3810 1460; x_wconf 67' lang='lat' dir='ltr'><strong>sententiae.</strong></span> 
     </span>
    </p>
   </div>
   <div class='ocr_carea' id='block_1_73' title="bbox 2446 1483 3814 1564">
    <p class='ocr_par' dir='ltr' id='par_1_73' title="bbox 2446 1483 3814 1564">
     <span class='ocr_line' id='line_1_73' title="bbox 2446 1483 3814 1564; baseline 0.009 -27"><span class='ocrx_word' id='word_1_595' title='bbox 2446 1483 2681 1539; x_wconf 79' lang='lat' dir='ltr'><strong>LXXXI.</strong></span> <span class='ocrx_word' id='word_1_596' title='bbox 2723 1483 2803 1540; x_wconf 84' lang='lat' dir='ltr'><strong>De</strong></span> <span class='ocrx_word' id='word_1_597' title='bbox 2848 1485 3249 1558; x_wconf 78' lang='lat' dir='ltr'><strong>Quadragesima</strong></span> <span class='ocrx_word' id='word_1_598' title='bbox 3275 1491 3814 1564; x_wconf 67' lang='lat' dir='ltr'><strong>eLQuinquagesima.</strong></span> 
     </span>
    </p>
   </div>
   <div class='ocr_carea' id='block_1_74' title="bbox 2411 1575 3917 1652">
    <p class='ocr_par' dir='ltr' id='par_1_74' title="bbox 2411 1575 3917 1652">
     <span class='ocr_line' id='line_1_74' title="bbox 2411 1575 3917 1652; baseline 0.009 -21"><span class='ocrx_word' id='word_1_599' title='bbox 2411 1577 2437 1631; x_wconf 90' lang='grc'><strong>1</strong></span> <span class='ocrx_word' id='word_1_600' title='bbox 2451 1616 2464 1630; x_wconf 94' lang='grc'><strong><em>.</em></strong></span> <span class='ocrx_word' id='word_1_601' title='bbox 2502 1575 2687 1632; x_wconf 90' lang='lat' dir='ltr'><strong>Omnis</strong></span> <span class='ocrx_word' id='word_1_602' title='bbox 2709 1578 2984 1648; x_wconf 66' lang='lat' dir='ltr'><strong>sapientiae</strong></span> <span class='ocrx_word' id='word_1_603' title='bbox 3001 1580 3300 1651; x_wconf 88' lang='lat' dir='ltr'><strong>disciplina,</strong></span> <span class='ocrx_word' id='word_1_604' title='bbox 3324 1597 3444 1652; x_wconf 85' lang='lat' dir='ltr'><strong>quae</strong></span> <span class='ocrx_word' id='word_1_605' title='bbox 3461 1583 3528 1639; x_wconf 91' lang='lat' dir='ltr'><strong>ad</strong></span> <span class='ocrx_word' id='word_1_606' title='bbox 3550 1585 3805 1644; x_wconf 88' lang='lat' dir='ltr'><strong>homines</strong></span> <span class='ocrx_word' id='word_1_607' title='bbox 3825 1605 3917 1645; x_wconf 87' lang='lat' dir='ltr'><strong>eru-</strong></span> 
     </span>
    </p>
   </div>
   <div class='ocr_carea' id='block_1_75' title="bbox 2338 1667 3916 1753">
    <p class='ocr_par' dir='ltr' id='par_1_75' title="bbox 2338 1667 3916 1753">
     <span class='ocr_line' id='line_1_75' title="bbox 2338 1667 3916 1753; baseline 0.01 -30"><span class='ocrx_word' id='word_1_608' title='bbox 2338 1667 2562 1724; x_wconf 91' lang='lat' dir='ltr'><strong>diendos</strong></span> <span class='ocrx_word' id='word_1_609' title='bbox 2588 1671 2836 1740; x_wconf 89' lang='lat' dir='ltr'><strong>pertinet,</strong></span> <span class='ocrx_word' id='word_1_610' title='bbox 2865 1680 2946 1727; x_wconf 90' lang='lat' dir='ltr'><strong>est</strong></span> <span class='ocrx_word' id='word_1_611' title='bbox 2973 1673 3282 1730; x_wconf 89' lang='lat' dir='ltr'><strong>Creatorem</strong></span> <span class='ocrx_word' id='word_1_612' title='bbox 3309 1685 3724 1750; x_wconf 89' lang='lat' dir='ltr'><strong>creaturamque</strong></span> <span class='ocrx_word' id='word_1_613' title='bbox 3749 1681 3916 1753; x_wconf 87' lang='lat' dir='ltr'><strong>digno-</strong></span> 
     </span>
    </p>
   </div>
   <div class='ocr_carea' id='block_1_76' title="bbox 2337 1760 3916 1840">
    <p class='ocr_par' dir='ltr' id='par_1_76' title="bbox 2337 1760 3916 1840">
     <span class='ocr_line' id='line_1_76' title="bbox 2337 1760 3916 1840; baseline 0.01 -28"><span class='ocrx_word' id='word_1_614' title='bbox 2337 1771 2509 1825; x_wconf 90' lang='lat' dir='ltr'><strong>scere,</strong></span> <span class='ocrx_word' id='word_1_615' title='bbox 2542 1768 2596 1813; x_wconf 92' lang='lat' dir='ltr'><strong>et</strong></span> <span class='ocrx_word' id='word_1_616' title='bbox 2635 1760 2781 1814; x_wconf 92' lang='lat' dir='ltr'><strong>illum</strong></span> <span class='ocrx_word' id='word_1_617' title='bbox 2810 1762 2986 1817; x_wconf 89' lang='lat' dir='ltr'><strong>colere</strong></span> <span class='ocrx_word' id='word_1_618' title='bbox 3009 1762 3371 1820; x_wconf 90' lang='lat' dir='ltr'><strong>dominantem</strong></span> <span class='ocrx_word' id='word_1_619' title='bbox 3395 1807 3412 1832; x_wconf 90' lang='lat'><strong>,</strong></span> <span class='ocrx_word' id='word_1_620' title='bbox 3437 1767 3592 1823; x_wconf 88' lang='lat' dir='ltr'><strong>istam</strong></span> <span class='ocrx_word' id='word_1_621' title='bbox 3631 1771 3916 1840; x_wconf 86' lang='lat' dir='ltr'><strong>subjectam</strong></span> 
     </span>
    </p>
   </div>
   <div class='ocr_carea' id='block_1_77' title="bbox 2337 1848 3914 1933">
    <p class='ocr_par' dir='ltr' id='par_1_77' title="bbox 2337 1848 3914 1933">
     <span class='ocr_line' id='line_1_77' title="bbox 2337 1848 3914 1933; baseline 0.01 -31"><span class='ocrx_word' id='word_1_622' title='bbox 2337 1848 2510 1904; x_wconf 84' lang='lat' dir='ltr'><strong>fateri.</strong></span> <span class='ocrx_word' id='word_1_623' title='bbox 2541 1849 2646 1905; x_wconf 72' lang='lat' dir='ltr'><strong>Est</strong></span> <span class='ocrx_word' id='word_1_624' title='bbox 2682 1859 2858 1906; x_wconf 89' lang='lat' dir='ltr'><strong>autem</strong></span> <span class='ocrx_word' id='word_1_625' title='bbox 2898 1861 3108 1909; x_wconf 88' lang='lat' dir='ltr'><strong>creator</strong></span> <span class='ocrx_word' id='word_1_626' title='bbox 3137 1855 3309 1922; x_wconf 90' lang='lat' dir='ltr'><strong>Deus,</strong></span> <span class='ocrx_word' id='word_1_627' title='bbox 3337 1872 3402 1912; x_wconf 80' lang='lat' dir='ltr'><strong>ex</strong></span> <span class='ocrx_word' id='word_1_628' title='bbox 3441 1874 3546 1928; x_wconf 88' lang='lat' dir='ltr'><strong>quo</strong></span> <span class='ocrx_word' id='word_1_629' title='bbox 3577 1862 3802 1930; x_wconf 88' lang='lat' dir='ltr'><strong>omnia,</strong></span> <span class='ocrx_word' id='word_1_630' title='bbox 3838 1879 3914 1933; x_wconf 82' lang='lat' dir='ltr'><strong>per</strong></span> 
     </span>
    </p>
   </div>
   <div class='ocr_carea' id='block_1_78' title="bbox 2335 1942 3911 2023">
    <p class='ocr_par' dir='ltr' id='par_1_78' title="bbox 2335 1942 3911 2023">
     <span class='ocr_line' id='line_1_78' title="bbox 2335 1942 3911 2023; baseline 0.011 -29"><span class='ocrx_word' id='word_1_631' title='bbox 2335 1955 2496 2011; x_wconf 90' lang='lat' dir='ltr'><strong>quem</strong></span> <span class='ocrx_word' id='word_1_632' title='bbox 2537 1942 2749 2008; x_wconf 89' lang='lat' dir='ltr'><strong>omnia,</strong></span> <span class='ocrx_word' id='word_1_633' title='bbox 2794 1945 2847 1999; x_wconf 91' lang='lat' dir='ltr'><strong>in</strong></span> <span class='ocrx_word' id='word_1_634' title='bbox 2890 1960 2996 2014; x_wconf 92' lang='lat' dir='ltr'><strong>quo</strong></span> <span class='ocrx_word' id='word_1_635' title='bbox 3034 1947 3212 2002; x_wconf 91' lang='lat' dir='ltr'><strong>omnia</strong></span> <span class='ocrx_word' id='word_1_636' title='bbox 3240 1948 3423 2019; x_wconf 87' lang='lat' dir='ltr'><strong>(Rom.</strong></span> <span class='ocrx_word' id='word_1_637' title='bbox 3461 1967 3548 2018; x_wconf 81' lang='lat' dir='ltr'><strong>xi,</strong></span> <span class='ocrx_word' id='word_1_638' title='bbox 3581 1953 3707 2023; x_wconf 81' lang='lat'><strong>36),</strong></span> <span class='ocrx_word' id='word_1_639' title='bbox 3731 1963 3786 2010; x_wconf 91' lang='lat' dir='ltr'><strong>et</strong></span> <span class='ocrx_word' id='word_1_640' title='bbox 3814 1956 3911 2012; x_wconf 86' lang='lat' dir='ltr'><strong>ideo</strong></span> 
     </span>
    </p>
   </div>
   <div class='ocr_carea' id='block_1_79' title="bbox 2339 2031 3909 2108">
    <p class='ocr_par' dir='ltr' id='par_1_79' title="bbox 2339 2031 3909 2108">
     <span class='ocr_line' id='line_1_79' title="bbox 2339 2031 3909 2108; baseline 0.011 -23"><span class='ocrx_word' id='word_1_641' title='bbox 2339 2031 2592 2100; x_wconf 89' lang='lat' dir='ltr'><strong>Trinitas,</strong></span> <span class='ocrx_word' id='word_1_642' title='bbox 2615 2033 2773 2090; x_wconf 88' lang='lat' dir='ltr'><strong>Pater</strong></span> <span class='ocrx_word' id='word_1_643' title='bbox 2789 2045 2842 2090; x_wconf 92' lang='lat' dir='ltr'><strong>et</strong></span> <span class='ocrx_word' id='word_1_644' title='bbox 2869 2034 3036 2092; x_wconf 90' lang='lat' dir='ltr'><strong>Filius</strong></span> <span class='ocrx_word' id='word_1_645' title='bbox 3070 2046 3123 2092; x_wconf 92' lang='lat' dir='ltr'><strong>et</strong></span> <span class='ocrx_word' id='word_1_646' title='bbox 3147 2038 3376 2108; x_wconf 89' lang='lat' dir='ltr'><strong>Spiritus</strong></span> <span class='ocrx_word' id='word_1_647' title='bbox 3401 2051 3636 2099; x_wconf 89' lang='lat' dir='ltr'><strong>sanctus.</strong></span> <span class='ocrx_word' id='word_1_648' title='bbox 3669 2043 3909 2103; x_wconf 80' lang='lat' dir='ltr'><strong>Creatura</strong></span> 
     </span>
    </p>
   </div>
   <div class='ocr_carea' id='block_1_80' title="bbox 2335 2124 3909 2203">
    <p class='ocr_par' dir='ltr' id='par_1_80' title="bbox 2335 2124 3909 2203">
     <span class='ocr_line' id='line_1_80' title="bbox 2335 2124 3909 2203; baseline 0.011 -27"><span class='ocrx_word' id='word_1_649' title='bbox 2335 2136 2464 2177; x_wconf 84' lang='lat' dir='ltr'><strong>vero</strong></span> <span class='ocrx_word' id='word_1_650' title='bbox 2493 2124 2686 2193; x_wconf 90' lang='lat' dir='ltr'><strong>partim</strong></span> <span class='ocrx_word' id='word_1_651' title='bbox 2712 2133 2798 2180; x_wconf 89' lang='lat' dir='ltr'><strong>est</strong></span> <span class='ocrx_word' id='word_1_652' title='bbox 2823 2126 3104 2182; x_wconf 85' lang='lat' dir='ltr'><strong>invisibilis</strong></span> <span class='ocrx_word' id='word_1_653' title='bbox 3123 2171 3139 2194; x_wconf 90' lang='lat'><strong>,</strong></span> <span class='ocrx_word' id='word_1_654' title='bbox 3165 2129 3303 2184; x_wconf 90' lang='lat' dir='ltr'><strong>sicut</strong></span> <span class='ocrx_word' id='word_1_655' title='bbox 3328 2131 3539 2199; x_wconf 89' lang='lat' dir='ltr'><strong>anima;</strong></span> <span class='ocrx_word' id='word_1_656' title='bbox 3570 2135 3773 2203; x_wconf 88' lang='lat' dir='ltr'><strong>partim</strong></span> <span class='ocrx_word' id='word_1_657' title='bbox 3801 2138 3909 2192; x_wconf 85' lang='lat' dir='ltr'><strong>visi-</strong></span> 
     </span>
    </p>
   </div>
   <div class='ocr_carea' id='block_1_81' title="bbox 2335 2211 3909 2286">
    <p class='ocr_par' dir='ltr' id='par_1_81' title="bbox 2335 2211 3909 2286">
     <span class='ocr_line' id='line_1_81' title="bbox 2335 2211 3909 2286; baseline 0.012 -20"><span class='ocrx_word' id='word_1_658' title='bbox 2335 2211 2477 2278; x_wconf 88' lang='lat' dir='ltr'><strong>bilis,</strong></span> <span class='ocrx_word' id='word_1_659' title='bbox 2507 2213 2642 2268; x_wconf 90' lang='lat' dir='ltr'><strong>sicut</strong></span> <span class='ocrx_word' id='word_1_660' title='bbox 2680 2229 2896 2286; x_wconf 90' lang='lat' dir='ltr'><strong>corpus.</strong></span> <span class='ocrx_word' id='word_1_661' title='bbox 2931 2217 3182 2274; x_wconf 90' lang='lat' dir='ltr'><strong>lnvisihili</strong></span> <span class='ocrx_word' id='word_1_662' title='bbox 3221 2222 3488 2278; x_wconf 90' lang='lat' dir='ltr'><strong>ternarius</strong></span> <span class='ocrx_word' id='word_1_663' title='bbox 3531 2239 3794 2283; x_wconf 85' lang='lat' dir='ltr'><strong>numerus</strong></span> <span class='ocrx_word' id='word_1_664' title='bbox 3831 2229 3909 2284; x_wconf 88' lang='lat' dir='ltr'><strong>tri-</strong></span> 
     </span>
    </p>
   </div>
   <div class='ocr_carea' id='block_1_82' title="bbox 2336 2303 3910 2386">
    <p class='ocr_par' dir='ltr' id='par_1_82' title="bbox 2336 2303 3910 2386">
     <span class='ocr_line' id='line_1_82' title="bbox 2336 2303 3910 2386; baseline 0.012 -28"><span class='ocrx_word' id='word_1_665' title='bbox 2336 2303 2552 2368; x_wconf 87' lang='lat' dir='ltr'><strong>buitur;</strong></span> <span class='ocrx_word' id='word_1_666' title='bbox 2583 2321 2747 2375; x_wconf 90' lang='lat' dir='ltr'><strong>quare</strong></span> <span class='ocrx_word' id='word_1_667' title='bbox 2783 2307 3004 2378; x_wconf 79' lang='lat' dir='ltr'><strong>diligere</strong></span> <span class='ocrx_word' id='word_1_668' title='bbox 3045 2310 3210 2366; x_wconf 91' lang='lat' dir='ltr'><strong>Deum</strong></span> <span class='ocrx_word' id='word_1_669' title='bbox 3260 2313 3540 2383; x_wconf 87' lang='lat' dir='ltr'><strong>tripliciter</strong></span> <span class='ocrx_word' id='word_1_670' title='bbox 3563 2316 3835 2386; x_wconf 87' lang='lat' dir='ltr'><strong>jubemur,</strong></span> <span class='ocrx_word' id='word_1_671' title='bbox 3861 2338 3910 2376; x_wconf 74' lang='lat' dir='ltr'><strong>rx</strong></span> 
     </span>
    </p>
   </div>
   <div class='ocr_carea' id='block_1_83' title="bbox 2337 2396 3906 2480">
    <p class='ocr_par' dir='ltr' id='par_1_83' title="bbox 2337 2396 3906 2480">
     <span class='ocr_line' id='line_1_83' title="bbox 2337 2396 3906 2480; baseline 0.013 -33"><span class='ocrx_word' id='word_1_672' title='bbox 2337 2403 2439 2448; x_wconf 85' lang='lat' dir='ltr'><strong>toto</strong></span> <span class='ocrx_word' id='word_1_673' title='bbox 2463 2396 2632 2461; x_wconf 88' lang='lat' dir='ltr'><strong>corde,</strong></span> <span class='ocrx_word' id='word_1_674' title='bbox 2662 2413 2723 2451; x_wconf 75' lang='lat' dir='ltr'><strong>ex</strong></span> <span class='ocrx_word' id='word_1_675' title='bbox 2741 2406 2846 2452; x_wconf 85' lang='lat' dir='ltr'><strong>tota</strong></span> <span class='ocrx_word' id='word_1_676' title='bbox 2870 2400 3062 2466; x_wconf 87' lang='lat' dir='ltr'><strong>anima,</strong></span> <span class='ocrx_word' id='word_1_677' title='bbox 3089 2411 3136 2456; x_wconf 89' lang='lat' dir='ltr'><strong>et</strong></span> <span class='ocrx_word' id='word_1_678' title='bbox 3159 2418 3222 2456; x_wconf 82' lang='lat' dir='ltr'><strong>ea:</strong></span> <span class='ocrx_word' id='word_1_679' title='bbox 3241 2411 3346 2458; x_wconf 87' lang='lat' dir='ltr'><strong>tota</strong></span> <span class='ocrx_word' id='word_1_680' title='bbox 3366 2414 3530 2460; x_wconf 84' lang='lat' dir='ltr'><strong>mente</strong></span> <span class='ocrx_word' id='word_1_681' title='bbox 3553 2405 3771 2480; x_wconf 80' lang='lat' dir='ltr'><strong>(Matth.</strong></span> <span class='ocrx_word' id='word_1_682' title='bbox 3797 2427 3906 2480; x_wconf 80' lang='lat' dir='ltr'><strong>ml,</strong></span> 
     </span>
    </p>
   </div>
   <div class='ocr_carea' id='block_1_84' title="bbox 2335 2483 3906 2568">
    <p class='ocr_par' dir='ltr' id='par_1_84' title="bbox 2335 2483 3906 2568">
     <span class='ocr_line' id='line_1_84' title="bbox 2335 2483 3906 2568; baseline 0.013 -29"><span class='ocrx_word' id='word_1_683' title='bbox 2335 2483 2429 2554; x_wconf 78' lang='grc'><strong>57)</strong></span> <span class='ocrx_word' id='word_1_684' title='bbox 2460 2503 2473 2538; x_wconf 93' lang='lat'><strong>:</strong></span> <span class='ocrx_word' id='word_1_685' title='bbox 2499 2487 2709 2556; x_wconf 83' lang='lat' dir='ltr'><strong>corpori</strong></span> <span class='ocrx_word' id='word_1_686' title='bbox 2735 2491 3104 2557; x_wconf 90' lang='lat' dir='ltr'><strong>quaternarius</strong></span> <span class='ocrx_word' id='word_1_687' title='bbox 3132 2508 3387 2550; x_wconf 90' lang='lat' dir='ltr'><strong>numerus</strong></span> <span class='ocrx_word' id='word_1_688' title='bbox 3405 2537 3419 2560; x_wconf 93' lang='lat'><strong>,</strong></span> <span class='ocrx_word' id='word_1_689' title='bbox 3450 2505 3672 2568; x_wconf 89' lang='lat' dir='ltr'><strong>propter</strong></span> <span class='ocrx_word' id='word_1_690' title='bbox 3713 2503 3906 2558; x_wconf 88' lang='lat' dir='ltr'><strong>eviden-</strong></span> 
     </span>
    </p>
   </div>
   <div class='ocr_carea' id='block_1_85' title="bbox 2335 2575 3901 2663">
    <p class='ocr_par' dir='ltr' id='par_1_85' title="bbox 2335 2575 3901 2663">
     <span class='ocr_line' id='line_1_85' title="bbox 2335 2575 3901 2663; baseline 0.013 -34"><span class='ocrx_word' id='word_1_691' title='bbox 2335 2575 2595 2631; x_wconf 84' lang='lat' dir='ltr'><strong>tissimam</strong></span> <span class='ocrx_word' id='word_1_692' title='bbox 2623 2587 2865 2634; x_wconf 87' lang='lat' dir='ltr'><strong>naturam</strong></span> <span class='ocrx_word' id='word_1_693' title='bbox 2895 2581 3011 2651; x_wconf 92' lang='lat' dir='ltr'><strong>ejus</strong></span> <span class='ocrx_word' id='word_1_694' title='bbox 3031 2623 3046 2647; x_wconf 94' lang='lat'><strong>,</strong></span> <span class='ocrx_word' id='word_1_695' title='bbox 3081 2582 3133 2638; x_wconf 89' lang='lat' dir='ltr'><strong>id</strong></span> <span class='ocrx_word' id='word_1_696' title='bbox 3157 2593 3270 2651; x_wconf 91' lang='lat' dir='ltr'><strong>est,</strong></span> <span class='ocrx_word' id='word_1_697' title='bbox 3297 2586 3523 2642; x_wconf 88' lang='lat' dir='ltr'><strong>calidam</strong></span> <span class='ocrx_word' id='word_1_698' title='bbox 3551 2598 3608 2645; x_wconf 88' lang='lat' dir='ltr'><strong>et</strong></span> <span class='ocrx_word' id='word_1_699' title='bbox 3629 2590 3869 2663; x_wconf 82' lang='lat' dir='ltr'><strong>frigidam</strong></span> <span class='ocrx_word' id='word_1_700' title='bbox 3887 2637 3901 2662; x_wconf 90' lang='lat'><strong>,</strong></span> 
     </span>
    </p>
   </div>
   <div class='ocr_carea' id='block_1_86' title="bbox 2335 2666 3904 2747">
    <p class='ocr_par' dir='ltr' id='par_1_86' title="bbox 2335 2666 3904 2747">
     <span class='ocr_line' id='line_1_86' title="bbox 2335 2666 3904 2747; baseline 0.013 -27"><span class='ocrx_word' id='word_1_701' title='bbox 2335 2666 2607 2723; x_wconf 90' lang='lat' dir='ltr'><strong>humidam</strong></span> <span class='ocrx_word' id='word_1_702' title='bbox 2625 2678 2680 2725; x_wconf 90' lang='lat' dir='ltr'><strong>et</strong></span> <span class='ocrx_word' id='word_1_703' title='bbox 2696 2671 2913 2726; x_wconf 92' lang='lat' dir='ltr'><strong>siccam.</strong></span> <span class='ocrx_word' id='word_1_704' title='bbox 2940 2672 3216 2731; x_wconf 67' lang='lat' dir='ltr'><strong>Universae</strong></span> <span class='ocrx_word' id='word_1_705' title='bbox 3245 2692 3372 2747; x_wconf 87' lang='lat' dir='ltr'><strong>ergo</strong></span> <span class='ocrx_word' id='word_1_706' title='bbox 3386 2688 3643 2738; x_wconf 83' lang='lat' dir='ltr'><strong>creaturae</strong></span> <span class='ocrx_word' id='word_1_707' title='bbox 3675 2685 3904 2742; x_wconf 87' lang='lat' dir='ltr'><strong>tribuitur</strong></span> 
     </span>
    </p>
   </div>
   <div class='ocr_carea' id='block_1_87' title="bbox 2335 2763 3902 2848">
    <p class='ocr_par' dir='ltr' id='par_1_87' title="bbox 2335 2763 3902 2848">
     <span class='ocr_line' id='line_1_87' title="bbox 2335 2763 3902 2848; baseline 0.013 -34"><span class='ocrx_word' id='word_1_708' title='bbox 2335 2763 2687 2831; x_wconf 89' lang='lat' dir='ltr'><strong>septenarius.</strong></span> <span class='ocrx_word' id='word_1_709' title='bbox 2720 2764 3054 2836; x_wconf 88' lang='lat' dir='ltr'><strong>Quapropter</strong></span> <span class='ocrx_word' id='word_1_710' title='bbox 3088 2770 3262 2824; x_wconf 90' lang='lat' dir='ltr'><strong>omnis</strong></span> <span class='ocrx_word' id='word_1_711' title='bbox 3284 2770 3563 2842; x_wconf 89' lang='lat' dir='ltr'><strong>disciplina</strong></span> <span class='ocrx_word' id='word_1_712' title='bbox 3602 2775 3902 2848; x_wconf 85' lang='lat' dir='ltr'><strong>dignoscens</strong></span> 
     </span>
    </p>
   </div>
   <div class='ocr_carea' id='block_1_88' title="bbox 2332 2853 3902 2932">
    <p class='ocr_par' dir='ltr' id='par_1_88' title="bbox 2332 2853 3902 2932">
     <span class='ocr_line' id='line_1_88' title="bbox 2332 2853 3902 2932; baseline 0.012 -24"><span class='ocrx_word' id='word_1_713' title='bbox 2332 2861 2388 2908; x_wconf 93' lang='lat' dir='ltr'><strong>et</strong></span> <span class='ocrx_word' id='word_1_714' title='bbox 2409 2853 2719 2911; x_wconf 87' lang='lat' dir='ltr'><strong>discernens</strong></span> <span class='ocrx_word' id='word_1_715' title='bbox 2737 2857 3046 2915; x_wconf 84' lang='lat' dir='ltr'><strong>Creatorem</strong></span> <span class='ocrx_word' id='word_1_716' title='bbox 3063 2867 3222 2932; x_wconf 88' lang='lat' dir='ltr'><strong>atque</strong></span> <span class='ocrx_word' id='word_1_717' title='bbox 3237 2872 3554 2932; x_wconf 87' lang='lat' dir='ltr'><strong>creaturam,</strong></span> <span class='ocrx_word' id='word_1_718' title='bbox 3575 2867 3801 2926; x_wconf 89' lang='lat' dir='ltr'><strong>denario</strong></span> <span class='ocrx_word' id='word_1_719' title='bbox 3820 2887 3902 2926; x_wconf 84' lang='lat' dir='ltr'><strong>nu-</strong></span> 
     </span>
    </p>
   </div>
   <div class='ocr_carea' id='block_1_89' title="bbox 2332 2945 3903 3032">
    <p class='ocr_par' dir='ltr' id='par_1_89' title="bbox 2332 2945 3903 3032">
     <span class='ocr_line' id='line_1_89' title="bbox 2332 2945 3903 3032; baseline 0.013 -34"><span class='ocrx_word' id='word_1_720' title='bbox 2332 2958 2483 2999; x_wconf 90' lang='lat' dir='ltr'><strong>mero</strong></span> <span class='ocrx_word' id='word_1_721' title='bbox 2510 2945 2806 3002; x_wconf 90' lang='lat' dir='ltr'><strong>insinuatur</strong></span> <span class='ocrx_word' id='word_1_722' title='bbox 2835 2966 2849 3002; x_wconf 91' lang='lat'><strong>:</strong></span> <span class='ocrx_word' id='word_1_723' title='bbox 2883 2965 3003 3020; x_wconf 67' lang='lat' dir='ltr'><strong>qua:</strong></span> <span class='ocrx_word' id='word_1_724' title='bbox 3029 2950 3330 3022; x_wconf 90' lang='lat' dir='ltr'><strong>disciplina,</strong></span> <span class='ocrx_word' id='word_1_725' title='bbox 3360 2955 3615 3026; x_wconf 90' lang='lat' dir='ltr'><strong>quamdiu</strong></span> <span class='ocrx_word' id='word_1_726' title='bbox 3642 2963 3903 3032; x_wconf 82' lang='lat' dir='ltr'><strong>corporeis</strong></span> 
     </span>
    </p>
   </div>
   <div class='ocr_carea' id='block_1_90' title="bbox 2331 3034 3900 3120">
    <p class='ocr_par' dir='ltr' id='par_1_90' title="bbox 2331 3034 3900 3120">
     <span class='ocr_line' id='line_1_90' title="bbox 2331 3034 3900 3120; baseline 0.013 -33"><span class='ocrx_word' id='word_1_727' title='bbox 2331 3034 2565 3090; x_wconf 90' lang='lat' dir='ltr'><strong>motibus</strong></span> <span class='ocrx_word' id='word_1_728' title='bbox 2591 3040 2956 3108; x_wconf 87' lang='lat' dir='ltr'><strong>temporaliter</strong></span> <span class='ocrx_word' id='word_1_729' title='bbox 2991 3041 3347 3112; x_wconf 88' lang='lat' dir='ltr'><strong>signiﬁcatur,</strong></span> <span class='ocrx_word' id='word_1_730' title='bbox 3382 3046 3652 3104; x_wconf 90' lang='lat' dir='ltr'><strong>credendo</strong></span> <span class='ocrx_word' id='word_1_731' title='bbox 3691 3061 3900 3120; x_wconf 81' lang='lat' dir='ltr'><strong>constat,</strong></span> 
     </span>
    </p>
   </div>
   <div class='ocr_carea' id='block_1_91' title="bbox 2331 3133 3977 3216">
    <p class='ocr_par' dir='ltr' id='par_1_91' title="bbox 2331 3133 3977 3216">
     <span class='ocr_line' id='line_1_91' title="bbox 2331 3133 3977 3216; baseline 0.01 -34"><span class='ocrx_word' id='word_1_732' title='bbox 2331 3137 2385 3182; x_wconf 89' lang='lat' dir='ltr'><strong>et</strong></span> <span class='ocrx_word' id='word_1_733' title='bbox 2405 3143 2581 3183; x_wconf 91' lang='lat' dir='ltr'><strong>rerum</strong></span> <span class='ocrx_word' id='word_1_734' title='bbox 2604 3138 2872 3200; x_wconf 87' lang='lat' dir='ltr'><strong>gestarum</strong></span> <span class='ocrx_word' id='word_1_735' title='bbox 2891 3133 3218 3189; x_wconf 88' lang='lat' dir='ltr'><strong>venientium</strong></span> <span class='ocrx_word' id='word_1_736' title='bbox 3237 3144 3397 3207; x_wconf 88' lang='lat' dir='ltr'><strong>atque</strong></span> <span class='ocrx_word' id='word_1_737' title='bbox 3411 3143 3802 3198; x_wconf 86' lang='lat' dir='ltr'><strong>transeuntium</strong></span> <span class='ocrx_word' id='word_1_738' title='bbox 3825 3159 3904 3198; x_wconf 86' lang='lat' dir='ltr'><strong>au-</strong></span> <span class='ocrx_word' id='word_1_739' title='bbox 3975 3193 3977 3216; x_wconf 37' lang='grc' dir='ltr'><strong>ἰ</strong></span> 
     </span>
    </p>
   </div>
   <div class='ocr_carea' id='block_1_92' title="bbox 2329 3223 3977 3296">
    <p class='ocr_par' dir='ltr' id='par_1_92' title="bbox 2329 3223 3977 3296">
     <span class='ocr_line' id='line_1_92' title="bbox 2329 3223 3977 3296; baseline 0.01 -20"><span class='ocrx_word' id='word_1_740' title='bbox 2329 3223 2574 3277; x_wconf 90' lang='lat' dir='ltr'><strong>ctoritate</strong></span> <span class='ocrx_word' id='word_1_741' title='bbox 2597 3224 2749 3293; x_wconf 91' lang='lat' dir='ltr'><strong>quasi</strong></span> <span class='ocrx_word' id='word_1_742' title='bbox 2776 3224 2911 3280; x_wconf 88' lang='lat' dir='ltr'><strong>lacte</strong></span> <span class='ocrx_word' id='word_1_743' title='bbox 2938 3227 3184 3295; x_wconf 88' lang='lat' dir='ltr'><strong>parvulos</strong></span> <span class='ocrx_word' id='word_1_744' title='bbox 3212 3229 3414 3296; x_wconf 89' lang='lat' dir='ltr'><strong>nutrit;</strong></span> <span class='ocrx_word' id='word_1_745' title='bbox 3444 3240 3504 3286; x_wconf 90' lang='lat' dir='ltr'><strong>ut</strong></span> <span class='ocrx_word' id='word_1_746' title='bbox 3526 3233 3752 3291; x_wconf 84' lang='lat' dir='ltr'><strong>idoneos</strong></span> <span class='ocrx_word' id='word_1_747' title='bbox 3769 3236 3902 3292; x_wconf 68' lang='lat' dir='ltr'><strong>faciat</strong></span> <span class='ocrx_word' id='word_1_748' title='bbox 3975 3237 3977 3248; x_wconf 89' lang='lat'>&#39;</span> 
     </span>
    </p>
   </div>
   <div class='ocr_carea' id='block_1_93' title="bbox 2327 3312 3977 3414">
    <p class='ocr_par' dir='ltr' id='par_1_93' title="bbox 2327 3312 3977 3414">
     <span class='ocr_line' id='line_1_93' title="bbox 2327 3312 3977 3414; baseline 0.013 -50"><span class='ocrx_word' id='word_1_749' title='bbox 2327 3312 2784 3382; x_wconf 88' lang='lat' dir='ltr'><strong>contemplationi,</strong></span> <span class='ocrx_word' id='word_1_750' title='bbox 2801 3330 2920 3386; x_wconf 79' lang='lat' dir='ltr'><strong>quae</strong></span> <span class='ocrx_word' id='word_1_751' title='bbox 2937 3330 3045 3371; x_wconf 91' lang='lat' dir='ltr'><strong>non</strong></span> <span class='ocrx_word' id='word_1_752' title='bbox 3080 3318 3223 3373; x_wconf 86' lang='lat' dir='ltr'><strong>venit</strong></span> <span class='ocrx_word' id='word_1_753' title='bbox 3253 3327 3308 3374; x_wconf 91' lang='lat' dir='ltr'><strong>et</strong></span> <span class='ocrx_word' id='word_1_754' title='bbox 3343 3322 3552 3389; x_wconf 87' lang='lat' dir='ltr'><strong>transit,</strong></span> <span class='ocrx_word' id='word_1_755' title='bbox 3581 3325 3676 3380; x_wconf 87' lang='lat' dir='ltr'><strong>sed</strong></span> <span class='ocrx_word' id='word_1_756' title='bbox 3709 3341 3901 3398; x_wconf 82' lang='lat' dir='ltr'><strong>semper</strong></span> <span class='ocrx_word' id='word_1_757' title='bbox 3975 3375 3977 3414; x_wconf 41' lang='grc' dir='ltr'><strong>ί</strong></span> 
     </span>
    </p>
   </div>
   <div class='ocr_carea' id='block_1_94' title="bbox 2328 3403 3898 3478">
    <p class='ocr_par' dir='ltr' id='par_1_94' title="bbox 2328 3403 3898 3478">
     <span class='ocr_line' id='line_1_94' title="bbox 2328 3403 3898 3478; baseline 0.013 -23"><span class='ocrx_word' id='word_1_758' title='bbox 2328 3412 2544 3458; x_wconf 88' lang='lat' dir='ltr'><strong>manet:</strong></span> <span class='ocrx_word' id='word_1_759' title='bbox 2575 3403 2628 3458; x_wconf 91' lang='lat' dir='ltr'><strong>in</strong></span> <span class='ocrx_word' id='word_1_760' title='bbox 2657 3420 2759 3475; x_wconf 91' lang='lat' dir='ltr'><strong>qua</strong></span> <span class='ocrx_word' id='word_1_761' title='bbox 2784 3407 3008 3478; x_wconf 90' lang='lat' dir='ltr'><strong>quisque</strong></span> <span class='ocrx_word' id='word_1_762' title='bbox 3047 3411 3275 3466; x_wconf 90' lang='lat' dir='ltr'><strong>narratis</strong></span> <span class='ocrx_word' id='word_1_763' title='bbox 3310 3412 3414 3468; x_wconf 93' lang='lat' dir='ltr'><strong>sibi</strong></span> <span class='ocrx_word' id='word_1_764' title='bbox 3452 3415 3614 3471; x_wconf 88' lang='lat' dir='ltr'><strong>rebus</strong></span> <span class='ocrx_word' id='word_1_765' title='bbox 3658 3418 3898 3476; x_wconf 88' lang='lat' dir='ltr'><strong>divinitus</strong></span> 
     </span>
    </p>
   </div>
   <div class='ocr_carea' id='block_1_95' title="bbox 2327 3495 3895 3579">
    <p class='ocr_par' dir='ltr' id='par_1_95' title="bbox 2327 3495 3895 3579">
     <span class='ocr_line' id='line_1_95' title="bbox 2327 3495 3895 3579; baseline 0.012 -33"><span class='ocrx_word' id='word_1_766' title='bbox 2327 3495 2692 3562; x_wconf 89' lang='lat' dir='ltr'><strong>temporaliter</strong></span> <span class='ocrx_word' id='word_1_767' title='bbox 2709 3512 2806 3566; x_wconf 91' lang='lat' dir='ltr'><strong>pro</strong></span> <span class='ocrx_word' id='word_1_768' title='bbox 2831 3497 3001 3554; x_wconf 89' lang='lat' dir='ltr'><strong>salute</strong></span> <span class='ocrx_word' id='word_1_769' title='bbox 3027 3499 3300 3556; x_wconf 92' lang='lat' dir='ltr'><strong>hominum</strong></span> <span class='ocrx_word' id='word_1_770' title='bbox 3326 3505 3510 3574; x_wconf 73' lang='lat' dir='ltr'><strong>gestis,</strong></span> <span class='ocrx_word' id='word_1_771' title='bbox 3527 3507 3642 3563; x_wconf 89' lang='lat' dir='ltr'><strong>sive</strong></span> <span class='ocrx_word' id='word_1_772' title='bbox 3663 3509 3895 3579; x_wconf 86' lang='lat' dir='ltr'><strong>gerendis</strong></span> 
     </span>
    </p>
   </div>
   <div class='ocr_carea' id='block_1_96' title="bbox 2323 3583 3894 3663">
    <p class='ocr_par' dir='ltr' id='par_1_96' title="bbox 2323 3583 3894 3663">
     <span class='ocr_line' id='line_1_96' title="bbox 2323 3583 3894 3663; baseline 0.013 -28"><span class='ocrx_word' id='word_1_773' title='bbox 2323 3596 2444 3652; x_wconf 66' lang='lat' dir='ltr'><strong>qua:</strong></span> <span class='ocrx_word' id='word_1_774' title='bbox 2469 3583 2644 3640; x_wconf 88' lang='lat' dir='ltr'><strong>adhuc</strong></span> <span class='ocrx_word' id='word_1_775' title='bbox 2670 3585 2843 3642; x_wconf 91' lang='lat' dir='ltr'><strong>futura</strong></span> <span class='ocrx_word' id='word_1_776' title='bbox 2873 3589 3249 3658; x_wconf 65' lang='lat' dir='ltr'><strong>praedicantur,</strong></span> <span class='ocrx_word' id='word_1_777' title='bbox 3272 3593 3319 3648; x_wconf 92' lang='lat' dir='ltr'><strong>si</strong></span> <span class='ocrx_word' id='word_1_778' title='bbox 3339 3599 3701 3663; x_wconf 88' lang='lat' dir='ltr'><strong>permanserit</strong></span> <span class='ocrx_word' id='word_1_779' title='bbox 3723 3605 3773 3654; x_wconf 91' lang='lat' dir='ltr'><strong>in</strong></span> <span class='ocrx_word' id='word_1_780' title='bbox 3804 3599 3894 3656; x_wconf 86' lang='lat' dir='ltr'><strong>ﬁde</strong></span> 
     </span>
    </p>
   </div>
   <div class='ocr_carea' id='block_1_97' title="bbox 2323 3677 3897 3761">
    <p class='ocr_par' dir='ltr' id='par_1_97' title="bbox 2323 3677 3897 3761">
     <span class='ocr_line' id='line_1_97' title="bbox 2323 3677 3897 3761; baseline 0.012 -33"><span class='ocrx_word' id='word_1_781' title='bbox 2323 3683 2375 3729; x_wconf 90' lang='lat' dir='ltr'><strong>et</strong></span> <span class='ocrx_word' id='word_1_782' title='bbox 2398 3677 2657 3746; x_wconf 91' lang='lat' dir='ltr'><strong>promissa</strong></span> <span class='ocrx_word' id='word_1_783' title='bbox 2687 3681 2999 3748; x_wconf 88' lang='lat' dir='ltr'><strong>speraverit,</strong></span> <span class='ocrx_word' id='word_1_784' title='bbox 3030 3691 3085 3736; x_wconf 89' lang='lat' dir='ltr'><strong>et</strong></span> <span class='ocrx_word' id='word_1_785' title='bbox 3108 3698 3230 3753; x_wconf 67' lang='lat' dir='ltr'><strong>quae</strong></span> <span class='ocrx_word' id='word_1_786' title='bbox 3257 3683 3436 3741; x_wconf 88' lang='lat' dir='ltr'><strong>divina</strong></span> <span class='ocrx_word' id='word_1_787' title='bbox 3465 3690 3756 3746; x_wconf 85' lang='lat' dir='ltr'><strong>auctoritas</strong></span> <span class='ocrx_word' id='word_1_788' title='bbox 3780 3706 3897 3761; x_wconf 70' lang='lat' dir='ltr'><strong>prte-</strong></span> 
     </span>
    </p>
   </div>
   <div class='ocr_carea' id='block_1_98' title="bbox 2321 3766 3977 3851">
    <p class='ocr_par' dir='ltr' id='par_1_98' title="bbox 2321 3766 3977 3851">
     <span class='ocr_line' id='line_1_98' title="bbox 2321 3766 3977 3851; baseline 0.013 -30"><span class='ocrx_word' id='word_1_789' title='bbox 2321 3766 2450 3836; x_wconf 89' lang='lat' dir='ltr'><strong>cipit</strong></span> <span class='ocrx_word' id='word_1_790' title='bbox 2488 3768 2799 3841; x_wconf 87' lang='lat' dir='ltr'><strong>infatigabili</strong></span> <span class='ocrx_word' id='word_1_791' title='bbox 2844 3772 3105 3830; x_wconf 84' lang='lat' dir='ltr'><strong>charitate</strong></span> <span class='ocrx_word' id='word_1_792' title='bbox 3136 3776 3360 3848; x_wconf 85' lang='lat' dir='ltr'><strong>implere</strong></span> <span class='ocrx_word' id='word_1_793' title='bbox 3419 3783 3723 3851; x_wconf 89' lang='lat' dir='ltr'><strong>curaverit,</strong></span> <span class='ocrx_word' id='word_1_794' title='bbox 3770 3791 3896 3840; x_wconf 83' lang='lat' dir='ltr'><strong>recte</strong></span> <span class='ocrx_word' id='word_1_795' title='bbox 3971 3766 3977 3842; x_wconf 44' lang='grc' dir='ltr'><em>ἦ</em></span> 
     </span>
    </p>
   </div>
   <div class='ocr_carea' id='block_1_99' title="bbox 2320 3859 3977 3942">
    <p class='ocr_par' dir='ltr' id='par_1_99' title="bbox 2320 3859 3977 3942">
     <span class='ocr_line' id='line_1_99' title="bbox 2320 3859 3977 3942; baseline 0.011 -30"><span class='ocrx_word' id='word_1_796' title='bbox 2320 3868 2441 3927; x_wconf 85' lang='lat' dir='ltr'><strong>aget</strong></span> <span class='ocrx_word' id='word_1_797' title='bbox 2457 3859 2616 3914; x_wconf 90' lang='lat' dir='ltr'><strong>vitam</strong></span> <span class='ocrx_word' id='word_1_798' title='bbox 2640 3860 2794 3931; x_wconf 90' lang='lat' dir='ltr'><strong>hujus</strong></span> <span class='ocrx_word' id='word_1_799' title='bbox 2816 3865 3151 3922; x_wconf 88' lang='lat' dir='ltr'><strong>necessitatis</strong></span> <span class='ocrx_word' id='word_1_800' title='bbox 3170 3876 3225 3922; x_wconf 92' lang='lat' dir='ltr'><strong>et</strong></span> <span class='ocrx_word' id='word_1_801' title='bbox 3248 3871 3521 3940; x_wconf 90' lang='lat' dir='ltr'><strong>temporis,</strong></span> <span class='ocrx_word' id='word_1_802' title='bbox 3539 3887 3660 3942; x_wconf 78' lang='lat' dir='ltr'><strong>quze</strong></span> <span class='ocrx_word' id='word_1_803' title='bbox 3689 3887 3894 3930; x_wconf 89' lang='lat' dir='ltr'><strong>numero</strong></span> <span class='ocrx_word' id='word_1_804' title='bbox 3975 3863 3977 3894; x_wconf 77' lang='grc'><em>⁵</em></span> 
     </span>
    </p>
   </div>
   <div class='ocr_carea' id='block_1_100' title="bbox 2318 3951 3890 4028">
    <p class='ocr_par' dir='ltr' id='par_1_100' title="bbox 2318 3951 3890 4028">
     <span class='ocr_line' id='line_1_100' title="bbox 2318 3951 3890 4028; baseline 0.012 -25"><span class='ocrx_word' id='word_1_805' title='bbox 2318 3951 2739 4023; x_wconf 87' lang='lat' dir='ltr'><strong>quadragenario</strong></span> <span class='ocrx_word' id='word_1_806' title='bbox 2763 3958 3186 4015; x_wconf 89' lang='lat' dir='ltr'><strong>commendatur.</strong></span> <span class='ocrx_word' id='word_1_807' title='bbox 3219 3962 3485 4028; x_wconf 82' lang='lat' dir='ltr'><strong>Quoniam</strong></span> <span class='ocrx_word' id='word_1_808' title='bbox 3527 3965 3780 4023; x_wconf 87' lang='lat' dir='ltr'><strong>denarius</strong></span> <span class='ocrx_word' id='word_1_809' title='bbox 3807 3983 3890 4024; x_wconf 80' lang='lat' dir='ltr'><strong>nu-</strong></span> 
     </span>
    </p>
   </div>
   <div class='ocr_carea' id='block_1_101' title="bbox 2320 4044 3886 4127">
    <p class='ocr_par' dir='ltr' id='par_1_101' title="bbox 2320 4044 3886 4127">
     <span class='ocr_line' id='line_1_101' title="bbox 2320 4044 3886 4127; baseline 0.014 -32"><span class='ocrx_word' id='word_1_810' title='bbox 2320 4057 2518 4111; x_wconf 91' lang='lat' dir='ltr'><strong>merus,</strong></span> <span class='ocrx_word' id='word_1_811' title='bbox 2544 4044 2632 4115; x_wconf 86' lang='lat' dir='ltr'><strong>qui</strong></span> <span class='ocrx_word' id='word_1_812' title='bbox 2661 4053 2825 4102; x_wconf 87' lang='lat' dir='ltr'><strong>totam</strong></span> <span class='ocrx_word' id='word_1_813' title='bbox 2851 4048 3082 4104; x_wconf 90' lang='lat' dir='ltr'><strong>insinuat</strong></span> <span class='ocrx_word' id='word_1_814' title='bbox 3101 4050 3454 4123; x_wconf 89' lang='lat' dir='ltr'><strong>disciplinam,</strong></span> <span class='ocrx_word' id='word_1_815' title='bbox 3476 4066 3672 4127; x_wconf 90' lang='lat' dir='ltr'><strong>quater</strong></span> <span class='ocrx_word' id='word_1_816' title='bbox 3695 4060 3886 4125; x_wconf 89' lang='lat' dir='ltr'><strong>ductus,</strong></span> 
     </span>
    </p>
   </div>
   <div class='ocr_carea' id='block_1_102' title="bbox 2319 4131 3884 4222">
    <p class='ocr_par' dir='ltr' id='par_1_102' title="bbox 2319 4131 3884 4222">
     <span class='ocr_line' id='line_1_102' title="bbox 2319 4131 3884 4222; baseline 0.013 -36"><span class='ocrx_word' id='word_1_817' title='bbox 2319 4131 2370 4187; x_wconf 93' lang='lat' dir='ltr'><strong>id</strong></span> <span class='ocrx_word' id='word_1_818' title='bbox 2406 4142 2508 4201; x_wconf 90' lang='lat' dir='ltr'><strong>est,</strong></span> <span class='ocrx_word' id='word_1_819' title='bbox 2560 4151 2784 4192; x_wconf 90' lang='lat' dir='ltr'><strong>numero</strong></span> <span class='ocrx_word' id='word_1_820' title='bbox 2829 4140 2918 4208; x_wconf 89' lang='lat' dir='ltr'><strong>qui</strong></span> <span class='ocrx_word' id='word_1_821' title='bbox 2962 4142 3174 4211; x_wconf 89' lang='lat' dir='ltr'><strong>corpori</strong></span> <span class='ocrx_word' id='word_1_822' title='bbox 3214 4145 3463 4202; x_wconf 90' lang='lat' dir='ltr'><strong>tribuitur</strong></span> <span class='ocrx_word' id='word_1_823' title='bbox 3502 4151 3884 4222; x_wconf 88' lang='lat' dir='ltr'><strong>multiplicatus,</strong></span> 
     </span>
    </p>
   </div>
   <div class='ocr_carea' id='block_1_103' title="bbox 2317 4224 3882 4314">
    <p class='ocr_par' dir='ltr' id='par_1_103' title="bbox 2317 4224 3882 4314">
     <span class='ocr_line' id='line_1_103' title="bbox 2317 4224 3882 4314; baseline 0.013 -37"><span class='ocrx_word' id='word_1_824' title='bbox 2317 4224 2439 4294; x_wconf 86' lang='lat' dir='ltr'><strong>quia</strong></span> <span class='ocrx_word' id='word_1_825' title='bbox 2494 4241 2589 4296; x_wconf 90' lang='lat' dir='ltr'><strong>per</strong></span> <span class='ocrx_word' id='word_1_826' title='bbox 2628 4237 2826 4284; x_wconf 92' lang='lat' dir='ltr'><strong>motum</strong></span> <span class='ocrx_word' id='word_1_827' title='bbox 2868 4232 3160 4301; x_wconf 89' lang='lat' dir='ltr'><strong>corporalis</strong></span> <span class='ocrx_word' id='word_1_828' title='bbox 3190 4235 3205 4266; x_wconf 85' lang='grc'>¹</span> <span class='ocrx_word' id='word_1_829' title='bbox 3237 4235 3624 4298; x_wconf 87' lang='lat' dir='ltr'><strong>administratio</strong></span> <span class='ocrx_word' id='word_1_830' title='bbox 3665 4245 3882 4314; x_wconf 87' lang='lat' dir='ltr'><strong>geritur,</strong></span> 
     </span>
    </p>
   </div>
   <div class='ocr_carea' id='block_1_104' title="bbox 2317 4315 3885 4400">
    <p class='ocr_par' dir='ltr' id='par_1_104' title="bbox 2317 4315 3885 4400">
     <span class='ocr_line' id='line_1_104' title="bbox 2317 4315 3885 4400; baseline 0.014 -32"><span class='ocrx_word' id='word_1_831' title='bbox 2317 4330 2420 4384; x_wconf 90' lang='lat' dir='ltr'><strong>qua</strong></span> <span class='ocrx_word' id='word_1_832' title='bbox 2446 4315 2644 4372; x_wconf 91' lang='lat' dir='ltr'><strong>dictum</strong></span> <span class='ocrx_word' id='word_1_833' title='bbox 2670 4327 2753 4374; x_wconf 91' lang='lat' dir='ltr'><strong>est</strong></span> <span class='ocrx_word' id='word_1_834' title='bbox 2782 4319 2942 4376; x_wconf 90' lang='lat' dir='ltr'><strong>ﬁdem</strong></span> <span class='ocrx_word' id='word_1_835' title='bbox 2972 4332 3221 4380; x_wconf 89' lang='lat' dir='ltr'><strong>constare</strong></span> <span class='ocrx_word' id='word_1_836' title='bbox 3239 4367 3255 4393; x_wconf 93' lang='lat'><strong>,</strong></span> <span class='ocrx_word' id='word_1_837' title='bbox 3287 4329 3766 4400; x_wconf 88' lang='lat' dir='ltr'><strong>quadragenarium</strong></span> <span class='ocrx_word' id='word_1_838' title='bbox 3801 4349 3885 4389; x_wconf 54' lang='lat' dir='ltr'><strong>nuo</strong></span> 
     </span>
    </p>
   </div>
   <div class='ocr_carea' id='block_1_105' title="bbox 2315 4409 3884 4483">
    <p class='ocr_par' dir='ltr' id='par_1_105' title="bbox 2315 4409 3884 4483">
     <span class='ocr_line' id='line_1_105' title="bbox 2315 4409 3884 4483; baseline 0.011 -22"><span class='ocrx_word' id='word_1_839' title='bbox 2315 4422 2521 4462; x_wconf 90' lang='lat' dir='ltr'><strong>merum</strong></span> <span class='ocrx_word' id='word_1_840' title='bbox 2549 4409 2783 4464; x_wconf 87' lang='lat' dir='ltr'><strong>conﬁcit.</strong></span> <span class='ocrx_word' id='word_1_841' title='bbox 2813 4410 2887 4465; x_wconf 89' lang='lat' dir='ltr'><strong>Ita</strong></span> <span class='ocrx_word' id='word_1_842' title='bbox 2918 4412 3167 4483; x_wconf 90' lang='lat' dir='ltr'><strong>impetrat</strong></span> <span class='ocrx_word' id='word_1_843' title='bbox 3199 4417 3361 4472; x_wconf 91' lang='lat' dir='ltr'><strong>etiam</strong></span> <span class='ocrx_word' id='word_1_844' title='bbox 3403 4421 3652 4478; x_wconf 88' lang='lat' dir='ltr'><strong>stabilem</strong></span> <span class='ocrx_word' id='word_1_845' title='bbox 3696 4433 3750 4480; x_wconf 91' lang='lat' dir='ltr'><strong>et</strong></span> <span class='ocrx_word' id='word_1_846' title='bbox 3780 4425 3884 4479; x_wconf 86' lang='lat' dir='ltr'><strong>nul-</strong></span> 
     </span>
    </p>
   </div>
   <div class='ocr_carea' id='block_1_106' title="bbox 2316 4498 3883 4584">
    <p class='ocr_par' dir='ltr' id='par_1_106' title="bbox 2316 4498 3883 4584">
     <span class='ocr_line' id='line_1_106' title="bbox 2316 4498 3883 4584; baseline 0.013 -33"><span class='ocrx_word' id='word_1_847' title='bbox 2316 4498 2417 4552; x_wconf 87' lang='lat' dir='ltr'><strong>lius</strong></span> <span class='ocrx_word' id='word_1_848' title='bbox 2465 4502 2721 4570; x_wconf 89' lang='lat' dir='ltr'><strong>temporis</strong></span> <span class='ocrx_word' id='word_1_849' title='bbox 2765 4503 3090 4574; x_wconf 88' lang='lat' dir='ltr'><strong>indigentem</strong></span> <span class='ocrx_word' id='word_1_850' title='bbox 3115 4510 3428 4580; x_wconf 88' lang='lat' dir='ltr'><strong>sapientiam</strong></span> <span class='ocrx_word' id='word_1_851' title='bbox 3454 4556 3470 4581; x_wconf 94' lang='lat'><strong>,</strong></span> <span class='ocrx_word' id='word_1_852' title='bbox 3513 4531 3635 4584; x_wconf 85' lang='lat' dir='ltr'><strong>quae</strong></span> <span class='ocrx_word' id='word_1_853' title='bbox 3685 4518 3883 4574; x_wconf 86' lang='lat' dir='ltr'><strong>denario</strong></span> 
     </span>
    </p>
   </div>
   <div class='ocr_carea' id='block_1_107' title="bbox 2313 4595 3882 4675">
    <p class='ocr_par' dir='ltr' id='par_1_107' title="bbox 2313 4595 3882 4675">
     <span class='ocr_line' id='line_1_107' title="bbox 2313 4595 3882 4675; baseline 0.014 -32"><span class='ocrx_word' id='word_1_854' title='bbox 2313 4605 2535 4646; x_wconf 91' lang='lat' dir='ltr'><strong>numero</strong></span> <span class='ocrx_word' id='word_1_855' title='bbox 2561 4595 2985 4665; x_wconf 90' lang='lat' dir='ltr'><strong>commendatur,</strong></span> <span class='ocrx_word' id='word_1_856' title='bbox 3005 4608 3064 4654; x_wconf 89' lang='lat' dir='ltr'><strong>ut</strong></span> <span class='ocrx_word' id='word_1_857' title='bbox 3084 4599 3150 4655; x_wconf 89' lang='lat' dir='ltr'><strong>ad</strong></span> <span class='ocrx_word' id='word_1_858' title='bbox 3167 4603 3512 4675; x_wconf 88' lang='lat' dir='ltr'><strong>quadraginta</strong></span> <span class='ocrx_word' id='word_1_859' title='bbox 3533 4608 3798 4668; x_wconf 87' lang='lat' dir='ltr'><strong>addantur</strong></span> <span class='ocrx_word' id='word_1_860' title='bbox 3809 4610 3882 4665; x_wconf 69' lang='lat' dir='ltr'><strong>de</strong></span> 
     </span>
    </p>
   </div>
   <div class='ocr_carea' id='block_1_108' title="bbox 2313 4684 3881 4768">
    <p class='ocr_par' dir='ltr' id='par_1_108' title="bbox 2313 4684 3881 4768">
     <span class='ocr_line' id='line_1_108' title="bbox 2313 4684 3881 4768; baseline 0.012 -32"><span class='ocrx_word' id='word_1_861' title='bbox 2313 4696 2460 4747; x_wconf 91' lang='lat' dir='ltr'><strong>cem;</strong></span> <span class='ocrx_word' id='word_1_862' title='bbox 2487 4684 2606 4753; x_wconf 87' lang='lat' dir='ltr'><strong>quia</strong></span> <span class='ocrx_word' id='word_1_863' title='bbox 2637 4695 2692 4741; x_wconf 92' lang='lat' dir='ltr'><strong>et</strong></span> <span class='ocrx_word' id='word_1_864' title='bbox 2718 4697 2897 4757; x_wconf 91' lang='lat' dir='ltr'><strong>partes</strong></span> <span class='ocrx_word' id='word_1_865' title='bbox 2923 4692 3156 4759; x_wconf 84' lang='lat' dir='ltr'><strong>aequales</strong></span> <span class='ocrx_word' id='word_1_866' title='bbox 3179 4695 3587 4768; x_wconf 88' lang='lat' dir='ltr'><strong>quadragenarii</strong></span> <span class='ocrx_word' id='word_1_867' title='bbox 3608 4703 3807 4758; x_wconf 91' lang='lat' dir='ltr'><strong>numeri</strong></span> <span class='ocrx_word' id='word_1_868' title='bbox 3826 4702 3881 4756; x_wconf 86' lang='lat' dir='ltr'><strong>si-</strong></span> 
     </span>
    </p>
   </div>
   <div class='ocr_carea' id='block_1_109' title="bbox 2312 4774 3878 4854">
    <p class='ocr_par' dir='ltr' id='par_1_109' title="bbox 2312 4774 3878 4854">
     <span class='ocr_line' id='line_1_109' title="bbox 2312 4774 3878 4854; baseline 0.012 -26"><span class='ocrx_word' id='word_1_869' title='bbox 2312 4774 2423 4828; x_wconf 92' lang='lat' dir='ltr'><strong>mul</strong></span> <span class='ocrx_word' id='word_1_870' title='bbox 2443 4775 2614 4832; x_wconf 72' lang='lat' dir='ltr'><strong>ducta:</strong></span> <span class='ocrx_word' id='word_1_871' title='bbox 2644 4777 2710 4834; x_wconf 89' lang='lat' dir='ltr'><strong>ad</strong></span> <span class='ocrx_word' id='word_1_872' title='bbox 2729 4779 3108 4852; x_wconf 89' lang='lat' dir='ltr'><strong>quinquaginta</strong></span> <span class='ocrx_word' id='word_1_873' title='bbox 3137 4787 3469 4854; x_wconf 91' lang='lat' dir='ltr'><strong>perveniunt.</strong></span> <span class='ocrx_word' id='word_1_874' title='bbox 3503 4791 3688 4849; x_wconf 89' lang='lat' dir='ltr'><strong>Partes</strong></span> <span class='ocrx_word' id='word_1_875' title='bbox 3718 4802 3878 4848; x_wconf 90' lang='lat' dir='ltr'><strong>autem</strong></span> 
     </span>
    </p>
   </div>
   <div class='ocr_carea' id='block_1_110' title="bbox 2311 4865 3878 4954">
    <p class='ocr_par' dir='ltr' id='par_1_110' title="bbox 2311 4865 3878 4954">
     <span class='ocr_line' id='line_1_110' title="bbox 2311 4865 3878 4954; baseline 0.011 -36"><span class='ocrx_word' id='word_1_876' title='bbox 2311 4865 2543 4934; x_wconf 79' lang='lat' dir='ltr'><strong>:equales</strong></span> <span class='ocrx_word' id='word_1_877' title='bbox 2574 4867 2730 4923; x_wconf 88' lang='lat' dir='ltr'><strong>habet</strong></span> <span class='ocrx_word' id='word_1_878' title='bbox 2764 4870 3214 4942; x_wconf 87' lang='lat' dir='ltr'><strong>quadragenarius</strong></span> <span class='ocrx_word' id='word_1_879' title='bbox 3252 4892 3523 4946; x_wconf 92' lang='lat' dir='ltr'><strong>numerus,</strong></span> <span class='ocrx_word' id='word_1_880' title='bbox 3552 4883 3724 4952; x_wconf 92' lang='lat' dir='ltr'><strong>primo</strong></span> <span class='ocrx_word' id='word_1_881' title='bbox 3759 4897 3878 4954; x_wconf 83' lang='lat' dir='ltr'><strong>qua-</strong></span> 
     </span>
    </p>
   </div>
   <div class='ocr_carea' id='block_1_111' title="bbox 2309 4953 3873 5038">
    <p class='ocr_par' dir='ltr' id='par_1_111' title="bbox 2309 4953 3873 5038">
     <span class='ocr_line' id='line_1_111' title="bbox 2309 4953 3873 5038; baseline 0.011 -31"><span class='ocrx_word' id='word_1_882' title='bbox 2309 4953 2550 5026; x_wconf 91' lang='lat' dir='ltr'><strong>draginta</strong></span> <span class='ocrx_word' id='word_1_883' title='bbox 2580 4957 2633 5012; x_wconf 93' lang='lat' dir='ltr'><strong>in</strong></span> <span class='ocrx_word' id='word_1_884' title='bbox 2655 4959 2897 5030; x_wconf 78' lang='lat' dir='ltr'><strong>singulis,</strong></span> <span class='ocrx_word' id='word_1_885' title='bbox 2927 4961 3118 5020; x_wconf 88' lang='lat' dir='ltr'><strong>deinde</strong></span> <span class='ocrx_word' id='word_1_886' title='bbox 3148 4966 3329 5036; x_wconf 75' lang='lat' dir='ltr'><strong>viginti</strong></span> <span class='ocrx_word' id='word_1_887' title='bbox 3357 4969 3407 5024; x_wconf 93' lang='lat' dir='ltr'><strong>in</strong></span> <span class='ocrx_word' id='word_1_888' title='bbox 3439 4969 3598 5038; x_wconf 83' lang='lat' dir='ltr'><strong>binis,</strong></span> <span class='ocrx_word' id='word_1_889' title='bbox 3625 4953 3805 5030; x_wconf 88' lang='lat' dir='ltr'><strong>decem</strong></span> <span class='ocrx_word' id='word_1_890' title='bbox 3830 4973 3873 5026; x_wconf 90' lang='lat' dir='ltr'><strong>in</strong></span> 
     </span>
    </p>
   </div>
   <div class='ocr_carea' id='block_1_112' title="bbox 2308 5049 3874 5136">
    <p class='ocr_par' dir='ltr' id='par_1_112' title="bbox 2308 5049 3874 5136">
     <span class='ocr_line' id='line_1_112' title="bbox 2308 5049 3874 5136; baseline 0.013 -38"><span class='ocrx_word' id='word_1_891' title='bbox 2308 5049 2602 5115; x_wconf 88' lang='lat' dir='ltr'><strong>quaternis,</strong></span> <span class='ocrx_word' id='word_1_892' title='bbox 2626 5059 2746 5105; x_wconf 92' lang='lat' dir='ltr'><strong>octo</strong></span> <span class='ocrx_word' id='word_1_893' title='bbox 2774 5051 2827 5106; x_wconf 92' lang='lat' dir='ltr'><strong>in</strong></span> <span class='ocrx_word' id='word_1_894' title='bbox 2855 5053 3052 5123; x_wconf 89' lang='lat' dir='ltr'><strong>quinis,</strong></span> <span class='ocrx_word' id='word_1_895' title='bbox 3075 5057 3310 5128; x_wconf 89' lang='lat' dir='ltr'><strong>quinque</strong></span> <span class='ocrx_word' id='word_1_896' title='bbox 3335 5061 3386 5116; x_wconf 93' lang='lat' dir='ltr'><strong>in</strong></span> <span class='ocrx_word' id='word_1_897' title='bbox 3409 5065 3636 5132; x_wconf 90' lang='lat' dir='ltr'><strong>octonis,</strong></span> <span class='ocrx_word' id='word_1_898' title='bbox 3664 5074 3874 5136; x_wconf 90' lang='lat' dir='ltr'><strong>quatuor</strong></span> 
     </span>
    </p>
   </div>
   <div class='ocr_carea' id='block_1_113' title="bbox 2309 5136 3874 5226">
    <p class='ocr_par' dir='ltr' id='par_1_113' title="bbox 2309 5136 3874 5226">
     <span class='ocr_line' id='line_1_113' title="bbox 2309 5136 3874 5226; baseline 0.013 -36"><span class='ocrx_word' id='word_1_899' title='bbox 2309 5136 2361 5190; x_wconf 92' lang='lat' dir='ltr'><strong>in</strong></span> <span class='ocrx_word' id='word_1_900' title='bbox 2383 5136 2554 5202; x_wconf 87' lang='lat' dir='ltr'><strong>denis,</strong></span> <span class='ocrx_word' id='word_1_901' title='bbox 2577 5138 2711 5195; x_wconf 85' lang='lat' dir='ltr'><strong>duas</strong></span> <span class='ocrx_word' id='word_1_902' title='bbox 2751 5141 2802 5196; x_wconf 89' lang='lat' dir='ltr'><strong>in</strong></span> <span class='ocrx_word' id='word_1_903' title='bbox 2842 5143 3062 5201; x_wconf 85' lang='lat' dir='ltr'><strong>vicenis.</strong></span> <span class='ocrx_word' id='word_1_904' title='bbox 3099 5147 3276 5204; x_wconf 92' lang='lat' dir='ltr'><strong>Unum</strong></span> <span class='ocrx_word' id='word_1_905' title='bbox 3316 5167 3446 5222; x_wconf 90' lang='lat' dir='ltr'><strong>ergo</strong></span> <span class='ocrx_word' id='word_1_906' title='bbox 3472 5164 3526 5209; x_wconf 91' lang='lat' dir='ltr'><strong>et</strong></span> <span class='ocrx_word' id='word_1_907' title='bbox 3549 5155 3654 5211; x_wconf 91' lang='lat' dir='ltr'><strong>duo</strong></span> <span class='ocrx_word' id='word_1_908' title='bbox 3683 5166 3737 5212; x_wconf 91' lang='lat' dir='ltr'><strong>et</strong></span> <span class='ocrx_word' id='word_1_909' title='bbox 3761 5170 3874 5226; x_wconf 87' lang='lat' dir='ltr'><strong>qua-</strong></span> 
     </span>
    </p>
   </div>
   <div class='ocr_carea' id='block_1_114' title="bbox 2309 5230 3870 5316">
    <p class='ocr_par' dir='ltr' id='par_1_114' title="bbox 2309 5230 3870 5316">
     <span class='ocr_line' id='line_1_114' title="bbox 2309 5230 3870 5316; baseline 0.013 -36"><span class='ocrx_word' id='word_1_910' title='bbox 2309 5235 2429 5282; x_wconf 90' lang='lat' dir='ltr'><strong>tuor</strong></span> <span class='ocrx_word' id='word_1_911' title='bbox 2445 5237 2498 5284; x_wconf 91' lang='lat' dir='ltr'><strong>et</strong></span> <span class='ocrx_word' id='word_1_912' title='bbox 2523 5230 2754 5300; x_wconf 90' lang='lat' dir='ltr'><strong>quinque</strong></span> <span class='ocrx_word' id='word_1_913' title='bbox 2780 5244 2834 5290; x_wconf 90' lang='lat' dir='ltr'><strong>et</strong></span> <span class='ocrx_word' id='word_1_914' title='bbox 2854 5245 2973 5291; x_wconf 90' lang='lat' dir='ltr'><strong>octo</strong></span> <span class='ocrx_word' id='word_1_915' title='bbox 2995 5246 3048 5293; x_wconf 92' lang='lat' dir='ltr'><strong>et</strong></span> <span class='ocrx_word' id='word_1_916' title='bbox 3072 5237 3256 5296; x_wconf 91' lang='lat' dir='ltr'><strong>decem</strong></span> <span class='ocrx_word' id='word_1_917' title='bbox 3275 5251 3330 5298; x_wconf 89' lang='lat' dir='ltr'><strong>et</strong></span> <span class='ocrx_word' id='word_1_918' title='bbox 3349 5243 3532 5316; x_wconf 89' lang='lat' dir='ltr'><strong>viginti</strong></span> <span class='ocrx_word' id='word_1_919' title='bbox 3553 5246 3707 5303; x_wconf 90' lang='lat' dir='ltr'><strong>simul</strong></span> <span class='ocrx_word' id='word_1_920' title='bbox 3731 5247 3870 5303; x_wconf 87' lang='lat' dir='ltr'><strong>ducta</strong></span> 
     </span>
    </p>
   </div>
   <div class='ocr_carea' id='block_1_115' title="bbox 2306 5319 3868 5411">
    <p class='ocr_par' dir='ltr' id='par_1_115' title="bbox 2306 5319 3868 5411">
     <span class='ocr_line' id='line_1_115' title="bbox 2306 5319 3868 5411; baseline 0.013 -39"><span class='ocrx_word' id='word_1_921' title='bbox 2306 5319 2538 5376; x_wconf 87' lang='lat' dir='ltr'><strong>efﬁciunt</strong></span> <span class='ocrx_word' id='word_1_922' title='bbox 2563 5324 2960 5397; x_wconf 87' lang='lat' dir='ltr'><strong>quinquaginta.</strong></span> <span class='ocrx_word' id='word_1_923' title='bbox 2985 5329 3320 5404; x_wconf 84' lang='lat' dir='ltr'><strong>Quapropter</strong></span> <span class='ocrx_word' id='word_1_924' title='bbox 3353 5338 3492 5392; x_wconf 89' lang='lat' dir='ltr'><strong>sicut</strong></span> <span class='ocrx_word' id='word_1_925' title='bbox 3518 5339 3868 5411; x_wconf 82' lang='lat' dir='ltr'><strong>quadragena-</strong></span> 
     </span>
    </p>
   </div>
   <div class='ocr_carea' id='block_1_116' title="bbox 2306 5413 3868 5502">
    <p class='ocr_par' dir='ltr' id='par_1_116' title="bbox 2306 5413 3868 5502">
     <span class='ocr_line' id='line_1_116' title="bbox 2306 5413 3868 5502; baseline 0.011 -36"><span class='ocrx_word' id='word_1_926' title='bbox 2306 5413 2426 5470; x_wconf 85' lang='lat' dir='ltr'><strong>rius.</strong></span> <span class='ocrx_word' id='word_1_927' title='bbox 2478 5431 2731 5473; x_wconf 89' lang='lat' dir='ltr'><strong>numerus</strong></span> <span class='ocrx_word' id='word_1_928' title='bbox 2783 5423 3078 5491; x_wconf 75' lang='lat' dir='ltr'><strong>aequalibus</strong></span> <span class='ocrx_word' id='word_1_929' title='bbox 3121 5427 3231 5482; x_wconf 91' lang='lat' dir='ltr'><strong>suis</strong></span> <span class='ocrx_word' id='word_1_930' title='bbox 3279 5431 3516 5498; x_wconf 87' lang='lat' dir='ltr'><strong>partibus</strong></span> <span class='ocrx_word' id='word_1_931' title='bbox 3569 5430 3868 5502; x_wconf 84' lang='lat' dir='ltr'><strong>computatis</strong></span> 
     </span>
    </p>
   </div>
   <div class='ocr_carea' id='block_1_117' title="bbox 2304 5505 3867 5594">
    <p class='ocr_par' dir='ltr' id='par_1_117' title="bbox 2304 5505 3867 5594">
     <span class='ocr_line' id='line_1_117' title="bbox 2304 5505 3867 5594; baseline 0.012 -38"><span class='ocrx_word' id='word_1_932' title='bbox 2304 5505 2442 5574; x_wconf 87' lang='lat' dir='ltr'><strong>parit</strong></span> <span class='ocrx_word' id='word_1_933' title='bbox 2465 5508 2694 5578; x_wconf 86' lang='lat' dir='ltr'><strong>amplius</strong></span> <span class='ocrx_word' id='word_1_934' title='bbox 2728 5510 3001 5570; x_wconf 90' lang='lat' dir='ltr'><strong>denarium</strong></span> <span class='ocrx_word' id='word_1_935' title='bbox 3024 5558 3038 5581; x_wconf 91' lang='lat'><strong>,</strong></span> <span class='ocrx_word' id='word_1_936' title='bbox 3071 5527 3124 5572; x_wconf 89' lang='lat' dir='ltr'><strong>et</strong></span> <span class='ocrx_word' id='word_1_937' title='bbox 3159 5518 3218 5574; x_wconf 92' lang='lat' dir='ltr'><strong>ﬁt</strong></span> <span class='ocrx_word' id='word_1_938' title='bbox 3246 5521 3725 5594; x_wconf 89' lang='lat' dir='ltr'><strong>quinquagenarius</strong></span> <span class='ocrx_word' id='word_1_939' title='bbox 3757 5541 3770 5578; x_wconf 91' lang='lat'><strong>:</strong></span> <span class='ocrx_word' id='word_1_940' title='bbox 3801 5521 3867 5576; x_wconf 87' lang='lat' dir='ltr'><strong>sic</strong></span> 
     </span>
    </p>
   </div>
   <div class='ocr_carea' id='block_1_118' title="bbox 2367 5620 3866 5697">
    <p class='ocr_par' dir='ltr' id='par_1_118' title="bbox 2367 5620 3866 5697">
     <span class='ocr_line' id='line_1_118' title="bbox 2367 5620 3866 5697; baseline 0.011 -32"><span class='ocrx_word' id='word_1_941' title='bbox 2367 5620 2529 5697; x_wconf 50' lang='grc' dir='ltr'>ξ</span> <span class='ocrx_word' id='word_1_942' title='bbox 2542 5627 2670 5680; x_wconf 61' lang='grc' dir='ltr'><strong>ωδε»,</strong></span> <span class='ocrx_word' id='word_1_943' title='bbox 2695 5636 2782 5686; x_wconf 84' lang='lat' dir='ltr'><strong>per</strong></span> <span class='ocrx_word' id='word_1_944' title='bbox 2803 5632 2955 5697; x_wconf 62' lang='lat' dir='ltr'><strong>motus</strong></span> <span class='ocrx_word' id='word_1_945' title='bbox 2972 5630 3260 5697; x_wconf 59' lang='lat' dir='ltr'><strong>corporales.</strong></span> <span class='ocrx_word' id='word_1_946' title='bbox 3281 5632 3424 5683; x_wconf 86' lang='lat' dir='ltr'><strong>Paulo</strong></span> <span class='ocrx_word' id='word_1_947' title='bbox 3445 5642 3556 5697; x_wconf 84' lang='lat' dir='ltr'><strong>post</strong></span> <span class='ocrx_word' id='word_1_948' title='bbox 3571 5641 3666 5685; x_wconf 72' lang='lat' dir='ltr'><strong>Rat.</strong></span> <span class='ocrx_word' id='word_1_949' title='bbox 3689 5633 3866 5697; x_wconf 80' lang='lat' dir='ltr'><strong>etduo-</strong></span> 
     </span>
    </p>
   </div>
   <div class='ocr_carea' id='block_1_119' title="bbox 2301 5680 3865 5762">
    <p class='ocr_par' dir='ltr' id='par_1_119' title="bbox 2301 5680 3865 5762">
     <span class='ocr_line' id='line_1_119' title="bbox 2301 5680 3865 5762; baseline 0.013 -34"><span class='ocrx_word' id='word_1_950' title='bbox 2301 5680 2770 5762; x_wconf 39' lang='grc' dir='ltr'><strong>ςθιοιιιιὲξδᾉίμίὶηη</strong></span> <span class='ocrx_word' id='word_1_951' title='bbox 2795 5688 2976 5762; x_wconf 71' lang='lat' dir='ltr'><strong>dictum</strong></span> <span class='ocrx_word' id='word_1_952' title='bbox 3006 5680 3075 5762; x_wconf 69' lang='lat' dir='ltr'><strong>est</strong></span> <span class='ocrx_word' id='word_1_953' title='bbox 3091 5690 3188 5753; x_wconf 74' lang='lat' dir='ltr'><strong>ﬁde</strong></span> <span class='ocrx_word' id='word_1_954' title='bbox 3199 5680 3682 5762; x_wconf 57' lang='lat' dir='ltr'><strong>’éqwaré.‘r}.&#39;,&#39;iii}b</strong></span> <span class='ocrx_word' id='word_1_955' title='bbox 3694 5680 3865 5748; x_wconf 50' lang='lat' dir='ltr'><strong>diem</strong></span> 
     </span>
    </p>
   </div>
   <div class='ocr_carea' id='block_1_120' title="bbox 2302 5749 3633 5819">
    <p class='ocr_par' dir='ltr' id='par_1_120' title="bbox 2302 5749 3633 5819">
     <span class='ocr_line' id='line_1_120' title="bbox 2302 5749 3633 5819; baseline 0.015 -26"><span class='ocrx_word' id='word_1_956' title='bbox 2302 5749 2372 5793; x_wconf 80' lang='lat' dir='ltr'><strong>est</strong></span> <span class='ocrx_word' id='word_1_957' title='bbox 2393 5749 2537 5793; x_wconf 74' lang='lat' dir='ltr'><strong>vitam</strong></span> <span class='ocrx_word' id='word_1_958' title='bbox 2557 5753 2860 5800; x_wconf 73' lang='lat' dir='ltr'><strong>cmrstare.—</strong></span> <span class='ocrx_word' id='word_1_959' title='bbox 2880 5753 2952 5804; x_wconf 81' lang='lat' dir='ltr'><strong>sic</strong></span> <span class='ocrx_word' id='word_1_960' title='bbox 2975 5749 3120 5803; x_wconf 83' lang='lat' dir='ltr'><strong>etiam</strong></span> <span class='ocrx_word' id='word_1_961' title='bbox 3137 5757 3285 5819; x_wconf 83' lang='lat' dir='ltr'><strong>Lugd.</strong></span> <span class='ocrx_word' id='word_1_962' title='bbox 3314 5763 3365 5808; x_wconf 81' lang='lat' dir='ltr'><strong>et</strong></span> <span class='ocrx_word' id='word_1_963' title='bbox 3389 5757 3508 5810; x_wconf 70' lang='lat' dir='ltr'><strong>Ven.</strong></span> <span class='ocrx_word' id='word_1_964' title='bbox 3557 5749 3633 5814; x_wconf 72' lang='lat' dir='ltr'><strong>&#39;ai.</strong></span> 
     </span>
    </p>
   </div>
  </div>
