3988 6424
94 384 171 441 97
652 340 660 346 ’
916 338 919 339 7
1542 385 1708 444 una]

1819 386 1987 447 lNUS.
3252 452 3259 457 ,
3341 398 3416 457 98

94 515 322 576 tempus
343 501 486 560 ﬁdei
511 517 696 559 rerum
720 517 818 573 pro
842 501 1010 558 salute
1038 508 1217 558 nostra
1245 507 1512 572 gestarum
1539 511 1594 556 et
1619 517 1713 572 ge-

90 599 405 657 rendarum
434 611 567 653 cum
592 599 843 667 aequitate
870 595 992 651 vitae
1020 605 1196 650 actum
1234 595 1484 664 impetrat
1506 594 1715 650 intelle-

90 704 248 750 ctum
280 690 508 747 stabilis
540 690 851 759 sapientiae;
877 696 935 743 ut
964 703 1072 743 non
1093 688 1267 743 solum
1295 686 1586 755 credendo,
1618 684 1711 746 sed

94 786 261 839 etiam
288 779 655 853 intelligendo
678 780 954 850 disciplina
976 779 1235 834 ﬁrmetur.

166 875 225 929 2.
272 873 344 928 Et
375 872 507 928 ideo
537 886 601 928 ea
630 887 752 942 quae
784 886 926 927 nunc
949 879 1031 926 est
1058 871 1317 939 Ecclesia,
1347 870 1593 941 quamvis
1616 868 1707 926 ﬁlii

96 965 195 1019 Dei
222 964 424 1030 simus,
470 974 598 1019 ante
621 973 797 1018 tamen
837 979 994 1033 quam
1030 972 1284 1033 appareat
1318 962 1444 1033 quid
1488 963 1710 1029 erimus,

97 1057 155 1111 in
188 1056 477 1112 laboribus
494 1065 550 1112 et
577 1055 950 1112 afflictionibus
979 1057 1126 1127 agit,
1149 1065 1204 1112 et
1230 1057 1283 1110 in
1326 1071 1389 1111 ea
1428 1056 1601 1126 justus
1647 1071 1714 1110 ex

104 1146 216 1201 ﬁde
243 1147 381 1200 vivit
406 1146 590 1218 (Rom.
619 1163 659 1214 1,
681 1146 792 1217 17).
819 1144 937 1201 Nisi
961 1147 1104 1202 enim
1140 1146 1473 1214 credideritis,
1497 1146 1709 1216 iinquit,

102 1258 208 1295 non
232 1240 537 1312 intelligetis
558 1238 709 1311 (Isai.
737 1255 833 1307 vn,
860 1238 939 1310 9).
968 1239 1035 1293 Et
1076 1238 1179 1293 hoc
1226 1246 1309 1293 est
1351 1247 1559 1308 tempus
1604 1252 1712 1308 quo

104 1333 520 1402 ingemiscimus
532 1341 588 1388 et
608 1332 873 1399 dolemus,
893 1338 1267 1401 exspectantes
1291 1330 1711 1399 redemptionem

107 1425 359 1491 corporis
394 1422 566 1479 nostri
596 1422 616 1492 (
637 1422 788 1476 Rom.
814 1438 927 1487 VIII,
949 1422 1020 1475 25
1038 1420 1082 1491 ),
1112 1420 1254 1491 quod
1296 1419 1709 1490 Quadragesima

109 1514 444 1568 celebratur.
475 1514 678 1570 Scimus
702 1523 870 1567 autem
883 1513 1121 1583 quoniam
1141 1528 1255 1565 cum
1279 1513 1603 1582 apparuerit,
1632 1511 1707 1565 si-

107 1603 259 1659 miles
298 1604 346 1657 ei
386 1604 581 1658 erimus
604 1644 620 1669 ,
666 1604 907 1673 quoniam
950 1602 1228 1656 videbimus
1272 1619 1386 1656 eum
1436 1602 1585 1656 sicuti
1638 1610 1711 1656 est

108 1694 153 1763 (Ι
178 1693 338 1748 Joan.
372 1710 458 1759 ιιι,
485 1692 545 1767 2)
563 1711 576 1746 :
595 1709 715 1749 cum
734 1693 961 1750 addetur
980 1694 1232 1749 denarius
1262 1692 1706 1763 quadragenario,

112 1796 167 1840 ut
196 1802 303 1842 non
335 1789 524 1843 solum
555 1786 774 1844 credere
810 1802 930 1857 quae
973 1786 1239 1856 pertinent
1276 1785 1342 1840 ad
1386 1784 1574 1851 ﬁdem,
1605 1784 1702 1840 sed

111 1880 266 1934 etiam
324 1879 671 1951 perspicuam
727 1880 1004 1934 veritatem
1046 1878 1343 1948 intelligere
1385 1892 1706 1932 mereamur.

111 1969 255 2025 Talis
278 1972 555 2039 Ecclesia,
590 1971 647 2026 in
681 1986 784 2041 qua
812 1970 992 2024 nullus
1021 1970 1124 2025 erit
1162 1983 1381 2036 mceror,
1412 1968 1555 2023 nulla
1584 1982 1708 2037 per-

109 2061 295 2115 mixtio
319 2063 594 2119 malorum
617 2061 914 2125 hominum,
940 2061 1082 2115 nulla
1110 2060 1377 2130 iniquitas,
1407 2059 1500 2113 sed
1530 2058 1709 2115 laetitia

115 2160 171 2206 et
192 2167 294 2221 pax
312 2161 367 2207 et
390 2153 669 2223 gaudium,
696 2151 1159 2221 Quinquagesimte
1186 2151 1546 2206 celebratione
1574 2165 1709 2219 prte-

118 2242 391 2313 ﬁguratur.
421 2245 740 2314 Propterea,
771 2251 1118 2313 posteaquam
1140 2242 1398 2297 Dominus
1423 2251 1607 2297 noster
1628 2257 1707 2298 re-

118 2336 343 2388 surrexit
368 2351 398 2388 a
424 2334 656 2389 mortuis
675 2375 689 2399 ,
728 2333 1075 2405 quadraginta
1113 2333 1301 2388 diebus
1328 2334 1556 2403 peractis
1584 2349 1708 2390 cum

120 2424 390 2495 discipulis
411 2427 547 2492 suis,
566 2426 754 2481 eadem
781 2426 892 2495 ipsa
910 2425 1114 2480 scilicet
1138 2440 1233 2495 per
1259 2425 1398 2480 hunc
1427 2441 1705 2481 numerum

125 2515 385 2571 insinuata
418 2515 700 2587 temporali
718 2515 1134 2585 dispensatione,
1166 2530 1287 2585 quae
1308 2515 1375 2570 ad
1395 2516 1553 2571 ﬁdem
1584 2532 1708 2587 per-

128 2607 275 2673 tinet,
298 2609 535 2664 ascendit
554 2609 609 2662 in
639 2607 834 2663 etelum
866 2607 1000 2679 (Act.
1033 2623 1071 2673 1,
1095 2607 1151 2674 5,
1185 2604 1274 2677 9),
1298 2616 1353 2661 et
1378 2606 1563 2663 decem
1591 2608 1707 2662 aliis

132 2698 316 2753 diebus
338 2702 561 2769 peractis
581 2699 733 2756 misit
761 2699 1016 2769 Spiritum
1044 2707 1286 2754 sanctum
1309 2698 1421 2769 (Id.
1452 2715 1519 2764 ιι,
1547 2699 1661 2769 1-4)
1689 2716 1704 2753 :

132 2789 190 2845 id
211 2800 311 2857 est,
334 2802 387 2845 ut
404 2807 502 2846 non
524 2790 598 2846 ad
623 2789 855 2846 humana
876 2798 932 2845 et
957 2790 1286 2859 temporalia,
1325 2790 1420 2845 sed
1439 2790 1504 2845 ad
1528 2789 1707 2845 divina

137 2889 193 2935 et
216 2890 399 2938 aaterna
424 2881 726 2941 contuenda
754 2882 980 2952 quodam
1008 2882 1205 2937 amoris
1226 2892 1279 2937 et
1299 2882 1575 2938 charitatis
1600 2882 1707 2952 Spi-

132 2986 367 3031 ramento
383 2986 439 3032 et
465 2974 738 3041 incendio,
762 2974 1188 3045 quadragenario
1207 2973 1459 3029 denarius
1477 2974 1706 3030 addere-

135 3072 232 3120 tur.
253 3067 320 3122 Et
342 3067 463 3123 ideo
479 3066 593 3137 jam
619 3067 724 3122 hoc
759 3074 923 3120 totum
946 3107 960 3131 ,
990 3064 1043 3119 id
1080 3073 1159 3120 est
1180 3106 1195 3132 ,
1224 3065 1706 3136 quinquagenarius

131 3172 376 3214 numerus
401 3158 638 3227 dierum,
660 3156 858 3211 laetitia:
877 3156 1237 3211 celebratione
1254 3197 1267 3219 ,
1295 3156 1582 3227 signandus
1601 3165 1703 3212 est.

192 3247 245 3303 5.
285 3248 408 3303 llrec
421 3256 604 3303 autem
621 3246 728 3301 duo
753 3254 1011 3315 tempora,
1035 3244 1088 3300 id
1110 3254 1212 3313 est,
1237 3261 1401 3300 unum
1432 3246 1629 3301 laboris
1654 3255 1708 3302 et

123 3339 511 3405 sollicitudinis,
534 3339 762 3394 alterum
784 3336 961 3407 gaudii
986 3345 1041 3391 et
1060 3336 1356 3391 securitatis
1381 3378 1396 3403 ,
1425 3337 1584 3393 etiam
1616 3351 1707 3393 re-

124 3431 260 3486 tibus
300 3432 482 3486 missis
506 3431 561 3483 in
590 3442 739 3485 mare
764 3428 1018 3483 Dominus
1051 3435 1234 3483 noster
1261 3427 1541 3497 signiﬁcat.
1571 3427 1705 3483 Nam

123 3531 243 3577 ante
276 3521 580 3593 passionem
620 3518 690 3575 de
728 3518 953 3574 reticulo
988 3517 1181 3573 dicitur
1210 3516 1375 3573 misso
1421 3517 1475 3571 in
1518 3533 1665 3573 mare
1687 3557 1705 3585 ,

125 3613 242 3682 quia
272 3621 477 3697 tantqu
501 3609 723 3680 piscium
748 3618 1036 3680 ceperunt,
1077 3618 1137 3664 ut
1160 3610 1249 3664 vix
1295 3609 1362 3665 ad
1407 3609 1557 3665 littus
1595 3618 1706 3665 tra-

126 3702 297 3758 hendo
323 3703 696 3773 perducerent,
726 3709 781 3757 et
809 3709 867 3755 ut
893 3702 1025 3756 retia
1055 3701 1466 3772 rumperentur(
1490 3701 1615 3757 Luc.
1648 3719 1703 3770 ν,

127 3795 180 3859 6,
210 3794 288 3867 7).
316 3795 431 3849 Non
456 3794 597 3847 enim
621 3793 784 3847 missa
811 3801 937 3847 sunt
960 3792 1011 3847 in
1036 3792 1308 3847 dexteram
1347 3802 1585 3863 partem;
1608 3793 1707 3849 ha-

127 3884 216 3940 bet
238 3886 381 3941 enim
409 3885 605 3939 multos
630 3883 800 3939 malos
825 3883 1061 3938 Ecclesia
1088 3884 1246 3954 hujus
1276 3885 1530 3955 temporis
1556 3904 1568 3939 :
1607 3902 1704 3942 ne-

128 3992 228 4047 que
257 3978 307 4032 in
328 3978 632 4040 sinistram;
662 3976 820 4031 habet
845 3976 987 4031 enim
1029 3976 1188 4031 etiam
1216 3978 1384 4031 bonos
1410 3993 1423 4030 :
1464 3977 1558 4032 sed
1584 3993 1707 4047 pas-

128 4072 245 4136 sim,
276 4082 333 4125 ut
359 4069 769 4141 permixtioncm
789 4068 1052 4125 bonorum
1093 4069 1464 4140 malorumque
1504 4069 1706 4141 signiﬁ-

127 4172 288 4218 caret.
310 4164 463 4229 Quod
485 4172 660 4217 autem
688 4170 841 4232 rupta
865 4169 991 4217 sunt
1022 4163 1157 4217 retia
1182 4203 1196 4226 ,
1226 4161 1484 4219 charitate
1510 4164 1709 4219 violata

130 4255 318 4310 multas
336 4254 574 4309 haereses
592 4254 784 4309 exiisse
802 4253 1083 4324 signiﬁcat.
1108 4253 1235 4307 Post
1260 4256 1708 4311 resurrectionem

132 4365 278 4413 vero,
310 4364 430 4404 eum
461 4347 626 4402 vellet
650 4345 938 4402 Ecelesiam
967 4345 1128 4400 futuri
1155 4347 1414 4416 temporis
1442 4363 1707 4416 praemon-

134 4450 329 4509 strare,
366 4442 457 4496 ubi
497 4455 685 4495 omnes
725 4438 943 4509 perfecti
985 4446 1143 4508 atque
1170 4441 1339 4495 sancti
1368 4440 1529 4495 futuri
1558 4451 1702 4509 sunt,

135 4533 286 4602 jussit
329 4532 463 4587 mitti
505 4533 637 4586 retia
668 4531 720 4584 in
763 4529 1037 4584 dexteram
1068 4539 1308 4599 partem;
1337 4540 1393 4586 et
1420 4531 1557 4600 capti
1586 4541 1711 4587 sunt

137 4624 368 4691 ingentes
394 4623 571 4691 pisces
592 4629 804 4676 centqu
833 4620 1213 4691 quinquaginta
1242 4630 1369 4688 tres,
1394 4622 1710 4678 mirantibus

138 4713 401 4780 discipulis
427 4711 571 4783 quod
594 4726 716 4766 cum
739 4720 841 4764 tam
870 4711 1045 4781 magni
1066 4720 1265 4778 essent,
1295 4714 1428 4767 retia
1455 4728 1559 4768 non
1587 4726 1711 4770 sunt

140 4805 364 4874 disrupta
382 4806 559 4876 (Joan.
586 4819 697 4867 χιιι,
731 4803 784 4867 6,
812 4805 919 4871 ll).
954 4804 1153 4859 [lorum
1180 4806 1486 4875 magnitudo
1508 4808 1711 4878 magni-

146 4896 363 4951 tudinem
414 4896 691 4968 sapientia:
740 4894 1060 4965 iustitiaeque
1106 4897 1401 4966 signiﬁcat;
1456 4915 1710 4955 numerus

145 5002 285 5051 vero,
308 4988 468 5056 ipsam
497 4984 830 5054 disciplinam
859 4993 910 5037 et
933 4988 1208 5054 temporali
1236 4986 1631 5056 dispensatione
1656 5000 1710 5046 et

146 5090 326 5135 a-tema
357 5078 761 5151 regeneratioue
789 5076 1097 5145 perfectam,
1125 5094 1283 5148 quam
1306 5079 1535 5134 diximus
1563 5080 1712 5151 quin-

146 5174 445 5242 quagenaria
474 5184 701 5227 numero
719 5167 1254 5237 commendari.Quia
1285 5172 1426 5225 enim
1456 5181 1580 5227 tunc
1602 5187 1709 5229 non

147 5264 241 5317 erit
263 5281 387 5334 opus
411 5261 780 5333 corporalibus
804 5256 1149 5328 adjumentis,
1180 5268 1235 5316 et
1258 5262 1436 5316 animo
1465 5264 1708 5319 contine-

150 5353 278 5411 bitur
301 5358 425 5413 tides
452 5368 610 5425 atque
636 5351 890 5424 sapientia
913 5365 930 5417 ;
961 5349 1087 5421 quia
1106 5351 1286 5406 animo
1313 5353 1599 5408 ternarium
1621 5370 1711 5410 nu-

152 5463 335 5506 merum
364 5452 619 5507 tributum
650 5448 898 5512 diximus,
923 5444 1305 5515 quinquaginta
1335 5444 1579 5501 ducimus
1607 5456 1705 5513 ter,

153 5549 203 5595 et
234 5542 354 5599 fiunt
392 5551 609 5598 centum
654 5538 1068 5608 quinquaginta;
1109 5536 1192 5590 cui
1237 5551 1459 5591 numero
1506 5535 1710 5590 trinitas

154 5633 363 5703 additur,
385 5638 504 5705 quia
534 5633 709 5688 omnis
736 5632 817 5683 illa
850 5630 1104 5698 θυι-ἱερεῖα
1136 5630 1185 5681 in
1218 5629 1427 5683 nomine
1460 5628 1630 5682 Patris
1656 5636 1710 5681 et

159 5720 258 5780 Filii
277 5737 327 5782 et
348 5729 580 5799 Spiritus
618 5723 785 5781 sancti
812 5729 1122 5778 consecrata
1163 5730 1244 5775 est
1272 5739 1284 5773 :
1314 5726 1382 5775 ita
1420 5721 1551 5773 tium
1587 5735 1710 5774 cen-

164 5822 254 5873 tum
279 5820 653 5894 quinquaginta
682 5825 811 5887 tres,
834 5814 926 5889 qui
953 5828 1207 5872 numerus
1233 5813 1454 5886 piscium
1477 5810 1543 5869 ad
1581 5810 1709 5868 dex-

1838 508 2003 557 teram
2028 512 2231 573 partem
2257 513 2532 575 captorum
2562 505 2845 563 invenitur.

1828 594 2088 651 LXXXII.
2129 596 2210 652 De
2227 614 2285 652 eo
2302 599 2437 669 quod
2458 600 2698 670 scriptum
2721 610 2793 655 est
2819 617 2839 656 :
2869 599 3038 668 Quem
3075 605 3215 660 enim
3241 607 3413 680 diligit

1895 688 2163 754 Dominus,
2196 690 2451 757 corripit;
2495 690 2725 761 ﬂagellat
2765 701 2943 748 autem
2983 710 3197 752 omnem
3243 699 3409 757 ﬁlium

1891 793 2049 848 quem
2080 780 2268 851 recipit
2294 781 2479 851 (Hebr.
2504 798 2599 851 xu,
2624 784 2701 855 6).

1893 870 1944 923 1.
1984 869 2131 925 Multi
2160 882 2552 929 murmurantes
2572 876 2672 930 sub
2699 876 2979 948 disciplina
3010 879 3128 948 Dei,
3158 885 3410 953 quaestio-

1820 975 1941 1016 nem
1968 971 2205 1028 movent,
2228 978 2349 1018 cum
2380 965 2561 1021 vident
2575 966 2750 1037 justos
2770 984 2911 1039 saepe
2930 986 3119 1040 graves
3141 974 3412 1031 molestias

1818 1052 2114 1107 secundum
2143 1053 2280 1109 hanc
2307 1055 2468 1110 vitam
2491 1058 2600 1126 pati
2628 1074 2643 1110 :
2679 1061 2834 1129 quasi
2861 1070 3141 1131 propterea
3171 1065 3303 1119 nihil
3328 1067 3409 1123 eis

1810 1144 1987 1212 prosit
2009 1144 2151 1213 quod
2166 1145 2277 1201 Deo
2304 1148 2560 1214 serviunt,
2577 1149 2700 1218 quia
2719 1151 2804 1206 vel
2823 1166 3138 1210 communes
3166 1156 3406 1226 labores,

1815 1242 1977 1304 atque
1996 1235 2359 1293 indifferenter
2378 1254 2661 1311 corporum
2682 1253 2841 1314 atque
2864 1245 3183 1303 damnorum
3204 1258 3259 1305 et
3283 1266 3410 1307 con-

1815 1326 2153 1381 tumeliarum
2181 1338 2605 1402 eteterorumqne
2627 1335 2864 1389 omnium
2884 1376 2899 1402 ,
2926 1352 3045 1406 qua:
3075 1339 3215 1393 mala
3262 1355 3411 1396 mor-

1815 1418 1952 1473 tales
1990 1428 2194 1489 putant,
2222 1422 2309 1477 vel
2354 1423 2513 1477 etiam
2556 1427 2767 1481 caeteris
2810 1428 3097 1498 ampliores
3136 1431 3408 1500 patiuntur

1815 1519 2035 1581 propter
2073 1514 2294 1569 verbum
2349 1515 2441 1570 Dei
2491 1525 2650 1586 atque
2684 1517 2942 1587 justitiam
2966 1561 2983 1588 ,
3014 1536 3134 1591 quae
3176 1537 3405 1580 onerosa

1816 1605 2160 1675 peccantibus
2182 1607 2234 1661 in
2264 1606 2381 1677 ejus
2407 1608 2785 1677 praedicatores
2814 1613 3163 1669 tumultuosas
3190 1615 3401 1671 seditio-

1814 1710 1912 1751 nes
1949 1706 2041 1751 aut
2064 1697 2281 1753 insidias
2307 1709 2399 1753 aut
2432 1699 2552 1754 odia
2583 1702 2835 1757 concitat.
2876 1702 3079 1771 Quibus
3104 1706 3399 1775 responde-

1815 1798 1923 1854 tur,
1948 1788 2072 1858 quia
2102 1789 2147 1843 si
2187 1789 2293 1843 vita
2320 1790 2419 1845 ista
2464 1792 2577 1846 sola
2616 1801 2760 1848 esset
2803 1793 3107 1861 hominum,
3134 1804 3226 1850 aut
3262 1796 3400 1853 nihil

1815 1877 2092 1948 prodesse,
2111 1887 2203 1934 aut
2228 1880 2388 1935 etiam
2412 1895 2605 1937 nocere
2615 1882 2755 1952 justa
2774 1883 2881 1939 vita
2898 1899 3004 1939 non
3023 1900 3404 1957 usquequaque

1813 1970 2047 2026 absurde
2075 1971 2366 2027 videretur.
2392 1974 2707 2044 Quanquam
2735 1992 2841 2030 non
2887 1976 3150 2032 defuerint
3192 1981 3279 2049 qui
3310 1980 3398 2050 ju-

1814 2062 1973 2116 stitiae
1998 2062 2311 2117 suavitatem
2334 2073 2389 2118 et
2426 2064 2694 2119 internum
2720 2066 2836 2135 ejus
2862 2068 3114 2137 gaudium
3139 2084 3259 2124 cum
3281 2085 3403 2125 cor-

1815 2153 2084 2222 paratibus
2109 2154 2357 2210 omnibus
2383 2156 2653 2212 laboribus
2674 2166 2728 2212 et
2748 2158 3009 2213 molestiis
3032 2201 3047 2226 ,
3072 2173 3205 2229 quas
3233 2176 3403 2235 genus

1813 2245 2103 2299 humanum
2146 2261 2243 2316 pro
2290 2247 2597 2304 conditione
2638 2265 2752 2305 suae
2791 2251 3134 2306 mortalitatis
3179 2253 3396 2321 patitur,

1811 2350 1935 2391 cum
1962 2338 2210 2392 omnibus
2237 2338 2402 2393 etiam
2438 2354 2558 2409 quae
2579 2348 2798 2410 propter
2823 2341 2993 2410 ipsam
3018 2341 3321 2410 justititiam
3344 2343 3401 2399 in

1812 2443 1907 2484 eos
1941 2428 2031 2499 qui
2070 2428 2213 2499 juste
2240 2430 2454 2495 vivunt,
2498 2431 2912 2500 injuriosissime
2938 2434 3236 2505 cogitantur
3258 2435 3299 2501 ί,
3330 2435 3404 2491 ita

1811 2528 2244 2589 compensarent,
2272 2529 2329 2575 ut
2365 2530 2697 2591 sequestrata
2724 2537 2820 2592 spe
2846 2521 3038 2578 futura:
3066 2524 3187 2579 vitae
3204 2523 3403 2595 jucun-

1810 2609 1930 2664 dius
1951 2618 2006 2665 et
2031 2612 2201 2666 laetius
2227 2627 2335 2682 pm
2359 2626 2543 2668 amore
2560 2614 2794 2670 veritatis
2819 2622 3213 2686 torquerentur,
3237 2632 3399 2687 quam

1812 2698 2065 2755 luxuriosi
2090 2716 2198 2769 pra:
2225 2702 2519 2771 cupiditate
2542 2704 2817 2760 ebrietatis
2843 2706 3147 2774 epulentur.

1880 2789 1935 2844 2.
1978 2789 2083 2846 Sed
2105 2790 2169 2846 iis
2198 2800 2379 2847 tamen
2417 2794 2508 2862 qui
2536 2802 2724 2862 putant
2751 2796 3007 2863 injustum
3039 2798 3204 2853 Deum
3230 2839 3244 2863 ,
3276 2814 3400 2857 cum

1807 2879 1979 2949 justas
1996 2880 2049 2934 in
2078 2879 2353 2936 doloribus
2395 2890 2448 2935 et
2480 2881 2749 2938 laboribus
2787 2884 2997 2949 vident,
3035 2896 3127 2940 aut
3168 2896 3313 2943 certe
3351 2890 3400 2945 si

1810 2984 1919 3025 non
1942 2968 2409 3039 audcutinjnstum
2438 2972 2604 3027 Deum
2628 2971 2829 3042 dicere,
2877 2977 2963 3031 vel
3004 2991 3092 3033 res
3137 2977 3402 3037 humanas

1810 3074 1918 3115 non
1937 3074 2126 3116 curare
2150 3061 2494 3129 arbitrantur,
2527 3063 2611 3120 vel
2636 3066 2803 3121 semel
2829 3068 3081 3125 statuisse
3107 3072 3403 3128 necessita-

1811 3160 1893 3209 tes
1922 3151 2174 3221 fatorum,
2200 3163 2385 3210 contra
2404 3171 2537 3226 quas
2556 3173 2655 3213 nec
2680 3159 2793 3228 ipse
2814 3159 3011 3230 aliquid
3043 3161 3185 3228 facit,
3215 3179 3281 3219 ne
3313 3178 3403 3219 or-

1810 3243 1991 3300 dinem
2033 3260 2214 3301 rerum
2254 3261 2284 3301 a
2333 3262 2393 3302 sc
2429 3247 2745 3317 dispositum
2781 3249 3134 3307 inconstantia
3184 3253 3402 3311 turbare

1808 3336 2089 3402 credatur;
2134 3346 2226 3393 aut
2259 3337 2456 3408 aliquid
2481 3339 2623 3394 aliud
2650 3341 2955 3410 opinantur,
2982 3343 3124 3412 quod
3164 3344 3304 3399 Deus
3341 3346 3401 3401 in

1809 3428 1986 3499 aliquo
2020 3429 2281 3485 invalidus
2323 3446 2431 3486 non
2472 3432 2690 3501 possita
2725 3432 2884 3501 justis
2909 3434 3009 3488 ista
3043 3435 3181 3489 mala
3213 3437 3399 3506 prohi-

1808 3516 1940 3574 bere
1970 3537 1984 3570 :
2016 3517 2301 3574 dicendum
2330 3529 2413 3575 est
2440 3521 2638 3576 nullam
2666 3520 2832 3577 fuisse
2865 3522 3099 3578 futuram
3135 3525 3399 3594 justitiam

1809 3610 1866 3664 in
1894 3608 2218 3679 hominibus,
2245 3611 2292 3665 si
2312 3626 2398 3666 res
2418 3611 2680 3667 humanas
2708 3627 2814 3667 non
2835 3623 3050 3669 curaret
3081 3615 3236 3669 Deus.
3262 3617 3397 3684 Quia

1811 3704 1987 3759 omnis
2019 3703 2121 3759 ista
2144 3703 2418 3758 hominum
2446 3704 2670 3774 justitia,
2697 3719 2857 3775 quam
2882 3715 2937 3761 et
2976 3715 3159 3763 tenere
3190 3707 3405 3765 animus

1812 3793 2078 3849 humanus
2103 3804 2246 3850 recte
2267 3793 2724 3865 faciendopotest,
2752 3805 2807 3851 et
2830 3798 3102 3866 peccando
3129 3800 3400 3869 amittere,

1811 3902 1919 3942 non
1945 3886 2343 3956 imprimeretur
2366 3886 2581 3953 animm,
2605 3886 2707 3941 nisi
2735 3895 2880 3942 esset
2905 3888 3079 3958 aliqua
3109 3889 3407 3945 incommu-

1813 3978 1990 4033 tabilis
2011 3977 2214 4048 justitia
2233 4018 2250 4045 ,
2280 3993 2399 4047 quae
2426 3978 2989 4048 integrainveniretur
3012 3999 3041 4034 τι
3064 3981 3221 4051 justis
3239 4025 3253 4051 ,
3277 3998 3403 4039 cum

1812 4070 1879 4125 ad
1905 4085 2025 4126 eam
2054 4078 2527 4136 converterentur;
2555 4070 2759 4141 integra
2797 4072 3186 4143 relinqueretur
3210 4092 3239 4128 a
3276 4092 3405 4145 pec-

1812 4163 2071 4227 cantibus,
2104 4176 2226 4217 cnm
2256 4162 2324 4216 ab
2342 4162 2458 4231 ejus
2498 4162 2699 4218 lumine
2736 4173 3124 4219 averterentur.
3155 4165 3284 4232 Quae
3316 4167 3409 4235 ju.

1813 4253 1954 4307 stitia
1981 4253 2430 4307 incommutabilis
2460 4253 2644 4322 utique
2690 4253 2780 4307 Dei
2805 4262 2890 4308 est
2910 4256 2952 4319 ³,
2985 4269 3085 4309 nec
3113 4271 3231 4309 eam
3270 4272 3398 4325 por-

1813 4344 2011 4413 rigeret
2036 4342 2103 4397 ad
2128 4342 2467 4397 illustrandos
2493 4342 2559 4419 ard
2586 4357 2645 4398 se
2664 4356 2976 4411 conversos,
3000 4345 3043 4398 si
3083 4361 3171 4401 res
3215 4346 3404 4402 huma-

1812 4451 1911 4491 nas
1951 4450 2055 4490 non
2091 4443 2324 4491 curaret.
2351 4434 2408 4490 Si
2463 4450 2592 4490 vero
2631 4445 2913 4505 propterea
2965 4438 3145 4507 gravia
3199 4442 3401 4509 perpeti

1809 4527 1982 4596 justos
2013 4525 2214 4580 sineret
2237 4525 2279 4593 ³,
2303 4525 2429 4595 quia
2454 4533 2639 4581 contra
2668 4525 2913 4582 ordinem
2941 4544 3119 4582 rerum
3151 4543 3180 4581 a
3210 4545 3268 4584 se
3294 4530 3404 4586 dis-

1817 4617 2049 4688 positum
2097 4617 2262 4672 nollet
2297 4619 2504 4681 venire,
2550 4632 2653 4674 nec
2694 4618 2812 4688 ipse
2847 4620 3026 4688 justus
3068 4629 3250 4684 esset;
3296 4636 3404 4677 non

1816 4710 1936 4780 quia
1962 4709 2370 4780 dispositionem
2397 4725 2549 4765 suam
2577 4724 2793 4765 servare
2837 4711 2986 4776 vult,
3024 4710 3119 4766 sed
3164 4712 3286 4781 quia
3330 4712 3405 4770 ita

1814 4801 2076 4871 disposuit
2097 4802 2266 4872 ipsum
2295 4802 2536 4856 ordinem
2559 4818 2738 4857 rerum
2764 4841 2779 4867 ,
2820 4810 2880 4857 ut
2922 4802 3204 4859 immeritis
3232 4807 3404 4875 poenis

1811 4893 2272 4963 justiafﬁigantur.
2297 4892 2354 4947 In
2379 4892 2558 4963 aliquo
2582 4903 2758 4947 autem
2786 4894 2950 4949 Deum
2969 4910 3089 4951 esse
3112 4896 3401 4954 invalidum

1814 4984 1881 5039 ad
1897 4984 2200 5056 repellenda
2218 4984 2355 5039 mala
2372 5000 2489 5054 qua:
2501 4983 2629 5054 justi
2651 4985 2943 5053 patiuntur,
2962 4986 3200 5056 quisquis
3219 4988 3406 5057 opina-

1814 5088 1920 5145 tur,
1942 5078 2061 5132 ideo
2074 5077 2288 5146 desipit,
2308 5076 2428 5144 quia
2447 5091 2553 5129 non
2573 5075 2835 5147 intelligit,
2855 5077 2993 5133 sicut
3009 5076 3154 5133 nefas
3170 5086 3252 5132 est
3268 5079 3406 5149 inju-

1814 5180 1954 5228 stum
1974 5171 2139 5224 Deum
2154 5168 2351 5235 dicere,
2370 5168 2439 5222 ita
2458 5167 2604 5223 nefas
2619 5183 2738 5241 esse
2754 5171 3169 5239 omnipotentem
3187 5186 3404 5241 negare.

1886 5264 1938 5319 5.
1979 5261 2183 5335 Quibus
2210 5274 2306 5330 pro
2332 5268 2568 5329 tempore
2609 5267 2869 5330 susceptae
2898 5261 3208 5330 qumstionis
3236 5262 3405 5318 brevi-

1816 5364 1900 5412 ter
1927 5352 2249 5419 constitutis,
2278 5352 2402 5422 quia
2437 5359 2491 5407 ct
2517 5351 2687 5420 ipsum
2737 5351 2902 5406 Deum
2940 5362 2990 5407 et
3015 5352 3219 5421 justum
3247 5360 3407 5422 atque

1817 5449 2237 5517 omnipotentem
2283 5459 2425 5510 esse,
2471 5442 2937 5513 perniciosissimae
2983 5442 3272 5512 iniquitatis
3324 5449 3409 5497 est

1880 5549 1896 5580 ι
1924 5556 2042 5596 'n'es
2061 5553 2189 5605 Mss,
2214 5544 2529 5594 concitantur.

1878 5613 1897 5641 ²
1922 5618 2041 5658 'rres
2061 5617 2148 5657 Mss
2172 5643 2186 5666 ,
2216 5615 2343 5655 Deus
2366 5611 2451 5655 est.

1881 5674 1901 5703 ³
1926 5678 1997 5719 Er.
2014 5677 2064 5719 et.
2082 5660 2189 5718 Lov'.
2211 5681 2303 5717 non
2325 5668 2531 5726 situzret;
2550 5674 2599 5714 et
2635 5664 2772 5723 infra,
2797 5676 2988 5726 servare
3008 5676 3099 5712 non
3133 5660 3227 5726 uult
3258 5674 3274 5711 :
3296 5665 3405 5725 qui-

1816 5738 1909 5785 bus
1930 5735 2118 5783 duohus
2141 5731 2257 5780 locis
2280 5729 2509 5792 particula
2532 5741 2717 5790 negans
2741 5740 2767 5775 a
2792 5725 2955 5792 multis
2992 5734 3094 5774 Mss.
3121 5725 3263 5773 abest
3295 5732 3346 5774 et
3378 5739 3407 5776 a

1818 5806 1915 5846 Mat.
1948 5824 2007 5847 τ-
2042 5803 2188 5853 Quam
2230 5787 2413 5843 habent
2453 5797 2524 5839 Er.
2560 5787 2667 5841 [όν.
2696 5787 2839 5850 Lugd.
2882 5794 2935 5837 ct
2973 5795 3119 5848 νειμ,
3164 5793 3216 5836 ιιι
3256 5794 3329 5837 Er.
3355 5794 3408 5841 et

1817 5868 1923 5915 Lor.
1991 5865 2046 5913 M-
