3996 6282
1983 199 2033 214 Β..

518 287 628 348 105

1107 291 1199 350 DE
1237 290 1551 352 DIVERSIS
1586 293 2111 366 QUIESTIONIBUS
2145 302 2240 360 AD
2277 304 2775 380 SIMPLICIANUM,
2818 314 2876 370 S.
2916 315 3282 375 AUGUSTINI

479 482 482 487 Ι
513 406 605 463 illa
627 406 838 479 quidem
866 421 987 479 qua:
1016 407 1084 464 de
1104 407 1269 466 Paulo
1288 411 1532 481 apostolo
1551 411 1892 470 dissolvenda
1916 431 2112 486 propo-

3707 325 3815 386 101

2220 433 2366 490 cepta
2383 464 2399 490 ,
2451 436 2710 493 peccatum
2756 446 2846 498 per
2883 433 3182 488 mandatum
3222 445 3486 507 operatum
3528 449 3603 496 est
3646 441 3702 496 in
3727 459 3812 500 me

510 499 696 568 suisti,
718 502 826 570 jam
857 516 886 554 a
913 500 1069 557 nobis
1105 511 1259 556 erant
1299 510 1588 573 utcumque
1626 502 1864 559 discussa
1894 505 2113 562 litteris-
2219 529 2416 570 onmem
2441 520 2920 590 concupiscentiam.
2944 524 3074 579 Erat
3091 526 3233 582 enim
3257 499 3318 583 et
3339 538 3464 585 ante
3493 529 3694 603 legem,

509 604 618 662 que
650 590 898 646 mandata
925 592 964 645 ί.
991 591 1096 647 Sed
1125 600 1301 647 tamen
1335 592 1523 649 eadem
1565 593 1680 664 ipsa
1707 595 1869 651 verba
1897 605 2112 668 aposto—
2219 620 2326 661 non
2343 608 2517 663 omnis
2539 619 2675 678 erat,
2694 613 2908 683 quando
2931 615 3133 673 crimen
3157 590 3611 686 praevaricationis
3639 590 3818 683 adhuc

509 683 614 742 lica
635 695 985 754 tenoremque
1006 684 1393 739 sententiarum
1413 726 1428 750 ,
1460 701 1566 739 non
1609 694 1898 744 contentus
1926 688 2106 760 inqui-

507 775 704 830 sitione
747 781 907 843 atque
931 773 1284 843 explicatione
1325 775 1629 844 praeterita,
1674 791 1744 832 ne
1778 778 1905 848 quid
1952 779 2007 835 in
2043 794 2107 836 ea

507 865 865 938 negligentius
907 865 1263 936 praeterissem
1284 906 1300 932 ,
1327 867 1534 923 cautius
1559 870 1920 942 attentiusque
1940 872 2106 926 rima-

505 968 592 1014 tus
632 975 772 1014 sum.
814 957 932 1014 Non
961 959 1105 1014 enim
1134 969 1189 1014 tu
1228 973 1292 1014 ea
1336 962 1698 1030 percontanda
1745 977 2030 1034 censeres,
2057 964 2105 1021 si

504 1064 691 1103 eorum
723 1048 1023 1104 intellectus
1049 1048 1219 1104 facilis
1243 1057 1403 1121 atque
1430 1051 1712 1122 expeditus
1739 1054 1897 1110 foret.

576 1140 848 1210 QUIEST.
890 1141 1124 1196 PRIMA.
1165 1170 1239 1183 —-
1263 1143 1315 1197 1.
1356 1142 1465 1198 Lex
1488 1144 1558 1198 ad
1581 1145 1704 1217 quid
1729 1146 1871 1202 data.
1901 1146 2100 1204 Concu-

503 1233 751 1303 piscentia
777 1243 928 1287 aucta
951 1251 1040 1304 per
1060 1235 1240 1307 legem.
1269 1234 1547 1291 Peccatum
1571 1240 1822 1308 quomodo
1841 1249 2099 1296 mortuum

501 1335 611 1380 erat
635 1327 745 1381 sine
764 1327 889 1398 lege.
930 1327 1198 1395 Quomodo
1233 1329 1433 1383 revixit.
1461 1329 1596 1402 Lege
1621 1333 1733 1403 quis
1761 1334 1894 1388 male
1918 1335 2097 1390 utitur.

502 1418 612 1474 Lex
628 1421 830 1474 nonnisi
851 1437 883 1472 a
908 1418 1258 1490 spiritualibus
1281 1420 1538 1492 impletur.
1561 1421 1802 1479 Carnales
1829 1425 2100 1496 dupliciter

503 1510 645 1564 dicti.
677 1509 954 1581 Originalis
990 1511 1184 1580 peccati
1221 1526 1388 1581 paena.
1419 1511 1530 1567 Lex
1567 1515 1757 1582 peccati
1785 1516 1840 1570 in
1864 1516 2098 1572 membris

498 1601 642 1673 quid.
683 1600 808 1655 Loci
826 1601 880 1655 in
907 1601 1088 1670 quibus
1117 1600 1200 1655 lex
1232 1601 1392 1656 videri
1416 1604 1574 1673 possit
1601 1604 1702 1658 dici
1725 1605 1881 1658 mala.
1911 1605 2099 1678 Legem

495 1711 603 1750 esse
635 1694 837 1749 bonam.
871 1693 1276 1749 Manichaeorum
1300 1711 1441 1748 error
1478 1694 1542 1749 de
1570 1697 1720 1750 veteri
1747 1697 1872 1768 lege.
1903 1697 2091 1768 Expli-

497 1794 679 1839 cantur
716 1785 1034 1850 testimonia,
1060 1785 1241 1855 quibus
1284 1785 1368 1839 lex
1405 1784 1564 1840 videri
1592 1787 1750 1856 possit
1793 1804 1896 1843 non
1942 1790 2095 1847 bona.

496 1876 629 1932 Nam
653 1893 719 1932 ex
748 1891 814 1931 eo
834 1875 954 1930 loco
982 1875 1072 1930 uhi
1091 1875 1348 1945 scriptum
1375 1883 1491 1942 est,
1522 1876 1659 1942 Quid
1683 1893 1803 1949 ergo
1831 1880 2052 1936 dicemus
2069 1883 2095 1937 Ρ

497 1967 608 2021 Lex
650 1975 908 2036 peccatum
946 1965 1056 2020 est?
1084 1965 1261 2030 Absit;
1287 1981 1455 2036 usque
1499 1965 1566 2021 ad
1596 1981 1718 2023 eum
1763 1968 1973 2038 locum,
2002 1971 2093 2027 ubi

495 2059 604 2126 ait,
650 2057 820 2129 Igitur
863 2058 946 2112 lex
988 2057 1174 2111 volenti
1217 2057 1344 2111 mihi
1389 2057 1574 2112 bonum
1621 2069 1730 2123 est;
1755 2071 1808 2116 et
1862 2071 2089 2132 caetera,

495 2148 658 2204 credo
685 2162 854 2218 usque
877 2146 946 2203 ad
969 2146 1096 2202 illud
1111 2188 1127 2214 ,
1159 2146 1319 2202 Miser
1343 2163 1434 2218 ego
1461 2149 1612 2204 homo
1631 2190 1646 2217 ,
1669 2151 1780 2219 quis
1807 2167 1888 2207 me
1912 2153 2094 2207 libera-

493 2239 563 2293 bit
583 2237 646 2294 de
669 2253 879 2310 corpore
900 2238 1074 2292 mortis
1095 2237 1248 2308 hujus
1265 2239 1291 2292 Ρ
1311 2237 1489 2294 Gratia
1505 2238 1598 2294 Dei
1626 2257 1715 2310 per
1738 2241 1916 2298 Jesum
1937 2244 2089 2299 Chri-

490 2339 625 2384 stum
649 2328 928 2383 Dominum
947 2338 1176 2382 nostrum
1200 2327 1377 2400 (Rom.
1400 2344 1493 2394 vn,
1524 2329 1672 2402 7-25)
1701 2348 1714 2384 :
1739 2332 1964 2401 primam
1991 2349 2089 2392 nos

489 2421 708 2477 voluisti
746 2420 983 2477 enodare
1021 2421 1392 2490 quaestionem.
1420 2419 1538 2489 Quo
1567 2422 1686 2476 loco
1711 2422 1924 2480 videtur
1954 2425 2089 2482 mihi

488 2512 778 2583 Apostolus
827 2512 1239 2582 transtigurasse
1286 2511 1342 2566 in
1388 2527 1450 2568 se
1495 2512 1769 2569 hominem
1817 2514 1919 2570 sub
1966 2516 2086 2587 lege

489 2605 752 2676 positum,
782 2603 932 2673 cujus
965 2602 1144 2658 verbis
1184 2617 1253 2658 ex
1298 2616 1525 2672 persona
1572 2617 1668 2658 sua
1712 2603 1968 2674 loquitur.
2019 2607 2089 2664 Et

487 2695 617 2766 quia
645 2693 804 2764 paulo
841 2700 967 2748 ante
1004 2691 1244 2758 dixerat,
1278 2691 1529 2747 Evacuati
1555 2709 1729 2748 sumus
1755 2711 1788 2748 a
1817 2696 1925 2768 lege
1949 2713 2088 2752 mor-

486 2786 580 2853 tis,
611 2785 664 2839 in
691 2800 792 2855 qua
835 2781 1201 2851 detinebamur,
1242 2783 1317 2836 ita
1355 2792 1410 2836 ut
1454 2784 1730 2839 serviamus
1773 2785 1827 2838 in
1870 2787 2086 2842 novitate

484 2878 691 2948 spiritus
707 2917 724 2944 ,
751 2885 799 2931 et
827 2892 931 2930 non
959 2876 1012 2928 in
1039 2882 1280 2929 vetustate
1307 2874 1488 2928 littera:
1504 2915 1520 2940 ,
1545 2885 1706 2946 atque
1743 2876 1815 2931 ita
1850 2892 1947 2946 per
1967 2877 2085 2935 haec

484 2969 646 3024 verba
670 2967 825 3038 quasi
850 2965 1256 3036 reprehendisse
1296 2965 1472 3036 legem
1519 2977 1703 3036 posset
1726 2967 1926 3035 videri;
1957 2970 2085 3027 sub—

481 3061 611 3132 iecit
634 3060 844 3127 statim,
883 3059 1023 3125 Quid
1063 3074 1182 3130 ergo
1224 3058 1487 3113 dicemus?
1509 3057 1621 3113 Lex
1661 3069 1923 3130 peccatum
1968 3063 2084 3118 est."

483 3152 646 3209 Absit.
679 3151 786 3208 Sed
806 3160 1068 3223 peccatum
1095 3166 1198 3204 non
1237 3149 1450 3220 cognovi
1476 3149 1574 3204 nisi
1614 3165 1707 3220 per
1732 3151 1912 3222 legem.
1941 3152 2083 3208 Nam

483 3244 940 3317 concupiscentiam
967 3240 1250 3299 nesciebam
1273 3279 1291 3309 ,
1317 3241 1416 3296 nisi
1443 3238 1527 3296 lex
1567 3241 1784 3310 diceret,
1809 3241 1934 3298 Non
1957 3259 2082 3300 con-

482 3339 730 3409 cupisces.

499 3438 501 3442 '
552 3430 608 3484 2.
650 3428 749 3484 Hic
770 3440 958 3483 rursus
981 3432 1190 3492 movet,
1220 3423 1278 3481 Si
1301 3424 1384 3480 lex
1413 3439 1520 3482 non
1548 3433 1631 3483 est
1659 3435 1955 3498 peccatum,
1981 3430 2080 3489 sed

481 3519 800 3578 insinuatrix
821 3519 842 3550 ³
869 3516 1094 3590 peccati,
1116 3516 1462 3573 nihilominus
1480 3516 1564 3574 his
1582 3517 1762 3576 verbis
1787 3522 2080 3592 reprehen-

481 3611 647 3668 ditur.
676 3610 854 3678 Quare
879 3606 1283 3678 iutelligendum
1317 3617 1430 3674 est,
1460 3609 1632 3681 legem
1669 3611 1737 3667 ad
1773 3612 1876 3668 hoc
1897 3613 2076 3672 datam

480 3717 626 3770 esse,
645 3717 750 3758 non
777 3709 836 3756 ut
859 3708 1137 3770 peccatum
1155 3698 1501 3766 insereretur,
1528 3715 1703 3773 neque
1727 3711 1786 3758 ut
1810 3704 2075 3775 exstirpa-

481 3803 655 3861 retur,
683 3788 777 3850 sed
825 3801 1033 3848 tantum
1064 3799 1124 3846 ut
1168 3791 1647 3860 demonstraretur,
1693 3810 1800 3866 quo
1843 3797 2075 3853 animam

482 3884 770 3940 humanam
795 3883 951 3954 quasi
993 3882 1061 3938 de
1098 3881 1402 3938 innocentia
1444 3898 1688 3940 securam
1732 3886 1847 3957 ipsa
1873 3888 2074 3958 peccati

479 3974 936 4031 demonstratione
961 3987 1108 4029 ream
1131 3971 1334 4029 laceret
1361 3989 1376 4026 :
1404 3986 1463 4030 ut
1489 3975 1612 4046 quia
1651 3985 1928 4046 peccatum
1957 3979 2074 4035 sine

478 4069 650 4139 gratia
680 4067 773 4122 Dei
801 4065 942 4120 vinci
966 4080 1071 4121 non
1099 4075 1312 4134 posset,
1341 4065 1453 4136 ipsa
1489 4075 1670 4123 reatus
1716 4068 2073 4127 sollicitudine

479 4158 546 4215 ad
575 4155 970 4229 percipiendam
1015 4155 1239 4226 gratiam
1282 4166 1705 4213 converteretur.
1753 4159 1936 4232 Itaque
1962 4176 2073 4218 non

479 4251 588 4316 ait,
623 4249 904 4304 Peccatum
931 4261 1037 4302 non
1070 4246 1169 4302 ieci
1189 4287 1205 4312 ,
1233 4246 1332 4302 nisi
1363 4262 1460 4318 per
1489 4248 1695 4319 legem;
1723 4249 1818 4306 sed
1837 4292 1852 4318 ,
1877 4251 2072 4308 Pecca-

438 4382 441 4383 ν
480 4353 588 4397 tum
628 4357 730 4395 non
757 4340 994 4410 cognovi,
1035 4339 1132 4394 nisi
1165 4355 1256 4408 per
1295 4338 1474 4410 legem.
1509 4339 1698 4411 Neque
1731 4357 1918 4400 rursus
1957 4344 2068 4415 ait,

479 4434 613 4490 Nam
641 4430 1120 4502 concupiscentiam
1148 4445 1256 4485 nou
1281 4428 1540 4486 habebam
1560 4472 1574 4496 ,
1607 4432 1711 4488 nisi
1737 4433 1825 4490 lex
1845 4433 2068 4501 diceret,

480 4525 597 4581 Non
623 4525 1002 4594 concupisces;
1031 4521 1126 4577 sed
1153 4521 1257 4586 ait,
1287 4520 1754 4592 Concupiscentiam
1791 4525 2070 4581 nesciebam

482 4619 581 4673 nisi
608 4620 688 4672 lex
715 4618 930 4684 diceret,
977 4613 1099 4669 Non
1127 4614 1468 4684 concupisces.
1503 4614 1652 4671 Unde
1691 4626 1912 4688 apparet
1937 4632 2070 4675 con-

480 4709 860 4779 cupiscentiam
909 4723 1004 4777 per
1051 4707 1226 4778 legem
1273 4720 1380 4762 non
1430 4706 1640 4763 insitam
1662 4747 1678 4774 ,
1705 4709 1799 4767 sed
1846 4709 2069 4768 demon-

480 4807 722 4857 stratam.

551 4893 604 4947 5.
645 4889 988 4959 Consequens
1013 4897 1190 4943 autem
1218 4895 1334 4942 erat
1353 4894 1412 4943 ut
1435 4887 1686 4958 quoniam
1716 4890 1950 4948 nondum
1971 4907 2064 4950 ac-

477 4993 631 5055 cepta
659 4983 826 5054 gratia
868 4979 1316 5051 concupiscentiae
1353 4981 1530 5037 resisti
1566 4997 1672 5037 non
1699 4991 1940 5053 poterat,
1965 5001 2064 5042 au-

475 5084 691 5147 geretur
709 5073 899 5136 etiam;
921 5072 1046 5140 quia
1070 5069 1304 5139 majores
1329 5072 1469 5127 vires
1495 5071 1656 5128 habet
1680 5076 2064 5146 concupiscen-

476 5167 549 5223 tia
597 5164 822 5221 crimine
873 5160 1325 5231 praevaricationis
1388 5163 1641 5232 adjuncto
1664 5205 1680 5233 ,
1731 5181 1852 5221 cum
1902 5168 2064 5225 etiam

479 5267 666 5314 contra
710 5255 880 5325 legem
907 5251 1033 5307 facit
1051 5292 1067 5318 ,
1096 5267 1254 5323 quam
1282 5253 1326 5308 si
1353 5255 1492 5309 nulla
1523 5255 1638 5326 lege
1667 5257 2059 5328 prohiberetur.

473 5352 874 5420 Consequenter
904 5347 1082 5416 itaque
1127 5345 1430 5419 subjungit,
1466 5347 1740 5406 Occasione
1767 5361 1935 5406 autem
1969 5368 2060 5406 ac-

539 5469 719 5534 {_Post,
741 5458 1003 5534 litterisque
1030 5459 1282 5534 mandata,
1310 5463 1574 5534 yietoyinus
1608 5462 1936 5534 codessolus
1955 5465 2062 5534 haec

474 5528 606 5579 addit
629 5541 640 5576 :
669 5520 719 5576 ut
733 5520 1138 5595 quemadmodum
1160 5522 1388 5595 exposita.
1407 5524 1500 5595 sint
1534 5529 1712 5595 prteter
1736 5524 1895 5595 libelli
1915 5525 2060 5595 hujus

472 5595 674 5650 textum,
703 5583 824 5638 sicut
836 5583 942 5647 jam
959 5591 1132 5651 parata
1153 5583 1289 5636 erant
1303 5586 1431 5651 misi
1447 5625 1460 5646 ,
1482 5583 1836 5636 consideranda
1851 5583 2062 5651 pruden-

472 5653 687 5704 tiwtuw.
711 5658 828 5698 'Ium
848 5649 1194 5723 prosequitur;
1222 5649 1509 5723 sedulum}.
1532 5655 1627 5723 9w;
1711 5711 1721 5722 ,
1931 5712 1959 5723 ,,
2017 5713 2028 5723 ,

539 5716 559 5746 ³
583 5721 680 5763 Am.
709 5720 761 5762 et
783 5709 863 5760 Eri
880 5709 1230 5761 insemirwtrix.
1265 5717 1409 5759 Favet
1444 5711 1752 5763 Corheiensis
1781 5712 2057 5764 vetustissi-

471 5789 583 5836 mus
602 5777 774 5841 codex,
801 5775 886 5842 qui
908 5773 1076 5836 habet,
1098 5771 1445 5828 insemiratrix.

2216 695 2428 755 deerat.
2458 701 2612 758 Unde
2640 704 2745 763 alio
2787 706 2906 763 loco
2942 709 3110 765 dicit:
3143 709 3240 767 Ubi
3265 713 3400 768 enim
3442 731 3548 770 non
3591 724 3669 772 est
3696 717 3813 787 lex,

2215 804 2307 844 nec
2326 793 2675 861 pra'varicatio
2699 794 2879 869 (Rom.
2910 814 2989 868 ιγ,
3019 801 3126 872 15).

2284 881 2338 937 4.
2379 881 2533 950 Quod
2576 893 2753 942 autem
2799 888 3065 962 adjungit,
3097 892 3224 948 Sine
3243 894 3352 966 lege
3375 897 3509 951 enim
3544 908 3808 969 peccatum

2212 981 2467 1028 mortuum
2485 983 2594 1040 est;
2619 991 2715 1047 pro
2736 992 2802 1035 eo
2822 980 3054 1050 positum
3082 992 3195 1052 est,
3224 999 3289 1040 ac
3313 987 3360 1042 si
3383 987 3606 1056 diceret,
3633 989 3810 1056 Latet,

2210 1060 2315 1161 hoc
2339 1073 2451 1132 est,
2485 1076 2754 1124 mortuum
2785 1082 3040 1161 putatur.:
3068 1076 3213 1146 quod
3252 1078 3409 1148 paulo
3439 1089 3561 1150 post
3585 1083 3814 1139 eviden-

2210 1154 2317 1212 tius
2362 1157 2602 1215 dicturus
2646 1171 2750 1217 est.
2795 1161 2910 1236 Ego
2949 1154 3151 1237 autem,
3183 1169 3387 1240 inquit,
3419 1172 3648 1229 vivebam
3701 1178 3810 1233 sine
3842 1185 3870 1272 ξ

2216 1248 2319 1272 ,,,,
2353 1251 2617 1272 ,,,,,,,,,λ,
2651 1253 2734 1272 ,η
2981 1259 3015 1272 ι.

2210 1248 2319 1319 lege
2345 1251 2622 1321 aliquando
2643 1269 2662 1308 :
2683 1253 2737 1310 id
2763 1264 2880 1324 est,
2907 1259 3051 1315 nulla
3079 1276 3145 1316 ex
3167 1273 3388 1334 peccato
3421 1277 3596 1324 morte
3629 1278 3810 1328 terre-
3845 1248 3864 1305 ξ

2207 1336 2307 1395 har
2335 1341 2384 1409 ¹;
2415 1343 2539 1414 quia
2563 1359 2670 1400 non
2708 1348 3026 1418 apparebat,
3059 1366 3181 1407 cum
3219 1353 3306 1410 lex
3336 1369 3443 1412 non
3480 1369 3665 1426 esset,
3699 1363 3812 1415 Ad-

2206 1435 2432 1490 ueniente
2468 1445 2638 1492 autem
2687 1441 2924 1497 mandato
2942 1483 2958 1510 ,
3002 1455 3266 1513 peccatum
3303 1449 3522 1516 revixit;
3547 1450 3655 1508 hoc
3685 1464 3807 1520 est,

2203 1525 2468 1598 apparuit.
2499 1525 2612 1599 Ego
2655 1540 2822 1586 autem
2863 1543 3090 1590 mortuus
3125 1552 3237 1591 sum
3257 1538 3353 1594 :id
3380 1549 3493 1610 est,
3527 1553 3808 1602 mortuum

2203 1632 2293 1673 me
2337 1633 2460 1676 esse
2506 1623 2767 1692 cognovi;
2799 1624 2886 1680 vel
2935 1626 3060 1697 quia
3110 1638 3293 1686 reatus
3339 1635 3808 1702 praevaricationis

2203 1717 2412 1767 certum
2458 1713 2648 1771 mortis
2687 1716 3006 1786 supplicium
3046 1722 3423 1780 comminatur.
3467 1725 3614 1785 Sane
3652 1731 3808 1800 quod

2201 1800 2312 1868 ait,
2343 1801 2619 1859 Peccatum
2644 1806 2824 1861 revixit
2851 1808 3144 1866 adveniente
3169 1813 3412 1869 mandato
3428 1857 3444 1883 ,
3467 1818 3600 1874 satis
3625 1819 3808 1891 signi-

2201 1891 2378 1949 ticavit
2416 1894 2520 1952 hoc
2545 1896 2707 1953 modo
2744 1899 3028 1969 aliquando
3052 1903 3247 1960 vixisse
3285 1916 3600 1978 peccatum,
3631 1909 3690 1967 id
3729 1921 3813 1969 est

2201 1994 2388 2041 notum
2404 1985 2627 2056 fuisse',
2650 1989 2789 2046 sicut
2814 1991 3063 2058 arbitror,
3093 1994 3145 2049 in
3174 1997 3614 2066 praevaricatione
3633 2004 3809 2074 primi

2200 2074 2464 2142 hominis,
2493 2079 2616 2148 quia
2643 2087 2699 2134 et
2732 2079 2847 2150 ipse
2875 2081 3183 2138 mandatum
3222 2099 3501 2158 accepant
3525 2089 3688 2160 (Gen.
3735 2110 3806 2162 ιι,

2200 2167 2313 2238 17).
2343 2167 2476 2224 Nam
2505 2169 2688 2226 etalio
2732 2171 2852 2228 loco
2880 2172 3042 2238 dicit,
3074 2173 3264 2232 Mulier
3297 2189 3466 2234 autem
3499 2183 3727 2238 seducta
3753 2187 3808 2243 in

2199 2262 2610 2331 praevaricatione
2635 2265 2772 2334 facta
2790 2273 2863 2318 est
2882 2264 2904 2296 ³
2934 2263 2982 2332 (l
3002 2264 3137 2321 Tim.
3163 2283 3228 2336 ιι,
3259 2267 3350 2342 14)
3369 2286 3383 2322 :
3403 2279 3456 2327 et
3485 2271 3710 2344 iterum,
3734 2275 3804 2332 In

2195 2353 2525 2408 similitudine
2547 2355 2976 2424 praevaricationis
3015 2357 3170 2428 Δάαι,
3193 2362 3282 2430 qui
3318 2371 3389 2416 est
3419 2367 3589 2435 forma
3637 2366 3805 2437 futuri

2197 2444 2372 2516 (Rom.
2404 2443 2458 2513 v,
2484 2447 2593 2516 14).
2620 2447 2734 2504 Non
2761 2448 2906 2504 enim
2927 2459 3103 2518 potest
3131 2452 3484 2522 reviviscere,
3514 2457 3625 2514 nisi
3654 2460 3802 2531 quod

2193 2537 2328 2592 visit
2346 2537 2654 2608 aliquando.
2685 2537 2795 2594 Sed
2830 2549 3098 2596 mortuum
3129 2543 3328 2612 fuerat,
3362 2545 3414 2602 id
3443 2557 3526 2603 est
3551 2552 3802 2609 occulta-

2193 2635 2307 2682 tum
2325 2668 2343 2695 ,
2369 2642 2491 2683 cum
2519 2628 2772 2685 mortales
2809 2631 2920 2686 nati
2944 2631 3062 2688 sine
3099 2633 3352 2690 mandato
3383 2636 3516 2708 legis
3541 2637 3801 2700 homines

2191 2718 2464 2786 viverent,
2493 2729 2780 2791 sequentes
2819 2723 3283 2793 concupiscentias
3323 2728 3499 2782 carnis
3529 2729 3656 2786 sine
3690 2733 3797 2790 ulls

2191 2811 2494 2883 cognitione
2515 2853 2532 2880 ,
2563 2813 2688 2884 quia
2723 2813 2843 2870 sine
2869 2813 2977 2870 ulla
3018 2814 3402 2897 prohibitione.
3433 2819 3607 2892 Ergo,
3644 2822 3796 2897 Ego,

2191 2902 2391 2974 inquit,
2419 2903 2645 2960 vivebam
2671 2905 2780 2960 sine
2811 2905 2922 2978 lege
2938 2907 3236 2978 aliquando.
3267 2895 3422 2966 Unde
3442 2895 3795 2986 manifestat,

2190 3010 2301 3051 non
2335 3011 2401 3053 ex
2430 3011 2658 3067 persona
2692 3012 2787 3053 sua
2815 3002 3058 3069 proprie,
3088 3000 3184 3056 sed
3219 3003 3544 3072 generaliter
3567 3021 3644 3062 ex
3674 3024 3800 3080 per-

2189 3100 2322 3142 sona
2371 3087 2570 3143 veteris
2599 3086 2623 3119 ‘
2652 3087 2890 3144 hominis
2939 3104 3000 3146 se
3043 3090 3210 3162 loqui.
3258 3094 3568 3152 Adveniente
3618 3110 3798 3158 autem

2189 3178 2432 3232 mandato
2454 3188 2715 3249 peccatum
2741 3180 2940 3236 revixit.
2967 3181 3083 3254 Ego
3105 3193 3275 3240 autem
3310 3197 3537 3244 mortuus
3557 3207 3722 3259 sum;
3750 3205 3798 3250 et

2186 3270 2445 3325 inventum
2483 3279 2554 3326 est
2582 3272 2705 3327 mihi
2733 3274 3030 3330 mandatum
3063 3277 3198 3346 quod
3229 3288 3339 3334 erat
3375 3281 3431 3336 in
3467 3282 3661 3353 vitam,
3699 3289 3796 3345 hoc

2185 3378 2294 3418 esse
2334 3363 2390 3418 in
2431 3372 2662 3418 mortem.
2703 3363 2952 3421 Mandato
2993 3369 3137 3425 enim
3179 3370 3227 3426 si
3267 3371 3568 3441 ohediatur,
3596 3379 3796 3450 utique

2184 3453 2294 3510 vita
2328 3462 2432 3512 est.
2473 3454 2581 3511 Sed
2622 3454 2895 3512 inventum
2921 3466 3006 3514 est
3040 3473 3162 3516 esse
3188 3462 3244 3518 in
3269 3474 3533 3530 mortem,
3559 3465 3703 3524 dum
3734 3472 3796 3528 tit

2183 3553 2371 3601 contra
2393 3545 2703 3601 mandatum
2722 3586 2738 3613 ,
2769 3555 2826 3602 ut
2849 3562 2957 3604 non
2983 3549 3156 3606 solum
3181 3561 3460 3622 peccatum
3481 3554 3597 3622 ﬁat,
3638 3560 3794 3631 quod

2181 3637 2347 3693 etiam
2395 3646 2521 3693 ante
2561 3638 2874 3696 mandatum
2919 3640 3109 3711 ﬁebat,
3139 3643 3236 3700 sed
3279 3645 3384 3704 hoc
3415 3648 3794 3712 abundantius

2183 3738 2239 3788 et
2261 3729 2645 3802 perniciosius,
2673 3740 2734 3789 ut
2750 3731 2864 3805 jam
2889 3747 2924 3790 a
2943 3735 3148 3793 sciente
3165 3744 3222 3793 et
3233 3740 3632 3808 pravaricante
3654 3760 3793 3816 pec-

2183 3832 2354 3881 cetur.

2254 3915 2310 3971 5.
2352 3914 2630 3971 Peccatum
2670 3918 2836 3985 enim,
2880 3917 3081 3990 inquit,
3122 3921 3386 3979 occasione
3429 3934 3648 3998 accepta
3695 3947 3790 4002 per

2181 4006 2506 4075 mandatum,
2539 4006 2722 4079 fefellit
2741 4024 2820 4063 me
2838 4048 2855 4076 ,
2882 4018 2930 4064 et
2967 4025 3057 4081 per
3089 4010 3222 4066 illud
3254 4015 3453 4070 occidit.
3483 4016 3787 4079 Peccatum

2179 4113 2289 4155 non
2334 4099 2567 4170 legitime
2613 4107 2767 4156 utens
2794 4099 2872 4172 (a)
2908 4101 3057 4172 lege,
3105 4117 3179 4158 ex
3215 4105 3574 4175 prohibitione
3611 4123 3787 4170 aucto

2178 4190 2481 4258 desiderio,
2503 4189 2710 4246 dulcius
2742 4189 2938 4247 factum
2969 4201 3081 4258 est,
3110 4201 3166 4248 et
3197 4193 3318 4252 ideo
3351 4195 3554 4252 fefellit.
3582 4198 3786 4259 Fallax

2177 4283 2322 4338 enim
2350 4281 2582 4338 dulcedo
2608 4289 2692 4337 est
2713 4322 2729 4349 ,
2761 4297 2920 4353 quam
2948 4282 3131 4352 plures
3172 4294 3332 4356 atque
3376 4287 3609 4357 majores
3658 4307 3784 4362 ρω-

2176 4391 2369 4432 narum
2397 4373 2786 4431 amaritudines
2812 4384 3229 4446 consequuntur.
3260 4377 3394 4445 Quia
3421 4394 3552 4450 ergo
3576 4381 3654 4439 ab
3681 4385 3784 4441 ho-

2175 4468 2410 4524 minibus
2449 4467 2684 4521 nondum
2711 4466 3044 4536 spiritualem
3081 4469 3303 4540 gratiam
3348 4471 3781 4544 percipientihus

2176 4559 2394 4616 suavius
2417 4557 2716 4613 admittitur
2736 4557 2881 4627 quod
2905 4567 3136 4627 vetatur,
3164 4559 3299 4616 fallit
3323 4571 3604 4632 peccatum
3635 4567 3780 4626 falsa

2174 4648 2481 4706 dulcedine.
2508 4648 2640 4716 Quia
2669 4662 2798 4705 vero
2822 4648 2984 4704 etiam
3010 4649 3215 4707 accedit
3235 4663 3416 4710 reatus
3443 4659 3779 4725 pracvarica-

2173 4743 2336 4802 tionis
2353 4784 2368 4810 ,
2400 4743 2617 4799 occidit.
3497 4785 3504 4790 ,

2245 4836 2300 4892 6.
2341 4834 2522 4904 Itaque
2546 4835 2628 4890 lex
2645 4833 2848 4904 quidem
2866 4843 3041 4890 sancta
3059 4874 3074 4900 ,
3097 4843 3146 4890 et
3174 4836 3470 4893 mandatum
3492 4848 3741 4898 sanctum
3755 4884 3773 4910 ,

2171 4938 2218 4986 et
2234 4931 2433 5002 justum
2451 4969 2466 4994 ,
2494 4937 2541 4984 et
2570 4929 2775 4984 bonum.
2811 4927 3055 4984 Jubenda
3087 4929 3231 4984 enim
3271 4930 3458 5001 jubet,
3489 4942 3548 4990 et
3571 4937 3775 5006 probi-

2172 5023 2346 5080 benda
2373 5021 2637 5092 prohibet.
2673 5020 2823 5088 Quod
2836 5037 2956 5092 ergo
2975 5021 3161 5076 bonum
3186 5030 3290 5091 est,
3320 5024 3446 5078 mihi
3475 5029 3677 5097 factm
3696 5041 3776 5088 est

2169 5115 2348 5171 mors?
2376 5114 2534 5170 Absit.
2566 5114 2624 5170 ln
2650 5115 2789 5170 male
2827 5123 3010 5171 utente
3049 5115 3248 5188 quippe
3281 5117 3469 5174 vitium
3497 5128 3620 5190 est,
3655 5137 3773 5182 non

2170 5211 2226 5267 in
2252 5208 2501 5266 mandato
2529 5209 2646 5280 ipso
2662 5248 2677 5277 ,
2706 5207 2852 5279 quod
2877 5207 3076 5265 bonum
3096 5218 3199 5266 est.
3221 5209 3485 5280 Quoniam
3506 5212 3657 5272 bona
3683 5226 3774 5274 est

2236 5401 2375 5470 {seu
2396 5394 2764 5470 nissqtenebar.
2797 5464 2808 5470 Δ
2922 5460 2942 5470 _
2975 5457 2987 5470 .

2232 5463 2253 5493 ³
2276 5460 2580 5524 Corbeiensis
2602 5467 2705 5520 Ms.,
2727 5464 2893 5511 natum
2913 5460 3080 5524 fuisse.

2233 5524 2346 5594 {Ita
2357 5531 2480 5592 .Mss.
2517 5523 2654 5594 juxta
2695 5522 2924 5594 graecum.
2959 5529 3016 5574 At
3039 5523 3174 5587 editi,
3193 5522 3363 5576 mulier
3379 5531 3539 5579 autem
3556 5541 3609 5580 ut
3630 5537 3775 5594 pra-

2167 5582 2453 5634 varicatione
2475 5582 2674 5634 seducta
2695 5582 2802 5634 fuit.

2230 5647 2253 5716 ξ
2277 5646 2439 5716 Abest,
2463 5643 2664 5707 veteris,
2686 5643 2716 5697 a
2739 5647 2980 5699 Victorino
3012 5647 3181 5700 codice
3219 5656 3273 5702 et
3294 5651 3769 5716 veumtissimocot-

2168 5709 2378 5758 beiensi.

2233 5772 2305 5838 (a)
2328 5777 2486 5833 Forte,
2512 5767 2673 5822 utenti.

3991 3713 3996 3734 ι

3993 3805 3996 3832 l

3993 4075 3996 4108 Ι

3993 4167 3996 4198 1
