3996 6282
204 299 290 356 ιω
1525 279 1724 341 LIBER

1839 281 2032 340 llMUS.

195 415 300 476 lex,
321 409 362 466 sl
391 407 504 478 quis
523 421 583 462 ea
610 404 836 472 legitime
858 409 1031 456 utatur
1062 399 1102 472 (Ι
1133 398 1308 454 Tim.‘t
1330 441 1344 465 ,
1372 399 1452 470 8).
1483 398 1615 454 Male
1644 413 1736 452 au-

195 511 288 556 tem
309 499 462 553 utitur
491 497 622 566 lege.
643 499 728 564 qui
751 508 858 548 non
885 508 940 546 se
963 490 1140 546 subdit
1169 489 1277 544 Deo
1306 489 1386 557 pia
1415 487 1733 551 humilitate,

194 589 576 663 utpergratiani
602 587 683 641 lex
707 585 874 654 possit
907 582 1129 655 impleri.
1152 581 1329 652 Itaque
1345 580 1411 635 ad
1441 580 1570 634 nihil
1594 578 1736 634 aliud

191 683 359 751 accipit
404 682 598 749 legem,
629 677 716 746 qui
762 691 869 729 non
917 691 978 730 ea
1025 673 1256 744 legitime
1305 675 1487 737 utitur,
1533 670 1635 724 nisi
1681 677 1740 724 ut

191 781 441 842 peccatum
468 769 581 836 ejus
607 765 748 836 quod
778 764 976 818 latebat
1003 774 1127 818 aute
1155 761 1573 832 prohibitionem
1595 801 1610 826 ,
1638 775 1736 831 ap-

191 877 355 932 parere
396 861 602 926 incipiat
642 872 737 926 per
778 855 1288 925 prmvaricationem.
1330 852 1398 906 Et
1441 852 1544 907 hoc
1581 867 1738 919 supra

186 955 405 1016 moduni,-
433 951 552 1020 quia
573 950 677 1017 jam
699 962 804 1003 non
831 947 999 1001 solum
1030 953 1306 1016 peccatum
1335 943 1427 1009 lit,
1456 943 1547 997 sed
1578 943 1735 996 etiam

185 1053 347 1098 contra
392 1041 712 1094 mandatum.
753 1039 1004 1108 Sequitur
1040 1052 1202 1107 ergo,
1228 1045 1283 1091 et
1326 1033 1564 1104 adjungit
1589 1051 1602 1086 :
1632 1033 1738 1089 Sed

183 1143 414 1205 peccatum
433 1173 446 1195 ,
473 1142 528 1188 ut
554 1139 796 1200 appareat
822 1141 1102 1201 peccatum,
1129 1144 1215 1197 per
1242 1125 1424 1180 bonum
1455 1125 1581 1178 mihi
1615 1141 1737 1195 ope-

185 1234 329 1277 ratum
367 1232 436 1276 est
473 1231 713 1286 mortem,
744 1229 797 1272 ut
835 1221 921 1289 fiat
958 1235 1116 1288 supra
1158 1217 1361 1271 modum
1390 1225 1622 1287 peccator
1650 1225 1737 1268 aut

182 1326 415 1387 peccatum
455 1331 543 1385 per
568 1312 882 1366 mandatum.
911 1309 1062 1366 Unde
1107 1308 1411 1364 manifestat
1440 1324 1544 1377 quo
1573 1321 1733 1362 sensu

180 1406 351 1461 dixerit
378 1406 652 1475 superius,
685 1404 812 1458 Sine
852 1403 959 1473 lege
1001 1403 1134 1456 enim
1183 1411 1441 1471 peccatum
1484 1409 1736 1452 mortuum

182 1507 275 1563 est;
302 1496 544 1566 nonquia
584 1511 688 1550 non
737 1504 882 1560 erat,
910 1493 1003 1548 sed
1034 1493 1157 1563 quia
1188 1508 1292 1546 non
1323 1492 1612 1561 apparebat
1641 1509 1653 1544 :
1683 1501 1738 1546 et

182 1587 421 1658 quomodo
446 1587 642 1640 dictum
675 1584 776 1649 sit,
811 1583 1083 1637 Peccatum
1123 1581 1336 1646 revixit;
1365 1597 1469 1636 non
1506 1591 1561 1634 ut
1593 1589 1738 1636 esset

182 1677 304 1747 quod
324 1686 434 1731 erat
457 1686 510 1731 et
539 1688 668 1730 ante
695 1675 904 1744 legem,
935 1671 1028 1727 sed
1060 1681 1117 1726 ut
1145 1678 1458 1742 appareret,
1486 1671 1734 1740 quoniam

182 1772 318 1824 iebat
341 1777 520 1822 contra
550 1768 720 1836 legem
747 1784 759 1818 :
786 1762 1216 1835 quandoquidem
1250 1761 1352 1817 ltoc
1371 1762 1487 1816 loco
1512 1763 1604 1827 ait,
1632 1761 1736 1816 Sed

179 1870 443 1932 peccatum,
472 1869 527 1912 ut
553 1869 794 1928 appareat
819 1864 1078 1926 peccatum
1101 1894 1116 1918 ,
1145 1871 1233 1924 per
1259 1855 1440 1909 bonum
1468 1854 1590 1907 mihi
1615 1870 1730 1924 ape-

183 1964 320 2006 ratum
343 1963 410 2005 est
431 1961 655 2004 mortem.
682 1949 795 2004 Nm
820 1949 962 2003 enim
984 1949 1088 2012 ait,
1118 1957 1174 2000 ut
1193 1946 1259 2000 sit
1286 1954 1558 2017 peccaturo
1580 1961 1593 2011 ;
1618 1945 1734 2013 sed,

184 2054 230 2097 ut
248 2053 470 2113 appareat
488 2052 777 2112 peccatum.

242 2135 286 2188 7.
317 2133 504 2186 Deinde
551 2132 821 2201 sobjungit
859 2144 1076 2185 causam
1097 2170 1113 2195 ,
1135 2143 1239 2183 cur
1281 2129 1352 2184 ita
1395 2129 1462 2183 sit
1491 2147 1504 2184 :
1533 2129 1736 2184 Scimus

183 2226 315 2290 enim,
339 2226 517 2292 lll'illil,
544 2226 667 2289 quia
694 2224 775 2277 (ex
801 2223 1080 2290 spiritualis
1107 2230 1217 2285 est;
1241 2237 1332 2293 ego
1360 2233 1524 2275 autem
1549 2238 1734 2276 carna-

189 2317 242 2369 lis
265 2332 378 2369 sum.
403 2314 455 2368 In
477 2331 583 2384 quo
605 2315 734 2367 satis
755 2313 987 2368 ostendit
1016 2327 1120 2366 non
1149 2327 1305 2382 posse
1332 2312 1541 2381 impleri
1567 2313 1735 2382 legem

189 2407 272 2460 nisi
298 2422 321 2458 a
345 2406 704 2475 spiritualibus
728 2447 744 2472 ,
773 2405 862 2476 qui
895 2419 1000 2459 non
1031 2405 1165 2458 liunt
1208 2405 1308 2458 nisi
1351 2420 1445 2473 per
1489 2405 1731 2473 gratiam.

190 2497 416 2568 Spirituali
442 2500 587 2555 enim
619 2499 722 2567 legi
764 2506 964 2567 quanto
1007 2496 1066 2550 lit
1102 2497 1328 2566 quisque
1370 2496 1634 2560 similior,
1682 2495 1734 2550 id

195 2599 291 2656 est,
329 2600 510 2660 quanto
565 2591 736 2660 magis
790 2597 845 2643 et
898 2589 1010 2658 ipse
1065 2587 1116 2642 in
1184 2587 1512 2656 spiritualcm
1568 2587 1734 2656 surgit

202 2679 425 2746 aliectum,
454 2689 605 2735 tanto
641 2695 756 2733 eam
796 2681 964 2748 magis
999 2677 1219 2748 implet;
1260 2678 1382 2748 quia
1438 2685 1586 2731 tanto
1624 2692 1737 2730 ma~

204 2769 269 2840 gis
297 2785 344 2825 ea
381 2771 703 2836 delectatur,
731 2771 840 2840 jam
871 2787 975 2824 non
1002 2770 1100 2824 sub
1137 2769 1253 2840 ejus
1279 2785 1442 2824 onere
1470 2769 1696 2823 afﬂictus
1715 2811 1731 2837 ,

203 2859 277 2914 sed
315 2862 409 2930 ejus
459 2862 665 2915 lumine
721 2869 1034 2930 vegetatus:
1072 2859 1193 2929 quia
1250 2868 1572 2928 prmccptum
1627 2858 1732 2912 Do-

194 2953 296 3005 niini
318 2952 529 3007 lucidum
549 2962 637 3007 est
661 2952 962 3006 illuminans
985 2951 1192 3017 oculos,
1219 2961 1272 3006 et
1295 2951 1376 3005 lex
1410 2950 1615 3005 Domini
1632 2952 1732 3004 im-

195 3043 414 3098 maculata
458 3051 778 3099 convertens
802 3043 1006 3098 animas
1033 3041 1200 3112 (Psal.
1227 3057 1378 3106 xvni,
1406 3041 1439 3095 8
1463 3085 1476 3106 ,
1501 3042 1590 3111 9);
1617 3056 1735 3111 gra-

189 3133 250 3186 tia
268 3134 473 3189 donante
499 3143 717 3203 peccata
743 3177 759 3201 ,
789 3144 842 3188 et
876 3133 1188 3187 inluudente
1217 3134 1464 3202 Spiritum
1501 3133 1729 3187 Charita-

193 3223 274 3287 tis,
300 3240 393 3294 quo
411 3234 462 3280 et
501 3241 607 3279 non
632 3225 701 3280 sit
730 3225 950 3279 molesta
977 3267 990 3288 ,
1017 3232 1072 3278 et
1097 3225 1166 3279 sit
1206 3225 1364 3278 etiam
1396 3223 1628 3294 jucunda
1650 3224 1736 3294 ju-

187 3316 325 3371 stitia.
364 3317 497 3372 Sane
537 3333 661 3372 cum
689 3316 947 3380 dixisset,
986 3314 1098 3385 Ego
1127 3323 1294 3368 autem
1323 3315 1544 3369 carnalis
1584 3329 1734 3379 sum;

189 3408 424 3462 contexuit
451 3409 611 3462 etiam
655 3406 825 3477 qualis
854 3405 1099 3459 carnalis.
1138 3405 1396 3474 Appellati
1442 3414 1566 3459 sunt
1591 3405 1732 3460 enim

186 3495 244 3548 ad
265 3496 522 3565 quemdam
555 3495 772 3552 modum
798 3496 1065 3554 carnales.
1099 3496 1207 3561 jam
1239 3495 1398 3548 etiam
1440 3495 1538 3549 sub
1564 3496 1731 3566 gratia

188 3588 444 3654 constituti,
478 3589 588 3658 jam
620 3587 878 3656 redempti
915 3587 1170 3655 sanguine
1213 3585 1416 3640 Domini
1445 3627 1459 3650 ,
1481 3597 1532 3641 et
1563 3587 1732 3643 renati

188 3689 270 3742 per
291 3676 450 3743 iidem,
475 3677 666 3748 ιιιιῐιιιιη
696 3677 835 3730 idem
866 3677 1138 3744 apostolus
1165 3676 1294 3730 dicit
1327 3693 1339 3729 :
1374 3675 1436 3729 Et
1462 3693 1583 3748 ego,
1617 3681 1729 3747 fra-

190 3777 294 3834 tres,
319 3786 408 3823 non
430 3773 571 3839 potui
600 3771 736 3840 loqui
763 3769 898 3822 vobis
919 3767 1065 3836 quasi
1084 3767 1457 3837 spiritualibus,
1481 3770 1570 3824 sed
1588 3771 1733 3840 quasi

189 3860 437 3914 ramalibus
458 3878 476 3924 ;
500 3872 738 3932 tanquam
768 3861 993 3930 parvulis
1031 3861 1086 3914 in
1115 3859 1314 3915 Christo
1357 3863 1434 3915 lac
1478 3861 1613 3916 vobis
1641 3879 1730 3933 po-

189 3957 279 4000 tiun
302 3949 426 4015 dedi,
462 3967 564 4004 non
587 3966 754 4004 escam
784 3949 824 4019 (1
854 3948 971 4002 Cor.
1000 3964 1090 4014 ιιι,
1132 3949 1156 4004 l
1183 3991 1197 4015 ,
1225 3949 1305 4019 2).
1338 3949 1488 4018 Quod
1511 3951 1726 4020 dicens,

189 4039 342 4108 utique
364 4041 588 4095 ostendit
612 4042 722 4109 jam
753 4048 965 4094 renatos
997 4039 1156 4094 luisse
1199 4055 1292 4109 per
1329 4039 1549 4111 gratiam
1577 4084 1590 4108 ,
1639 4045 1727 4114 qui

189 4138 319 4183 erant
342 4134 533 4199 parvuli
581 4131 632 4185 in
673 4129 887 4184 Christo
914 4138 969 4185 et
1010 4131 1142 4185 lacte
1174 4132 1428 4199 potandi,
1474 4143 1527 4188 et
1551 4143 1726 4190 tamen

189 4233 267 4273 eos
287 4222 441 4278 adhuc
467 4223 705 4278 carnales
737 4232 904 4277 vocat.
935 4222 1034 4290 Qui
1055 4233 1230 4278 autem
1262 4224 1491 4279 nendum
1525 4235 1607 4280 est
1631 4227 1729 4282 sub

191 4313 359 4376 gratia,
385 4314 474 4368 sed
499 4315 597 4367 sub
627 4315 742 4384 lege
765 4355 778 4377 ,
816 4314 884 4366 ita
911 4314 1142 4368 carnalis
1167 4323 1248 4368 est
1273 4355 1287 4377 ,
1319 4323 1372 4368 ut
1400 4315 1630 4369 nondum
1659 4319 1730 4372 sit

191 4412 374 4459 renatus
406 4420 435 4458 a
464 4418 713 4474 peccato,
767 4405 856 4459 sed
900 4405 1246 4460 venumdatus
1289 4407 1389 4460 sub
1429 4410 1724 4476 peccato‘;

192 4493 406 4559 quoniam
454 4499 680 4565 pretium
727 4496 1014 4550 mortifera:
1054 4497 1339 4564 voluptatis
1389 4499 1722 4569 amplectitur

193 4584 486 4641 dulcedinem
531 4589 670 4642 illam
718 4605 817 4658 qua
865 4587 1086 4654 fallitur,
1136 4599 1190 4644 et
1231 4589 1522 4645 delectatur
1565 4593 1724 4646 etiam

192 4682 348 4730 contra
371 4676 530 4748 legem
559 4677 752 4740 facere,
783 4693 900 4732 cum
947 4687 1094 4733 tanto
1124 4680 1291 4749 magis
1328 4680 1493 4746 libet,
1526 4692 1725 4751 quanto

197 4764 342 4820 minus
366 4767 498 4822 licet.
539 4770 649 4836 Qua
676 4770 936 4824 suavitate
965 4771 1062 4822 frui
1093 4785 1196 4846 non
1227 4779 1397 4837 potest
1421 4772 1570 4840 quasi
1599 4787 1724 4841 pre-

199 4852 259 4905 tio
289 4858 582 4913 conditionis
627 4873 736 4913 sua:
760 4900 774 4922 ,
820 4860 919 4913 nisi
959 4868 1181 4928 cogatur
1212 4869 1457 4927 tauquam
1487 4874 1722 4931 emptum

200 4946 474 5014 mancipium
500 4949 700 5003 servire
745 4949 967 5003 libidini.
1013 4949 1187 5003 Sentit
1225 4951 1365 5002 enim
1409 4965 1467 5004 se
1511 4966 1722 5006 servum

196 5033 478 5094 dominantis
515 5041 835 5110 cupiditatis,
878 5041 966 5110 qui
996 5041 1306 5110 prohibetur
1329 5079 1343 5106 ,
1386 5050 1442 5095 et
1479 5056 1537 5096 se
1583 5054 1724 5098 recte

200 5127 427 5193 prohiberi
450 5132 734 5199 cognita-il,
763 5141 815 5186 et
845 5141 1016 5192 tamen
1049 5131 1192 5186 facit.

256 5215 302 5268 8.
341 5218 477 5285 Quod
504 5224 628 5276 enim
657 5239 838 5292 operor
861 5264 873 5284 ,
906 5223 1011 5286 ait,
1045 5223 1240 5291 ignoro.
1273 5221 1386 5275 Non
1428 5222 1496 5276 ita
1529 5223 1615 5278 hic
1642 5223 1722 5275 di—

201 5315 320 5362 tium
342 5321 430 5373 est,
458 5315 645 5383 ignoro,
674 5313 822 5384 quasi
845 5329 1065 5384 peccare
1091 5329 1147 5367 se
1177 5316 1394 5381 nesciat.
1427 5313 1555 5367 Nam
1595 5330 1723 5368 con-

205 5399 386 5454 trarium
409 5407 503 5457 erit
530 5407 661 5474 quod
703 5407 868 5470 dixit,
915 5404 1022 5460 Sed
1061 5418 1317 5474 peccatum
1343 5448 1357 5471 ,
1397 5419 1448 5458 ut
1483 5418 1724 5476 appareat

205 5499 440 5556 peccatum,
466 5510 550 5564 per
572 5499 747 5549 bonum
777 5495 896 5548 mihi
928 5506 1186 5566 apemtum
1211 5506 1282 5549 est
1309 5509 1555 5561 mortem;
1583 5505 1635 5549 et
1665 5498 1724 5550 il-

208 5620 511 5738 ρξὲξξῦθωδ
532 5626 626 5693 le9e
646 5642 676 5678 τι
699 5635 906 5692 peccato.
925 5635 980 5679 Αῑ
1009 5637 1136 5691 Mss,
1160 5629 1248 5681 sub
1269 5637 1493 5695 peccato;
1517 5628 1614 5692 vel,
1640 5629 1726 5680 sub

411 5766 623 5832 Sacr.
670 5773 939 5842 Accusa.
985 5773 1089 5837 VI.

3326 287 3425 341 ΙΜ

1849 396 1941 451 Iud
1971 397 2241 464 superius,
2275 396 2379 451 Sed
2407 407 2664 467 peccatum
2689 412 2786 450 non
2812 397 3018 467 cognoui
3040 438 3052 456 .
3101 397 3196 452 nisi
3234 414 3323 466 per
3351 400 3422 450 le-

1843 504 1974 557 gem.
2004 486 2278 554 Quomodo
2317 488 2456 540 enim
2490 494 2728 556 apparet,
2768 495 2860 539 aut
2885 485 3152 556 quomodo
3175 489 3426 556 cognovit

1843 579 1984 649 quod
2013 579 2261 650 ignorat?
2289 579 2394 636 Sed
2422 582 2490 634 ita
2521 580 2718 634 dictum
2747 590 2856 644 est,
2886 580 3152 648 quomodo
3181 580 3422 635 dicturus

1838 680 1927 727 est
1955 672 2209 726 Dominus
2239 672 2412 742 impiis
2435 714 2451 738 ,
2486 671 2605 726 Non
2631 674 2745 726 novi
2772 688 2855 728 vos
2879 670 3092 744 (Matth.
3123 689 3223 727 xxv
3248 714 3262 736 ,
3306 672 3420 744 12).

1841 760 2025 830 Neque
2049 763 2189 816 enim
2212 760 2412 833 aliquid
2453 763 2615 816 Deum
2650 763 2817 827 latet,
2856 763 3068 832 quando
3109 764 3275 818 vultus
3307 763 3417 816 Do-

1841 852 1966 906 mini
1988 869 2140 923 super
2164 853 2400 925 facientes
2424 854 2580 918 mala,
2609 863 2665 907 ut
2687 854 2865 923 perdat
2885 853 2948 907 de
2973 863 3103 907 terra
3129 855 3422 908 meritoriam

1841 958 2015 997 eorum
2043 943 2211 1017 (Psal.
2240 959 2430 1006 χχχιιι,
2456 944 2563 1015 17).
2593 943 2700 999 Sed
2725 944 2952 1000 dicimur
2970 945 3253 1016 aliquando
3273 948 3421 1016 igno-

1841 1051 1962 1092 rare
1999 1037 2138 1106 quod
2166 1053 2270 1090 non
2307 1036 2680 1107 approbamus.
2711 1037 2783 1090 Ita
2810 1053 2936 1107 ergo
2961 1039 3034 1092 ait
3054 1080 3066 1100 ,
3104 1039 3255 1106 Quod
3289 1039 3423 1094 enim

1839 1141 2041 1196 cperor,
2065 1127 2272 1198 ignoro;
2304 1127 2353 1180 id
2379 1138 2478 1192 est,
2508 1143 2610 1181 non
2633 1129 2888 1198 approbo.
2915 1128 3063 1196 Quod
3091 1144 3425 1199 consequen-

1842 1225 1922 1271 ter
1965 1219 2228 1282 ostendit,
2262 1218 2478 1285 dicens,
2531 1219 2650 1274 Non
2677 1221 2810 1274 enim
2843 1223 2978 1290 quod
3002 1222 3133 1283 volo,
3167 1223 3262 1276 hoc
3288 1239 3425 1292 ago;

1838 1309 1926 1362 sed
1954 1311 2088 1378 quod
2115 1310 2220 1375 odi,
2254 1312 2382 1364 illud
2411 1312 2564 1380 facio.
2595 1312 2745 1379 Quod
2778 1326 2904 1382 ergo
2931 1312 3023 1374 ait,
3049 1314 3162 1373 odi,
3197 1314 3296 1368 hoc
3321 1317 3416 1378 ait,

1839 1401 2015 1470 ignoro
2044 1415 2061 1452 :
2087 1402 2206 1469 quia
2251 1411 2302 1456 et
2346 1403 2540 1470 quibus
2569 1402 2804 1456 dicturus
2839 1412 2921 1457 est
2963 1403 3216 1457 Dominus
3239 1444 3254 1466 ,
3300 1402 3424 1460 Non

1840 1490 1954 1543 novi
1980 1505 2099 1554 vos;
2125 1490 2190 1561 de
2219 1489 2302 1545 his
2331 1492 2406 1545 illi
2433 1492 2630 1546 dicitur
2650 1533 2664 1554 ,
2711 1491 2910 1559 Odisti,
2961 1491 3174 1547 Domine
3193 1535 3211 1558 ,
3250 1511 3421 1548 omnes

1838 1582 1925 1651 qui
1953 1593 2225 1652 operantur
2252 1583 2568 1651 iniquitatem
2599 1583 2768 1654 (Psal.
2797 1600 2851 1652 ν,
2885 1583 2959 1657 7).

1910 1673 1962 1729 9.
1993 1673 2053 1728 Si
2090 1684 2255 1728 autem
2294 1675 2430 1745 quod
2469 1676 2615 1742 nolo‘,
2656 1682 2750 1730 hoc
2783 1677 2950 1748 facio;
2989 1681 3241 1732 consentio
3286 1680 3416 1750 legi,

1838 1763 2075 1832 quoniam
2104 1764 2234 1818 bona
2261 1775 2353 1819 est.
2388 1765 2497 1821 Hoc
2524 1766 2664 1821 enim
2702 1783 2808 1821 non
2838 1769 2981 1832 vult,
3010 1769 3146 1838 quml
3186 1778 3242 1823 et
3284 1770 3367 1825 lex
3403 1789 3416 1824 :

1840 1867 1960 1906 nam
1994 1852 2094 1908 hoc
2118 1862 2258 1907 vetat
2285 1855 2389 1910 lex.
2415 1853 2693 1911 Consentit
2717 1872 2846 1927 ergo
2872 1858 3008 1926 legi,
3036 1875 3138 1912 nun
3169 1860 3218 1912 in
3245 1875 3419 1928 quau-

1841 1952 1950 1999 tum
1979 1945 2100 1999 facit
2124 1945 2264 2016 quod
2288 1948 2372 2002 illa
2400 1947 2666 2016 prohibet,
2696 1947 2789 2003 sed
2818 1949 2869 2002 in
2899 1960 3153 2018 quantum
3183 1966 3286 2004 non
3313 1952 3423 2006 vult

1837 2037 1978 2108 quod
2009 2038 2152 2093 facit.
2185 2039 2422 2096 Vincitur
2457 2041 2601 2095 enim
2644 2042 2878 2096 nondum
2907 2058 3002 2113 per
3026 2045 3246 2112 gratiam
3290 2045 3421 2098 libe-

1837 2138 2005 2193 ratus,
2045 2129 2285 2199 quamvis
2307 2130 2416 2199 jam
2443 2146 2538 2201 per
2567 2132 2736 2203 legem
2773 2143 2827 2186 et
2853 2134 3060 2187 noverit
3084 2150 3142 2188 se
3172 2150 3222 2188 in
3248 2135 3311 2190 le
3338 2133 3420 2188 fa-

1837 2234 1981 2284 cere,
2009 2229 2060 2274 et
2091 2222 2239 2275 nolit.
2269 2221 2419 2287 Quod
2449 2237 2578 2277 vero
2605 2223 2863 2292 sequitur,
2894 2234 2948 2277 et
2975 2223 3121 2286 dicit,
3156 2223 3306 2277 Nunc
3325 2242 3423 2278 au-

1840 2319 1937 2363 tem
1955 2311 2068 2380 jam
2099 2327 2197 2364 non
2223 2327 2313 2382 ego
2339 2327 2521 2381 operor
2545 2312 2694 2378 illud,
2723 2313 2812 2366 sed
2841 2314 2895 2366 id
2918 2313 3054 2381 quod
3080 2314 3132 2367 in
3163 2332 3240 2368 me
3266 2315 3420 2368 habi-

1838 2408 1909 2454 tat
1939 2409 2216 2470 peccatum;
2235 2418 2340 2456 non
2371 2401 2490 2457 ideo
2517 2403 2663 2468 dicit,
2682 2404 2802 2472 quia
2826 2419 2930 2458 non
2957 2406 3220 2458 consentit
3244 2406 3309 2460 ad
3339 2405 3425 2460 fa-

1837 2491 2082 2545 ciendum
2113 2502 2410 2562 peccatum,
2459 2495 2701 2562 quamvis
2741 2494 2840 2565 legi
2885 2498 3182 2550 consentiat
3220 2499 3284 2551 ad
3318 2499 3419 2555 hoc

1839 2578 2263 2649 improbandum.
2298 2583 2552 2652 Loquitur
2593 2583 2734 2637 enim
2763 2584 2937 2639 adhuc
2963 2602 3025 2640 ex
3057 2601 3281 2654 persona
3319 2589 3418 2641 ho-

1838 2669 1995 2722 minis
2020 2669 2120 2724 sub
2142 2671 2255 2739 lege
2278 2672 2546 2725 constituti
2581 2671 2688 2742 (a),
2722 2672 2956 2726 nondum
2987 2675 3086 2727 sub
3110 2677 3298 2744 gratia.
3329 2679 3418 2748 qui

1839 2761 2074 2831 proiecto
2105 2762 2332 2816 trahitur
2364 2762 2430 2816 ad
2462 2764 2598 2816 male
2625 2763 2952 2832 aperandum
2991 2767 3419 2834 concupiscentia

1835 2852 2146 2908 dominante
2167 2861 2323 2922 atque
2346 2853 2560 2908 fallente
2582 2854 2862 2910 dulcedine
2891 2856 3092 2925 peccati
3124 2857 3370 2925 prohibi=i
3397 2900 3414 2924 ,

1835 2945 2077 3017 quamvis
2121 2962 2189 3000 ex
2232 2954 2385 3016 parte
2425 2947 2625 3001 notitiae
2664 2947 2792 3016 legis
2837 2947 2939 3002 hoc
2987 2949 3267 3018 improbet.
3313 2953 3418 3007 Sed

1838 3045 2114 3108 propterea
2139 3036 2289 3097 dicit,
2316 3035 2436 3092 Non
2459 3053 2547 3107 ego
2572 3054 2752 3107 aperor
2775 3037 2923 3102 illud,
2948 3041 3066 3108 quia
3099 3042 3269 3097 vietus
3289 3060 3420 3116 ope.

1838 3136 2003 3182 ratur.
2035 3125 2307 3195 Cupiditas
2327 3128 2520 3197 quippe
2549 3127 2597 3180 id
2623 3136 2892 3197 operatur,
2923 3132 3004 3182 cui
3037 3135 3306 3200 superanti
3327 3149 3419 3189 ce-

1836 3217 1997 3273 ditur.
2029 3217 2100 3272 Ut
2128 3226 2300 3272 autem
2342 3233 2446 3271 non
2477 3217 2732 3283 cedatur,
2777 3218 2947 3288 sitque
2994 3237 3143 3275 utens
3188 3221 3418 3279 hominis

1836 3309 2092 3364 adversus
2117 3308 2459 3380 cupiditatem
2490 3307 2759 3364 robustior
2780 3349 2793 3375 ,
2822 3311 2989 3381 gratia
3023 3311 3140 3366 facit
3166 3355 3178 3379 ,
3209 3315 3274 3371 de
3312 3331 3413 3386 qua

1835 3410 1957 3475 post
1978 3402 2214 3459 dicturus
2242 3411 2343 3458 est.

1907 3492 1995 3547 10.
2030 3491 2150 3547 Scio
2174 3494 2338 3560 enim,
2369 3493 2574 3565 inquit,
2604 3495 2723 3562 quia
2757 3497 3072 3552 non/rabitur
3099 3502 3150 3555 in
3183 3519 3290 3569 me,
3322 3506 3414 3560 hoc

1835 3584 1982 3636 estin
2009 3598 2158 3637 carne
2182 3599 2293 3636 mea
2311 3625 2325 3647 ,
2354 3583 2558 3638 bonum.
2603 3585 2679 3639 Ex
2711 3601 2776 3641 co
2799 3587 2942 3658 quod
2971 3591 3066 3642 scit
3090 3632 3103 3652 ,
3149 3598 3416 3650 consentit

1836 3670 1936 3742 legi
1970 3691 1983 3726 :
2012 3687 2077 3727 ex
2109 3687 2174 3726 eo
2207 3683 2382 3728 autem
2410 3674 2547 3744 quod
2575 3674 2699 3730 facit
2719 3715 2732 3738 .
2757 3677 2896 3731 cedit
2925 3692 3160 3747 peccato.
3191 3685 3342 3751 Quod
3371 3689 3414 3740 si

1831 3764 2026 3835 quaerit
2049 3765 2236 3836 aliquis
2267 3766 2406 3820 unde
2431 3767 2533 3821 hoc
2561 3769 2661 3822 scit
2684 3809 2697 3831 ,
2729 3769 2868 3838 quod
2912 3771 3035 3825 dicit
3081 3773 3318 3832 habitare
3359 3779 3411 3834 in

1833 3871 1994 3911 carne
2019 3871 2112 3911 sua
2140 3872 2242 3910 non
2276 3856 2456 3926 utique
2484 3859 2698 3921 bonum,
2727 3860 2882 3916 idest
2905 3876 3176 3932 peceatum
3206 3885 3218 3918 :
3249 3870 3410 3934 unde,

1834 3945 1933 4001 nisi
1957 3961 2020 4002 ex
2051 3946 2266 4002 traduce
2292 3948 2624 4002 mortalitatis
2642 3959 2696 4003 et
2713 3951 3020 4007 assiduitate
3044 3958 3323 4025 voluptatis
3348 3963 3362 3991 ί
3389 3962 3413 4014 τ

1835 4036 1964 4093 Illud
1993 4047 2162 4094 estex
2196 4053 2346 4107 paena
2373 4040 2644 4110 originalis
2671 4045 2892 4111 peccati,
2926 4045 3024 4101 hoc
3054 4057 3136 4102 est
3164 4065 3225 4104 ex
3256 4066 3412 4119 paena

1834 4128 2146 4200 frequentati
2180 4130 2400 4199 peccati.
2430 4128 2562 4184 Cum
2589 4132 2676 4185 illo
2705 4133 2752 4184 in
2781 4133 2917 4188 hanc
2937 4137 3094 4189 vitam
3121 4142 3406 4208 nascimur,

1834 4219 1934 4274 hoc
1963 4220 2186 4274 vivendo
2213 4219 2474 4274 addimus.
2503 4219 2632 4287 Quae
2671 4221 2776 4274 duo
2799 4263 2814 4287 ,
2843 4225 3042 4279 scilicet
3069 4268 3082 4291 ,
3117 4238 3362 4300 tanquam
3386 4237 3406 4268 ⁸

1833 4320 2016 4365 natura
2045 4321 2099 4364 et
2125 4311 2474 4376 consuetudo,
2504 4313 2782 4380 conjuncta
2809 4354 2825 4378 ,
2868 4316 3288 4376 robustissimam
3327 4323 3405 4377 la-

1830 4403 1972 4458 ciunt
2002 4413 2055 4458 et
2092 4402 2488 4456 invictissimum
2517 4404 2856 4473 cupiditatem
2878 4449 2892 4472 ,
2923 4412 3064 4480 qnozl
3104 4425 3256 4468 vocat
3284 4435 3406 4484 pec-

1830 4502 2027 4560 catum,
2050 4503 2104 4549 et
2127 4494 2252 4548 dicit
2275 4493 2514 4548 habitare
2541 4495 2592 4548 in
2624 4511 2782 4553 carne
2806 4513 2921 4563 sua,
2951 4502 2999 4555 id
3027 4515 3127 4569 est,
3155 4506 3406 4562 domina-

1833 4599 1940 4644 tum
1973 4589 2254 4659 quemdam
2286 4597 2338 4642 et
2381 4588 2529 4655 quasi
2577 4605 2793 4658 regnum
2831 4593 3091 4649 obtinere.
3133 4598 3282 4657 Unde
3324 4614 3408 4660 ρει

1832 4681 1960 4735 illud
2000 4681 2051 4734 in
2085 4680 2291 4734 Psalmo
2318 4721 2330 4736 .
2368 4679 2511 4750 [Περὶ
2546 4679 2698 4750 abjici
2733 4682 2784 4734 in
2810 4683 2960 4737 domo
3004 4687 3205 4745 Domini
3243 4699 3404 4768 magis

1829 4789 1979 4843 quam
1997 4771 2222 4824 habitare
2241 4771 2289 4823 in
2307 4771 2636 4824 tabernaculis
2654 4782 2964 4838 peccatorum
2993 4778 3157 4846 (Psal.
3184 4799 3398 4849 uxxnt.

1832 4864 1949 4933 il);
1980 4862 2127 4933 quasi
2160 4876 2263 4914 non
2295 4861 2525 4919 habitet.
2556 4862 2796 4929 quamvis
2828 4863 2896 4917 ibi
2929 4867 3017 4932 sit,
3052 4873 3138 4936 qui
3167 4873 3400 4940 abjectus

1831 4954 1900 5008 ibi
1928 4953 1949 4983 ³
1978 4961 2058 5006 est
2079 4991 2092 5012 ,
2127 4951 2440 5018 ubicumque
2469 4949 2532 5001 sit
2566 4966 2579 5001 :
2608 4951 2748 5004 unde
2775 4953 3002 5008 insinuat
3026 4958 3398 5020 habitationem

1830 5059 1949 5098 cum
1982 5041 2208 5110 quodam
2239 5038 2529 5107 principatu
2559 5039 2976 5111 intelligendam.
3008 5048 3059 5101 Si
3091 5062 3266 5106 autem
3309 5071 3396 5124 pe:

1829 5135 2047 5206 gratiam
2084 5131 2170 5183 ﬁat
2201 5130 2250 5183 in
2282 5128 2434 5182 nobis
2459 5130 2598 5198 quod
2628 5132 2732 5186 alio
2762 5133 2880 5188 loco
2903 5136 3028 5190 dicit
3049 5181 3061 5200 ,
3096 5139 3163 5194 Ut
3191 5160 3289 5197 non
3317 5163 3401 5199 re-

1829 5233 1941 5295 gnet
1969 5232 2223 5292 peccatum
2249 5220 2302 5273 in
2330 5230 2498 5273 nostra
2522 5223 2724 5274 mortali
2746 5239 2954 5292 corpore
2981 5230 3048 5280 ad
3074 5233 3398 5289 οΙιιιιΙῐεηάηιη

1829 5315 2088 5368 desideriis
2112 5313 2218 5383 ejus
2245 5309 2418 5383 (Rom.
2447 5326 2518 5374 Vl,
2547 5309 2653 5383 Η),
2675 5312 2783 5381 jani
2807 5331 2904 5370 nec
2927 5317 3162 5373 habitare.
3193 5324 3402 5391 proprie

1895 5508 1909 5540 ι
1936 5514 2042 5557 Mss.
2065 5507 2348 5556 Sorbonicus
2371 5513 2422 5555 et
2442 5508 2761 5570 Corbeiensis,
2789 5508 3047 5564 voluntatis.

1892 5570 1914 5601 '
1946 5574 2019 5617 Er.
2053 5569 2244 5627 omittit,
2278 5574 2516 5629 tauquam.

1895 5630 1915 5695 ξ
1948 5637 2065 5695 Tres
2097 5630 2301 5678 Vaticani
2335 5630 2526 5695 codices
2557 5639 2722 5680 carent
2741 5633 2988 5695 garticula,
3022 5635 3106 5686 ibt.

1895 5690 1966 5734 {al
2003 5697 2016 5737 Ι
2042 5697 2243 5742 atumet.
2271 5703 2375 5748 cap.
2409 5692 2447 5738 Ι.

2797 5776 3069 5855 (Quatr'
3102 5785 3127 5849 t
