3996 6282
588 362 690 417 107

562 476 802 531 dicitur.

660 571 749 624 11.
790 567 928 623 Velle
954 568 1105 635 enim,
1139 569 1325 640 inquit,
1355 570 1552 640 adjacet
1574 571 1716 632 mihi,
1743 572 1981 640 perﬁcere
2000 582 2166 626 autem

585 661 771 716 bonum
802 677 902 714 non
926 661 1122 714 invenio
1154 662 1191 714 ⁸.
1224 660 1318 714 llis
1344 662 1521 715 verbis
1551 661 1756 716 videtur
1785 677 1890 717 non
1918 673 2064 718 recte
2090 664 2172 716 in-

589 753 946 824 telligentibus
992 753 1135 807 velut
1189 751 1401 807 auferre
1448 754 1672 808 liberum
1724 755 2024 810 arbitrium.
2056 755 2166 810 Sed

586 843 858 915 quomodo
886 843 1080 911 aufert,
1103 859 1224 899 cum
1253 845 1415 909 dicat,
1449 843 1587 899 Velle
1604 844 1803 915 adjacet
1829 846 1993 900 mihi?
2013 848 2171 902 Certe

587 938 731 993 enim
772 936 944 1006 ipsum
971 934 1113 991 velle
1152 936 1203 989 in
1237 941 1497 1004 potestate
1525 943 1637 1001 est,
1686 936 1941 1006 quoniam
1965 936 2172 1008 adjacet

586 1028 788 1085 nobis:
821 1028 915 1083 sed
943 1026 1082 1097 quod
1113 1024 1369 1096 perﬁcere
1396 1026 1595 1082 bonum
1641 1043 1745 1082 non
1790 1037 1873 1083 est
1913 1029 1966 1083 in
2015 1038 2170 1100 pole-

584 1129 761 1185 state,
805 1118 874 1173 ad
916 1119 1160 1174 meritum
1198 1118 1429 1187 pertinet
1466 1119 1743 1189 originalis
1787 1121 2008 1189 peccati.
2056 1120 2169 1176 Non

586 1212 729 1268 enim
757 1219 841 1267 est
859 1211 974 1265 hate
999 1210 1165 1280 prima
1189 1222 1373 1264 natura
1397 1209 1649 1276 hominis,
1672 1210 1765 1265 sed
1787 1211 1963 1267 delicti
1990 1227 2167 1281 pana,

585 1319 683 1373 per
710 1316 866 1371 quam
897 1299 1035 1355 facta
1064 1310 1146 1355 est
1170 1299 1283 1368 ipsa
1311 1301 1623 1362 mortalitas,
1646 1302 1795 1370 quasi
1819 1302 2049 1356 secunda
2073 1318 2171 1357 na-

586 1400 699 1446 tura
719 1432 737 1456 ,
767 1389 908 1445 unde
935 1404 1033 1444 nos
1055 1389 1225 1459 gratia
1254 1389 1443 1443 liberat
1471 1388 1773 1444 Conditoris
1798 1390 2038 1446 subditos
2066 1392 2169 1447 sibi

582 1496 680 1550 per
706 1480 884 1535 iidem.
910 1478 1014 1535 Sed
1044 1479 1158 1535 ista:
1187 1494 1326 1534 nunc
1359 1494 1516 1534 voces
1544 1489 1668 1535 sunt
1695 1479 1796 1535 sub
1837 1481 1952 1552 lege
1999 1482 2169 1537 homi-

582 1573 667 1627 nis
691 1570 1004 1636 constituti,
1051 1569 1284 1625 nondum
1332 1570 1433 1625 sub
1469 1572 1657 1639 gratia.
1702 1570 1819 1626 Non
1857 1573 1999 1626 enim
2026 1573 2168 1644 quod

581 1665 696 1720 vult
741 1663 864 1719 facit
899 1662 1097 1719 bonum
1123 1704 1137 1730 ,
1170 1662 1261 1733 qui
1299 1662 1532 1716 nondum
1568 1671 1651 1718 est
1687 1664 1787 1718 sub
1823 1665 2023 1735 gratia;
2072 1666 2166 1722 sed

580 1755 726 1825 quod
748 1769 858 1809 non
888 1755 1001 1808 vult
1029 1753 1224 1808 malum
1247 1796 1261 1818 ,
1286 1752 1391 1808 hoc
1414 1753 1554 1824 agit,
1585 1766 1869 1823 superante
1909 1757 2165 1827 concupi-

581 1845 806 1909 scentia,
851 1859 959 1899 non
1005 1844 1176 1898 solum
1221 1842 1435 1898 vinculo
1480 1844 1837 1907 mortalitatis.
1886 1847 1980 1902 sed
2026 1848 2167 1905 mole

560 1933 980 1991 consuetudinis
1006 1935 1027 1966 ³
1073 1933 1340 1988 roborata.
1368 1933 1423 1990 Si
1468 1944 1648 1989 autem
1685 1935 1825 2004 quod
1867 1952 1969 1991 non
2012 1938 2161 2005 vult,

580 2018 685 2082 hoc
710 2025 869 2091 facit;
893 2024 1000 2096 jam
1030 2038 1138 2079 non
1166 2024 1280 2094 ipse
1307 2032 1558 2093 operatur
1586 2023 1734 2092 illud,
1764 2024 1856 2079 sed
1896 2026 2034 2096 quod
2067 2028 2162 2082 ha-

578 2117 713 2172 bitat
755 2117 809 2171 in
845 2131 913 2172 eo
951 2122 1225 2185 peccatum
1254 2132 1272 2169 τ
1300 2114 1437 2169 sicut
1477 2115 1722 2186 superius
1762 2115 1960 2171 dictum
2003 2126 2084 2174 cst
2109 2128 2163 2174 et

567 2206 904 2277 expositum.

650 2297 738 2353 12.
768 2297 980 2353 Invenio
1004 2312 1157 2369 ergo,
1186 2296 1390 2366 inquit,
1428 2297 1588 2369 legem
1623 2298 1747 2353 mihi
1777 2300 1965 2355 uolenti
1992 2305 2163 2373 facere

578 2389 782 2455 bonum,
810 2388 1048 2457 quoniam
1072 2386 1197 2440 mihi
1220 2385 1410 2440 malum
1433 2386 1634 2456 adjacet
1660 2404 1679 2441 :
1710 2387 1762 2443 id
1800 2398 1920 2457 est,
1949 2391 2160 2447 invenio

575 2478 747 2549 legem
776 2479 973 2535 bonum
1000 2477 1129 2534 mihi
1174 2490 1297 2532 esse
1320 2517 1336 2542 ,
1376 2491 1497 2533 cum
1538 2478 1661 2534 volo
1702 2480 1876 2536 facere
1905 2482 2046 2551 quod
2074 2483 2157 2539 lex

575 2571 736 2625 habet
767 2567 843 2642 (a)
862 2610 876 2633 ,
903 2568 1154 2639 quoniam
1180 2566 1309 2623 mihi
1334 2568 1533 2623 malum
1557 2569 1783 2639 adjaeet,
1806 2571 1874 2627 ad
1901 2571 2055 2630 facile
2076 2573 2156 2629 fa-

558 2661 839 2717 ciendum.
858 2660 1238 2730 Quiasuperius
1261 2659 1403 2730 quod
1430 2663 1524 2727 ait,
1539 2659 1677 2718 Velle
1699 2664 1898 2734 adjacet
1926 2666 2071 2732 mihi,
2089 2668 2155 2723 ad

568 2752 874 2807 facilitatem
902 2749 1054 2806 dixit.
1100 2749 1237 2818 Quid
1263 2750 1405 2806 enim
1437 2750 1645 2808 facilius
1674 2753 1874 2810 homini
1909 2758 2012 2812 sub
2037 2759 2154 2831 lege

568 2843 880 2907 constituto,
910 2855 1068 2911 quam
1095 2840 1232 2897 velle
1253 2840 1450 2896 bonum
1475 2851 1528 2897 et
1553 2842 1730 2899 facere
1752 2846 1993 2902 malum?
2017 2848 2149 2904 Nam

569 2939 624 2987 et
650 2930 778 2985 illud
806 2930 924 2986 sine
950 2929 1263 2985 difficultate
1290 2930 1422 2998 vult,
1455 2934 1695 3002 quamvis
1724 2950 1829 2990 non
1863 2944 1968 2992 tam
1994 2937 2153 2995 facile

564 3021 755 3089 faciat,
783 3037 942 3092 quam
970 3021 1126 3077 facile
1162 3021 1314 3088 vult;
1345 3031 1397 3078 et
1426 3022 1526 3078 hoc
1553 3025 1694 3095 quod
1730 3027 1843 3081 odit
1873 3026 2025 3085 facile
2053 3029 2149 3085 ha-

565 3110 657 3167 bet
680 3153 694 3177 ,
721 3111 963 3182 quamvis
1000 3110 1056 3167 id
1091 3111 1224 3167 nolit
1256 3129 1271 3165 :
1313 3113 1449 3168 sicut
1474 3116 1839 3185 prmcipitatus
1867 3120 1984 3175 sine
2011 3120 2151 3177 diffl-

562 3203 761 3259 cultate
787 3202 932 3259 venit
960 3203 1012 3257 in
1052 3201 1372 3272 profundum
1397 3243 1413 3269 ,
1452 3205 1695 3275 quamvis
1734 3206 1786 3261 id
1833 3208 1965 3265 nolit
1990 3221 2148 3283 atque

563 3292 758 3349 oderit.
790 3293 900 3350 lloc
940 3293 1050 3348 dixi
1078 3303 1298 3364 propter
1327 3294 1549 3352 verbum
1578 3298 1721 3368 quod
1763 3299 1875 3369 ait,
1923 3302 2143 3374 adjacet.

562 3384 811 3439 Perhibet
838 3384 998 3455 igitur
1014 3384 1377 3440 testimonium
1398 3386 1521 3458 legi,
1543 3390 1683 3459 quod
1709 3390 1846 3447 bona
1868 3394 1955 3459 sit,
1984 3396 2145 3455 homo

558 3474 663 3530 sub
691 3489 754 3529 ea
780 3474 984 3544 positus
1009 3483 1064 3530 et
1088 3475 1322 3531 nondum
1348 3478 1516 3548 gratia
1561 3480 1851 3551 liberatus;
1900 3488 2144 3556 perhibet

557 3564 779 3620 omnino
797 3579 864 3620 eo
890 3565 1006 3635 ipso
1030 3565 1171 3636 quod
1197 3582 1259 3623 se
1284 3568 1628 3637 reprehendit
1654 3571 1829 3630 facere
1846 3587 2033 3633 contra
2059 3580 2141 3636 le-

556 3672 683 3727 gem
711 3674 723 3710 :
756 3667 812 3712 et
836 3656 1039 3714 invenit
1072 3672 1191 3714 eam
1232 3659 1430 3715 bonum
1459 3661 1560 3716 sibi
1591 3677 1713 3719 esse
1737 3664 1759 3697 ⁸
1780 3705 1797 3733 ,
1838 3668 2025 3726 volens
2065 3671 2139 3727 fa-

556 3762 680 3802 cere
725 3747 868 3817 quod
914 3748 1004 3803 illa
1047 3747 1238 3818 jubet,
1281 3758 1337 3805 et
1379 3753 1807 3822 concupiscentia
1852 3770 2139 3829 superante

557 3853 663 3893 non
702 3838 917 3905 valens;
957 3845 1115 3909 atque
1155 3839 1229 3895 ita
1267 3854 1326 3896 se
1365 3842 1818 3912 prtevaricationis
1855 3859 2001 3905 reatu
2032 3853 2137 3907 im-

556 3931 807 4000 plicatum
846 3930 1028 4000 videt,
1071 3929 1139 3987 ad
1173 3930 1286 3988 hoc
1328 3939 1386 3987 ut
1425 3935 1649 4004 gratiam
1695 3935 1998 3996 liberatoris
2034 3943 2135 3997 im-

554 4024 749 4094 ploret.

624 4118 712 4173 13.
739 4114 1066 4173 Condelector
1080 4117 1243 4183 enim,
1273 4116 1461 4189 inquit,
1489 4118 1591 4190 legi
1619 4117 1712 4174 Dei
1739 4123 2017 4179 secundum
2046 4124 2131 4181 in-

551 4210 781 4264 teriorem
810 4208 1062 4264 hominem
1093 4224 1112 4262 :
1135 4208 1185 4265 ei
1212 4209 1391 4279 utique
1418 4209 1540 4280 legi,
1570 4226 1687 4282 qua:
1707 4212 1855 4281 dicit,
1883 4214 2000 4271 Non
2017 4233 2132 4273 con-

550 4301 793 4369 supisccs.
832 4297 990 4352 Video
1009 4307 1199 4365 autem,
1229 4298 1427 4368 inquit,
1456 4299 1615 4370 legem
1642 4301 1797 4356 aliam
1818 4304 1872 4358 in
1895 4309 2130 4364 membris

551 4391 691 4457 meis,
718 4397 1082 4459 repugnantem
1110 4388 1208 4458 legi
1237 4390 1414 4443 mentis
1449 4406 1590 4456 mete,
1623 4402 1669 4446 et
1689 4396 2022 4463 captivantem
2049 4416 2129 4456 me

546 4480 637 4535 sub
662 4481 770 4550 lege
794 4479 983 4549 peccati
1001 4518 1016 4544 ,
1058 4493 1173 4550 quia
1208 4488 1281 4532 est
1304 4480 1358 4533 in
1384 4482 1615 4536 membris
1640 4485 1781 4540 meis.
1810 4489 2006 4559 Legem
2032 4505 2128 4561 ap-

549 4572 711 4641 pellat
734 4571 786 4624 in
814 4568 1071 4625 membris
1095 4568 1208 4623 suis
1231 4611 1248 4636 ,
1279 4584 1416 4625 onus
1458 4572 1630 4642 ipsum
1662 4579 1997 4636 mortalitatis
2018 4622 2038 4648 ,
2069 4583 2122 4638 in

547 4678 652 4732 quo
680 4661 1071 4732 ingemiscimus
1091 4662 1295 4732 gravati
1320 4662 1390 4733 (ll
1417 4663 1534 4719 Cor.
1560 4682 1612 4734 v,
1640 4669 1717 4738 4).
1746 4670 1953 4742 Corpus
1979 4676 2121 4730 enim

544 4752 688 4824 quod
729 4753 1088 4822 corrumpitur
1123 4764 1374 4824 aggravat
1417 4758 1647 4816 animam
1681 4762 1836 4835 (Sap.
1878 4781 1929 4821 ιχ
1957 4808 1973 4833 ,
2006 4769 2116 4837 15).

540 4841 646 4898 Per
668 4842 810 4913 quod
842 4843 898 4897 [lt
920 4841 1079 4898 etiam
1105 4858 1248 4914 serpe
1272 4856 1329 4901 ut
1360 4847 1552 4905 invicte
1576 4851 1808 4909 delectet
1831 4857 1971 4925 quod
2011 4874 2118 4915 non

542 4935 665 4990 licet
688 4933 731 4988 ⁵.
759 4933 927 5003 Quam
956 4935 1217 4991 sarcinam
1248 4950 1578 5007 prementem
1619 4953 1671 4997 et
1698 4956 1973 5015 urgentem
2000 4950 2119 5007 ideo

548 5024 718 5093 legem
743 5024 992 5094 appellat,
1020 5024 1142 5095 quia
1167 5025 1286 5096 jure
1312 5030 1557 5099 supplicii
1588 5033 1767 5090 divino
1791 5035 1992 5105 judicio
2017 5042 2116 5097 tri-

545 5111 670 5175 buta
691 5126 745 5172 et
769 5117 1013 5187 imposita
1047 5127 1130 5174 est
1154 5119 1221 5174 ab
1244 5135 1309 5175 eo
1333 5123 1422 5192 qui
1448 5128 1768 5192 prmmonuit
1802 5127 2071 5189 hominem
2094 5175 2111 5203 ,

536 5209 718 5266 dicens
741 5228 756 5266 :
781 5209 893 5277 Qua
916 5211 997 5265 die
1015 5211 1454 5281 manducavcritis,
1479 5227 1637 5271 morte
1656 5222 1937 5278 moriemini
1960 5226 2112 5299 (Gen.

593 5383 612 5416 ι
647 5382 887 5443 verbum,
918 5381 1127 5443 invenio,
1152 5382 1293 5434 abest
1323 5398 1351 5435 a
1383 5392 1492 5436 Mss.

589 5446 611 5520 ξ
645 5445 717 5494 sic
747 5450 829 5517 Er._
857 5453 910 5495 et
941 5446 1164 5520 potiores
1327 5448 1705 5520 At'yovnmala:
1732 5458 2102 5512 consuetudinis.

589 5507 611 5538 ι
643 5512 774 5575 ιρι,
810 5503 985 5585 ἰηιχςηίι
1015 5503 1308 5585 cenationum
1340 5506 1430 5560 sibi
1458 5503 1577 5561 esse.
1599 5519 1654 5562 At
1677 5503 1775 5564 Am.
1795 5503 2106 5585 Εὶέῖἑθῖᾞέζλ

530 5567 701 5639 invenit
733 5580 840 5636 εαηι
873 5566 1050 5639 ire"?!
1074 5565 1167 5639 sibi
1196 5579 1325 5639 εδεεο.
1363 5627 1393 5639 ..

590 5629 771 5701 ξμωνη
796 5626 940 5701 imite
970 5628 1173 5701 delectet
1199 5628 1325 5701 quod
1357 5627 1487 5701 licet.
1519 5641 1689 5687 Locum
1713 5643 1954 5701 rarumad
1988 5645 2107 5697 alias

528 5685 769 5753 editiones
790 5690 1123 5753 restituimus,
1157 5685 1327 5753 partim
1359 5692 1418 5742 ad
1450 5700 1557 5746 Mss.

584 5750 658 5812 (a)
690 5756 844 5810 Forte,
872 5749 1014 5807 iubet.

1118 359 1202 414 DE
1246 359 1549 418 DlVl-lRSiS
1585 343 2102 431 QU.{'.'STl0.\'lBUS
2143 367 2231 421 AD
2271 368 2769 440 SlllPLlClANUM,
2811 376 2866 431 S.
2908 379 3275 440 AUGUSTINI

3760 394 3847 455 l08

2285 497 2359 549 ιι,
2401 487 2511 555 17).
2554 488 2679 544 Haec
2710 490 2790 546 lex
2818 505 3076 565 repugnat
3101 498 3203 570 legi
3249 502 3445 559 mentis
3471 504 3705 578 dicenti,
3740 511 3847 572 Non

2282 579 2601 648 concupisces
2629 597 2648 635 :
2673 583 2772 643 cui
2790 587 3196 646 condelectatur
3220 593 3380 650 homo
3401 599 3694 656 secundum
3722 604 3844 663 inte-

2282 669 2478 724 riorem
2503 671 2769 729 hominem
2797 692 2811 741 ;
2842 686 2895 732 et
2917 687 3197 751 antequam
3219 684 3289 739 sit
3309 687 3532 759 quisque
3553 693 3655 748 sub
3674 697 3842 769 gratia,

2282 759 2352 813 ita
2381 772 2660 833 repugnat,
2690 777 2747 822 ut
2776 777 2830 823 et
2854 771 3088 840 captivet
3112 789 3235 830 eum
3260 779 3361 834 sub
3402 780 3518 851 lege
3554 759 3774 856 peccati,
3799 759 3842 847 id

2281 861 2362 906 est
2392 854 2492 909 sub
2520 857 2826 928 semetipsa.
2857 860 2991 917 Cum
3021 865 3165 920 enim
3201 866 3349 935 dicit,
3385 888 3499 941 quae
3523 886 3594 929 est
3622 877 3675 930 in
3705 854 3845 936 mem-

2280 943 2381 997 bris
2407 946 2567 1011 meis;
2609 947 2746 1004 hanc
2772 953 3008 1009 ostendit
3044 957 3289 1013 eamdem
3328 976 3449 1017 esse
3471 963 3538 1019 de
3575 981 3682 1037 qua
3707 985 3844 1042 supe-

2281 1034 2392 1091 rius
2411 1036 2503 1103 ait,
2543 1037 2698 1093 l’ideo
2719 1040 2873 1096 aliam
2896 1043 3057 1115 legem
3076 1047 3137 1101 in
3157 1051 3392 1106 membris
3417 1056 3561 1110 meis.

2352 1127 2439 1182 14.
2474 1128 2584 1183 lloc
2607 1139 2785 1186 autem
2815 1142 2982 1189 totum
3007 1137 3125 1192 ideo
3147 1139 3360 1209 dicitur,
3390 1155 3446 1199 ut
3466 1145 3842 1211 demonstretur

2279 1218 2481 1275 homini
2510 1225 2721 1293 captivo
2759 1241 2865 1281 non
2914 1243 3035 1284 esse
3081 1237 3510 1300 pracsumcndum
3553 1241 3624 1297 de
3663 1246 3841 1302 viribus

2277 1311 2408 1365 suis.
2440 1311 2587 1368 Unde
2616 1314 2830 1373 Judmos
2857 1320 3112 1389 arguebat
3138 1331 3226 1379 tan
3247 1342 3383 1396 luam
3411 1330 3477 1386 de
3505 1337 3752 1403 Operibus
3774 1341 3838 1396 le-

2274 1403 2357 1473 gis
2381 1406 2608 1475 snperbe
2639 1408 2947 1479 gloriantes,
2972 1430 3091 1470 cum
3121 1420 3458 1479 traherentur
3477 1432 3842 1499 concupiscen-

2278 1497 2347 1550 tia
2374 1497 2442 1552 ad
2480 1499 2734 1571 quidquid
2776 1502 3015 1559 illicitum
3044 1520 3146 1573 cst,
3182 1526 3301 1566 cum
3334 1514 3417 1570 lex
3444 1517 3511 1573 de
3536 1497 3841 1594 qua—gloria-

2274 1584 2468 1642 bantur
2490 1629 2505 1655 ,
2535 1590 2716 1660 dicat,
2751 1591 2874 1649 Non
2912 1601 3252 1669 concupisces.
3288 1584 3571 1665 llumilitcr
3614 1584 3739 1686 ergo
3772 1619 3840 1674 di-

2273 1679 2501 1733 cendum
2531 1694 2612 1736 est
2643 1683 2843 1741 homini
2872 1688 3011 1744 victo
3035 1732 3049 1756 ,
3082 1692 3333 1750 damnato
3358 1740 3372 1764 ,
3403 1704 3619 1771 captivo
3639 1748 3653 1771 ,
3675 1679 3733 1764 et
3754 1727 3840 1769 nec

2272 1770 2460 1824 saltem
2490 1785 2703 1844 accepta
2736 1776 2851 1847 lege
2878 1780 3082 1843 victori.
3107 1784 3198 1838 sed
3224 1788 3396 1855 potius
3423 1770 3805 1861 prmvaricatori
3823 1846 3835 1869 ,

2273 1858 2543 1916 humiliter
2564 1865 2966 1924 exclamandum
2993 1881 3093 1938 est,
3124 1873 3283 1930 Miser
3317 1895 3407 1950 ego
3433 1883 3608 1954 homo,
3641 1892 3748 1958 quis
3772 1912 3839 1951 me

2272 1951 2496 2007 liberabit
2514 1955 2578 2008 de
2600 1972 2808 2029 corpore
2828 1964 3002 2017 mortis
3021 1964 3173 2035 hujus
3194 1969 3220 2020 Ρ
3248 1967 3424 2026 Gratia
3447 1972 3547 2029 Dei
3572 1951 3665 2048 per
3681 1980 3835 2041 Iesum

2270 2043 2523 2100 Christum
2566 2047 2839 2104 Dominum
2869 2066 3112 2133 nostrum.
3165 2059 3276 2115 lloc
3305 2065 3444 2119 enim
3476 2080 3647 2126 restat
3677 2074 3725 2129 in
3750 2075 3833 2133 ista

2270 2136 2483 2190 mortali
2525 2138 2632 2192 vita
2683 2138 2852 2195 libero
2893 2124 3152 2215 arbitrio,
3195 2166 3300 2206 non
3348 2164 3405 2208 ut
3436 2155 3659 2227 impleat
3695 2163 3835 2223 homo

2260 2224 2545 2294 justitiam,
2568 2244 2691 2285 cum
2714 2234 2958 2301 voluerit,
2983 2238 3075 2293 sed
3105 2248 3163 2294 ut
3189 2255 3247 2297 sc
3268 2248 3487 2316 supplici
3508 2224 3706 2319 pietate
3726 2272 3836 2312 con-

2266 2327 2440 2372 vertat
2467 2319 2534 2373 ad
2566 2335 2687 2376 eum
2714 2324 2866 2394 cujus
2894 2327 3035 2383 dono
3061 2345 3178 2386 eam
3205 2338 3379 2403 possit
3407 2338 3657 2410 implere.

2340 2409 2424 2464 l5.
2457 2409 2512 2464 In
2540 2411 2639 2467 hac
2664 2428 2790 2485 ergo
2820 2424 2949 2486 tota,
2974 2436 3131 2488 quam
3161 2409 3524 2499 tractavimus,
3567 2440 3830 2506 apostolici

2265 2502 2603 2559 contextione
2633 2509 2917 2577 sermonis,
2956 2513 3194 2583 quisquis
3229 2526 3374 2585 putat
3426 2502 3666 2581 sensisse
3706 2531 3830 2600 Apti-

2264 2593 2459 2649 stolum
2489 2596 2631 2665 quod
2658 2599 2791 2654 mala
2833 2601 2899 2659 sit
2928 2603 3034 2669 lex,
3076 2608 3324 2675 quoniam
3368 2612 3514 2680 dicit,
3543 2615 3658 2673 Lex
3680 2593 3830 2676 subin-

2262 2686 2430 2752 travit,
2479 2697 2532 2741 ut
2561 2688 2839 2746 abundaret
2865 2693 3098 2749 delictum
3129 2697 3302 2770 (Rom.
3332 2717 3386 2769 v,
3417 2704 3531 2776 20);
3559 2719 3650 2770 et.
3691 2710 3829 2766 uiui-

2260 2776 2437 2829 stratio
2462 2780 2636 2833 mortis
2658 2781 2707 2834 in
2738 2781 2915 2837 litteris
2936 2785 3153 2855 ﬁgurata
3182 2788 3395 2860 lapideis
3421 2794 3487 2862 (ll
3511 2796 3633 2851 Cor.
3668 2817 3740 2866 ιιι,
3762 2801 3824 2874 7);

2259 2875 2333 2936 et,
2357 2865 2529 2925 Virtus
2544 2874 2736 2940 peccati
2752 2873 2833 2927 lea:
2857 2873 2895 2946 (I
2911 2876 3024 2930 Cor.
3042 2894 3129 2944 xv,
3159 2882 3272 2953 56),
3296 2891 3368 2949 ct,
3399 2885 3593 2943 Mortui
3616 2865 3733 2948 estis
3746 2865 3828 2966 legi

2260 2975 2349 3027 per
2376 2976 2559 3031 corpus
2584 2962 2769 3017 Christi
2796 2979 2848 3019 ut
2872 2968 2982 3021 sitis
3007 2969 3215 3026 alterius
3238 2976 3325 3043 qui
3347 2993 3410 3030 ex
3435 2984 3650 3036 mortuis
3673 3002 3823 3040 resur-

2255 3051 2416 3116 rexit;
2440 3060 2512 3115 et,
2544 3050 2815 3109 Passiones
2848 3069 3184 3128 peccatorum,
3230 3081 3342 3135 qua:
3375 3086 3466 3139 per
3512 3071 3675 3142 legem
3702 3088 3823 3143 sunt,

2252 3142 2594 3211 operabantur
2642 3146 2693 3199 in
2746 3149 2978 3205 membris
3024 3157 3228 3223 nostris,
3280 3168 3334 3212 ut
3380 3164 3602 3231 fructum
3655 3171 3825 3241 [errent

2254 3235 2435 3300 morti;
2460 3252 2591 3292 nunc
2606 3255 2720 3294 vero
2748 3245 2976 3297 evacuati
2996 3254 3171 3301 sumus
3197 3266 3229 3302 a
3269 3251 3377 3323 lege
3406 3257 3601 3325 mortis,
3656 3261 3706 3314 in
3735 3277 3824 3333 qua

2252 3325 2611 3397 detinebamur,
2640 3333 2712 3386 ita
2732 3345 2785 3387 ut
2812 3337 3082 3393 serviamus
3103 3342 3154 3395 in
3174 3344 3390 3400 novitate
3406 3348 3639 3419 spiritus,
3671 3363 3822 3409 etnon

2249 3417 2302 3472 in
2330 3430 2567 3476 vetustate
2588 3423 2774 3480 litterw
2818 3426 2992 3501 (Rom.
3025 3448 3120 3500 vn,
3153 3435 3293 3508 4—6);
3324 3449 3374 3492 et
3401 3440 3499 3494 alia
3531 3442 3575 3497 si
3604 3417 3707 3514 qua
3736 3445 3822 3500 bu-

2243 3508 2481 3580 jusmodi
2510 3514 2823 3584 Apostolum
2852 3520 3051 3578 dixisse
3082 3523 3406 3594 invenimus,
3431 3534 3671 3589 attendat
3711 3536 3818 3592 idco

2245 3617 2365 3658 esse
2393 3605 2489 3660 ista
2517 3607 2678 3669 dicta.
2731 3612 2851 3680 quia
2895 3612 2978 3669 lex
3022 3627 3179 3688 anget
3221 3625 3711 3694 concupiscentiam
3758 3646 3816 3685 ex

2247 3696 2620 3767 prohibitione,
2644 3709 2699 3756 et
2724 3719 2873 3759 reum
2909 3707 3107 3779 obligat
3150 3721 3212 3766 cx
3244 3718 3702 3788 pra-varicationc,
3741 3722 3816 3792 ju-

2244 3787 2420 3844 bendo
2443 3791 2583 3868 quod
2608 3793 2827 3862 implere
2855 3797 3098 3855 homines
3126 3816 3189 3856 ex
3222 3804 3531 3864 infirmitate
3570 3828 3679 3868 non
3701 3829 3816 3884 pos-

2242 3888 2386 3946 sunt,
2420 3881 2523 3936 nisi
2563 3898 2621 3937 se
2664 3884 2730 3938 ad
2762 3885 2858 3942 Dei
2900 3890 3123 3958 gratiam
3147 3892 3345 3963 pietate
3387 3881 3720 3959 convertant:
3756 3904 3814 3960 Et

2241 3968 2360 4024 ideo
2381 3971 2480 4027 sub
2521 3973 2611 4028 illa
2637 3989 2757 4031 esse
2800 3977 3068 4045 dicuntur,
3122 3985 3317 4054 quibus
3373 3988 3698 4050 dominatur.
3730 3995 3813 4051 Eis

2238 4069 2415 4115 autem
2443 4062 2765 4134 demiaatur,
2794 4083 2927 4139 quos
2960 4073 3113 4141 punit
3147 4093 3160 4128 :
3193 4077 3343 4145 punit
3389 4090 3565 4137 autem
3615 4100 3811 4158 praeva-

2237 4150 2491 4208 ricatores
2519 4169 2726 4212 omnes.
2757 4156 2929 4215 Porro
2956 4163 3045 4233 qui
3084 4180 3403 4237 acceperunt
3424 4172 3615 4243 legem,
3675 4192 3811 4248 prcc-

2235 4243 2474 4298 varicant
2494 4259 2609 4300 eam
2639 4247 2679 4313 ί,
2709 4248 2809 4304 nisi
2839 4265 2936 4321 per
2967 4255 3190 4323 gratiam
3229 4273 3622 4333 consequantur
3662 4282 3808 4337 posse

2235 4335 2377 4403 quod
2399 4335 2571 4405 jubet.
2601 4338 2679 4393 Ita
2708 4339 2767 4396 fit
2794 4350 2851 4397 ut
2877 4360 2983 4400 non
3012 4346 3316 4406 dominetur
3340 4354 3421 4408 eis
3446 4356 3534 4426 qui
3574 4335 3687 4427 jam
3716 4360 3809 4415 sub

2231 4428 2398 4495 gratia
2428 4438 2571 4497 sunt,
2624 4432 2967 4502 implentibus
3017 4454 3132 4495 eam
3164 4456 3261 4511 per
3306 4445 3621 4505 charitatem
3656 4454 3697 4517 ',
3724 4452 3806 4524 qui

2231 4525 2385 4572 erant
2404 4519 2502 4575 sub
2528 4521 2646 4591 ejus
2677 4523 2867 4581 timore
2896 4526 3151 4586 damnati.

2305 4608 2390 4661 16.
2423 4608 2554 4664 Nam
2584 4611 2631 4666 si
2658 4612 2745 4667 illa
2772 4631 2889 4685 quae
2915 4617 3055 4674 dicta
3085 4631 3227 4688 sunt,
3257 4639 3490 4696 movent,
3516 4640 3569 4684 ut
3590 4643 3796 4702 putetur

2228 4700 2517 4770 Apostolus
2558 4704 2728 4776 legem
2768 4709 3183 4782 reprehendere;
3237 4719 3363 4788 quid
3414 4700 3620 4792 agimus
3643 4725 3707 4781 de
3734 4742 3796 4783 eo

2227 4794 2367 4862 quod
2393 4796 2540 4865 dicit,
2570 4794 2896 4855 Condelector
2937 4806 3066 4860 enim
3097 4808 3195 4880 legi
3221 4809 3317 4867 Dei
3359 4818 3635 4872 secundum
3682 4821 3800 4874 inte-

2225 4888 2406 4942 riorem
2426 4888 2714 4947 hominem?
2743 4893 2854 4949 lloc
2879 4896 3020 4952 enim
3051 4899 3255 4971 dicens,
3286 4905 3456 4977 legem
3478 4909 3656 4981 utique
3689 4913 3799 4966 lau-

2225 4978 2334 5034 dat.
2362 4980 2514 5049 Quod
2569 4998 2689 5038 cum
2721 4984 2796 5041 illi
2848 4989 3088 5057 audiunt,
3142 4999 3488 5068 respondent,
3546 4978 3649 5059 hoc
3686 5005 3799 5059 loco

2223 5074 2538 5143 Apostolum
2567 5076 2632 5131 de
2657 5078 2757 5133 alia
2788 5078 2906 5161 lege
2941 5082 3150 5153 dicere;
3192 5088 3243 5143 id
3273 5100 3375 5157 est,
3421 5092 3487 5149 de
3517 5094 3631 5167 lege
3656 5096 3795 5151 Chri-

2223 5166 2312 5231 sti,
2343 5182 2445 5221 non
2473 5168 2541 5225 de
2571 5172 2806 5253 illa’qutc
2828 5173 2949 5230 data
2976 5187 3058 5231 est
3098 5177 3317 5249 Iudaeis.
3356 5166 3652 5252 Quaerimus
3672 5202 3794 5258 ergo

2220 5256 2288 5311 ab
2312 5258 2390 5312 eis
2420 5258 2485 5314 de
2507 5276 2607 5331 qua
2631 5263 2744 5332 lege
2765 5264 2925 5331 dicat,
2956 5266 3061 5321 Lex
3080 5281 3246 5324 autem
3286 5275 3582 5330 subintravit
3624 5285 3675 5331 ut
3702 5256 3791 5331 ab-

2219 5347 2433 5403 undaret
2462 5350 2738 5409 delictum?
2758 5354 3122 5429 Respondent,
3171 5361 3236 5419 de
3267 5363 3353 5419 illa
3385 5369 3569 5437 procul
3609 5367 3788 5436 dubio,

2218 5455 2374 5508 quam
2401 5440 2569 5497 Judmi
2598 5458 2933 5516 acceperunt.
2966 5450 3095 5504 Vide
3115 5468 3243 5524 ergo
3272 5464 3449 5513 utram
3477 5458 3590 5529 ipsa
3616 5459 3699 5525 sit,
3722 5459 3788 5515 de

2217 5545 2319 5602 qua
2347 5532 2558 5601 dicitur,
2588 5533 2862 5593 Occasione
2889 5552 3111 5612 accepta,
3161 5556 3420 5614 peccatum
3450 5566 3541 5620 per
3580 5550 3786 5604 manda-

2278 5711 2297 5791 :
2329 5710 2401 5791 sic
2431 5716 2595 5791 fruct
2629 5720 2809 5791 esset
2841 5722 2971 5791 nov,
3004 5717 3389 5791 praevaricatum
3421 5736 3544 5776 eam.

2278 5774 2297 5802 ³
2332 5778 2395 5819 Ita
2430 5773 2477 5820 in
2509 5781 2614 5823 Mss.
2652 5783 2704 5824 At
2739 5780 2782 5825 in
2809 5773 2979 5839 editis,
3005 5773 3099 5844 'per
3130 5781 3357 5845 gratiam.
