3996 6282
197 362 283 419 109
1532 361 1714 417 LIBER

1830 364 2038 422 ιιιιυδ.

191 490 280 533 tum
299 485 531 548 operatum
565 483 634 530 est
659 475 710 529 in
739 491 820 530 me
845 491 1036 530 omnem
1073 477 1544 547 concupiscentiam.
1587 477 1726 547 Quid

185 579 258 624 est
289 567 412 622 enim
436 565 593 631 aliud,
625 576 891 636 operatum
932 576 1004 620 est
1042 567 1199 620 inme
1237 583 1435 621 onmem
1486 570 1730 639 concupi—

184 659 423 722 scendam;
448 672 599 727 quam
618 657 666 711 id
695 657 839 728 quod
863 657 932 712 ibi
953 665 1052 723 est,
1077 668 1130 712 ut
1152 659 1432 715 abundaret
1450 659 1729 714 delictum?

187 749 300 804 Vide
326 763 518 818 quoque
559 759 737 802 utrum
788 758 1046 804 consonet
1097 750 1258 804 etiam
1309 751 1396 804 illa
1427 752 1722 816 sententia,

183 848 228 891 ut
245 839 324 906 ﬁat
343 855 480 908 supra
505 838 711 891 modum
741 848 974 908 peccator
993 851 1077 892 aut
1103 849 1364 910 peccatum
1387 857 1474 910 per
1501 840 1722 894 manda-

185 942 292 985 tam.
334 929 438 984 Hoc
482 937 560 983 est
587 929 752 995 enim,
803 940 858 983 ut
887 931 976 999 ﬁat
999 947 1155 1002 supra
1183 931 1387 984 modum
1433 943 1728 1001 peccatum;

182 1023 303 1095 quod
329 1030 419 1086 est,
446 1021 791 1076 utabundaret
825 1023 1083 1076 delictum.
1137 1021 1196 1077 Si
1232 1023 1389 1094 igitur
1432 1022 1728 1078 ostenderi-

182 1131 283 1172 mus
307 1116 481 1170 bonum
511 1129 633 1169 esse
678 1114 1016 1180 mandatum,
1050 1115 1194 1170 unde
1238 1116 1521 1170 occasione
1569 1131 1726 1170 acce-

180 1220 253 1276 pta
282 1217 528 1276 peccatum
559 1217 840 1276 operatum
868 1217 950 1261 est
975 1222 1190 1261 omnem
1208 1207 1723 1276 concupiscentiam,

180 1308 226 1351 ut
251 1298 384 1352 ﬁeret
403 1312 550 1365 supra
574 1295 813 1361 modum;
839 1297 997 1350 simul
1023 1297 1372 1351 ostendemus
1389 1296 1580 1350 bonam
1607 1311 1728 1351 esse

177 1389 343 1458 legem,
390 1403 497 1457 qua:
544 1387 864 1442 subintravit
915 1395 973 1440 ut
1011 1387 1307 1442 abundaret
1350 1386 1624 1452 delictum,
1673 1385 1726 1440 id

172 1489 260 1544 est,
302 1487 354 1532 ut
393 1487 698 1548 operaretur
760 1489 1033 1548 peccatum
1071 1493 1288 1532 omnem
1337 1478 1724 1547 concupiscen-

178 1574 301 1633 tiam,
332 1580 380 1624 et
410 1570 555 1624 lierct‘.
582 1584 742 1640 supra
769 1569 1006 1624 modum.
1041 1570 1276 1624 Andiant
1303 1585 1430 1640 ergo
1475 1569 1724 1624 eumdem

172 1662 434 1729 apostolum
462 1660 746 1723 dicentem,
779 1660 912 1727 Quid
946 1677 1062 1729 ergo
1107 1661 1368 1715 dicemus?
1394 1659 1504 1714 Lex
1535 1677 1723 1730 pecca-

176 1761 263 1804 tum
290 1752 391 1804 est?
413 1751 568 1804 Absit.
603 1751 737 1814 Hoc,
774 1751 1038 1822 inquiunt,
1071 1750 1138 1806 dc
1162 1751 1278 1822 lege
1299 1751 1496 1806 Christi
1524 1750 1722 1805 dictum

171 1853 264 1904 est;
292 1841 386 1897 hoc
409 1853 505 1907 est,
536 1842 603 1897 de
648 1843 764 1912 lege
785 1843 986 1913 gratiae.
1031 1842 1414 1912 Respondeatit
1448 1844 1628 1912 itaque
1657 1841 1725 1897 de

171 1952 256 2004 qua
279 1933 550 2004 intelligant
599 1931 728 1987 illud
782 1932 923 2002 quod
974 1933 1216 2003 sequitur
1247 1951 1258 1984 :
1295 1933 1403 1986 Sed
1429 1949 1518 2003 ego
1551 1949 1726 2002 pecca-

171 2035 259 2077 tum
282 2041 369 2077 non
391 2024 614 2093 cognovi,
647 2023 745 2076 nisi
770 2039 860 2093 per
886 2023 1062 2093 legem.
1096 2021 1236 2076 Nam
1262 2024 1719 2089 concupiscentiam

174 2115 428 2178 nesciebam,
478 2115 579 2168 nisi
618 2113 703 2168 lea:
749 2114 952 2178 diceret,
980 2112 1102 2168 Non
1157 2114 1497 2183 concupisces.
1554 2114 1722 2166 Occa-

171 2222 289 2259 sione
305 2219 456 2258 autem
485 2215 714 2274 accepta,
740 2215 997 2274 peccatum
1026 2221 1116 2274 per
1140 2211 1436 2257 mandatum
1463 2211 1724 2273 operatum

173 2306 232 2349 est
253 2297 296 2349 in
318 2313 386 2349 me
398 2313 598 2350 onmem
625 2295 1104 2358 concupiscentiam.
1136 2295 1275 2350 Ecce
1302 2295 1584 2349 verborum
1608 2296 1718 2364 ipsa

174 2390 400 2443 contextio
411 2390 538 2444 satis
556 2387 759 2443 indicat
773 2386 838 2441 de
853 2403 955 2457 qua
970 2389 1084 2457 lege
1098 2387 1311 2456 dixerit,
1332 2389 1439 2441 Lex
1463 2395 1722 2457 peccatum

178 2481 420 2536 estlAbsit.
453 2483 528 2537 De
557 2481 653 2536 illa
681 2482 905 2549 scilicet,
934 2496 1030 2551 per
1058 2481 1209 2550 cujus
1235 2480 1542 2535 mandatum
1562 2494 1718 2532 occa-

184 2573 245 2628 sio
269 2573 347 2628 fuit
369 2583 607 2645 peccato,
639 2582 697 2628 ut
723 2583 1036 2644 operaretur
1079 2588 1295 2627 onmem
1331 2573 1721 2642 concupiscen-

188 2666 301 2719 tiam.
320 2667 380 2722 De
400 2668 481 2722 illa
509 2682 644 2738 ergo
688 2682 808 2737 qua:
843 2655 1156 2720 subintra‘it
1200 2676 1259 2718 ut
1300 2663 1595 2718 abundaret
1629 2663 1722 2718 de-

193 2755 347 2823 lictum,
372 2773 519 2829 quam
579 2765 767 2827 putant
811 2757 887 2812 illi
914 2756 1130 2811 malam.
1158 2755 1261 2812 Sed
1289 2756 1414 2826 quid
1460 2755 1716 2827 apertius,

191 2861 310 2917 quam
334 2848 375 2902 id
401 2848 537 2920 quod
563 2848 729 2920 paulo
755 2859 875 2918 post
903 2846 996 2914 ait,
1030 2846 1210 2917 Itaque
1240 2845 1322 2900 lea:
1357 2846 1558 2917 quidem
1597 2861 1719 2898 san-

180 2949 259 3003 cla,
276 2951 313 2992 et
338 2943 623 2996 mandatum
651 2950 904 3008 sanctum,
937 2949 984 2994 et
1015 2944 1234 3010 justum,
1257 2949 1304 2993 et
1341 2940 1566 2996 bonum?
1607 2938 1719 2994 Hoc

179 3045 324 3084 rursus
348 3031 515 3087 dicunt
545 3047 655 3087 non
703 3031 770 3086 de
798 3031 887 3085 illa
915 3031 1031 3102 lege
1057 3047 1174 3102 quae
1197 3029 1399 3086 Judzeis
1448 3030 1571 3086 data
1611 3038 1712 3097 est,

176 3121 250 3176 sed
275 3123 330 3179 de
354 3124 635 3196 Evangelia
661 3124 863 3180 dictum
895 3134 996 3180 est.
1037 3123 1447 3179 Manichaeorum
1471 3133 1552 3179 est
1573 3124 1714 3179 enim

173 3221 261 3267 tam
282 3214 606 3270 inerrabiliter
631 3231 772 3270 caeca
803 3217 901 3270 ista
934 3215 1278 3288 perversitas.
1307 3213 1422 3269 Non
1446 3215 1589 3269 enim
1635 3222 1717 3268 at-

171 3303 360 3358 tendunt
383 3305 514 3375 quod
563 3305 958 3376 apertissimum
1001 3319 1055 3360 et
1084 3303 1573 3359 manifestissimum
1626 3317 1714 3356 se-

168 3392 335 3460 quitur,
363 3395 501 3462 Quod
524 3413 645 3466 ergo
671 3395 853 3449 bonunt
881 3405 974 3461 est,
1019 3395 1142 3448 milii
1171 3398 1362 3466 factum
1415 3405 1488 3448 est
1536 3393 1715 3449 mors?

172 3484 302 3538 Absit.
343 3486 440 3541 Sed
466 3498 746 3558 peccatum,
797 3497 850 3541 ut
877 3498 1120 3559 appareat
1173 3497 1448 3556 peccatum,
1496 3502 1585 3558 per
1627 3485 1714 3540 bo-

169 3591 267 3628 num
305 3579 416 3631 mihi
439 3590 699 3650 operatum
729 3589 800 3633 est
831 3589 1060 3646 mortem,
1089 3590 1152 3650 ut
1179 3579 1270 3649 ﬁat
1318 3597 1473 3650 supra
1508 3579 1712 3633 modum

171 3677 364 3733 peccator
405 3679 486 3724 aut
532 3680 796 3742 peccatum
831 3687 920 3742 per
958 3669 1252 3723 mandatum
1290 3672 1437 3724 :hnc
1465 3679 1563 3732 est,
1618 3683 1712 3738 per

167 3759 430 3816 mandatum
456 3772 720 3830 sanctum,
747 3771 801 3818 et
829 3762 1051 3834 justum,
1102 3771 1155 3817 et
1186 3763 1405 3827 bonum;
1453 3762 1593 3832 quod
1627 3771 1710 3816 ta-

167 3865 269 3905 men
295 3854 593 3910 subintravit
623 3863 684 3910 ut
728 3855 1024 3910 abundaret
1053 3863 1351 3927 peccatum,
1376 3854 1476 3910 hac
1520 3865 1623 3922 est,
1653 3863 1712 3910 ut

168 3939 295 3996 ﬁeret
315 3958 459 4015 supra
490 3946 727 4002 modum.

226 4033 301 4086 l7.
330 4034 425 4089 Cur
443 4052 568 4107 ergo
599 4037 904 4090 ministratio
935 4036 1109 4090 mortis
1136 4035 1350 4103 dicitur,
1386 4036 1428 4089 si
1459 4042 1594 4090 bona
1624 4046 1708 4091 est

166 4120 268 4177 lex?
290 4126 407 4193 Quia
434 4140 688 4199 peccatum
718 4137 770 4181 ut
796 4139 1040 4200 appareat
1067 4141 1349 4200 peccatum,
1395 4147 1482 4198 per
1523 4131 1707 4182 bonum

168 4216 270 4268 mihi
287 4229 529 4287 operatum
556 4229 632 4274 est
668 4230 896 4273 mortem.
921 4219 1029 4274 Nec
1072 4221 1300 4286 mireris,
1345 4235 1462 4273 cum
1493 4219 1559 4272 de
1594 4220 1704 4288 ipsa

169 4306 502 4371 prtedicalione
525 4312 797 4382 Evangelii
843 4311 1041 4365 dictum
1069 4312 1137 4365 sit
1167 4329 1178 4365 :
1203 4312 1381 4364 Christi
1400 4313 1554 4365 bonus
1583 4311 1708 4362 odor

169 4412 311 4451 sumus
331 4397 449 4466 Deo,
475 4403 524 4455 in
549 4403 612 4457 iis
637 4403 722 4473 qui
749 4403 877 4456 salvi
901 4404 1050 4471 ﬁunt,
1085 4414 1128 4456 et
1157 4405 1208 4456 in
1232 4404 1294 4456 iis
1338 4404 1423 4472 qui
1470 4413 1706 4473 pereunt;

169 4487 264 4542 aliis
300 4493 482 4562 quidem
512 4496 638 4548 odor
663 4497 778 4549 vita:
803 4497 854 4549 in
885 4499 1051 4560 vitam,
1083 4498 1196 4550 aliis
1222 4507 1386 4550 autem
1410 4497 1536 4550 odor
1566 4513 1704 4549 mor-

170 4581 222 4632 tis
260 4583 306 4636 in
350 4596 548 4640 mortem
600 4587 663 4658 (ll
693 4585 810 4642 Cor.
841 4603 897 4654 ιι,
930 4587 1016 4652 l5,
1051 4587 1156 4656 lli).
1201 4589 1279 4641 Ad
1314 4587 1527 4642 Judmos
1559 4587 1703 4642 enim

172 4669 284 4725 dicta
309 4683 381 4728 est
401 4675 478 4730 lex
506 4677 826 4731 ministratio
854 4677 1060 4744 mortis,
1094 4677 1157 4731 ad
1188 4692 1320 4747 quos
1361 4687 1412 4732 et
1447 4678 1495 4730 in
1531 4676 1704 4746 lapide

174 4763 336 4832 scripta
375 4776 451 4820 est
492 4767 556 4821 ad
583 4783 766 4822 eorum
812 4766 1060 4821 duritiam
1115 4765 1460 4838 ﬁgurandam;
1504 4782 1607 4819 non
1637 4766 1702 4820 ad

174 4865 250 4906 eos
284 4857 361 4924 qui
407 4857 573 4929 legem
632 4873 724 4927 per
775 4858 1088 4912 cliaritatem
1135 4857 1371 4927 implent.
1430 4855 1702 4911 Plenitudo

175 4944 290 4998 enim
314 4947 442 5018 legis,
470 4950 706 5003 Charitas.
734 4949 851 5021 Ipsa
877 4951 1019 5004 enim
1045 4948 1153 5017 lex,
1184 4966 1300 5019 qua:
1324 4949 1374 5002 in
1402 4949 1589 5003 litteris
1623 4956 1705 5003 est

177 5029 356 5100 ﬁgurata
378 5038 611 5108 lapideis,
647 5040 793 5108 dicit,
828 5039 949 5096 Non
975 5040 1302 5105 adulterabis,
1338 5038 1460 5094 Non
1495 5039 1703 5094 homici-

176 5123 290 5180 dium
334 5132 490 5200 facies,
533 5132 654 5186 Non
706 5133 974 5204 furabcris,
1029 5131 1150 5187 Non
1193 5133 1547 5205 concupisces,
1592 5141 1699 5188 etc.

176 5214 312 5283 Quam
335 5221 490 5292 legem
511 5225 639 5280 dicit
661 5225 942 5297 Apostolus
967 5225 1176 5294 impleri
1223 5241 1318 5295 per
1364 5224 1697 5291 charitatem,

177 5303 234 5362 ita
255 5310 448 5381 loquens
478 5333 489 5368 :
516 5315 614 5381 Qui
657 5318 784 5370 enim
817 5317 982 5387 diligit
1023 5315 1238 5369 alterum
1268 5317 1308 5382 ',
1344 5316 1500 5386 legem
1523 5315 1700 5384 imple-

177 5396 403 5469 vit.Nam,
451 5403 568 5458 Non
611 5407 928 5471 adulterabis,
985 5406 1103 5461 Non
1150 5407 1472 5460 homicidium
1521 5406 1695 5477 facies,

181 5485 276 5542 Non
294 5491 537 5560 ferebaris,
587 5495 702 5551 Non
744 5499 1101 5568 concupisces;
1131 5509 1174 5551 et
1204 5499 1245 5551 si
1271 5499 1404 5566 quod
1438 5507 1508 5551 est
1557 5495 1696 5548 aliud

178 5582 446 5653 mandatum,
474 5587 525 5641 in
546 5587 637 5640 hoc
670 5605 893 5644 sermone
929 5591 1309 5660 recapitulatur,
1346 5588 1533 5659 Diliges
1579 5604 1698 5659 pro-

180 5712 405 5824 δώαεεὶιὶ,
435 5716 715 5781 proximum.
752 5727 808 5772 At
837 5726 963 5784 Mss,
995 5718 1197 5771 alterunt
1218 5733 1235 5783 ;
1254 5721 1390 5783 juxta
1415 5728 1586 5781 graec,
1619 5724 1697 5767 ton

3319 386 3422 445 “0

1836 481 2448 574 mimumAtuumtanquam
2471 495 2515 542 te
2536 487 2699 560 ipsum
2718 490 2893 562 (Rom.
2919 510 3030 563 xttt,
3059 497 3218 572 8-l0)
3249 516 3266 558 :
3293 507 3419 574 quia

1834 581 1890 624 et
1920 569 2021 626 hoc
2039 572 2090 626 in
2109 572 2300 629 eadem
2329 576 2445 646 lege
2471 578 2724 649 scriptum
2754 591 2856 638 est.
2899 584 3006 640 Cur
3047 569 3208 644 uirtus-
3229 569 3418 664 peccati

1837 661 1938 728 lex,
1975 663 2018 718 si
2045 665 2130 719 lex
2159 665 2296 722 bona
2322 669 2449 723 est?
2475 669 2606 737 Quia
2634 686 2910 742 peccatum
2933 693 3031 747 per
3061 661 3258 738 bonum
3279 701 3414 756 0pc-

1835 761 2008 806 ratum
2035 763 2117 808 est
2161 764 2411 824 mortem,
2452 769 2510 814 ut
2539 760 2628 816 liat
2668 778 2830 834 supra
2883 767 3117 834 modum,
3162 771 3266 829 hoc
3313 787 3417 845 est,

1833 843 2066 911 majores
2087 844 2227 900 vires
2262 861 2326 900 ex
2354 851 2796 918 praevaricatione
2822 857 3105 927 concipiat.
3148 860 3254 916 Cur
3283 843 3420 920 mor-

1834 933 1906 985 tui
1929 951 2102 988 smnus
2141 936 2237 1007 legi
2281 955 2372 1008 per
2413 957 2597 1011 corpus
2645 943 2848 1012 Christi,
2893 947 2936 1002 si
2979 949 3120 1006 bona
3163 962 3246 1008 est
3292 956 3421 1011 lex?

1833 1023 1965 1090 Quia
2016 1028 2208 1082 mortui
2247 1043 2432 1084 sumus
2477 1032 2576 1102 legi
2624 1033 2897 1091 damnanti
2931 1039 2969 1105 ί,
3002 1039 3211 1096 liberati
3257 1044 3325 1099 ab
3353 1061 3420 1102 eo

1832 1113 2024 1169 allectu
2052 1133 2207 1186 quem
2237 1118 2323 1175 lex
2347 1123 2495 1190 punit
2518 1134 2570 1178 et
2600 1123 2837 1182 damnat.
2868 1127 3124 1186 Usitatius
3158 1136 3297 1189 enim
3327 1152 3422 1190 vo-

1832 1216 1982 1260 catur
2001 1207 2107 1276 lex,
2131 1211 2340 1280 quando
2369 1213 2600 1270 minatur
2617 1227 2672 1272 et
2713 1225 2876 1274 terret
2893 1229 2946 1275 ct
2961 1222 3211 1280 vindicat.
3237 1226 3421 1298 Itaque

1834 1296 1973 1352 idem
1997 1311 2320 1370 praeceptum
2357 1305 2663 1362 timentibus
2709 1310 2792 1364 lex
2820 1322 2922 1377 est,
2956 1317 3256 1372 amantibus
3295 1296 3418 1390 gra-

1833 1387 1904 1441 tia
1927 1400 2028 1446 est.
2055 1391 2180 1447 lude
2219 1401 2303 1448 est
2325 1395 2450 1450 illud
2482 1397 2532 1451 in
2583 1400 2869 1472 Evangelio
2902 1422 2914 1458 :
2947 1404 3052 1460 Lex
3083 1425 3173 1477 per
3197 1387 3413 1482 Mogsen

1830 1480 1951 1532 data
1994 1491 2086 1548 est,
2117 1484 2284 1553 gratia
2334 1496 2380 1540 et
2425 1489 2604 1543 veritas
2645 1509 2734 1562 per
2753 1491 2932 1547 Jesum
2978 1495 3233 1552 Clu-istum
3278 1480 3417 1572 facta

1829 1581 1900 1665 est
1922 1570 2096 1644 (Joau.
2119 1591 2155 1640 ι,
2183 1577 2293 1646 l7).
2321 1578 2516 1634 Eadem
2547 1582 2744 1652 quippe
2781 1583 2865 1639 lex
2895 1603 3012 1657 qua:
3060 1606 3156 1659 per
3196 1570 3412 1665 Moysen

1829 1660 1950 1715 data
1981 1674 2086 1730 est,
2119 1675 2173 1719 ut
2219 1667 2612 1738 formidaretur,
2645 1675 2812 1744 gratia
2845 1686 2899 1730 et
2953 1679 3148 1736 veritas
3191 1660 3415 1753 per’Jc-

1828 1767 1946 1806 sum
1971 1756 2238 1814 Christum
2281 1761 2418 1816 facta
2446 1775 2544 1831 est,
2581 1776 2639 1820 ut
2674 1767 3004 1838 impleretur.
3037 1771 3123 1828 Sic
3171 1792 3298 1847 ergo
3333 1779 3417 1834 di-

1827 1854 1970 1900 ctum
1994 1858 2097 1909 est.
2122 1851 2452 1908 Mortuiestis
2470 1857 2584 1927 legi,
2611 1874 2674 1913 ac
2695 1860 2737 1913 si
2761 1859 3048 1929 diceretur,
3077 1865 3263 1923 Μυνιυὶ
3283 1873 3414 1926 estis

1827 1939 2088 2007 supplicio
2116 1942 2267 2012 legis,
2297 1963 2388 2016 per
2412 1964 2594 2015 corpus
2619 1946 2826 2016 Christi,
2855 1967 2952 2021 per
2973 1956 3113 2021 quod
3147 1969 3271 2013 sunt
3314 1960 3411 2016 de-

1828 2027 1948 2083 licta
1978 2031 2188 2099 donata,
2219 2051 2336 2105 qua)
2382 2037 2618 2108 legitimo
2667 2043 2927 2111 supplicio
2954 2048 3412 2120 constringebant.

1827 2118 1932 2175 Cur
1956 2125 2215 2192 passiones
2241 2139 2561 2196 peccatorum
2591 2148 2702 2200 qua:
2731 2150 2821 2202 per
2868 2135 3028 2206 legem
3065 2118 3412 2212 sana—opera-

1828 2211 2010 2268 bantur
2029 2215 2080 2268 in
2103 2217 2336 2271 membris
2362 2221 2565 2286 nostris,
2593 2231 2643 2275 ut
2673 2225 3040 2292 [ructi/icarent
3061 2232 3230 2297 morti,
3257 2211 3301 2287 si
3325 2233 3411 2290 lex

1826 2301 1964 2354 bona
1996 2305 2114 2358 est?
2140 2306 2271 2372 Quia
2304 2309 2419 2363 illas
2471 2309 2558 2365 hic
2599 2313 2764 2367 voluit
2804 2315 3027 2389 intelligi
3069 2330 3412 2390 peccatorum

1827 2395 2121 2461 passiones,
2149 2398 2212 2452 de
2237 2400 2427 2468 quibus
2449 2400 2559 2470 jam
2591 2419 2734 2472 szepe
2768 2405 2966 2462 dictum
3006 2420 3107 2477 est,
3147 2428 3408 2484 augmen-

1825 2494 1934 2578 tum
1957 2491 2400 2557 concupiscentiae
2422 2493 2488 2548 de
2511 2495 2885 2565 prohibitione,
2919 2511 2974 2556 et
3002 2517 3207 2562 reatum
3240 2524 3412 2578 paena:

1823 2573 1890 2630 de
1919 2579 2352 2646 praevaricatione
2382 2598 2396 2634 :
2429 2583 2528 2636 hoc
2570 2594 2670 2650 est,
2695 2589 2815 2657 quia
2861 2607 2950 2659 per
2998 2593 3184 2649 bonum
3232 2573 3412 2668 operu-

1825 2675 1928 2718 tum
1955 2677 2024 2720 est
2047 2680 2272 2736 mortem,
2296 2682 2348 2724 ut
2384 2673 2474 2740 [int
2508 2691 2664 2745 supra
2685 2679 2890 2732 modum
2917 2698 3149 2751 peccator
3175 2698 3262 2740 aut
3290 2707 3410 2758 pec-

1823 2765 1989 2810 catum
2010 2773 2101 2826 per
2126 2761 2441 2815 mandatum.
2474 2762 2584 2818 Cur
2604 2765 2802 2821 liberati
2828 2787 2999 2825 sumus
3025 2791 3055 2825 a
3083 2775 3191 2846 lege
3208 2781 3405 2848 mortis,

1822 2847 1874 2900 in
1895 2865 1991 2918 qua
2019 2849 2375 2917 detinebamur,
2401 2855 2471 2907 ita
2508 2865 2560 2909 ut
2587 2860 2862 2914 serviamus
2887 2863 2938 2916 in
2983 2867 3200 2922 novitate
3250 2847 3407 2942 spirié

1822 2943 1924 3004 tus,
1954 2948 2001 2991 et
2026 2956 2127 2994 non
2175 2941 2228 2996 in
2252 2954 2497 3001 vetustate
2520 2946 2718 3014 littera,
2753 2952 2794 3004 si
2824 2952 2909 3006 lex
2936 2953 3070 3008 bona
3114 2959 3235 3012 est?
3261 2941 3407 3026 Quo-

1823 3027 1962 3082 niam
1993 3029 2077 3083 lex
2103 3029 2276 3086 littera
2303 3045 2385 3088 est
2411 3036 2488 3090 cis
2506 3038 2593 3107 qui
2617 3054 2720 3092 non
2750 3057 2869 3096 eam
2902 3044 3139 3114 implent.
3169 3035 3272 3118 peri
3307 3054 3410 3121 spi-

1822 3120 1980 3173 ritum
2001 3121 2294 3188 cltaritalis,
2325 3140 2430 3194 quo
2463 3129 2693 3195 pertinet
2738 3131 3138 3191 Testamentum
3170 3120 3402 3196 Novum.

1820 3206 2004 3280 Itaque
2033 3215 2230 3266 mortui
2256 3225 2476 3284 peccato
2506 3217 2799 3273 liberantur
2823 3237 2852 3275 a
2896 3222 3092 3292 littera,
3126 3244 3228 3298 qua
3261 3231 3404 3287 deti-

1819 3311 2017 3357 nentur
2039 3304 2114 3357 rei
2146 3306 2232 3373 qui
2264 3322 2368 3360 non
2407 3308 2628 3378 implent
2672 3313 2811 3381 quod
2852 3316 3107 3384 scriptum
3150 3331 3251 3374 est.
3292 3322 3405 3379 Lex

1818 3393 1959 3447 enim
1987 3395 2111 3461 quid
2133 3396 2274 3450 aliud
2305 3414 2460 3466 quam
2479 3400 2589 3453 Sola
2622 3401 2794 3456 littera
2823 3414 2904 3458 est
2947 3409 3026 3460 eis
3057 3410 3144 3477 qui
3179 3426 3296 3465 eam
3322 3414 3397 3467 le-

1816 3501 1944 3556 gere
1985 3503 2266 3555 noverunt,
2299 3499 2350 3543 et
2397 3490 2618 3560 implere
2648 3511 2752 3548 non
2802 3500 3052 3564 possunt?
3094 3501 3207 3556 Non
3259 3507 3402 3562 enim

1819 3579 2174 3648 ignoraturab
2204 3581 2284 3637 eis
2315 3583 2505 3653 quibus
2530 3589 2833 3657 conscripta
2856 3599 2940 3644 est
2969 3611 2981 3646 :
3010 3593 3104 3647 sed
3147 3599 3400 3666 quaniam

1818 3669 1868 3722 iu
1898 3679 2100 3724 tantum
2143 3681 2267 3725 nota
2296 3679 2402 3739 est,
2445 3673 2495 3728 in
2525 3686 2784 3744 quantum
2825 3680 3022 3750 scripta
3054 3683 3264 3753 legitur,
3295 3704 3400 3744 non

1816 3762 1867 3814 in
1891 3770 2143 3831 quantum
2175 3763 2368 3820 dilecta
2395 3765 2688 3835 perﬁcitur,
2731 3769 2863 3825 nihil
2905 3781 2988 3828 est
3025 3776 3166 3831 aliud
3210 3781 3400 3836 talibus

1816 3855 1918 3909 nisi
1943 3857 2138 3921 littera;
2189 3872 2306 3926 qua:
2337 3857 2513 3913 littera
2550 3871 2763 3916 nonest
2805 3863 3036 3932 adjutrix
3086 3867 3396 3938 legentium,

1815 3947 1907 4001 sed
1940 3957 1988 4002 te
2000 3949 2088 4002 stis
2104 3949 2452 4017 peccantium.
2473 3950 2551 4004 Ab
2572 3953 2686 4021 ejus
2709 3970 2834 4024 ergo
2857 3955 3198 4014 damnatione
3228 3963 3398 4018 ’libc-

1812 4050 1996 4093 rantur
2020 4040 2110 4110 qtti
2141 4056 2234 4109 per
2261 4042 2501 4111 spiritum
2532 4043 2873 4112 iunovantur,
2901 4058 2956 4100 nt
2994 4048 3104 4116 jam
3133 4069 3235 4107 non
3275 4057 3385 4108 sint.

1813 4133 2026 4201 obligati
2057 4133 2248 4186 littera:
2272 4133 2338 4187 ad
2369 4149 2604 4203 pmnam:
2654 4135 2746 4188 sed
2781 4137 3070 4191 intellectui
3103 4156 3197 4208 per
3238 4143 3397 4212 justi-

1814 4226 1939 4278 tiam
1980 4225 2233 4295 copulati.
2266 4224 2390 4279 lnde
2412 4237 2492 4279 est
2518 4237 2570 4279 et
2601 4227 2748 4292 illud,
2799 4227 2989 4282 Littera
3011 4233 3212 4298 occidit,
3241 4236 3393 4303 spiri-

1813 4323 1893 4367 tus
1923 4325 2088 4368 autem
2114 4314 2327 4383 vivi/icat
2363 4313 2429 4387 (ll
2454 4313 2570 4370 Cor.
2600 4333 2674 4383 tu,
2708 4319 2783 4387 6).
2819 4319 2925 4374 Lex
2964 4323 3106 4375 enim
3158 4333 3388 4380 tantum-

1813 4406 1970 4460 modo
1997 4406 2133 4460 lecta
2161 4414 2215 4460 ct
2244 4422 2350 4460 non
2377 4407 2642 4463 intellecta
2671 4411 2752 4466 vel
2785 4425 2889 4466 non
2940 4413 3174 4482 impleta,
3208 4419 3392 4488 utique

1812 4497 2007 4550 occidit
2041 4507 2198 4551 :lunc
2219 4500 2360 4552 enim
2393 4499 2692 4568 appellatur
2731 4503 2916 4555 littera.
2949 4503 3179 4574 Spiritus
3223 4521 3390 4562 autem

1813 4588 2068 4656 vivi/ient;
2099 4588 2220 4657 quia
2250 4586 2510 4657 plenitudo
2545 4591 2667 4661 legis
2691 4603 2758 4646 est
2783 4595 3022 4657 clmritus,
3056 4612 3174 4665 qua:
3200 4599 3390 4666 cli/fusa

1811 4687 1883 4731 est
1910 4678 1962 4730 in
1987 4676 2220 4732 cordibus
2255 4680 2437 4733 nostris
2465 4697 2553 4749 per
2584 4681 2830 4752 Spiritum
2855 4695 3086 4741 sanctum
3111 4689 3198 4758 qui
3245 4693 3393 4748 datus

1810 4777 1882 4820 est
1902 4768 2039 4822 nobis
2068 4769 2241 4840 (Rom.
2271 4787 2322 4836 v,
2350 4770 2425 4842 5).

1810 4861 2027 4928 QUAEST.
2053 4862 2115 4915 ll.
2137 4893 2211 4904 —
2230 4862 2590 4933 Argumentum
2609 4863 2775 4933 Epist.
2805 4865 2872 4919 ad
2890 4866 3038 4921 Rom.
3064 4867 3238 4924 Gratia
3268 4874 3390 4941 ﬁdei

1882 4955 2116 5026 pra’ccdit
2145 4954 2274 5008 bona
2301 4973 2471 5026 opera.
2489 4953 2665 5008 Gratia
2682 4955 2802 5023 ﬁdei
2823 4959 2985 5011 minor
3008 4959 3058 5012 in
3076 4963 3392 5017 catechume-

1880 5045 1980 5111 nis,
2003 5046 2167 5109 maior
2204 5045 2256 5098 in
2284 5046 2487 5098 renatis.
2540 5043 2737 5116 Scopas
2782 5047 3009 5117 Apostoli
3060 5051 3111 5103 in
3162 5056 3391 5123 exempla

1878 5136 2039 5191 Jacob
2068 5146 2114 5190 et
2147 5135 2303 5190 Esau.
2329 5135 2472 5189 Bona
2498 5153 2648 5206 Opera
2680 5155 2741 5191 ea:
2773 5139 2956 5208 gratia,
3001 5156 3099 5193 non
3139 5144 3302 5211 gratia
3329 5161 3392 5197 ea:

1879 5227 2130 5298 Oper-ibus.
2168 5227 2429 5292 Quomodo
2448 5229 2591 5298 juxta
2620 5231 2790 5283 electio
2821 5230 2981 5284 Jacob
3011 5240 3054 5286 et
3102 5235 3386 5304 reprobatio

1882 5319 2039 5373 Esau.
2092 5319 2283 5372 Electio
2303 5320 2459 5373 Jacob
2481 5337 2546 5374 an
2589 5337 2650 5374 ea:
2680 5324 2990 5391 prcexcientia
3029 5327 3217 5394 futurae
3245 5326 3384 5393 ﬁdei.

1883 5407 2072 5461 [flectio
2099 5427 2158 5463 ea:
2182 5412 2345 5480 gratia
2373 5421 2421 5465 et
2440 5414 2697 5480 proposito
2723 5411 2838 5465 Dei.
2859 5413 2933 5464 An
2947 5413 3075 5476 ﬁdes
3099 5413 3229 5466 inter
3251 5415 3386 5469 dona

1877 5502 2054 5570 gratia:
2075 5512 2377 5555 numeretur.
2429 5502 2691 5569 Quomodo
2710 5505 2852 5574 justa
2892 5504 3173 5572 reprobatio
3219 5504 3382 5559 Esau.

1825 5657 1829 5663 ’
1872 5656 1888 5688 ί
1926 5663 1996 5704 Er.
2011 5663 2077 5718 et
2100 5671 2110 5718 ι
2130 5655 2320 5716 iurique
2342 5663 2540 5704 veteres
2562 5656 2770 5712 codices,
2797 5651 3221 5718 datnittarui._'rum
3243 5655 3387 5718 infra,

1809 5720 1929 5775 loco,
1954 5715 2177 5772 minatur,
2207 5715 2418 5781 quinque
2446 5731 2510 5781 ex
2534 5718 2704 5781 iisdem
2721 5723 2824 5763 Mss.
2843 5715 3043 5774 habent,
3062 5715 3354 5769 dominatur.
3371 5715 3392 5781 ⁷,

1871 5781 1892 5810 ¹¹
1927 5787 1998 5828 lar.
2023 5793 2080 5826 ae
2105 5787 2207 5828 tres
2225 5777 2356 5839 λιες,
2384 5777 2715 5826 dominatione.
