3996 6282
601 314 695 372 Ill
1110 309 1196 364 DE
1241 309 1549 366 DlVEliSlS
1586 312 2107 380 QUALSTlONLBUS
2149 315 2236 368 AD
2275 313 2777 379 SNPLICIANUW,
2821 317 2876 371 S.
2924 279 3282 376 AUGUSTIN'l

670 425 827 481 Fides
855 426 1045 479 donum
1075 422 1167 478 Dei
1192 423 1484 478 miserentis.
1529 423 1632 480 Cur
1664 425 1852 478 donum
1895 427 2015 494 ﬁdei
2068 427 2183 481 sub.

671 526 886 574 tractum
910 515 973 578 ab
1003 515 1164 572 Esau.
1191 517 1269 570 An
1297 532 1360 571 ea:
1389 518 1704 584 pra'scientia
1734 520 1920 589 futura!
1946 518 2182 572 volunta-

670 611 734 666 tis
758 609 1070 679 improbatus
1097 607 1238 662 Esau
1258 618 1302 662 et
1326 612 1636 678 approbatus
1677 609 1858 664 Iacob.
1903 609 2045 664 Bona
2092 627 2181 665 oo-

671 708 844 762 luntas
889 709 942 763 in
969 709 1111 764 nobis
1139 710 1194 779 ﬁt
1220 719 1458 778 operante
1487 707 1616 762 Deo.
1658 707 1867 762 Vocatio
1893 725 1959 761 an
2009 709 2073 763 sit
2101 712 2177 779 ef-

668 802 852 872 fectrix
875 803 1017 856 bona
1046 802 1334 856 voluntatis.
1389 798 1597 855 Vocatio
1635 816 1879 867 congrua.
1907 800 2010 853 Cur
2041 797 2182 853 Esau

664 905 764 945 non
787 901 1118 961 congruenter
1139 901 1356 946 uocatus.
1389 888 1668 944 Obduratio
1691 889 1784 944 Dei
1824 905 1938 959 quos
1964 889 2048 943 sit.
2080 890 2182 944 So-

663 979 792 1033 lutio
816 981 1108 1050 qucstionis
1137 981 1201 1034 de
1220 980 1570 1050 reprobatione
1591 978 1750 1034 Esau.
1785 979 1971 1036 Omnes
2017 980 2181 1034 homi-

662 1087 752 1126 nes
773 1087 874 1126 una
897 1089 1062 1127 massa
1085 1073 1294 1142 peccati.
1332 1071 1596 1135 Quomodo
1624 1071 1759 1124 Esau
1790 1071 1924 1126 Deus
1949 1072 2065 1126 odio
2086 1072 2181 1124 lia-

662 1161 789 1228 buit,
816 1163 902 1233 qui
931 1161 1060 1216 nillil
1085 1161 1191 1214 odit
1229 1178 1401 1215 eorum
1426 1177 1539 1232 qua:
1567 1162 1700 1231 fecit.
1733 1161 2010 1216 Peccatum
2033 1163 2173 1230 quid.

671 1251 809 1306 Vasa
877 1251 1170 1320 perditionis
1218 1252 1286 1305 ad
1366 1268 1513 1306 usum
1579 1253 1901 1306 correctionis
1959 1253 2177 1306 aliorum

658 1345 809 1415 ﬁunt.
852 1342 1028 1398 Vocati
1056 1361 1156 1398 non
1185 1361 1376 1411 omnes,
1405 1345 1495 1399 sed
1515 1360 1578 1399 ea:
1609 1344 1845 1398 omnibus
1883 1353 1932 1398 et
1976 1343 2176 1399 Juda’is

653 1445 703 1490 et
725 1433 987 1490 Gentibus.
1022 1433 1246 1488 Intentio
1272 1434 1500 1506 Apostoli
1523 1435 1578 1488 in
1620 1433 1853 1504 Epistola
1891 1434 1960 1488 ad
1987 1433 2174 1490 Roma-

652 1543 766 1582 nos.
801 1525 993 1580 Electio
1019 1526 1199 1598 gratia
1220 1542 1372 1595 quam
1398 1526 1618 1580 occulta.

653 1619 708 1674 ‘l.
738 1615 843 1673 Sed
870 1617 1074 1687 jam,nt
1100 1617 1349 1680 arbitror,
1368 1625 1578 1686 tempus
1603 1624 1686 1671 est
1701 1615 1777 1671 vad
1805 1615 1962 1670 aliam
1995 1624 2172 1670 trans-

582 1709 660 1763 ire
685 1707 1059 1779 quaestionem,
1086 1721 1244 1776 quam
1276 1706 1354 1762 sic
1405 1707 1748 1776 proposuisti,
1777 1714 1836 1760 ut
1860 1706 1924 1761 ab
1945 1721 2010 1760 eo
2028 1706 2172 1778 quod

578 1800 834 1870 scriptum
875 1807 956 1853 est
981 1837 998 1863 ,
1022 1794 1152 1850 'Non
1181 1797 1346 1850 solum
1372 1806 1541 1850 autem
1572 1797 1587 1828 ¹
1607 1838 1623 1862 ,
1651 1797 1739 1850 sed
1777 1806 1826 1850 et
1866 1796 2088 1852 Rebecca
2113 1813 2175 1852 ea:

576 1907 681 1944 uno
725 1888 992 1944 concubitu
1020 1888 1208 1943 habens
1251 1886 1405 1942 Isaac
1441 1889 1599 1958 patris
1645 1889 1820 1942 nostri.
1871 1887 1996 1942 Cum
2037 1889 2171 1944 enim

578 1979 804 2034 nondum
847 1979 954 2033 nati
990 1987 1154 2033 essent
1173 2020 1189 2044 ,
1223 1996 1380 2052 neque
1407 1979 1604 2050 aliquid
1629 1980 1844 2051 egissent
1873 1981 2056 2036 bonum
2085 1991 2173 2035 aut

578 2069 808 2135 malum;
831 2084 998 2139 usque
1022 2068 1089 2123 ad
1118 2068 1170 2123 id
1200 2068 1340 2138 quod
1367 2069 1621 2138 scriptum
1645 2078 1749 2135 est,
1777 2068 1892 2124 Nisi
1922 2070 2172 2125 Dominus

575 2159 786 2216 sabaoth
807 2148 1085 2230 reliquisset
1106 2160 1247 2214 nobis
1266 2176 1454 2226 semen,
1477 2160 1607 2213 sicut
1637 2159 1865 2216 Sodoma
1893 2162 2017 2232 [acti
2038 2176 2171 2215 esse-

577 2269 709 2317 mus,
729 2260 773 2306 et
795 2252 920 2305 sicut
943 2249 1227 2306 Gomorrlta
1243 2251 1430 2306 similes
1466 2250 1771 2325 fuissemus(
1797 2251 1945 2306 Rom.
1965 2267 2036 2318 Ix,
2079 2252 2172 2310 ‘10-

574 2341 670 2415 29)
692 2360 706 2397 :
731 2350 838 2396 tota
865 2342 977 2412 ipsa
996 2341 1264 2397 contextio
1286 2340 1580 2395 disseratur
1601 2358 1616 2406 ;
1635 2351 1688 2396 et
1712 2341 1951 2412 proiecto
1980 2350 2064 2397 est
2090 2343 2169 2398 la-

574 2431 862 2487 tcbrosior.
893 2432 999 2487 Sed
1035 2441 1200 2497 certe,
1217 2432 1428 2503 qualem
1461 2442 1512 2488 te
1539 2447 1662 2504 erga
1694 2448 1780 2489 me
1802 2433 1957 2500 novi,
1980 2433 2170 2503 jubere

573 2523 707 2579 mibi
749 2531 806 2578 ut
850 2523 1111 2593 aperirem
1151 2523 1248 2577 ista
1279 2537 1384 2577 non
1427 2537 1614 2592 posses
1643 2524 1685 2590 ',
1720 2523 1820 2578 nisi
1865 2539 1894 2578 a
1946 2523 2168 2579 Domino

570 2616 940 2688 deprecareris
969 2625 1025 2672 ut
1052 2631 1286 2686 possem.
1318 2614 1470 2684 Quod
1509 2616 1778 2687 adjutorio
1808 2615 2057 2672 fidentior
2091 2617 2169 2672 iac

571 2717 711 2776 ctus,
740 2708 1042 2780 aggredior.
1260 2708 1275 2720 '

638 2798 697 2852 2.
738 2799 803 2854 Et
832 2798 1005 2869 primo
1035 2798 1384 2855 intentionem
1413 2799 1651 2870 Apostoli
1674 2841 1690 2866 ,
1732 2815 1851 2872 qua:
1877 2815 1972 2872 per
2002 2809 2166 2858 totam

570 2888 862 2958 Epistolam
886 2889 1044 2959 viget,
1063 2889 1277 2954 tenebo,
1311 2904 1468 2959 quam
1494 2891 1790 2945 consulam.
1823 2891 1948 2946 Haec
1971 2901 2052 2947 est
2073 2907 2166 2948 au-

571 2987 702 3045 tem,
737 2986 794 3032 ut
816 2977 883 3032 de
909 2992 1130 3047 operum
1163 2979 1366 3032 meritis
1395 2993 1553 3033 nemo
1575 2980 1850 3049 glorietur,
1882 2981 1947 3034 de
1972 2982 2166 3051 quibus

572 3069 842 3124 audebant
878 3068 1126 3124 Israelitae
1161 3068 1413 3139 gloriari,
1446 3069 1586 3139 quod
1631 3070 1768 3125 data:
1797 3070 1894 3125 sibi
1922 3071 2022 3143 legi
2052 3085 2164 3127 ser-

563 3159 797 3227 vissent,
825 3171 878 3216 et
898 3161 1088 3216 exime
1113 3161 1470 3232 evangelicam
1495 3163 1716 3234 gratiam
1747 3173 1993 3234 tanquam
2017 3165 2165 3221 debi-

570 3263 680 3308 tam
711 3253 916 3309 meritis
958 3254 1070 3309 suis
1097 3254 1466 3325 perecpissent
1488 3296 1503 3320 ,
1543 3258 1666 3325 quia
1696 3254 1798 3326 legi
1839 3257 2161 3313 serviebant.

569 3344 724 3403 Unde
770 3347 1024 3402 nolebant
1051 3346 1292 3401 eamdem
1320 3349 1552 3417 gratiam
1583 3347 1697 3402 dari
1719 3347 1978 3404 Gentibus
1997 3391 2010 3415 ,
2043 3359 2162 3405 tan-

567 3451 728 3507 quam
768 3436 998 3508 indignis
1036 3437 1136 3491 nisi
1178 3437 1393 3492 Judaica
1433 3447 1766 3494 sacramenta
1804 3440 2159 3510 susciperent.

567 3527 700 3592 Quae
739 3537 856 3580 orta
893 3526 1116 3595 quaistio
1165 3527 1214 3581 in
1263 3529 1638 3596 Apostolorum
1679 3529 1899 3585 Actibus
1941 3531 2164 3587 solvitur

569 3614 706 3686 (Act.
740 3614 856 3686 xv).
885 3613 1004 3670 Non
1032 3615 1172 3670 enim
1203 3616 1565 3686 intelligebant
1588 3659 1604 3684 ,
1649 3621 1772 3689 quia
1816 3635 1882 3676 eo
1915 3621 2030 3692 ipso
2057 3637 2162 3693 quo

567 3709 739 3780 gratia
767 3716 850 3764 est
873 3708 1199 3778 evangelica,
1232 3709 1482 3778 operibus
1513 3725 1618 3766 non
1648 3711 1908 3768 debetur:
1938 3713 2163 3784 alioquin

568 3801 734 3872 gratia
748 3801 864 3870 jam
891 3815 992 3853 non
1012 3809 1084 3854 est
1110 3800 1276 3871 gratia
1306 3799 1480 3872 (Rom.
1513 3817 1566 3857 ιι
1584 3844 1598 3867 ,
1621 3801 1703 3874 .6).
1733 3803 1799 3858 Et
1829 3804 2010 3860 multis
2032 3806 2161 3863 locis

568 3894 671 3948 hoc
700 3908 842 3962 saepe
873 3901 1113 3958 testatur,
1148 3892 1267 3948 ﬁdei
1295 3894 1517 3964 gratiam
1542 3910 1857 3966 prmponcns
1885 3898 2156 3968 operibus,

569 4000 674 4040 non
723 3993 781 4038 ut
808 3999 970 4054 Opera
997 3985 1335 4054 exstinguat,
1382 3986 1474 4041 sed
1517 3995 1574 4041 ut
1617 3987 1864 4044 ostendat
1905 4005 2010 4046 non
2041 4006 2160 4049 esse

567 4091 729 4147 opera
775 4074 1129 4146 preceedcntia
1177 4078 1433 4148 gratiam,
1483 4079 1579 4132 sed
1623 4081 2050 4151 consequentia:
2105 4094 2162 4139 ut

565 4167 771 4223 scilicet
797 4183 904 4223 non
930 4180 988 4223 se
1015 4169 1240 4239 quisque
1263 4170 1552 4225 arbitretur
1578 4171 1697 4227 ideo
1717 4175 2022 4244 percepisse
2039 4191 2160 4246 gra-

567 4259 728 4323 tiam,
755 4259 876 4328 quia
906 4259 1050 4336 bcne
1077 4270 1326 4329 operatus
1370 4270 1453 4317 est
1478 4278 1492 4327 ;
1525 4263 1618 4317 sed
1646 4263 1783 4319 bene
1815 4267 2026 4336 operari
2053 4284 2158 4324 non

567 4362 726 4421 posse
747 4388 764 4416 ,
793 4349 892 4402 nisi
905 4329 1016 4418 .per
1038 4348 1193 4403 fidem
1223 4366 1258 4420 p
1279 4354 1523 4420 ‘rceperit
1548 4354 1792 4422 gratiam.
1845 4329 2030 4428 incipit
2059 4373 2159 4413 au-

566 4449 676 4496 tem
709 4440 870 4496 homo
895 4441 1170 4510 percipere
1192 4443 1451 4512 gratiam,
1479 4461 1546 4500 ex
1569 4463 1676 4516 quo
1704 4449 1886 4520 incipit
1911 4451 2020 4506 Deo
2043 4467 2162 4507 cre-

562 4531 730 4600 dere,
759 4532 840 4587 vel
872 4533 1080 4586 interna
1115 4534 1196 4588 vel
1223 4543 1440 4588 externa
1468 4536 1830 4594 admonitione
1874 4551 2049 4596 motus
2091 4544 2158 4598 ad

569 4621 748 4677 ﬁdem.
777 4620 883 4677 Sed
914 4622 1134 4676 interest
1160 4621 1350 4692 quibus
1377 4624 1618 4680 articulis
1643 4636 1938 4699 temporum
1969 4632 2050 4686 vel
2072 4648 2161 4689 ce-

564 4711 866 4768 lebratione
893 4723 1345 4768 sacramentorum
1369 4717 1536 4786 gratia
1563 4719 1767 4788 plenior
1787 4729 1838 4774 ct
1864 4722 2159 4782 evidentior

565 4801 896 4860 infundatur.
928 4803 1040 4861 Non
1066 4807 1209 4860 enim
1234 4807 1602 4864 catechumeni
1637 4826 1740 4866 non
1768 4814 2025 4885 credunt,
2069 4827 2160 4874 aut

567 4908 696 4950 vero
733 4893 1016 4951 Cornelius
1055 4912 1162 4950 non
1189 4897 1440 4952 credebat
1468 4899 1606 4965 Deo,
1641 4916 1760 4956 cum
1801 4902 2158 4978 eleemosynis

567 4993 624 5041 et
650 4984 980 5042 orationibus
1006 4985 1221 5057 dignum
1248 5003 1306 5043 se
1329 4988 1592 5058 praeberet
1621 4992 1708 5046 cui
1733 4994 1953 5064 angelus
1979 4997 2158 5054 mitte-

566 5088 717 5133 retur
749 5076 884 5150 (Act.
918 5094 952 5133 ι
973 5119 990 5147 ,
1023 5079 1048 5134 l
1087 5081 1142 5148 ι)
1168 5097 1180 5132 :
1221 5079 1314 5135 scd
1341 5081 1486 5136 nullo
1517 5084 1676 5139 modo
1697 5085 1796 5140 ista
1822 5098 2152 5158 operaretur,

566 5168 670 5224 nisi
699 5177 822 5224 ante
852 5167 1198 5235 credidisset;
1229 5171 1374 5226 nullo
1401 5172 1559 5228 modo
1589 5183 1766 5232 autem
1801 5177 2111 5237 credidisse!
2135 5225 2150 5248 ,

633 5348 649 5377 ⁸
684 5343 801 5396 Editi
826 5357 934 5395 cum
958 5345 1154 5410 vulgata
1173 5351 1540 5402 consentientes
1555 5365 1568 5401 :
1583 5360 1682 5404 Non
1699 5353 1852 5406 solum
1869 5362 2030 5410 mitem
2050 5356 2153 5410 illa.

567 5415 624 5482 At
645 5413 771 5482 uss...
786 5409 1142 5482 convenientes
1161 5423 1272 5482 eum
1289 5424 1448 5482 grieea
1473 5412 1684 5482 lectione
1707 5419 1922 5482 minime
1943 5409 2151 5482 addunt,

563 5467 668 5524 illa.
693 5471 834 5532 Cujus
818 5469 1047 5580 {ﬂgitium
1070 5473 1202 5522 vocis
1224 5467 1330 5522 loco
1352 5474 1400 5522 in
1417 5476 1627 5537 antiquis
1649 5475 1810 5527 latinis
1825 5467 1991 5530 Bibliis
2005 5467 2152 5545 Eép'él

564 5533 667 5580 rire
692 5538 795 5580 est.
876 5543 895 5580 ι
915 5542 933 5580 .'
956 5531 1045 5580 δρᾶ
1063 5540 1288 5580 neutram
1311 5545 1480 5580 vocem
1504 5535 1690 5580 [emisse
1713 5541 1906 5580 vidntur
1933 5547 2152 5580 Λυσικιί-

564 5533 667 5581 rire
692 5531 795 5600 est_,
809 5531 933 5600 illi:
956 5531 1045 5600 sed
1063 5540 1288 5582 neutram
1311 5545 1480 5600 vocem
1504 5531 1690 5600 legisse
1713 5541 1906 5590 videtur
1929 5531 2153 5600 augusti-

564 5605 677 5651 nus,
700 5581 796 5700 qui:
809 5581 902 5652 hic,
993 5592 1041 5651 3,
1061 5581 1197 5666 putat
1218 5581 2150 5668 proposiiiadéi‘iiﬁoi‘ém'iﬁai',

564 5665 707 5700 mmo
728 5666 798 5700 ert
824 5653 1183 5700 submtelleetls
1205 5655 1340 5700 hisce
1371 5658 1534 5700 verbis
1551 5694 1563 5700 -
1591 5664 1716 5700 lenae
1739 5666 2001 5700 nmnicene
2027 5675 2098 5700 nu

559 5653 1183 5724 complerisubintelleetis
1205 5653 1340 5706 liisce
1371 5658 1563 5719 verbis,
1591 5664 1716 5709 tsaac
1739 5666 2002 5724 promissus
2024 5653 2118 5720 est.

632 5715 655 5748 ²
776 5720 880 5766 Iss.
904 5715 1024 5767 [diti
1045 5727 1182 5780 vero,
1209 5729 1409 5780 possem.

2290 425 2390 480 nisi
2420 427 2500 482 vel
2521 429 2740 483 secretis
2771 443 2866 499 per
2895 430 3004 485 visa
3031 431 3222 484 mentis
3249 439 3337 483 aut
3361 428 3577 500 spiritus
3596 472 3610 494 ,
3646 430 3726 486 vel
3758 448 3876 489 ma-

2283 515 2648 573 nifestioribus
2674 535 2768 590 per
2788 536 2978 576 sensus
2997 522 3234 590 corporis
3253 521 3703 577 admonitionibus
3723 539 3876 579 voca-

2287 617 2452 662 retur.
2478 608 2582 664 Sed
2607 609 2657 664 in
2687 610 3004 680 quibusdam
3037 621 3178 666 tanta
3203 621 3282 666 181.
3308 613 3470 682 gratia
3497 612 3616 667 ﬁdei
3637 653 3651 676 ,
3678 626 3873 684 quanta

2288 713 2392 754 non
2434 701 2628 757 suilicit
2655 702 2722 756 ad
2761 702 3106 758 obtinendum
3150 719 3368 775 regnum
3399 705 3699 771 cmlorum;
3737 709 3875 762 sicut

2287 791 2339 846 in
2363 792 2781 860 eatechumenis,
2809 795 2946 849 sicut
2974 795 3025 849 in
3054 795 3169 866 ipso
3195 797 3442 853 Cornelio
3466 808 3747 868 antequam
3776 800 3874 854 Sa-

2285 894 2677 940 cramentorum
2711 886 3113 957 participatione
3135 889 3567 958 incorpomretur
3598 891 3868 946 Ecclesize.

2287 973 2342 1028 In
2369 975 2686 1044 quibusdam
2717 993 2844 1033 vero
2886 988 3026 1033 tanta
3054 989 3135 1035 est
3155 1021 3169 1043 ,
3201 992 3252 1034 ut
3276 981 3385 1051 jam
3424 984 3632 1051 corpori
3670 983 3866 1039 Christi

2283 1073 2338 1117 et
2361 1075 2547 1120 sancto
2576 1066 2669 1121 Dei
2714 1068 2912 1137 templo
2955 1069 3291 1138 deputentur.
3325 1069 3588 1140 Templum
3616 1075 3748 1127 enim
3782 1073 3871 1128 Dei

2277 1163 2511 1208 sanctum
2553 1165 2660 1221 est,
2691 1157 2859 1225 inquit
2888 1159 3209 1230 Apostolus,
3253 1161 3387 1226 quod
3425 1163 3540 1216 estis
3567 1179 3651 1219 vos
3683 1163 3721 1235 (Ι
3753 1165 3868 1219 Cor.

2283 1259 2337 1298 In
2357 1286 2372 1309 ,
2404 1245 2515 1317 l7).
2551 1247 2616 1302 Et
2643 1248 2755 1318 ipse
2798 1249 3051 1304 Dominus
3071 1292 3085 1314 ,
3126 1249 3241 1306 Nisi
3268 1253 3378 1322 quis
3407 1264 3612 1308 renatus
3636 1255 3788 1325 {uer-it
3813 1273 3874 1311 ex

2278 1353 2414 1406 aqua
2437 1348 2482 1392 et
2510 1337 2708 1409 Spiritu
2734 1350 2929 1406 sancto,
2957 1357 3058 1394 non
3086 1342 3290 1396 intrabit
3316 1343 3368 1397 in
3398 1360 3607 1415 regnum
3632 1346 3872 1400 aelorum

2283 1425 2460 1499 (Joan.
2496 1443 2570 1493 ιιι,
2599 1428 2679 1500 5).
2710 1430 2870 1485 Fiunt
2896 1446 3023 1504 ergo
3054 1432 3420 1488 inclioationes
3450 1435 3692 1504 qumdam
3721 1435 3866 1501 fidei,

2259 1517 2720 1586 -conceptionibus
2760 1519 2962 1574 similes
2995 1535 3014 1575 ε
3045 1537 3149 1576 non
3200 1530 3374 1578 tamen
3405 1524 3576 1578 solum
3617 1525 3829 1595 concipi
3851 1568 3864 1590 .

2279 1605 2374 1659 sed
2398 1606 2558 1662 etiam
2591 1608 2734 1663 nasci
2764 1623 2897 1679 epos
2923 1620 3003 1665 est
3021 1653 3036 1674 .
3069 1620 3128 1666 ut
3151 1610 3220 1666 ad
3241 1613 3406 1668 vitam
3433 1616 3780 1683 perveniatur
3800 1633 3868 1670 aa-

2263 1703 2506 1750 :ternam.
2536 1695 2676 1751 Nihil
2706 1707 2880 1753 tamen
2913 1698 3102 1756 borum
3147 1702 3262 1757 sine
3289 1703 3456 1772 gratia
3486 1703 3866 1761 misericordia!

2265 1783 2372 1840 .Dei
2408 1803 2421 1840 :
2453 1785 2574 1857 quia
2605 1795 2661 1843 et
2684 1803 2842 1858 opera
2870 1790 2914 1843 si
2944 1805 3044 1860 qua
3077 1800 3200 1845 sunt
3227 1791 3364 1847 bona
3386 1833 3400 1854 .
3427 1804 3830 1864 consequuntur
3849 1834 3864 1859 .

2261 1885 2335 1931 ~ut
2360 1875 2559 1932 dictum
2586 1887 2687 1945 est,
2723 1879 2864 1934 illam
2887 1882 3134 1950 gratiam,
3160 1899 3264 1937 non
3293 1883 3618 1953 pnecedunt.

2341 1969 2403 2025 ’5.
2443 1969 2611 2038 Quam
2642 1986 2756 2026 rem
2799 1973 3118 2041 persuadere
3157 1975 3444 2044 Apostolus
3483 1977 3704 2041 volens,
3749 1977 3862 2048 quia

2277 2060 2414 2114 sicut
2439 2061 2546 2114 alio
2567 2061 2686 2117 loco
2709 2063 2859 2130 dicit,
2888 2063 3064 2118 Gratia
3079 2066 3215 2119 enim
3239 2065 3335 2121 Dei
3357 2067 3486 2122 salri
3513 2069 3637 2139 facti
3663 2085 3864 2134 sumus;

2275 2160 2324 2206 et
2354 2153 2370 2183 ⁸
2401 2169 2502 2206 non
2529 2168 2592 2207 ea:
2620 2152 2782 2217 nobis,
2806 2156 2894 2208 sed
2925 2154 3020 2208 Dei
3047 2156 3233 2210 donum
3259 2167 3331 2212 est
3354 2173 3372 2212 :
3397 2175 3496 2213 non
3521 2176 3584 2214 ex
3609 2160 3860 2230 operibus,

2277 2258 2340 2296 ne
2364 2246 2496 2315 forte
2534 2244 2646 2311 quis
2679 2244 2953 2298 extollatur
2988 2244 3203 2317 (Ephes.
3245 2262 3312 2315 tl,
3344 2251 3378 2304 8
3398 2291 3413 2315 ,
3450 2251 3538 2318 9);
3567 2249 3637 2306 de
3669 2251 3753 2306 his
3779 2254 3861 2324 qui

2277 2330 2511 2385 nondum
2542 2331 2650 2387 nati
2684 2343 2870 2398 erant,
2909 2333 3288 2391 documentum
3317 2337 3482 2393 dedit.
3523 2339 3697 2395 Nemo
3725 2344 3859 2398 enim

2277 2430 2459 2491 posset
2477 2421 2656 2478 dicere
2681 2424 2820 2493 quod
2844 2425 3097 2493 operibus
3119 2439 3484 2496 promcruerat
3511 2431 3680 2486 Deum
3706 2431 3862 2489 Jacob

2276 2511 2512 2565 nondum
2545 2521 2698 2568 natus
2723 2555 2738 2580 ,
2769 2523 2826 2567 ut
2850 2513 3102 2570 divinitus
3128 2515 3417 2582 diceretur,
3450 2518 3514 2574 Et
3555 2523 3728 2593 major
3764 2541 3860 2578 ser-

2275 2603 2370 2658 viet
2396 2605 2596 2658 minori.
2628 2605 2789 2676 Ergo,
2820 2605 2938 2670 Non
2969 2609 3154 2674 solum,
3181 2609 3368 2681 inquit,
3406 2610 3546 2667 Isaac
3565 2614 3858 2684 promissus

2274 2704 2384 2762 est,
2427 2712 2547 2751 cum
2579 2696 2779 2752 dictum
2804 2707 2918 2766 est,
2949 2699 3030 2753 Ad
3058 2701 3152 2754 hoc
3179 2711 3376 2772 tempus
3410 2705 3605 2758 veniam
3629 2748 3645 2774 ,
3687 2716 3738 2760 et
3773 2709 3856 2762 erit

2275 2786 2424 2841 Sara:
2462 2787 2600 2855 ﬁlius
2626 2803 2647 2842 :
2672 2789 2758 2858 qui
2789 2789 2968 2860 utique
3011 2791 3170 2847 nullis
3214 2793 3465 2864 Operibus
3495 2808 3857 2865 promeruerat

2275 2873 2462 2940 Deum,
2491 2886 2547 2930 ut
2577 2878 2877 2934 nasciturus
2907 2880 3338 2950 promitterctur,
3373 2894 3430 2938 ut
3456 2884 3505 2938 in
3530 2883 3684 2942 Isaac
3710 2904 3854 2944 voca-

2273 2973 2420 3020 retur
2448 2981 2632 3020 semen
2660 2967 2886 3022 Abralue
2910 2986 2924 3034 ;
2959 2970 3008 3024 id
3035 2980 3116 3026 cst
3135 3013 3149 3037 ,
3181 2972 3253 3026 illi
3293 2975 3623 3044 pertinerent
3649 2979 3720 3033 ad
3747 2993 3853 3036 sor-

2272 3061 2379 3108 tem
2403 3065 2708 3111 sanctorum
2731 3075 2850 3130 qua:
2874 3060 2924 3116 in
2947 3062 3162 3117 Christo
3185 3073 3288 3128 est,
3312 3065 3400 3136 qui
3423 3083 3480 3122 se
3505 3067 3852 3141 intelligerent

2272 3147 2411 3204 illius
2441 3151 2808 3220 promissionis
2829 3195 2844 3221 ,
2875 3171 2978 3209 non
3005 3156 3369 3226 superbientes
3395 3159 3462 3216 de
3493 3162 3703 3218 meritis
3731 3165 3850 3232 suis,

2271 3239 2366 3294 sed
2407 3241 2592 3311 gratia:
2639 3244 2974 3300 vocationis'
3003 3245 3318 3316 deputantes
3361 3251 3503 3321 quod
3549 3253 3853 3310 coheredes

2270 3341 2453 3386 essent
2480 3330 2713 3395 Christi;
2745 3348 2866 3388 cum
2902 3335 3042 3390 enim
3086 3339 3402 3408 promissum
3431 3351 3513 3396 est
3551 3354 3609 3397 ut
3640 3354 3848 3406 essent.

2270 3423 2401 3477 nihil
2451 3424 2632 3495 utique
2677 3437 2984 3482 meruerant
3011 3431 3100 3498 qui
3152 3432 3385 3487 nondum
3437 3445 3588 3491 erant
3636 3455 3651 3490 :
3702 3438 3850 3492 sedet

2270 3511 2495 3580 Rebecca
2539 3531 2602 3569 ea:
2636 3532 2734 3570 uno
2773 3518 3037 3572 concubitu
3077 3520 3264 3575 habens
3293 3521 3444 3578 Isaac
3483 3527 3643 3596 patris
3683 3529 3846 3583 nostri.

2271 3604 2685 3674 Vigilantissime
2727 3608 2836 3676 ait,
2886 3626 2950 3664 ex
2987 3627 3088 3666 uno
3135 3615 3400 3671 concubitu
3449 3619 3669 3690 (gemini
3719 3625 3846 3679 enim

2268 3699 2512 3768 concepti
2549 3700 2724 3770 erant)
2755 3718 2768 3754 :
2801 3717 2870 3757 ne
2899 3703 2980 3757 vel
3011 3708 3246 3775 paternis
3273 3710 3476 3766 meritis
3513 3713 3845 3781 tribueretur.

2268 3787 2311 3842 si
2339 3789 2617 3859 quisquam
2649 3789 2786 3847 forte
2813 3792 3013 3850 diceret
3033 3835 3049 3858 ,
3083 3795 3206 3852 Ideo
3233 3799 3351 3854 talis
3383 3813 3534 3858 natus
3563 3813 3649 3860 est
3684 3807 3842 3872 lilius.

2267 3883 2390 3952 quia
2420 3892 2572 3952 pater
2608 3883 2678 3937 ita
2723 3893 2838 3939 erat
2877 3885 3098 3942 aﬂ'cctus
3128 3889 3218 3943 illo
3249 3892 3300 3945 iu
3333 3901 3570 3964 tempore
3598 3913 3710 3968 quo
3733 3915 3841 3954 eum

2269 3973 2406 4028 sevit
2433 3973 2484 4028 in
2518 3984 2672 4055 utero
2699 3977 2916 4042 matris;
2948 3988 3039 4033 aut
3065 3979 3132 4034 ita
3161 3991 3277 4036 erat
3303 3994 3471 4040 mater
3488 3987 3704 4057 all‘tcta,
3733 4004 3840 4046 cum

2266 4079 2388 4120 eum
2417 4065 2682 4135 concepit.
2727 4064 2896 4122 Simul
2925 4067 3067 4123 enim
3113 4071 3298 4126 ambos
3339 4089 3444 4130 uno
3483 4085 3727 4148 tempore
3767 4081 3841 4135 ille

2267 4157 2424 4222 sevit,
2457 4156 2646 4212 eodem
2675 4168 2913 4228 tempore
2936 4161 3021 4216 illa
3043 4165 3308 4234 concepit.
3342 4167 3421 4222 Ad
3456 4168 3556 4223 hoc
3575 4185 3839 4227 common.

2265 4246 2496 4302 dandum
2523 4249 2616 4316 ait,
2646 4266 2709 4303 ex
2728 4268 2830 4304 uno
2857 4254 3158 4319 concubitu;
3183 4266 3239 4310 ut
3269 4272 3370 4314 nec
3390 4261 3676 4333 astrologis
3701 4264 3839 4318 daret

2267 4337 2462 4402 locum,
2486 4340 2568 4392 vel
2595 4340 2673 4395 eis
2696 4343 2869 4410 potius
2889 4359 3024 4414 quos
3043 4346 3405 4415 genethliacos
3427 4352 3836 4422 appellaverunt,

2267 4427 2355 4497 qui
2384 4426 2451 4482 de
2483 4429 2746 4486 natalibus
2787 4437 3116 4490 nasccntium
3150 4453 3327 4494 mores
3363 4450 3417 4494 et
3442 4455 3632 4499 eventa
3673 4446 3838 4515 conje'

2268 4526 2435 4571 ctant.
2459 4518 2596 4586 Quid
2627 4520 2767 4574 enim
2799 4523 2997 4592 dicant,
3021 4541 3117 4582 cur
3137 4545 3239 4583 una
3261 4533 3608 4602 conceptione
3629 4537 3730 4594 sub
3749 4552 3838 4591 uno

2269 4609 2449 4679 utique
2477 4612 2733 4681 temporis
2775 4625 3005 4684 puncto.
3047 4618 3232 4674 eadem
3273 4619 3624 4692 dispositione
3652 4628 3768 4684 εαξῐί
3793 4635 3837 4681 et

2265 4699 2536 4768 siderum,
2583 4711 2638 4756 ut
2680 4703 2888 4760 diversa
2933 4709 3154 4779 singulis
3194 4715 3436 4768 annotari
3478 4720 3702 4774 omnino
3744 4733 3833 4773 non

2267 4801 2522 4861 possent,
2578 4803 2721 4850 tanta
2780 4796 2832 4852 in
2892 4797 2996 4854 illis
3039 4802 3267 4870 geminis
3322 4804 3605 4864 diversitas
3655 4794 3834 4874 fuerit,

2267 4899 2484 4955 prorsus
2527 4901 2632 4940 non
2679 4887 2954 4944 inveniunt
2995 4909 3009 4945 :
3052 4902 3107 4946 et
3135 4894 3285 4950 facile
3310 4897 3772 4966 animadvertunt,
3798 4906 3834 4953 si

2265 4977 2449 5032 volunt
2469 5019 2483 5044 ,
2514 4994 2770 5048 responsa
2798 4980 2887 5036 illa
2915 4998 3035 5052 qua:
3062 4985 3274 5041 miseris
3315 4989 3622 5056 venditant,
3655 4992 3834 5047 nullius

2264 5069 2396 5124 artis
2419 5069 2770 5139 expositione,
2799 5071 2893 5128 sed
2913 5071 3129 5128 fortuita
3151 5078 3452 5147 suspicione
3472 5081 3718 5152 proferri.
3743 5078 3830 5136 Sed

2266 5171 2321 5214 ut
2350 5160 2418 5216 de
2443 5177 2502 5260 re
2526 5177 2646 5232 qua:
2668 5165 2841 5234 agitur
2867 5166 3042 5236 potius
3072 5168 3383 5260 loquemur,
3415 5174 3480 5228 ad
3507 5174 3827 5247 t'rangendam

2264 5263 2424 5324 atque
2464 5253 2815 5324 dejiciendam
2863 5261 3165 5329 superbiam
3193 5253 3482 5324 'lmminum
3524 5271 3827 5342 ingratorum

2263 5347 2448 5416 gratia:
2492 5347 2621 5415 Dei,
2651 5358 2704 5404 et
2742 5348 3051 5407 audentiam
3090 5356 3306 5425 gloriari
3345 5358 3414 5415 de
3464 5363 3664 5418 meritis
3701 5361 3825 5423 suis,

2265 5435 2363 5492 ista
2391 5449 2899 5496 commemorantur.
2923 5441 3049 5499 Cum
3077 5447 3210 5501 enim
3232 5449 3459 5506 nondum
3483 5453 3591 5507 nati
3614 5453 3821 5525 (iam,

2327 5613 2342 5644 ⁸
2379 5613 2547 5687 istbaac
2562 5677 2571 5687 .
2588 5615 2738 5687 verba
2759 5629 2773 5687 ς
2795 5616 2960 5687 Gratia
2980 5616 3108 5668 enim
3134 5619 3222 5671 Dei
3258 5621 3380 5674 salvi
3405 5625 3525 5687 facti
3571 5637 3750 5687 mnus,
3768 5625 3823 5684 τε.

2261 5673 2439 5744 desunt
2462 5677 2538 5725 hic
2561 5677 2608 5725 in
2632 5684 2703 5727 Er.
2722 5685 2774 5729 et
2796 5678 3047 5744 plerisque
3065 5689 3169 5744 Mss.

2328 5739 2347 5768 ³
2382 5743 2454 5785 F1.
2475 5745 2523 5788 et.
2554 5748 2756 5800 quatuor
2789 5739 2915 5802 itas,
2948 5739 3121 5804 gratia:
3151 5746 3394 5800 molitioni.
