3988 6426
177 307 277 366 113

173 437 323 490 neque
341 419 538 490 aliquid
558 418 774 489 egissent
795 415 972 471 bonum
997 414 1069 467 vel
1099 412 1308 477 malum,
1342 427 1441 465 non
1481 425 1542 464 ea:
1577 406 1747 478 operi-

173 516 256 566 t-us
281 555 294 575 ,
328 513 416 564 sed
443 527 509 565 ea:
538 518 747 564 vocante
774 507 956 560 dictum
983 513 1050 559 est
1086 505 1129 558 ei
1147 546 1160 568 ,
1190 505 1322 570 Quia
1367 503 1532 574 major
1574 501 1751 555 seruiet

171 603 366 656 minori.
413 601 667 656 Vocautis
708 607 788 654 est
831 612 956 668 ergo
993 597 1192 666 gratia;
1237 594 1576 664 percipientis
1621 607 1753 646 vero

169 684 383 762 gratiam
413 700 808 759 Consequentur
830 697 950 743 sunt
976 703 1136 756 opera
1165 687 1322 751 bona,
1356 701 1459 738 non
1485 699 1604 755 que
1627 697 1752 752 gra-

171 786 289 852 tiam
317 784 562 853 pariant,
597 781 690 835 scd
717 797 834 852 qua:
862 781 1026 850 gratia
1055 779 1345 848 pariantur.
1374 776 1492 832 Non
1523 776 1665 832 enim
1698 783 1754 828 ut

173 875 362 928 ferveat
389 872 633 926 Calefacit
657 872 792 942 ignis
814 913 827 934 ,
856 869 950 926 sed
979 869 1100 939 quia
1125 870 1322 930 fervet;
1346 883 1444 922 nec
1471 865 1591 922 ideo
1618 866 1754 919 bene

170 965 326 1018 currit
363 973 481 1017 rota
511 973 566 1017 ut.
591 962 816 1017 rotunda
844 962 946 1025 sit,
979 960 1072 1015 sed
1109 958 1229 1030 quit
1263 957 1489 1014 rotunda
1517 966 1597 1013 est
1629 973 1642 1009 :
1676 956 1754 1010 sic

171 1071 323 1108 nemo
349 1063 628 1125 pregzterea
665 1053 801 1106 bene
837 1061 1091 1121 operatur
1129 1059 1186 1105 ut
1227 1050 1452 1120 accipiat
1490 1047 1713 1118 gratiam
1735 1087 1750 1110 ,

169 1146 259 1201 sed
285 1148 403 1216 quia
429 1145 656 1214 accepit.
681 1141 961 1212 Quomodo
985 1142 1127 1197 enim
1170 1151 1345 1210 potest
1367 1141 1512 1210 juste
1539 1140 1717 1193 vivere
1734 1178 1749 1203 ,

167 1238 253 1304 qui
299 1251 402 1289 non
446 1235 598 1289 fuerit
626 1231 1286 1304 justitiuttusifquomodo
1319 1239 1503 1286 sancte
1544 1230 1768 1292 vivere...

167 1329 251 1398 qui
277 1343 380 1381 non
411 1325 568 1381 fuerit
600 1325 1000 1380 sanctiticatns?
1027 1324 1109 1380 vel
1136 1323 1356 1378 omnino
1387 1323 1564 1377 vivere
1594 1322 1634 1388 ἰ
1663 1320 1750 1389 qui

169 1434 270 1472 non
304 1417 460 1472 fuerit
501 1413 1127 1471 viviticatusi'Justiﬂcat
1150 1423 1327 1468 autem
1357 1412 1522 1484 gratia
1543 1451 1557 1476 ,
1586 1418 1641 1465 ut
1667 1409 1754 1479 ju—

170 1511 419 1566 stificatus
450 1508 623 1579 possit
649 1507 1012 1578 viverejuste.
1046 1507 1221 1562 Prima
1249 1513 1332 1560 est
1362 1504 1519 1576 igitur
1545 1503 1712 1574 gratia
1736 1543 1749 1567 ,

167 1603 390 1660 secunda
416 1617 584 1671 Opera
615 1601 751 1654 bona
777 1601 797 1631 ¹
824 1619 837 1654 :
873 1601 1010 1654 sicut
1037 1598 1143 1652 alio
1171 1597 1291 1652 loco
1316 1596 1464 1662 dicit,
1493 1594 1557 1648 Ei
1586 1602 1754 1648 autem

162 1698 245 1767 qui
265 1704 520 1764 operatur,
551 1709 742 1747 merces
771 1709 871 1746 non
898 1693 1178 1761 imputatur
1206 1689 1482 1743 secundum
1513 1686 1750 1758 gratiam,

165 1789 246 1842 sed
273 1786 550 1841 secundum
575 1786 795 1838 debitum
819 1783 994 1856 (Rom.
1028 1797 1101 1848 tv,
1129 1779 1205 1852 4).
1239 1779 1393 1835 Sicut
1419 1778 1506 1833 illa
1533 1777 1774 1856 immor-_

165 1879 330 1932 talitas
360 1886 482 1945 post
512 1889 674 1946 opera
705 1874 841 1928 bona
863 1915 880 1939 ,
921 1873 964 1926 si
1008 1881 1186 1925 tamen
1217 1870 1299 1924 vel
1333 1869 1445 1939 ipsa
1476 1882 1542 1923 ex
1572 1865 1753 1921 debito

164 1983 198 2039 p
231 1969 390 2021 scitur
427 1983 440 2018 :
485 1968 626 2019 sicut
666 1963 806 2018 idem
850 1963 919 2016 ait
947 2005 961 2029 ,
995 1960 1193 2016 Bonum
1238 1970 1488 2014 certamen
1526 1957 1749 2022 certari,

164 2077 354 2114 cursum
371 2058 728 2113 consummaui
749 2098 764 2123 ,
794 2056 946 2126 [idem
977 2055 1205 2118 servari;
1229 2052 1291 2107 de
1318 2062 1498 2106 cratere
1525 2059 1772 2119 superest‘

168 2153 281 2206 mihi
300 2169 492 2206 corona
505 2152 722 2222 jnstitiw
740 2165 931 2220 ,quam
963 2145 1134 2201 reddet
1165 2147 1288 2200 mihi
1319 2144 1568 2198 Dominus
1589 2143 1639 2195 in
1662 2142 1753 2195 illa

168 2245 245 2298 die
266 2246 435 2314 justus
465 2244 636 2315 judea:
659 2242 744 2313 (ll
765 2240 896 2295 Tim.
934 2255 1017 2302 tv,
1046 2239 1111 2302 7,
1150 2236 1228 2305 8).
1273 2236 1434 2291 Forte
1460 2234 1603 2290 enim
1630 2233 1776 2303 quiat

170 2336 312 2402 dixit,
334 2337 511 2390 reddet
537 2378 550 2400 ,
575 2335 684 2404 jam
713 2335 766 2388 ﬁt
787 2349 852 2388 ex
881 2332 1059 2387 debito
1088 2330 1128 2384 ³.
1161 2330 1295 2384 Cum
1321 2343 1451 2384 vero
1479 2327 1751 2382 ascendens

172 2429 218 2480 in
237 2426 384 2480 altum
409 2425 686 2496 captivarit
716 2424 1052 2495 captivitatem
1074 2464 1087 2486 ,
1121 2436 1223 2475 non
1248 2418 1510 2484 reddidit,
1543 2415 1636 2471 sed
1665 2417 1751 2470 de-

177 2521 242 2573 dit
279 2521 401 2573 dona
442 2519 730 2572 hominibus
775 2515 990 2586 (Ephes.
1035 2530 1115 2579 tv,
1146 2513 1223 2583 8).
1257 2511 1410 2568 Unde
1451 2511 1592 2566 enim
1637 2509 1752 2580 ipse

186 2611 446 2680 Apostolus
487 2620 737 2680 tanquam
778 2607 1018 2662 debitum
1060 2605 1209 2660 reddi
1239 2603 1339 2659 sibi
1369 2608 1748 2674 praesumeret,

194 2702 282 2756 nisi
308 2704 441 2771 prius
473 2700 767 2758 indebitam
796 2699 1022 2770 gratiam
1050 2698 1415 2768 percepisset",
1453 2711 1556 2766 qua
1589 2693 1748 2763 justi-

196 2791 364 2849 lienus
383 2794 576 2870 bonum
609 2809 834 2864 agonem
866 2791 1136 2847 certaret?
1182 2789 1302 2844 Fuit
1330 2789 1472 2844 enim
1503 2785 1771 2856 blasphe--

193 2899 298 2939 us
320 2894 368 2940 et
392 2895 708 2955 persecutor
744 2895 799 2939 et
829 2882 1150 2952 injuriosus;
1194 2880 1286 2935 sed
1327 2878 1749 2934 misericordiam

186 2985 484 3031 consecutus
508 2986 624 3042 est,
651 2984 709 3028 ut
733 2973 847 3044 ipse
877 2981 1101 3028 testatur
1130 2971 1179 3044 (l
1209 2971 1344 3025 Tim.
1378 2986 1428 3036 ι,
1460 2968 1546 3042 15)
1585 2987 1597 3023 :
1630 2983 1750 3024 cre-

181 3065 300 3121 dens
335 3069 515 3138 utique
555 3068 609 3121 in
651 3081 773 3121 eum
813 3066 901 3136 qui
941 3063 1196 3134 justifieat
1221 3104 1234 3126 ,
1277 3075 1381 3116 non
1427 3060 1568 3131 pium
1595 3102 1610 3128 ,
1654 3059 1748 3115 sed

179 3159 379 3229 impium
413 3159 593 3231 (Rom.
631 3173 686 3213 tv
709 3202 722 3220 ,
753 3158 838 3229 5),
873 3167 927 3211 ut
959 3154 1299 3226 justiﬁeaudo
1330 3154 1473 3224 pium
1502 3152 1675 3207 iaciat.

239 3251 288 3305 4.
319 3249 440 3304 Non
483 3267 544 3305 ea:
579 3250 810 3321 aperibus
835 3290 849 3315 ,
879 3248 1081 3318 inquit,
1111 3245 1201 3300 sed
1231 3262 1291 3299 ea:
1320 3253 1526 3298 vocante
1563 3243 1766 3297 dictum

175 3335 242 3398 est
260 3343 318 3409 ei,
349 3341 488 3409 Quia
509 3342 672 3412 major
693 3341 868 3395 serviet
891 3338 1093 3392 minori.
1120 3335 1200 3391 Ad
1231 3335 1332 3390 hoc
1359 3335 1588 3406 pertinet
1613 3333 1750 3404 quod

181 3438 282 3503 ait,
310 3435 435 3492 Cum
481 3435 611 3491 enint
652 3432 878 3488 nondum
920 3431 1023 3485 nati
1065 3429 1316 3501 fuissent,
1365 3443 1523 3496 neque
1558 3425 1771 3496 aliquid

177 3529 377 3599 egissent
422 3520 614 3580 bonum
647 3535 735 3577 aut
773 3523 998 3586 malum;
1038 3529 1095 3574 ut
1138 3526 1316 3589 posset
1347 3517 1487 3583 dici,
1533 3515 1651 3570 Non
1691 3531 1763 3570 ea:

179 3620 428 3687 operibus,
458 3617 544 3671 sed
578 3632 642 3670 ea:
680 3624 904 3669 uocante.
935 3611 1086 3668 Unde
1115 3610 1350 3666 occurrit
1387 3609 1567 3664 animo
1609 3624 1754 3679 qute-

181 3723 310 3775 rere,
340 3725 436 3764 cur
466 3707 677 3768 dixerit,
713 3703 780 3760 Ut
811 3702 1086 3758 secundum
1114 3701 1402 3756 electionem
1442 3700 1755 3770 propositum

182 3797 270 3853 Dei
287 3809 503 3853 inaneret
521 3799 546 3852 ?
564 3795 844 3867 Quomodo
866 3803 948 3849 est
967 3794 1110 3850 enim
1133 3792 1298 3863 jnsta,
1324 3798 1416 3844 aut
1436 3789 1755 3860 qualiscum-

180 3905 276 3959 que
304 3890 519 3945 omnino
555 3887 782 3953 electio,
815 3884 900 3940 ubi
932 3884 1074 3939 nulla
1102 3880 1350 3937 distantia
1380 3881 1496 3935 est?
1525 3879 1580 3935 Si
1611 3880 1753 3935 enim

182 3981 320 4035 nu'lo
360 3982 544 4034 merito
570 3978 772 4034 electus
799 3985 882 4032 est
908 3974 1073 4030 Jacob
1097 3973 1330 4027 nondum
1359 3979 1513 4026 natus
1543 3981 1597 4027 et
1624 3972 1754 4028 nihil

181 4083 444 4140 Operatus,
475 4086 570 4127 nec
591 4069 812 4123 omnino
843 4067 960 4137 eligi
994 4066 1164 4137 potuit
1188 4064 1334 4120 nulla
1364 4063 1624 4119 existente
1651 4061 1753 4118 dif-

182 4163 398 4220 ferentia
425 4179 522 4234 qua
553 4163 862 4232 eligeretur.
906 4158 1036 4214 Item
1078 4158 1121 4213 si
1162 4157 1309 4212 nullo
1335 4156 1526 4211 merito
1555 4155 1755 4225 impro-

183 4252 330 4307 batus
371 4265 447 4308 est
477 4254 650 4317 Esau,
687 4252 811 4323 quia
841 4259 895 4304 et
921 4250 1035 4321 ipse
1073 4247 1310 4303 nondum
1352 4255 1506 4301 natus
1541 4254 1597 4301 et
1627 4243 1756 4300 nihil

185 4355 425 4414 operatus
444 4355 578 4410 erat,
608 4360 730 4398 cum
753 4342 1041 4404 diceretur,
1068 4339 1134 4393 Et
1157 4341 1324 4411 major
1338 4339 1514 4392 serviet
1537 4337 1756 4403 minori;

186 4438 443 4506 quomodo
472 4437 587 4507 ejus
618 4435 934 4507 improhatio
956 4433 1096 4504 justa
1129 4433 1229 4487 dici
1259 4430 1464 4501 potest?
1489 4429 1598 4496 Qua
1631 4445 1771 4500 ergo

187 4526 530 4591 discretione,
581 4543 687 4596 quo
731 4525 994 4595 :equitatis
1041 4523 1287 4578 examine
1333 4519 1473 4591 quod
1519 4519 1758 4588 sequitur

188 4616 551 4686 intelligimus,
594 4616 752 4670 Iacob
789 4615 978 4679 dilexi,
1023 4613 1160 4666 Esau
1204 4623 1371 4664 autem
1409 4611 1525 4664 odio
1565 4608 1767 4663 habui?

189 4706 334 4775 Quod
374 4709 576 4779 quidem
618 4709 878 4776 scriptum
924 4715 1007 4760 est
1051 4705 1100 4757 in
1151 4702 1404 4772 propheta
1457 4702 1547 4772 qui
1603 4701 1758 4771 longe

194 4801 440 4865 prstez-ior
463 4799 798 4870 prophetavit
820 4840 832 4861 ,
863 4812 1019 4866 quam
1053 4795 1126 4849 il1i
1159 4797 1265 4848 nati
1295 4802 1348 4847 et
1369 4793 1561 4848 mortui
1588 4801 1711 4846 sunt
1739 4811 1752 4846 :

193 4889 279 4942 sed
309 4901 472 4946 tamen
517 4893 601 4945 illa
642 4890 902 4945 sententia
941 4888 1148 4942 videtur
1176 4894 1623 4950 commemorata,
1655 4900 1758 4956 qua

194 4979 380 5036 dictum
400 4995 497 5048 est,
523 4983 589 5036 Et
617 4984 782 5052 major
801 4982 978 5036 serviet
1007 4980 1189 5033 minori
1209 4995 1228 5044 ,'
1251 4991 1305 5034 et
1331 4988 1617 5049 antequam
1649 4979 1757 5034 nati

194 5080 242 5125 et
267 5074 449 5144 aliquid
480 5076 691 5146 operati
712 5083 913 5130 essent.
944 5071 1094 5128 Unde
1123 5072 1279 5143 igitur
1305 5073 1401 5125 ista
1429 5071 1640 5136 electio,
1669 5070 1755 5125 vel

196 5163 355 5232 qualis
388 5166 606 5228 electio,
647 5166 693 5220 si
735 5164 970 5219 nondum
1002 5163 1139 5217 natis
1177 5162 1520 5233 nondumque
1557 5161 1758 5232 aliquid

255 5344 273 5373 ι
304 5349 398 5393 ttss.
439 5345 742 5394 Corbeieusis
775 5352 827 5394 et
858 5345 1125 5394 Victorinus
1160 5355 1172 5390 :
1207 5341 1447 5402 Quomodo
1478 5354 1566 5392 nec
1597 5347 1759 5393 sancte

199 5402 338 5456 sisere
357 5441 372 5464 ,
419 5406 502 5468 qui
551 5419 647 5457 non
695 5406 840 5470 merit
885 5405 1247 5468 sancti/ionius;
1302 5416 1390 5454 nec
1441 5403 1632 5455 omnim
1687 5403 1759 5455 ei~

199 5476 652 5592 ωςεῖοῗξέοειιηάα
681 5526 890 5592 operatio
924 5526 1059 5580 bona.
1097 5534 1149 5578 Αι
1183 5533 1277 5576 Em.
1322 5533 1400 5575 Er.
1433 5533 1485 5576 et
1518 5533 1648 5586 uss,
1680 5537 1756 5577 se-

199 5589 341 5652 ειεξιάβ
368 5604 510 5652 onera
544 5591 679 5652 bona-

201 5649 278 5760 .L'
306 5650 349 5700 In
381 5649 580 5762 ti;th
615 5651 674 5702 sit
705 5664 766 5702 ea:
798 5649 970 5703 debito.
1011 5658 1083 5702 Er.
1112 5651 1256 5715 Lugd.
1297 5657 1414 5700 \‘en.
1449 5654 1559 5698 ιον.
1599 5651 1754 5699 secuti

255 5724 358 5762 mus.
464 5748 475 5759 .

1531 291 1732 348 LIBER
1772 288 2040 344 PRIMUS.

3338 303 3442 362 ιιι

1861 406 2091 474 operatis
2137 409 2279 463 nulia
2321 417 2443 465 sunt
2481 422 2745 468 momenta
2791 416 3135 474 meritorum?
3178 418 3256 474 An
3300 415 3438 477 iorte

1859 505 1985 550 sunt
2021 497 2192 568 aliqua
2237 505 2577 556 naturarum?
2619 505 2737 574 quis
2769 506 2868 560 hoc
2907 508 3191 579 intelligat,
3220 524 3283 566 ex
3329 526 3438 568 uno

1861 596 2027 654 patre,
2061 603 2124 643 ex
2154 605 2254 644 una
2281 600 2479 659 matre,
2509 610 2573 648 ex
2605 609 2710 649 uno
2737 599 3038 665 concubitu,
3064 615 3128 654 ex
3153 616 3259 655 uno
3287 617 3441 658 erea-

1863 680 2017 735 tore?
2042 682 2121 736 An
2149 685 2591 753 quemadmodum
2624 703 2687 742 ex
2710 689 2893 744 eadem
2920 699 3059 746 terra
3083 693 3096 722 ¹
3124 693 3261 748 idem
3289 708 3440 749 crea-

1861 777 1944 823 tor
1987 770 2234 840 produxit
2273 774 2480 829 diversa
2525 777 2871 833 animantium
2912 791 3071 851 atque
3110 783 3440 853 gignentium

1857 874 2052 929 genera
2074 903 2088 926 ,
2117 861 2186 916 ita
2215 879 2278 920 ex
2308 865 2495 921 eodeni
2529 866 2803 923 hominum
2833 870 3083 942 conjugio
3111 881 3269 943 atque
3293 888 3443 929 com-

1861 949 2016 1019 plexu
2032 951 2275 1020 produxit
2296 955 2345 1010 in
2359 958 2582 1026 geminis
2595 958 2862 1014 diversam
2879 962 3268 1031 prolem,unam
3281 979 3440 1035 quam

1859 1041 2124 1114 diligeret,
2138 1047 2359 1102 alteram
2377 1065 2534 1120 quam
2553 1051 2788 1107 odisset?
2804 1053 2956 1109 Nulla
2975 1069 3102 1126 ergo
3123 1056 3440 1127 electione',

1859 1142 2141 1204 antequam
2172 1149 2315 1192 esset
2340 1141 2479 1209 quod
2500 1141 2808 1211 eligeretur.
2837 1144 2891 1199 Si
2916 1146 3059 1200 enim
3082 1147 3252 1201 bonus
3272 1147 3443 1205 iactus

1859 1234 1939 1278 est
1969 1223 2152 1290 Jacolt,
2183 1237 2238 1281 ιιι
2268 1229 2528 1298 placeret;
2555 1233 2694 1288 unde
2727 1235 2918 1303 placuit
2951 1244 3235 1307 antequam
3263 1237 3435 1308 ﬁeret,

1860 1321 1916 1367 ut
1945 1313 2114 1371 bonus
2152 1317 2336 1373 ﬁeret?
2365 1320 2478 1376 Non
2521 1323 2698 1394 itaque
2728 1325 2932 1382 electus
2967 1336 3048 1383 est
3079 1336 3132 1384 ut
3163 1325 3313 1384 ﬁeret
3340 1329 3438 1386 bo-

1859 1419 1992 1471 nus,
2023 1406 2114 1460 sed
2142 1409 2311 1464 bonus
2342 1409 2511 1466 l‘ac'us
2539 1414 2661 1485 eligi
2692 1417 2879 1485 potuit.

1929 1497 1981 1552 5.
2010 1500 2090 1552 An
2119 1499 2237 1554 ideo
2257 1504 2531 1557 secundum
2551 1507 2863 1576 electionem,
2889 1510 3010 1580 quia
3032 1513 3270 1569 omnium
3296 1513 3438 1571 Deus

1858 1590 2110 1658 prsescius
2136 1592 2294 1646 etiam
2325 1593 2550 1648 futuram
2583 1596 2739 1652 tidem
2770 1599 2898 1655 vidit
2926 1601 2979 1655 in
3009 1601 3174 1658 Iacob
3201 1603 3440 1660 nondum

1859 1689 2018 1747 nato;
2049 1691 2104 1736 ut
2128 1686 2368 1753 quamvis
2389 1701 2491 1741 non
2515 1704 2576 1744 ex
2597 1691 2845 1760 operibus
2860 1694 2972 1749 suis
2987 1694 3266 1764 justiﬂcari
3287 1697 3440 1768 quis—

1858 1788 1960 1843 que
1982 1787 2264 1842 mereatur,
2296 1778 2725 1851 quandoquidem
2755 1784 2892 1840 bene
2923 1788 3132 1856 operari
3159 1787 3259 1842 nisi
3283 1788 3442 1858 justi-

1860 1864 2046 1919 ticatus
2073 1881 2175 1918 non
2201 1875 2392 1936 potest,
2416 1880 2595 1925 tamen
2619 1874 2738 1942 quia
2768 1890 2832 1928 ex
2859 1873 2962 1930 ﬁde
2981 1875 3236 1944 justiﬁcat
3253 1889 3440 1950 gentes

1860 1952 2000 2010 Deus
2029 1955 2222 2026 (Galat.
2272 1973 2355 2024 ut,
2396 1960 2450 2030 8)
2476 2001 2488 2023 ,
2540 1978 2636 2016 nec
2679 1963 2850 2018 credit
2893 1965 3085 2037 aliquis
3124 1968 3226 2022 nisi
3271 1968 3442 2026 libera

1859 2049 2149 2116 voluntate,
2181 2050 2318 2106 hanc
2347 2053 2511 2123 ipsam
2540 2053 2660 2110 fidei
2694 2058 3016 2113 voluntatem
3047 2058 3274 2116 futuram
3304 2077 3442 2132 pra:-

1859 2139 2044 2195 videns
2067 2140 2227 2207 Deus,
2255 2142 2414 2196 etiam
2443 2145 2674 2198 nondum
2699 2154 2878 2200 natum
2904 2150 3255 2218 pratscientia,
3280 2166 3438 2221 quem

1852 2231 2167 2300 jnstilicaret
2187 2276 2201 2299 ,
2241 2235 2523 2306 elegerit?"
2539 2237 2591 2292 Si
2635 2239 2801 2309 igitur
2819 2241 3010 2296 electio
3032 2257 3126 2312 per
3150 2245 3440 2314 prarscicn-

1858 2325 2006 2392 tiam,
2031 2327 2295 2396 praescivit
2313 2340 2490 2384 autem
2517 2330 2653 2385 Dens
2676 2331 2834 2386 tidem
2857 2333 3052 2400 Jucob;
3081 2334 3220 2391 unde
3242 2335 3435 2406 probas

1857 2419 1978 2489 quia
2009 2434 2112 2473 non
2141 2421 2299 2475 etiam
2329 2437 2391 2478 ex
2415 2423 2663 2492 operibus
2693 2424 2851 2494 elegit
2880 2426 3042 2479 eum?
3073 2426 3128 2482 Si
3156 2437 3438 2498 propterea

1856 2511 1978 2582 quia
2007 2512 2239 2567 nondum
2282 2515 2394 2569 nati
2439 2524 2590 2570 erant
2610 2559 2622 2579 ,
2647 2524 2700 2571 et
2738 2518 2973 2572 nondum
3001 2519 3198 2590 aliquid
3222 2529 3442 2591 egerant

1856 2601 2053 2657 bonum
2110 2618 2204 2658 seu
2249 2604 2478 2670 malum;
2527 2608 2594 2660 ita
2648 2607 2806 2662 etiam
2857 2608 3090 2664 nondum
3138 2611 3441 2668 crediderat

1855 2692 2046 2764 aliquis
2085 2709 2291 2749 eorum.
2337 2695 2442 2751 Sed
2488 2698 2818 2766 prarscientia
2861 2700 2991 2754 vidit
3027 2702 3352 2758 crediturum
3377 2703 3440 2758 ’τ

1856 2785 1930 2841 Ita
1959 2787 2285 2855 prtescientia
2324 2787 2505 2842 videre
2547 2798 2752 2857 poterat
2793 2800 3134 2858 operaturum
3166 2807 3181 2845 :
3209 2802 3267 2853 ut
3303 2808 3440 2863 quo-

1856 2874 2015 2931 modo
2053 2875 2246 2931 dicitur
2284 2876 2486 2932 electus
2526 2888 2740 2947 propter
2782 2880 2940 2934 ﬁdem
2980 2880 3244 2949 futuram,
3277 2897 3436 2953 quam
3521 2869 3524 2872 Α

1858 2968 2170 3038 ιιι-ωεοῐθιιειι
2201 2969 2373 3035 Dens,
2402 2969 2478 3024 sic
2505 2971 2640 3026 alius
2682 2972 2847 3040 possit
2876 2971 3085 3038 dicere,
3116 2982 3334 3043 propter
3359 2973 3443 3029 fn-

1859 3068 1974 3113 tura
2001 3072 2161 3128 opera
2189 3061 2367 3129 potius
2391 3059 2639 3124 electum,
2673 3077 2791 3130 qua:
2822 3061 3165 3118 nihilominus
3193 3064 3443 3133 prtescie-

1858 3148 1946 3205 bat
1967 3150 2126 3206 Deus.
2160 3151 2495 3222 Quapropter
2517 3153 2654 3207 unde
2677 3155 2903 3208 ostendit
2934 3156 3217 3223 Apostolus
3241 3172 3345 3212 non
3371 3173 3441 3214 ex

1857 3242 2108 3311 operibus
2134 3242 2332 3298 dictum
2361 3257 2502 3307 esse,
2533 3243 2705 3313 Major
2742 3247 2916 3299 serviet
2943 3247 3168 3300 minori?
3207 3247 3264 3302 Si
3303 3263 3439 3317 quo-

1858 3332 1999 3386 niam
2030 3332 2262 3387 nondum
2298 3334 2406 3388 nati
2441 3343 2594 3388 erant
2615 3334 2664 3401 ‘;
2698 3349 2799 3390 non
2830 3337 3003 3392 solum
3036 3351 3140 3391 non
3167 3353 3230 3392 ex
3261 3338 3445 3407 Operi-

1857 3421 1977 3489 bus,
2007 3423 2099 3477 sed
2128 3438 2226 3480 nec
2246 3437 2310 3480 ex
2341 3424 2442 3479 ﬁde
2461 3424 2658 3480 dictum
2681 3435 2782 3492 est,
2807 3426 2930 3496 quia
2954 3435 3235 3496 utrumque
3255 3427 3443 3484 deerat

1859 3513 2094 3569 nondum
2126 3514 2282 3569 natis.
2312 3513 2428 3570 Non
2457 3515 2616 3586 igitur
2635 3532 2700 3570 ex
2727 3517 3056 3586 pratscicntia
3086 3517 3252 3572 voluit
3277 3519 3440 3573 intel-

1861 3604 1950 3676 ligi
1975 3605 2164 3660 iactam
2196 3606 2511 3662 electionem
2544 3607 2796 3675 minoris,
2831 3619 2881 3661 ut
2916 3608 3084 3678 major
3113 3608 3161 3664 ei
3192 3609 3441 3666 serviret.

1864 3696 2058 3753 Volens
2083 3698 2223 3753 enim
2251 3699 2534 3755 ostendere
2560 3715 2663 3755 non
2693 3715 2758 3756 ex
2787 3701 3036 3771 operibus
3063 3699 3278 3768 factam,
3308 3717 3439 3771 pro-

1861 3797 2041 3861 pterea
2071 3790 2264 3856 intulit,
2289 3789 2494 3857 dicens,
2519 3791 2645 3845 Cum
2671 3791 2802 3846 enim
2833 3792 3056 3846 nondum
3079 3793 3183 3846 nati
3205 3793 3439 3863 fuissent,

1861 3898 2022 3952 neque
2049 3883 2244 3952 aliquid
2273 3883 2484 3953 egissent
2510 3883 2694 3937 bonum
2723 3901 2808 3938 seu
2839 3885 3048 3938 malum.
3071 3884 3318 3955 Alioquin
3342 3901 3442 3956 po-

1863 3981 2000 4028 terat
2025 3973 2076 4028 ci
2103 3973 2205 4027 dici
2233 3991 2246 4026 :
2275 3972 2379 4029 Sed
2415 3975 2524 4041 jam
2564 3974 2762 4028 sciebat
2807 3973 2944 4029 Deus
2979 3975 3097 4045 quis
3137 3975 3263 4045 qttid
3298 3989 3446 4032 esset

1861 4073 2095 4118 acturus.
2120 4064 2476 4132 Quamobrem
2506 4064 2643 4119 unde
2671 4065 2756 4119 illa
2776 4066 2964 4119 electio
2984 4065 3117 4120 facta
3148 4068 3220 4121 sit
3247 4068 3442 4135 qu:eri-

1864 4163 1950 4209 tur
1981 4173 1994 4209 :
2023 4155 2143 4223 quia
2165 4155 2207 4208 si
2237 4171 2342 4209 non
2373 4171 2436 4210 ex
2462 4156 2732 4224 operibus,
2761 4171 2879 4226 qua:
2906 4171 3010 4209 non
3039 4164 3192 4210 erant
3219 4157 3270 4210 in
3306 4172 3444 4211 non-

1862 4246 1986 4302 dum
2007 4247 2172 4309 natis;
2198 4261 2293 4300 nec
2311 4262 2374 4300 ex
2394 4246 2516 4312 ﬁde,
2537 4247 2654 4315 quia
2676 4260 2774 4299 nec
2795 4247 2904 4315 ipsa
2927 4254 3069 4300 erat:
3095 4245 3233 4301 unde
3249 4246 3446 4316 igitur!

1933 4339 1983 4392 θ.
2020 4339 2099 4391 An
2126 4336 2404 4391 dicendum
2435 4347 2517 4392 est
2546 4337 2684 4406 quod
2715 4337 2856 4390 nulla
2881 4335 3072 4391 electio
3102 4335 3259 4392 fuerit
3279 4378 3294 4403 ,
3335 4353 3444 4394 non

1863 4431 2126 4486 existente
2151 4429 2323 4499 aliqua
2349 4426 2656 4482 diversitate
2683 4428 2734 4482 in
2772 4437 2922 4483 utero
2950 4428 3134 4484 matris
3161 4427 3246 4483 vel
3276 4427 3399 4484 fidei
3419 4466 3442 4497 ,

1866 4522 1947 4577 vel
1973 4535 2214 4592 cperum,
2240 4521 2320 4576 vel
2349 4522 2705 4591 quorumlibet
2723 4521 2942 4576 omnino
2967 4521 3316 4577 meritorum?
3335 4521 3445 4578 Sed

1863 4615 2059 4671 dictum
2104 4624 2213 4677 est,
2257 4613 2324 4668 Ut
2363 4615 2640 4668 secundum
2679 4614 2966 4668 electionem
3010 4614 3323 4685 propositum
3347 4614 3460 4673 Dei.

1865 4719 2105 4763 maneret.
2159 4707 2222 4762 Et
2269 4708 2387 4762 ideo
2429 4709 2736 4777 qtta‘rimus,
2781 4707 2900 4777 quia
2941 4706 3140 4760 dictum
3188 4714 3290 4762 est.
3332 4706 3447 4765 Nisi

1866 4801 2000 4856 forte
2029 4803 2107 4855 sic
2132 4811 2213 4856 est
2242 4799 2608 4870 distinguenda
2637 4797 2895 4852 sententia
2917 4837 2932 4862 ,
2963 4812 3067 4852 non
3097 4805 3153 4852 ut
3183 4797 3450 4869 intelliga-

1866 4909 1985 4949 mus
2017 4904 2264 4963 tanquam
2314 4891 2434 4946 ideo
2472 4907 2570 4944 non
2617 4906 2680 4943 ex
2713 4889 2977 4959 operibus,
3010 4889 3099 4944 sed
3136 4906 3199 4944 ea:
3240 4901 3451 4946 vocante

1865 4988 2050 5040 dictum
2060 5000 2199 5051 esse,
2212 4984 2383 5054 Major
2397 4985 2572 5038 serviet
2588 4983 2849 5049 minari,ut
2866 4983 3140 5038 secundum
3157 4985 3449 5038 electionem

1865 5078 2173 5149 propositum
2201 5074 2293 5128 Dei
2319 5084 2539 5128 maneret
2572 5089 2601 5128 :.
2619 5073 2812 5129 sedita
2841 5075 3015 5146 potius
3036 5115 3051 5141 ,
3079 5084 3137 5130 ut
3161 5073 3228 5130 ad
3254 5073 3355 5131 hoc
3379 5076 3471 5131 de.

1929 5277 1942 5307 ι
1983 5274 2188 5323 vaticani
2223 5280 2325 5322 uss.
2345 5272 2949 5337 animiquemadmodum
2979 5283 3044 5323 ea:
3074 5283 3170 5322 una
3202 5277 3367 5324 terra.

1927 5337 1948 5368 ⁸
1981 5338 2052 5385 sic
2084 5342 2188 5384 Mss.
2227 5342 2281 5385 At
2314 5335 2450 5395 editi,
2484 5333 2652 5386 electio
2682 5341 2770 5384 est.

1930 5398 1950 5430 ⁸
1973 5398 2087 5447 editi
2105 5398 2220 5446 :sett
2243 5396 2367 5447 sicut
2390 5394 2694 5448 nrtescienlia
2714 5394 2832 5446 uidit
2845 5394 3159 5446 crediturum.
3201 5400 3308 5443 Mss.
3344 5400 3450 5443 tres

1866 5460 2073 5522 Vaticani
2096 5457 2175 5522 :{i
2215 5456 2521 5522 prmadentia
2554 5459 2971 5522 etc.Corbeiensis
2990 5455 3448 5522 etcenovet‘manus:

1864 5519 1956 5588 sed
1978 5515 2290 5588 pt'tescieniia
2319 5517 2455 5588 tidit_
2473 5517 2810 5588 crediturum?
2830 5519 3024 5588 omisso,
3049 5515 3185 5588 sicut.

1926 5585 1954 5646 5
1974 5577 2219 5646 t'.ov.:,:ed
2248 5580 2290 5633 si
2313 5581 2536 5645 quoniam
2556 5582 2768 5646 nondum
2807 5577 2910 5642 nati
2942 5581 3236 5646 _erattt._Am.
3265 5582 3316 5624 et
3333 5577 3446 5646 OEL:

1863 5644 1955 5754 se;
1979 5643 2198 5707 quoniam
2215 5683 2229 5706 ,
2258 5639 2373 5707 etc'.;
2395 5646 2589 5703 omisso,
2606 5639 2664 5694 si.
2684 5648 2738 5692 Αι
2754 5640 2878 5692 Mss:
2902 5639 2952 5691 si
2979 5639 3199 5701 quamam
3250 5639 3452 5697 omisso.

1865 5719 1915 5754 se
1952 5741 1964 5754 .

1865 5719 1964 5756 κα.
