3996 6282
559 193 685 250 115·

556 307 793 366 nondum
825 306 959 361 natis
984 313 1037 362 et
1064 304 1297 360 nondum
1333 302 1531 374 aliquid
1572 303 1805 372 operatis
1830 301 2134 373 exemplum

556 404 737 458 datum
780 401 1104 470 accipiatur,
1135 414 1204 454 ne
1241 399 1414 468 aliqua
1445 397 1634 452 electio
1664 396 1752 451 hic
1780 394 1948 466 possit
1978 394 2140 448 intel-

554 494 664 563 ligi.
699 492 826 547 Cum
862 491 996 544 enim
1042 489 1267 543 nondum
1304 488 1412 542 nali
1455 488 1701 559 fuissent,
1742 501 1902 556 neque
1944 483 2139 551 aliquid

554 585 771 655 egissent
787 583 890 636 sive
906 583 1091 635 bonum
1111 580 1213 634 sive
1234 579 1423 633 ntalum
1443 620 1457 644 ,
1477 588 1531 632 ut
1551 575 1826 631 secundum
1847 574 2139 629 electionem

554 674 871 747 prepositum
894 672 988 726 Dei
1010 680 1269 736 maneret;
1293 669 1465 731 idest,
1491 682 1663 737 neque
1688 665 1883 735 aliquid
1907 665 2141 732 egissent

553 770 754 823 bonum
785 773 877 819 aut
897 762 1123 828 malum,
1144 771 1201 816 ut
1225 770 1442 831 propter
1469 759 1635 828 ipsam
1661 757 1924 811 actionem
1949 754 2139 808 electio

478 864 501 894 ’τ
552 862 731 931 aliqua
767 856 920 913 ﬁeret
954 855 1071 926 ejus
1109 854 1200 926 qui
1231 853 1371 908 bene
1409 859 1593 922 egerat
1624 868 1639 903 :
1668 864 1787 904 cum
1824 862 1951 918 ergo
1992 844 2137 899 uuila

554 958 700 1008 esset
728 947 921 1003 electio
946 944 1088 1000 bene
1113 944 1348 1015 agentis,
1379 940 1668 997 secundum
1701 954 1860 1009 quam
1898 944 2140 991 maneret

552 1040 887 1110 propositum
916 1037 1041 1102 Dei,
1070 1052 1171 1090 non
1209 1051 1272 1088 ea:
1292 1032 1524 1102 operibus
1544 1072 1558 1097 ,
1594 1030 1682 1084 scd
1718 1045 1781 1084 ea:
1818 1036 2055 1091 vocante,
2087 1026 2137 1081 id

550 1140 664 1197 est,
698 1145 762 1186 ex
793 1143 861 1185 eo
887 1127 976 1199 qui
1004 1125 1240 1182 vocando
1266 1122 1334 1179 ad
1363 1122 1519 1177 tidem
1562 1122 1729 1192 gratia
1754 1119 2010 1190 justilicat
2035 1119 2138 1172 im-

553 1223 698 1291 pium
719 1261 734 1285 ,
763 1219 951 1274 dictum
981 1226 1053 1273 est
1094 1216 1142 1272 ei
1160 1257 1175 1283 ,
1217 1214 1349 1281 Quia
1386 1216 1552 1286 major
1586 1213 1760 1267 serviet
1789 1211 1990 1265 minori.
2022 1208 2135 1264 Non

550 1328 680 1382 ergo
718 1310 1012 1367 secundum
1054 1306 1373 1362 electionem
1408 1304 1739 1375 propositum
1788 1302 1880 1357 Dei
1922 1308 2135 1365 manet,

549 1403 644 1457 sed
690 1418 753 1458 ex
792 1401 1068 1473 proposito
1107 1398 1301 1455 electio
1334 1416 1347 1452 :
1377 1397 1428 1451 id
1459 1405 1583 1463 est,
1624 1411 1727 1449 non
1771 1394 1892 1465 quia
1935 1393 2138 1447 invenit

552 1496 693 1549 licus
713 1508 876 1563 opera
896 1493 1037 1548 bona
1060 1490 1113 1545 in
1134 1487 1439 1544 hominibus
1462 1503 1579 1556 qua:
1604 1485 1785 1555 eligat,
1813 1485 1932 1540 ideo
1959 1492 2151 1538 manet

549 1580 883 1651 propositum
906 1573 1300 1649 justiticationis
1327 1575 1521 1643 ipsius;
1545 1571 1639 1627 sed
1662 1571 1786 1642 quia
1808 1570 1935 1625 illud
1958 1578 2138 1625 manet

548 1683 610 1728 ut
631 1672 891 1743 justitieet
927 1660 1246 1734 credentes,
1285 1665 1405 1722 ideo
1447 1664 1649 1719 invenit
1687 1678 1850 1733 opera
1887 1678 2004 1733 quae
2025 1663 2134 1731 jam

545 1766 710 1837 eligat
737 1763 806 1819 ad
847 1777 1070 1835 regnum
1096 1761 1378 1818 ctelorum.
1408 1757 1544 1813 Nam
1584 1757 1685 1811 nisi
1725 1765 1867 1812 esset
1905 1754 2132 1820 electio,

548 1871 658 1913 non
685 1863 868 1913 essent
892 1852 1048 1909 electi
1064 1894 1083 1920 ,
1114 1868 1212 1908 nec
1236 1859 1386 1906 recte
1408 1850 1695 1912 diceretur,
1729 1845 1855 1914 Quis
1879 1844 2135 1900 accusabit

548 1947 791 2001 adversus
814 1945 993 1999 electos
1027 1943 1119 1997 Dei
1160 1943 1329 2014 (Rom.
1365 1956 1476 2005 VIII,
1510 1941 1600 2011 55)
1622 1938 1646 1991 ?
1672 1938 1784 1993 Non
1818 1947 1992 1992 tamen
2025 1936 2129 1991 elc-

548 2039 658 2095 ctio
688 2037 939 2110 prlecedit
960 2037 1395 2107 justiticatiouem
1417 2075 1432 2096 ,
1467 2032 1561 2087 sed
1588 2032 1902 2117 electionem
1940 2027 2135 2102 justiti-

549 2130 711 2185 catio.
752 2128 921 2184 Nemo
962 2127 1106 2182 enim
1147 2124 1391 2195 eligitur,
1431 2123 1530 2177 nisi
1559 2123 1666 2194 jam
1708 2122 1913 2176 distans
1948 2121 2015 2175 ab
2045 2121 2134 2177 illo

547 2221 638 2289 qui
678 2220 932 2292 rejicitur.
974 2216 1126 2274 Unde
1155 2215 1296 2286 quod
1327 2214 1525 2269 dictum
1568 2222 1681 2279 est,
1711 2202 1844 2283 Quia
1872 2214 2015 2284 elegit
2043 2230 2134 2267 uos

546 2308 691 2365 Deus
731 2320 846 2364 ante
884 2306 1059 2362 mundi
1097 2306 1499 2361 constitutionem
1535 2303 1752 2381 (Ep/tes.
1798 2320 1844 2368 I,
1886 2305 1977 2376 ι);
2028 2323 2132 2361 non

547 2398 706 2454 video
728 2397 997 2470 quomodo
1034 2398 1103 2450 sit
1129 2395 1330 2453 dictum
1352 2437 1367 2463 ,
1397 2395 1496 2449 nisi
1526 2394 1885 2465 praescientia.
1916 2394 2010 2450 ilic
2041 2409 2135 2449 au-

547 2500 657 2548 tem
684 2490 827 2562 quod
852 2490 945 2555 ait,
977 2487 1099 2543 Non
1123 2504 1184 2543 ea:
1214 2488 1444 2559 operibus
1463 2529 1479 2553 ,
1508 2485 1596 2540 sed
1622 2503 1685 2539 ea:
1716 2496 1918 2540 vocante
1945 2487 2133 2541 dictum

546 2593 621 2639 est
647 2583 694 2637 ei
711 2625 725 2647 ,
762 2582 893 2648 Quia
922 2582 1086 2653 major
1110 2580 1285 2636 serviet
1316 2578 1531 2643 minori;
1554 2594 1657 2634 non
1685 2580 1947 2635 electione
1973 2581 2134 2636 meri-

547 2683 756 2740 torum,
799 2689 919 2745 qua:
951 2681 1074 2744 post.
1103 2669 1538 2743 jusdlicationem
1569 2671 1750 2740 gratim
1781 2672 2127 2741 proveniunt,

546 2766 642 2823 sed
670 2765 984 2822 liberalitate
1013 2764 1275 2821 donorum
1311 2764 1401 2820 Dci
1433 2765 1598 2819 voluit
1634 2764 1852 2834 intelligi
1875 2806 1893 2831 ,
1918 2781 1984 2820 ne
2013 2765 2133 2835 quis

546 2860 616 2915 de
643 2858 896 2929 operibus
921 2858 1225 2913 extollatur.
1252 2855 1426 2910 Gratia
1453 2857 1584 2911 enim
1617 2856 1709 2910 Dei
1742 2857 1870 2911 salvi
1894 2857 2021 2927 [acti
2044 2874 2131 2911 stt-

547 2965 702 3013 mus;
731 2958 775 3003 et
809 2948 904 3002 hoc
929 2964 1030 3002 non
1058 2964 1121 3002 ea:
1144 2948 1314 3011 nobis,
1338 2946 1427 3002 sed
1465 2947 1553 3001 Dei
1585 2947 1774 3003 donum
1799 2958 1873 3003 est
1901 2965 1921 3004 :
1947 2967 2048 3003 non
2072 2966 2135 3004 ea:

548 3039 812 3112 cperibus,
843 3055 906 3094 ne
934 3040 1065 3110 forte
1090 3038 1202 3108 quis
1227 3038 1499 3092 extollatur
1527 3037 1637 3110 (Id.
1668 3054 1735 3103 It,
1765 3038 1827 3104 8,
1860 3037 1937 3111 9).

619 3132 672 3188 7.
701 3130 966 3200 Quaeritur
990 3140 1187 3198 autem,
1212 3140 1386 3185 utrum
1415 3130 1493 3186 vel
1520 3130 1650 3185 lides
1671 3142 1938 3187 mereatur
1965 3131 2135 3186 homi-

549 3224 631 3279 nis
652 3223 1118 3295 justilieatiouem;
1150 3240 1216 3278 an
1246 3238 1371 3278 vero
1414 3237 1513 3278 nec
1552 3222 1671 3277 ﬁdei
1702 3223 1887 3277 merita
1931 3239 2133 3294 pra‘ec-

548 3316 677 3370 dant
717 3315 1134 3370 miscricordiam
1166 3314 1283 3382 Dei,
1316 3313 1408 3369 sed
1450 3321 1504 3368 et
1530 3312 1660 3368 lides
1689 3313 1799 3384 ipsa
1831 3316 1970 3369 inter
1994 3314 2131 3369 dona

548 3406 734 3477 gratim
765 3413 1091 3461 numeretur.
1115 3404 1248 3473 Quia
1269 3404 1443 3459 ethoc
1469 3404 1584 3459 loco
1604 3419 1723 3458 cum
1745 3402 1986 3470 dixisset,
2013 3403 2133 3457 Non

550 3518 613 3556 ea:
639 3500 911 3572 aperibus;
942 3515 1047 3554 non
1074 3500 1177 3567 ait,
1221 3497 1316 3554 sed
1343 3513 1408 3553 ex
1438 3497 1536 3552 lidc
1565 3497 1752 3551 dictmn
1789 3506 1864 3552 est
1894 3497 1939 3550 ei
1958 3539 1971 3561 ,
2004 3497 2133 3563 Quia

552 3593 717 3664 major
742 3591 916 3645 serviet
937 3589 1121 3644 minori
1139 3605 1158 3643 :
1180 3590 1255 3643 ait
1278 3598 1453 3643 autem
1472 3630 1493 3654 ,
1513 3589 1600 3644 sed
1628 3605 1690 3642 ea:
1714 3598 1934 3642 vocante.
1966 3588 2139 3644 Nemo

551 3684 693 3737 enim
719 3681 909 3747 credit,
934 3681 1022 3751 qui
1052 3695 1155 3735 non
1185 3687 1422 3734 vocatur.
1462 3679 1765 3734 Misericors
1787 3689 1962 3734 autem
1996 3680 2133 3734 Deus

550 3782 727 3839 vocat,
756 3773 914 3827 nullis
938 3772 1040 3828 hoc
1068 3773 1148 3827 vel
1177 3771 1298 3826 lidei
1331 3771 1533 3826 meritis
1573 3771 1831 3841 largiens;
1871 3772 1991 3842 quia
2022 3788 2133 3827 mc-

549 3869 649 3920 rita
682 3865 800 3920 lidei
844 3872 1137 3935 sequuntur
1164 3864 1492 3917 vocationem
1524 3863 1721 3933 potius,
1744 3879 1900 3934 quam
1929 3878 2133 3934 [ιι-τιτθε-

550 3955 704 4011 dunt.
739 3953 1001 4019 Quomodo
1026 3953 1165 4009 enim
1189 3952 1410 4015 credent,
1440 3968 1585 4023 quem
1618 3969 1715 4005 non
1744 3953 2050 4006 audierunt?
2088 3962 2134 4007 et

551 4046 801 4117 quomodo
839 4044 1044 4099 audient
1072 4045 1180 4099 sine
1225 4043 1531 4115 prtrdicante
1562 4042 1732 4116 (Rom.
1776 4059 1836 4110 x,
1869 4043 1998 4115 l4)?
2024 4043 2133 4099 Nisi

551 4155 680 4211 ergo
706 4137 944 4195 vocando
971 4136 1237 4208 prtccedat
1265 4136 1626 4192 misericordia
1654 4136 1769 4203 Dei,
1796 4152 1891 4191 nec
1915 4136 2135 4192 credere

549 4231 829 4302 quisquam
857 4238 1059 4299 potest,
1097 4238 1153 4282 ut
1179 4244 1244 4282 ex
1273 4228 1374 4282 hoc
1404 4225 1936 4296 ineipiatjustilicari,
1967 4237 2019 4282 et
2047 4243 2135 4283 ac-

549 4323 729 4392 cipere
753 4321 1055 4375 facultatem
1079 4319 1213 4375 bene
1233 4320 1510 4388 operaudi.
1540 4319 1678 4388 EIgo
1699 4328 1821 4374 ante
1842 4335 2000 4374 omne
2021 4336 2135 4376 me-

554 4413 714 4467 ritum
729 4410 988 4481 estgratia
1026 4408 1233 4463 Etenim
1252 4406 1480 4462 Christus
1504 4423 1598 4476 pro
1628 4407 1794 4480 impiis
1808 4417 2034 4463 mortuus
2063 4419 2133 4461 est

557 4504 665 4576 (Id.
682 4502 826 4573 v.6).
846 4501 925 4556 Ex
951 4508 1175 4555 vocante
1192 4499 1346 4569 igitur
1366 4499 1539 4553 minor
1567 4500 1907 4568 acccpit,non
1925 4515 1991 4553 ex
2015 4500 2133 4554 ullis

549 4597 757 4653 meritis
782 4609 1001 4664 operum
1024 4607 1265 4657 suorum,
1285 4598 1341 4644 ιιι
1358 4590 1524 4659 major
1549 4590 1596 4643 ei
1614 4589 1836 4644 serviret
1860 4609 1871 4643 :
1904 4599 1957 4646 ιιι
1974 4591 2131 4647 etiam

548 4686 690 4756 quod
720 4685 998 4753 scriptum.
1025 4682 1187 4738 Jacob
1215 4681 1371 4735 dilexi
1389 4720 1402 4745 ,
1431 4695 1495 4735 ex
1518 4689 1740 4734 vocante
1769 4680 1837 4736 sit
1866 4681 1995 4747 Deo,
2026 4698 2132 4736 non

548 4794 612 4834 ex
645 4784 903 4846 operante
932 4773 1117 4830 Jacob.

620 4868 675 4923 8.
709 4868 843 4936 Quid
871 4866 1062 4922 deinde
1092 4866 1265 4931 Esau,
1294 4863 1434 4934 quod
1471 4863 1635 4919 servit
1674 4863 1883 4930 minori,
1916 4874 1967 4921 et
1993 4866 2134 4937 quod

548 4961 805 5031 scriptum
832 4966 936 5025 est,
962 4955 1103 5011 Esau
1123 4966 1289 5009 autem
1309 4955 1424 5010 odio
1445 4956 1614 5019 haunt,
1635 4956 1826 5026 quibus
1847 4956 1998 5010 malis
2024 4959 2134 5012 suis

551 5051 651 5106 hoc
679 5050 892 5116 meruit,
921 5064 1038 5103 cum
1068 5056 1122 5101 ct
1152 5047 1261 5117 ipse
1292 5047 1522 5101 nondum
1556 5054 1708 5101 natus
1735 5046 1937 5114 luisset,
1963 5064 2135 5118 neque

548 5141 748 5213 aliquid
777 5141 971 5211 egisset
1002 5139 1121 5195 boui
1147 5147 1238 5193 aut
1273 5137 1430 5202 mali,
1477 5137 1689 5208 quando
1714 5138 1913 5193 dictum
1936 5149 2038 5205 est,
2068 5140 2133 5195 Et

548 5235 715 5306 major
747 5232 923 5287 serviet
954 5230 1136 5285 minori
1156 5229 1180 5283 ?
1210 5231 1289 5285 An
1339 5230 1473 5284 forte
1515 5230 1959 5300 quemadmodum
2003 5232 2132 5288 illud

547 5326 616 5379 de
641 5323 808 5378 Jacnb
839 5323 999 5377 nullis
1028 5321 1229 5376 meritis
1260 5321 1411 5375 home
1440 5321 1663 5374 actionis
1692 5320 1889 5376 dictum
1915 5330 2028 5387 est,
2061 5323 2128 5377 ita

552 5415 689 5470 Esau
722 5414 880 5469 nullis
915 5411 1117 5469 meritis
1168 5412 1320 5467 mala:
1347 5411 1572 5468 actionis
1608 5412 1860 5467 odiosus?
1888 5412 1943 5467 Si
1989 5413 2132 5468 enim

545 5509 667 5580 quia
685 5507 992 5580 praesciebat
1013 5506 1154 5562 Deus
1166 5505 1338 5562 futura
1356 5506 1472 5575 ejus
1489 5520 1649 5575 opera
1671 5505 1828 5570 mala,
1852 5516 2131 5577 prepterea

546 5617 666 5657 eum
699 5600 1090 5672 praedestinavit
1109 5609 1167 5656 ut
1192 5600 1409 5657 serviret
1434 5597 1652 5665 minori;
1688 5609 1960 5668 propterea
1993 5615 2129 5672 prte-

1110 192 1197 247 DE
1244 189 1554 246 DlV'EllSlS
1592 187 2110 258 QUASSTIONlBUS

2273 188 2773 255 SlMPLIClANUM,
2816 189 2872 244 ‘S.
2916 190 3276 248 AUGUSTINI

3718 205 3807 266 ιισ

2251 301 2531 357 destinavit
2561 313 2614 358 et
2641 303 2806 358 .lacob
2833 313 2889 359 ut
2913 305 2959 360 ei
2990 307 3158 376 major
3199 310 3462 376 serviret,
3506 312 3626 383 quia
3655 313 3802 373 futura

2246 392 2362 460 ejus
2388 392 2524 448 bona
2552 408 2711 463 opera
2751 395 3097 463 prmsciebat,
3138 408 3191 453 et
3225 399 3414 454 falsum
3451 412 3533 456 est
3554 405 3658 473 jam
3686 411 3804 477 quod

2246 483 2353 548 ait,
2387 482 2505 537 Non
2545 501 2608 538 es:
2633 486 2883 555 operibus.
2915 486 2971 542 Si
2999 496 3175 541 autem
3203 504 3386 544 verum
3435 501 3518 546 est
3558 496 3689 562 quod
3717 514 3801 555 non

2246 586 2311 626 ex
2341 573 2609 642 operibus,
2642 581 2696 628 et
2723 574 2844 628 inde
2871 574 2969 630 hoc
2993 576 3201 647 probat,
3233 578 3355 648 quia
3383 579 3450 635 de
3476 582 3700 638 nondum
3729 604 3803 641 na-

2249 661 2317 715 tis
2339 661 2681 734 nondumque
2701 662 2899 733 aliquid
2920 667 3152 734 operatis
3175 665 3276 720 hoc
3303 667 3539 734 dictum;
3574 672 3803 732 undenec

2245 764 2312 804 ex
2344 749 2467 817 lide,
2492 766 2610 821 qua:
2633 751 2683 805 in
2721 752 2955 807 nondum
2982 755 3117 808 natis
3142 755 3389 812 similiter
3418 759 3647 815 nondum
3673 776 3800 820 erat:

2245 856 2353 912 quo
2385 844 2573 898 merito
2603 843 2742 899 Esau
2782 845 2905 899 odio
2951 844 3177 902 habetur
3220 857 3503 920 antequam
3548 858 3801 910 nascatur?

2245 931 2395 999 Quod
2424 933 2567 988 enim
2598 932 2720 989 fecit
2751 934 2886 989 Deus
2911 950 2972 991 ea
2998 953 3116 1007 quae
3138 937 3407 1009 diligeret,
3436 940 3580 996 nulla
3609 948 3799 1014 qua-stin

2245 1033 2345 1079 est.
2374 1024 2430 1081 Si
2468 1034 2645 1080 autem
2674 1025 2915 1082 dicamus
2954 1042 3076 1083 eum
3102 1027 3293 1084 fecisse
3319 1045 3443 1102 qua:
3482 1032 3691 1098 odisset,
3718 1036 3802 1090 ab-

2246 1117 2461 1172 surdum
2490 1126 2589 1184 est,
2614 1128 2929 1175 occurrente
2956 1119 3056 1175 alia
3080 1121 3350 1192 Scriptura
3378 1132 3435 1178 et
3458 1122 3684 1193 dicente,
3710 1127 3801 1183 Ne-

2243 1225 2340 1281 que
2360 1210 2491 1264 enim
2513 1210 2629 1265 odio
2651 1209 2836 1266 habens
2859 1212 3053 1284 aliquid
3071 1214 3432 1278 constituisses,
3460 1223 3505 1270 et
3530 1216 3656 1270 nihil
3672 1220 3799 1273 odisti

2244 1300 2423 1354 horum
2447 1318 2560 1371 qua:
2584 1302 2745 1373 fecisti
2767 1301 2923 1374 (Sap.
2956 1320 3029 1369 XI,
3059 1303 3175 1376 25).
3202 1303 3317 1372 Quo
3344 1307 3490 1362 enim
3530 1308 3707 1363 merito
3731 1311 3801 1366 sui

2244 1391 2412 1448 factus
2443 1401 2526 1448 est
2550 1394 2664 1463 sol,
2687 1403 2775 1449 aut
2801 1395 2924 1465 quid
2953 1394 3173 1451 oll‘ettdit
3209 1394 3334 1450 luna
3369 1405 3429 1451 ut
3454 1406 3593 1453 tanta
3623 1398 3703 1453 illo
3728 1400 3795 1455 in-

2241 1479 2404 1536 ferior
2423 1523 2437 1547 ,
2471 1484 2553 1538 vel
2583 1484 2707 1554 quid
2738 1486 3032 1555 promeruit
3056 1495 3114 1541 ut
3140 1485 3406 1541 sideribus
3432 1489 3637 1544 carteris
3673 1498 3799 1545 tanto

2241 1572 2436 1628 clarior
2460 1577 2769 1630 crearetur?
2799 1576 2904 1632 Sed
2949 1577 3061 1632 tunc
3103 1578 3278 1633 omnia
3314 1577 3457 1634 bona
3486 1589 3655 1636 creata
3695 1592 3796 1638 sunt

2240 1679 2462 1734 quicque
2491 1665 2540 1719 in
2563 1682 2758 1736 genere
2783 1682 2901 1723 suo.
2933 1666 3053 1723 Non
3069 1669 3210 1723 enim
3236 1669 3442 1726 diceret
3464 1671 3620 1739 Deus,
3640 1672 3794 1729 Solem

2241 1752 2432 1823 dilexi,
2466 1756 2644 1811 lunam
2676 1767 2851 1812 autem
2880 1758 3003 1814 odio
3032 1759 3221 1825 habui;
3253 1770 3365 1829 aut,
3397 1762 3599 1818 Lunam
3625 1762 3795 1831 dilexi,

2241 1843 2423 1897 stellas
2455 1852 2631 1900 autem
2670 1845 2797 1901 odio
2839 1846 3031 1903 habui:
3067 1849 3205 1904 sicut
3234 1849 3405 1918 dixit,
3447 1849 3604 1906 Iacob
3631 1854 3794 1926 ditari,

2243 1934 2382 1991 Esau
2412 1948 2577 1992 autem
2603 1939 2717 1993 odio
2747 1940 2919 1995 habui.
2949 1940 3052 1997 Sed
3083 1942 3171 1997 illa
3199 1945 3376 1999 omnia
3408 1944 3610 2012 dilexit,
3635 1961 3797 2016 quam-

2240 2028 2321 2083 vis
2348 2031 2679 2086 excellentia:
2721 2031 2945 2087 diversis
2986 2033 3234 2105 gradibus
3261 2035 3539 2103 ordinata;
3575 2037 3793 2107 quoniam

2240 2121 2371 2176 vidit
2395 2123 2531 2178 Dens
2559 2125 2680 2195 quia
2711 2124 2848 2180 bona
2874 2134 3016 2191 sunt,
3058 2142 3179 2183 cum
3211 2127 3355 2183 dicto
3380 2128 3495 2198 ejus
3523 2142 3637 2184 sunt
3663 2129 3790 2184 iusti.

2242 2222 2352 2269 tuta
2376 2213 2529 2282 (Gen.
2561 2233 2576 2271 I
2614 2215 2633 2289 )
2662 2234 2682 2270 τ
2705 2227 2762 2272 ιιι
2810 2228 2984 2274 autem
3014 2219 3208 2275 odisset
3240 2221 3401 2286 Esau,
3431 2220 3529 2276 nisi
3556 2221 3793 2291 iujustitize

2240 2308 2449 2374 merito,
2486 2308 2738 2377 injustum
2773 2319 2873 2364 est.
2900 2311 3050 2378 Quod
3078 2312 3121 2366 si
3160 2312 3538 2382 concedimus,
3566 2312 3728 2384 incipit
3747 2322 3791 2368 et

2238 2397 2642 2469 Jacobjustitiae
2670 2401 2861 2456 merito
2887 2401 3051 2471 diligi.
3086 2402 3239 2470 Quod
3276 2403 3320 2456 si
3352 2418 3535 2458 verum
3569 2412 3673 2467 est,
3711 2402 3788 2456 tal-

2239 2504 2355 2544 sum
2384 2499 2465 2545 est
2502 2491 2643 2561 quod
2686 2506 2793 2548 non
2823 2506 2887 2547 ex
2931 2492 3200 2562 operibus.
3245 2492 3325 2546 An
3371 2491 3504 2548 forte
3531 2509 3592 2548 ex
3616 2493 3790 2561 justitia

2241 2580 2402 2642 ﬁdei?
2429 2581 2564 2650 Quid
2590 2597 2718 2653 ergo
2760 2593 2810 2639 te
2847 2583 3090 2654 adjuvat,
3119 2581 3247 2638 Cum
3281 2584 3417 2639 enim
3460 2586 3671 2639 nondum
3703 2581 3790 2636 nati

2238 2672 2491 2741 fuissent?
2518 2671 2946 2745 quandoquidem
2991 2674 3043 2728 in
3074 2673 3309 2729 nondum
3354 2682 3479 2730 nato
3505 2689 3599 2730 nec
3616 2672 3790 2746 justiti:

2241 2760 2362 2818 ﬁdei
2394 2772 2602 2834 poterat
2626 2778 2765 2819 esse.

2310 2853 2365 2910 9.
2394 2854 2537 2911 Vidit
2564 2856 2741 2927 itaque
2767 2856 3054 2925 Apostolus
3080 2855 3206 2927 quid
3236 2874 3297 2912 ex
3330 2856 3418 2912 bis
3446 2854 3615 2913 verbis
3635 2861 3786 2925 posset

2239 2944 2417 3000 anim0
2429 2944 2692 3001 audientis
2705 2946 2787 3001 vel
2800 2946 3024 3017 legentis
3037 2962 3344 3015 occurrere,
3364 2948 3635 3018 statimque
3647 2943 3789 3014 subjeo

2239 3035 2338 3090 cit:
2358 3034 2495 3104 Quid
2506 3053 2622 3107 ergo
2635 3036 2883 3091 dicemus?
2895 3036 3139 3110 numquid
3149 3039 3391 3108 iniquitas
3403 3048 3472 3092 est
3484 3037 3616 3109 apud
3626 3032 3788 3089 Deum?

2241 3127 2401 3182 Absit.
2417 3128 2490 3183 .Et
2517 3129 2666 3200 quasi
2687 3129 2886 3185 docens
2907 3130 3175 3202 quomodo
3194 3130 3335 3186 absit
3359 3150 3370 3185 :
3402 3130 3568 3202 Moysi
3584 3129 3701 3185 enim
3721 3125 3785 3179 di-

2239 3220 2341 3283 cit.
2381 3221 2586 3291 inquit,
2620 3220 2894 3277 Miserebor
2921 3223 3002 3277 cui
3041 3223 3272 3278 misertus
3316 3240 3434 3291 ero,
3470 3232 3516 3277 et
3545 3220 3785 3276 misericor-

2239 3311 2375 3365 diam
2392 3311 2638 3382 praestabo
2660 3313 2742 3366 cui
2761 3314 3038 3368 misericors
3059 3313 3221 3384 fuero.
3246 3314 3452 3380 Quibus
3472 3313 3635 3368 verbis
3654 3307 3785 3363 solvit

2238 3402 2624 3473 quiestionem,
2666 3418 2733 3458 an
2774 3404 2950 3473 potius
2992 3404 3190 3459 arctius
3236 3403 3543 3475 colligavit?
3587 3399 3781 3468 ldipsum

2239 3500 2322 3548 est
2346 3494 2486 3548 enim
2518 3492 2658 3562 quod
2688 3495 2916 3548 maxime
2940 3503 3119 3549 movet
3139 3496 3162 3562 ,’
3203 3495 3245 3549 si
3286 3495 3569 3550 miseretur
3598 3490 3673 3545 cui
3700 3486 3783 3541 Ini-

2239 3592 2413 3638 sertus
2439 3583 2560 3650 erit,
2590 3592 2643 3639 et
2666 3583 3083 3639 misericordiam
3117 3583 3392 3655 praestabit
3414 3583 3500 3644 cui
3518 3578 3783 3640 misericrtrs

2238 3672 2431 3740 fuerit,
2480 3688 2575 3729 cur
2603 3674 2717 3729 htee
2751 3674 3112 3732 misericordia
3155 3672 3325 3733 defuit
3360 3679 3525 3744 Esau,
3569 3684 3620 3730 ut
3645 3672 3781 3728 etiam

2239 3764 2353 3834 ipse
2382 3781 2476 3837 per
2510 3765 2653 3821 illam
2682 3774 2821 3823 esset
2848 3767 3048 3837 bonus,
3086 3769 3530 3839 quemadmodum
3558 3783 3644 3838 per
3664 3764 3778 3817 illam

2239 3856 2410 3912 bonus
2438 3854 2603 3911 factus
2623 3865 2706 3912 est
2732 3856 2914 3913 Jacob.
2943 3860 3022 3913 An
3046 3859 3165 3915 ideo
3193 3859 3392 3915 dictum
3416 3868 3514 3926 est,
3545 3851 3780 3911 Miserrbor

2239 3946 2321 4000 cui
2347 3947 2577 4003 misertus
2602 3965 2705 4015 ero,
2738 3957 2784 4002 et
2817 3950 3209 4005 misericordiam
3232 3954 3478 4023 prtestabo
3511 3950 3590 4005 cui
3614 3941 3779 4001 miseri-

2240 4055 2353 4093 cors
2378 4041 2542 4110 βιαιο,
2565 4040 2683 4110 quia
2715 4040 2799 4094 cui
2822 4041 3072 4096 misertus
3098 4043 3199 4097 erit
3224 4042 3366 4098 Deus
3388 4052 3442 4096 nt
3465 4056 3579 4097 eum
3601 4043 3730 4091 vocet
3745 4033 3778 4096 ³,

2241 4129 2579 4185 miserebitur
2607 4131 2721 4201 ejus
2747 4139 2804 4186 ut
2846 4132 3065 4197 credat;
3098 4145 3150 4188 et
3196 4133 3283 4188 cui
3326 4132 3620 4189 misericors
3647 4124 3779 4182 fuerit

2242 4229 2298 4275 ut
2335 4220 2553 4287 credat,
2597 4222 3013 4278 misericordiam
3040 4225 3306 4294 praestabit
3332 4268 3346 4292 ,
3393 4226 3489 4280 hoc
3529 4232 3605 4279 est
3652 4217 3780 4272 faciet

2242 4329 2362 4369 eum
2393 4314 2787 4370 misericordem
2809 4357 2827 4381 ,
2858 4325 2916 4371 ut
2958 4316 3116 4372 etiam
3161 4318 3296 4374 bene
3342 4314 3619 4388 operetur?
3653 4305 3780 4366 Unde

2240 4405 2610 4472 admonemur,
2656 4422 2754 4462 nec
2796 4408 2920 4477 ipsis
2952 4409 3201 4479 operibus
3234 4409 3599 4465 misericordia:
3625 4415 3779 4475 quem-

2239 4512 2396 4567 quam
2449 4507 2695 4568 oportere
2737 4499 2948 4570 gloriari
2990 4512 3044 4557 et
3084 4504 3300 4571 extolli,
3344 4503 3482 4574 quod
3532 4501 3605 4557 eis
3648 4491 3771 4567 quasi

2238 4588 2352 4642 suis
2383 4588 2545 4642 Deum
2588 4591 2970 4658 promeruerit;
3020 4594 3444 4665 quandoquidem
3491 4600 3547 4646 ut
3589 4587 3776 4643 haberet

2240 4681 2405 4750 ipsam
2435 4681 2850 4738 misericordiam
2877 4684 2965 4740 ille
2996 4687 3259 4754 prtestitit,
3283 4688 3371 4758 qui
3399 4677 3774 4742 misericordiam

2238 4774 2510 4844 prmstabit
2534 4775 2616 4831 cui
2642 4775 2946 4831 misericors
2970 4777 3145 4832 fuerit.
3173 4778 3322 4847 Quod
3346 4779 3389 4833 si
3410 4793 3523 4833 eam
3546 4762 3778 4829 credendo

2239 4880 2297 4921 se
2323 4867 2582 4921 meruisse
2620 4866 2741 4937 quis
2760 4866 2956 4935 jactat,
2996 4871 3202 4924 noverit
3230 4886 3350 4924 eum
3380 4869 3476 4924 sibi
3505 4857 3776 4936 praestitisse

2239 4966 2293 5012 ut
2323 4956 2598 5023 crederet,
2639 4959 2727 5030 qui
2771 4960 3053 5016 miseretur
3091 4961 3399 5033 inspiraudo
3443 4957 3624 5019 ﬁdem,
3651 4946 3775 5016 cui"s

2238 5049 2485 5103 misertus
2506 5058 2587 5105 est
2616 5058 2674 5105 ut
2697 5051 2870 5106 adhuc
2913 5053 3108 5108 inﬁdeli
3137 5055 3465 5110 vocationem
3496 5040 3770 5116 impertita-

2236 5140 2351 5195 Jam
2377 5141 2517 5195 enim
2546 5140 2867 5196 discernitur
2897 5143 3067 5199 ﬁdelis
3094 5145 3161 5198 ab
3188 5145 3367 5213 impio.
3401 5139 3532 5208 Quid
3556 5134 3673 5192 enim
3699 5127 3775 5181 Ita-

2238 5234 2340 5297 bes,
2368 5233 2570 5302 inquit,
2602 5234 2736 5303 quod
2760 5252 2861 5289 non
2885 5236 3162 5307 accepisti?
3195 5236 3255 5292 Si
3281 5246 3443 5290 autem
3472 5242 3515 5288 et
3538 5218 3768 5294 accepisti.

2236 5324 2361 5397 quid
2389 5325 2622 5395 gloriaris
2649 5328 2793 5397 quasi
2821 5344 2923 5382 non
2950 5330 3198 5399 acceperis
3224 5329 3270 5400 (l
3292 5328 3413 5401 Cor.
3440 5342 3507 5388 Iv,
3538 5319 3624 5391 7)?

2308 5415 2394 5470 10.
2427 5415 2589 5471 Recte
2620 5416 2836 5485 quidem
2881 5419 3015 5485 hoc;
3043 5398 3134 5476 sed
3176 5398 3269 5475 cur
3303 5398 3415 5475 haec
3452 5398 3768 5471 misericordia

2302 5547 2474 5617 ‘_E_‘.diti,
2495 5552 2545 5598 ut
2562 5562 2672 5599 eum
2694 5557 2821 5602 vocet
2849 5549 3138 5605 misericors.
3164 5554 3325 5617 Abest,
3354 5546 3626 5603 miserim”:
3647 5542 3765 5587 ³⁸³⁸

2186 5636 2191 5641 ~
2241 5610 2438 5668 tioribus
2457 5617 2563 5659 Mss.
