3988 6432
189 235 275 289 n7
1522 229 1721 283 uuen
1765 187 2029 284 ramus.
3309 231 3408 287 H8

186 349 418 402 subtracta
445 353 517 397 est
545 344 609 397 ab
641 344 804 410 Esau,
837 353 894 398 ut
917 361 1015 398 non
1047 344 1120 396 sic.
1148 351 1441 405 vocaretur,
1475 353 1526 396 ut
1551 353 1605 397 et
1635 359 1726 396 vo-

181 448 284 494 cato
309 436 636 505 inspiraretur
666 433 802 487 ﬁdes
838 437 884 498 ¹,
916 443 966 488 et
988 433 1208 488 credens
1240 433 1544 486 misericors
1580 432 1728 485 ﬁeret

184 542 233 586 ut
254 532 372 584 bene
399 529 741 596 operaretur?
793 529 873 581 An
918 527 1049 581 forte
1093 526 1212 595 quia
1246 525 1446 578 noluit?
1495 523 1548 579 Si
1600 538 1728 592 ergo

179 621 321 678 Jaeob
344 605 456 673 ideo
478 616 703 672 credidit
743 617 866 686 quia
896 616 1090 679 voluit,
1123 630 1229 668 non
1268 615 1314 667 ei
1349 613 1485 667 Deus
1514 611 1730 666 donavit

182 711 348 773 ﬁdem,
378 707 465 762 sed
511 722 628 760 eam
670 705 772 760 sibi
824 707 930 775 ipse
961 704 1188 759 Volendo
1231 704 1508 772 prmstitit,
1550 712 1604 757 et
1633 702 1728 755 ha-

180 800 276 855 buit
297 795 478 866 aliquid
507 795 645 864 quod
689 810 800 849 non
837 794 1058 863 accepit.
1091 794 1170 847 An
1199 793 1319 862 quia
1362 807 1518 847 nemo
1558 801 1732 860 potest

180 887 370 943 credere
395 885 488 938 nisi
523 886 665 947 velit,
698 899 858 938 nemo
884 885 1017 938 velle
1057 883 1155 936 nisi
1183 890 1420 946 vocetur,
1451 897 1608 934 nemo
1632 895 1729 934 au-

180 989 270 1033 tent
302 975 390 1030 sibi
430 984 601 1044 potest
642 983 900 1043 praestare
945 981 1001 1027 ut
1044 981 1280 1040 vocetur,
1309 971 1549 1025 vocando
1591 970 1731 1025 Deus

180 1076 369 1138 perstat
411 1077 461 1122 et
500 1066 697 1131 ﬁdem;
756 1066 870 1136 quia
921 1066 1040 1121 sine
1089 1064 1367 1119 vocatione
1412 1078 1515 1116 non
1559 1069 1734 1132 potest

176 1162 422 1229 quisquam
467 1157 728 1225 credere,
774 1159 1012 1228 quamvis
1058 1157 1232 1211 nullus
1271 1154 1454 1210 credat
1497 1152 1733 1207 invitus?

179 1247 406 1315 Quomodo
427 1248 566 1301 enim
592 1247 819 1309 credent,
860 1264 1004 1317 quem
1032 1263 1132 1299 non
1159 1244 1466 1297 audierunt?
1494 1252 1582 1295 aut
1607 1258 1734 1312 quo-

177 1338 304 1390 modo
344 1337 540 1389 audient
587 1338 702 1390 sine
743 1338 1086 1408 prwtlicante?
1133 1336 1298 1392 Nemo
1345 1335 1521 1404 itaque
1568 1333 1736 1388 credit

177 1444 268 1482 non
303 1438 544 1482 vocatus:
579 1428 676 1481 sed
727 1444 829 1482 non
873 1429 1049 1482 omnis
1089 1427 1258 1482 credit
1295 1434 1530 1481 vocatus.
1582 1424 1736 1478 Multi

181 1520 291 1572 enim
329 1529 432 1572 sunt
461 1519 656 1583 vocati,
693 1519 842 1590 pauci
879 1535 992 1572 vero
1040 1517 1181 1572 electi
1221 1516 1434 1587 (Matth.
1468 1533 1556 1582 xx,
1603 1515 1689 1584 16)
1721 1533 1733 1569 :

180 1613 335 1679 utique
360 1613 390 1666 ii
416 1613 501 1682 qui
534 1621 817 1669 vocantem
849 1627 958 1676 non
985 1619 1451 1681 contempserunt,
1495 1608 1587 1664 sed
1614 1623 1734 1663 cre-

177 1704 326 1760 dendo
342 1705 501 1759 secuti
519 1718 680 1771 sunt;
710 1705 950 1760 volentes
972 1714 1148 1759 autem
1174 1704 1292 1758 sine
1311 1702 1471 1756 dubio
1495 1700 1737 1756 credide-

179 1803 300 1847 runt.
328 1794 454 1861 Quid
483 1805 567 1851 est
597 1811 728 1866 ergo
749 1795 892 1867 quod
918 1796 1176 1866 sequitur,
1211 1793 1378 1864 Igitur
1408 1809 1504 1846 non
1528 1792 1737 1845 volentis

179 1903 313 1958 neque
327 1890 580 1954 currentis,
599 1891 690 1944 sed
709 1889 986 1944 miserentis
1005 1898 1074 1942 est
1095 1887 1184 1941 Dei
1202 1889 1226 1942 ?
1243 1888 1323 1940 An
1345 1887 1467 1956 quia
1488 1899 1586 1940 nec
1605 1884 1738 1939 velle

181 1993 435 2047 possumus
453 1983 553 2036 nisi
577 1983 772 2047 vocati,
796 1990 847 2035 et
870 1980 1002 2035 nihil
1030 1979 1171 2034 valet
1198 1978 1336 2034 velle
1355 1985 1617 2042 nostrum,
1638 1974 1738 2029 nisi

181 2078 230 2121 ut
245 2068 558 2138 perﬁciamus
576 2072 794 2142 adjuvet
813 2070 984 2125 Deus?
1005 2069 1149 2140 Opus
1167 2077 1249 2124 est
1264 2084 1390 2139 ergo
1406 2065 1541 2123 velle
1559 2075 1611 2121 et
1627 2080 1740 2120 cur-

184 2173 302 2213 rere.
329 2159 434 2215 Non
455 2163 594 2216 enim
616 2165 813 2218 frustra
832 2162 1123 2225 diceretur,
1148 2159 1217 2213 Et
1238 2161 1288 2213 in
1307 2169 1438 2214 terra
1457 2175 1560 2231 pars
1575 2158 1738 2212 homi-

186 2249 309 2302 nibus
329 2250 458 2305 bomr
485 2254 757 2307 voluntatis
787 2252 936 2324 (Luc.
969 2267 1006 2306 tt
1031 2293 1044 2316 ,
1079 2252 1184 2322 Ην)
1210 2268 1223 2314 ;
1255 2257 1330 2317 et,
1361 2249 1448 2304 Sic
1475 2249 1659 2303 currite
1683 2257 1739 2302 ut

188 2339 577 2410 compreltendatis
606 2344 650 2415 (ι
667 2342 782 2398 Cor.
818 2359 896 2410 Ix,
915 2341 1029 2412 24).
1065 2341 1185 2396 Non
1213 2350 1387 2395 tamen
1412 2340 1620 2395 volentis
1650 2357 1738 2394 ne-

190 2446 269 2495 que
285 2435 506 2488 currentis
524 2476 538 2500 ,
570 2437 664 2489 sed
695 2436 973 2489 miserentis
995 2442 1065 2488 est
1092 2432 1222 2500 Dei,
1256 2442 1310 2486 ut
1335 2431 1475 2502 quod
1497 2431 1739 2486 volumus

196 2520 540 2592 adipiscamur,
588 2535 648 2582 et
695 2542 800 2596 quo
847 2529 1089 2580 volumus
1133 2525 1526 2594 perveniamus.
1562 2523 1742 2577 Noluit

202 2625 302 2680 ergo
325 2612 448 2669 Esau
472 2627 526 2671 et
556 2634 670 2672 non
697 2616 933 2671 cucurrit
964 2634 976 2669 :
1005 2616 1098 2672 sed
1129 2624 1182 2671 et
1211 2617 1254 2671 si
1281 2615 1536 2671 voluisset
1564 2624 1617 2669 et
1643 2628 1738 2668 cu-

208 2701 436 2771 currisset,
492 2706 586 2762 Dei
638 2706 904 2775 adjutorio
945 2706 1310 2776 pervenisset,
1365 2705 1452 2776 qui
1494 2705 1542 2760 ei
1581 2705 1738 2759 etiam

213 2790 322 2846 velle
356 2805 396 2849 et
432 2811 652 2854 currere
695 2799 935 2854 vocando
983 2808 1292 2869 prcestaret,
1339 2798 1437 2852 nisi
1468 2798 1742 2854 vocatione

209 2893 448 2956 contempta
491 2890 758 2962 reprobus
788 2890 958 2946 ﬁeret.
989 2891 1157 2945 Aliter
1185 2891 1326 2946 enim
1361 2892 1499 2946 Deus
1531 2900 1742 2961 praestat

207 2979 250 3024 ut
279 2975 504 3047 velimus,
543 2981 703 3035 aliter
733 2990 948 3050 praestat
977 2981 1116 3051 quod
1147 2981 1487 3036 voluerimus.
1518 2979 1588 3035 Ut
1614 2980 1740 3034 veli-

201 3073 297 3116 mus
317 3067 442 3121 enim
472 3079 524 3124 et
555 3086 709 3124 suum
740 3086 859 3126 esse
890 3071 1131 3126 voluitet
1162 3082 1399 3125 nostrum
1425 3086 1439 3135 ;
1471 3086 1622 3123 suum
1650 3086 1742 3125 vo-

201 3152 369 3223 cando,
406 3169 639 3214 nostrum
685 3159 977 3232 sequendo.
1023 3160 1174 3229 Quod
1215 3169 1391 3216 autem
1419 3160 1743 3214 voluerimus

199 3243 318 3299 Solus
354 3261 557 3317 praestat
581 3294 597 3321 ,
642 3251 693 3307 id
731 3261 844 3320 est,
879 3267 1041 3322 posse
1064 3252 1201 3307 bene
1233 3267 1388 3322 agere
1408 3293 1422 3316 ,
1451 3262 1504 3306 et
1533 3267 1744 3322 semper

198 3332 327 3394 beate
350 3342 540 3401 vivere.
572 3345 951 3400 Verumtamen
973 3345 1112 3398 Esau
1145 3344 1376 3398 nondum
1408 3352 1580 3407 natus,
1611 3342 1743 3396 nihil

201 3426 360 3486 borum
388 3447 560 3504 posset
585 3439 719 3493 velle
746 3453 838 3492 seu
870 3437 1031 3493 nolle.
1061 3436 1167 3492 Cur
1186 3452 1313 3507 ergo
1343 3437 1394 3490 in
1423 3445 1573 3491 utero
1600 3437 1742 3506 posi-

200 3525 269 3574 tus
287 3523 592 3594 improbatus
615 3529 734 3584 est?
753 3527 979 3583 Rcditur
999 3529 1139 3583 enim
1162 3527 1228 3582 ad
1251 3528 1368 3582 illas
1382 3527 1744 3595 difﬁcultates,

203 3628 289 3668 non
330 3620 489 3675 solum
535 3613 628 3677 sua
673 3621 1032 3688 obscuritate,
1081 3620 1173 3676 sed
1213 3621 1370 3676 etiam
1415 3629 1594 3673 nostra
1639 3629 1743 3672 tam

204 3707 336 3762 multa
355 3715 657 3783 repetitione
677 3714 1032 3769 molestiores.

261 3801 334 3856 ll.
357 3803 455 3861 Cur
480 3809 620 3862 enim
641 3816 724 3862 est
752 3806 1079 3876 improbatus
1109 3803 1253 3858 Esau
1280 3803 1514 3859 nondum
1547 3812 1702 3858 natus
1726 3846 1740 3872 ,

204 3889 278 3956 (ιυὶ
301 3909 385 3950 nec
407 3897 620 3954 credere
646 3908 852 3968 poterat
881 3896 1087 3951 vocanti
1113 3937 1126 3960 ,
1151 3910 1250 3951 nec.
1281 3903 1624 3951 contemnere
1649 3911 1745 3948 vo-

204 3983 426 4042 cationem
464 3989 484 4020 ³
508 4030 522 4054 ,
573 4004 670 4043 nec
717 3988 838 4042 boui
884 3987 966 4042 vel
1015 3987 1134 4041 mali
1175 3985 1371 4058 aliquid
1412 3985 1662 4056 Operari?
1689 3985 1744 4040 Si

205 4081 492 4141 pmscientia
518 4083 614 4137 Dei
645 4083 831 4137 futurae
861 4083 1011 4136 malae
1041 4081 1325 4135 voluntatis
1353 4080 1498 4149 ejus,
1526 4093 1620 4134 cur
1639 4093 1744 4133 non

207 4173 252 4217 et
273 4166 414 4227 Jacob
435 4173 764 4244 praescienlia
797 4173 892 4228 Dei
921 4173 1241 4241 approbatus
1267 4180 1349 4226 est
1378 4171 1566 4225 futurae
1593 4171 1746 4225 bona:

207 4258 448 4320 voluntatis
486 4266 641 4336 ejus?
669 4263 822 4331 Quod
854 4265 896 4318 si
927 4264 1093 4317 semel
1119 4263 1446 4317 concesseris
1467 4303 1481 4327 ,
1513 4262 1746 4331 potuisse

209 4359 479 4425 quemquam
525 4357 607 4412 vel
650 4356 930 4428 approbari
974 4355 1054 4410 vel
1103 4355 1387 4425 improbari
1417 4370 1482 4409 ex
1518 4370 1581 4408 eo
1608 4355 1745 4425 quod

208 4442 400 4501 nondum
447 4450 496 4503 in
566 4449 658 4503 illo
706 4457 853 4515 erat,
900 4447 992 4502 sed
1039 4448 1158 4518 quia
1205 4447 1343 4501 Deus
1370 4446 1600 4500 futurum
1632 4462 1748 4502 csse

211 4537 480 4597 prmsciebat
504 4559 518 4606 ;
565 4541 844 4596 conﬁcitur
878 4557 998 4595 eum
1029 4541 1262 4611 potuisse
1290 4541 1447 4594 etiam
1475 4556 1540 4594 ex
1568 4539 1739 4608 operi-

211 4621 291 4682 bus
319 4635 598 4704 approbari,
635 4653 754 4706 qua:
797 4636 852 4690 in
880 4636 970 4690 illo
1001 4636 1140 4690 Deus
1165 4633 1334 4688 futura
1360 4649 1477 4688 esse
1506 4635 1748 4702 pra-scie-

212 4709 311 4785 bat,
357 4725 583 4793 quamvis
630 4725 864 4780 nondum
917 4714 1059 4779 esset
1107 4723 1302 4793 aliquid
1355 4735 1639 4794 operatus;
1697 4735 1750 4778 et

213 4813 390 4868 Omnino
434 4824 482 4871 te
524 4817 654 4870 nihil
699 4817 967 4886 adjuvabit
993 4817 1133 4888 quod
1162 4817 1394 4871 nondum
1424 4819 1529 4870 nati
1561 4825 1745 4880 erant,

215 4907 304 4954 Cum
341 4904 526 4962 dictum
565 4918 739 4974 esset,
785 4908 848 4962 Et
892 4913 1056 4978 major
1087 4909 1262 4963 serviet
1289 4909 1469 4961 minori
1494 4950 1508 4975 ,
1543 4918 1598 4962 ut
1628 4908 1751 4962 hinc

213 4995 420 5051 ostendas
445 5014 545 5053 non
565 5013 631 5053 ex
662 4999 910 5068 operibus
939 4999 1159 5064 dictum,
1188 4999 1310 5069 quia
1337 4998 1568 5052 nondum
1595 4997 1748 5068 quid-

211 5091 331 5146 quam
355 5099 459 5144 erat
485 5101 756 5161 operatus.
966 5157 972 5163 _

270 5173 339 5228 12.
381 5179 463 5233 Illa
502 5182 662 5235 etiam
706 5182 868 5236 verba
896 5181 939 5235 si
969 5180 1246 5250 diligenter
1274 5180 1514 5235 attendas
1538 5224 1552 5248 ,
1587 5179 1750 5252 Igitur

215 5273 292 5316 tum
323 5268 508 5326 colentis
548 5289 707 5341 neque
747 5273 992 5325 currentis
1015 5314 1029 5336 ,
1081 5273 1168 5326 sed
1208 5273 1481 5326 miserentis
1517 5282 1588 5325 est
1619 5272 1748 5338 Dei;

219 5365 298 5409 ton
334 5360 423 5418 hoc
455 5367 739 5435 Apostolus
777 5376 1057 5436 propterea
1102 5377 1302 5420 tantum
1331 5367 1525 5423 dixisse
1554 5366 1748 5420 videbi-

219 5451 311 5512 tur,
350 5457 473 5522 quod
516 5458 782 5528 adjutorio
828 5457 921 5512 Dei
947 5457 1015 5512 ad
1046 5457 1097 5511 id
1123 5457 1261 5527 quod
1293 5459 1534 5514 volumus
1563 5474 1747 5529 perve-

262 5580 406 5674 ξ
425 5608 458 5663 e.
473 5595 710 5674 Vaticanis
732 5601 836 5641 Mss.
860 5595 942 5674 hic
958 5594 1104 5652 addit,
1127 5596 1175 5641 ut
1196 5592 1430 5643 crederet.

297 5654 550 5704 Sttl‘l't,‘ﬂlt}i|5
577 5663 677 5713 3.5.,
707 5664 967 5705 rorantem.

1837 342 2084 406 niamus;
2117 341 2210 396 sed
2237 341 2392 397 etiam
2423 356 2484 396 ex
2516 341 2601 396 illa
2633 342 2924 398 intentione
2953 356 3052 414 qua
3081 350 3131 396 ct
3161 341 3264 394 alio
3294 341 3414 396 loco

1834 434 1992 501 dicit,
2033 434 2156 488 Cum
2193 436 2367 488 timore
2408 444 2456 488 et
2483 445 2691 488 tremore
2721 444 2931 488 vestram
2956 436 3177 505 ipsorum
3204 435 3416 488 salutem

1835 526 2110 596 aperamini
2132 543 2150 590 ;
2183 524 2313 579 Deus
2345 527 2474 579 enim
2504 535 2575 579 est
2601 526 2684 595 qui
2711 534 2946 593 aperatur
2970 527 3022 578 in
3051 525 3186 579 vobis
3214 533 3258 578 et
3290 525 3414 578 velle

1835 627 1880 671 et
1920 617 2120 685 aperari
2143 657 2156 680 ,
2205 633 2296 686 pro
2338 616 2467 669 bona
2510 617 2778 669 voluntate.
2810 613 3066 685 (Philipp.
3097 630 3154 682 tt,
3182 614 3266 680 12,
3298 615 3413 684 15).

1836 706 1935 763 Ubi
1977 709 2102 762 satis
2144 707 2372 762 ostendit
2408 707 2566 762 etiam
2596 709 2759 776 ipsam
2791 707 2982 762 bonam
3011 707 3334 760 voluntatem
3364 707 3416 760 in

1839 798 1992 853 nobis
2022 808 2276 868 operante
2306 799 2415 854 Deo
2442 798 2575 852 ﬁeri.
2605 797 2735 851 Nam
2765 797 2807 851 si
2839 807 3116 868 pr0pterea
3148 797 3316 851 solum
3339 796 3420 849 di-

1837 899 1980 944 ctum
2008 899 2088 943 est
2111 931 2124 955 ,
2162 888 2284 942 Non
2311 889 2518 942 volentis
2545 905 2701 959 neque
2718 889 2963 941 currentis
2981 929 2996 954 ,
3029 887 3117 941 sed
3147 887 3422 940 miserentis

1839 990 1911 1033 est
1938 978 2066 1045 Dei,
2099 979 2218 1048 quia
2239 979 2483 1033 voluntas
2506 977 2735 1031 hominis
2764 977 2874 1030 sola
2905 991 3008 1029 non
3040 976 3234 1030 sufﬁcit
3260 984 3314 1028 ut
3332 975 3421 1045 jn-

1839 1080 1921 1125 ste
1970 1081 2220 1140 recteque
2260 1071 2496 1124 vivamus
2521 1109 2534 1134 ,
2568 1069 2667 1122 nisi
2698 1067 3012 1137 adjuvenmr
3060 1067 3422 1121 misericordia

1841 1165 1932 1218 Dei
1959 1182 1972 1231 ;
2019 1173 2190 1234 potest
2228 1173 2281 1218 et
2310 1164 2409 1217 hoc
2438 1162 2593 1216 modo
2621 1161 2722 1215 dici
2748 1203 2761 1226 ,
2797 1160 2959 1234 Igitur
2987 1175 3092 1214 non
3125 1160 3426 1214 miserent's

1840 1265 1921 1311 est
1961 1233 2087 1322 Dei,
2132 1254 2226 1310 sed
2257 1253 2480 1308 volentis
2505 1261 2588 1308 est
2615 1252 2844 1307 hominis
2869 1233 3032 1322 ,quia
3061 1251 3423 1306 misericordia

1843 1347 1934 1402 Dei
1966 1348 2078 1402 sola
2106 1363 2211 1401 non
2243 1346 2453 1411 sufﬁcit,
2483 1345 2582 1400 nisi
2611 1358 2901 1399 consensus
2923 1352 3118 1398 nostrae
3139 1340 3424 1395 voluntatis

1840 1437 2084 1492 addatur.
2130 1439 2198 1491 At
2224 1437 2352 1490 illud
2383 1434 2721 1490 manifestum
2752 1442 2834 1490 est
2853 1473 2874 1498 .,
2899 1434 3090 1487 frustra
3122 1446 3218 1485 nos
3248 1431 3385 1484 velle
3405 1471 3421 1496 ,

1843 1529 1942 1602 nisi
1985 1529 2125 1583 Deus
2163 1529 2478 1582 misereatur
2519 1544 2530 1579 :
2579 1525 2704 1580 illud
2747 1533 2862 1579 aulo.
2887 1538 2923 1578 ι]
2952 1523 3132 1578 nescio
3157 1521 3426 1592 quomodo

1841 1605 2047 1674 dicatur
2067 1660 2082 1685 ,
2112 1617 2307 1673 frustra
2337 1617 2502 1671 Deum
2532 1615 2808 1680 misereri,
2841 1614 2942 1668 nisi
2971 1628 3068 1668 nos
3094 1613 3336 1668 velimus.
3367 1613 3424 1666 Si

1842 1712 1983 1767 enim
2030 1710 2170 1764 Deus
2214 1710 2494 1763 miseretur
2517 1748 2531 1774 ,
2573 1708 2730 1761 etiam
2770 1706 3012 1759 volumus
3049 1703 3155 1758 :ad
3182 1701 3426 1757 eamdem

1842 1803 2037 1873 quippe
2075 1799 2491 1855 misericordiam
2521 1797 2746 1868 pertinet
2770 1805 2827 1851 ut
2854 1796 3096 1850 velimus.
3132 1793 3266 1846 Deus
3295 1795 3427 1846 enim

1844 1905 1914 1949 est
1953 1895 2038 1965 qui
2077 1903 2314 1964 eperatur
2354 1893 2407 1945 in
2450 1890 2589 1944 nobis
2621 1900 2666 1944 et
2703 1890 2825 1943 velle
2845 1899 2889 1943 et
2914 1889 3113 1959 operari
3137 1929 3150 1949 ,
3181 1903 3270 1954 pro
3296 1885 3428 1938 bona

1843 1986 2112 2039 voluntate.
2145 1982 2274 2037 Nam
2301 1982 2344 2036 si
2372 1996 2672 2052 quaeramus
2699 1988 2873 2034 utrum
2905 1979 2995 2033 Dei
3021 1977 3219 2031 donum
3242 1977 3310 2030 sit
3330 1991 3426 2028 vo-

1843 2075 2018 2130 luntas
2061 2074 2200 2128 bona
2225 2113 2240 2140 ,
2280 2074 2471 2127 mirum
2513 2073 2556 2126 si
2598 2087 2790 2140 negare
2823 2071 3098 2140 quisquam
3125 2067 3318 2122 audeat
3362 2067 3432 2120 At

1845 2167 1986 2223 enim
2031 2167 2154 2237 quia
2197 2181 2300 2220 non
2332 2164 2584 2236 praecedit
2613 2165 2856 2218 voluntas
2886 2164 3022 2218 bona
3053 2161 3383 2216 vocationem
3409 2201 3426 2224 ,

1844 2261 1938 2316 sed
1985 2259 2197 2315 vocatio
2243 2259 2436 2313 bonam
2485 2257 2807 2312 voluntatem
2837 2298 2851 2322 ,
2901 2266 3177 2325 propterea
3220 2251 3429 2307 vocanti

1846 2352 1957 2407 Deo
2002 2360 2148 2406 recte
2190 2349 2435 2404 tribuitur
2471 2348 2611 2418 quod
2648 2347 2784 2402 bene
2813 2346 3058 2400 volumus
3078 2387 3093 2412 ,
3123 2343 3275 2400 nobis
3302 2359 3431 2398 vero

1846 2443 2005 2498 tribui
2048 2458 2154 2497 non
2199 2449 2372 2511 potest
2396 2439 2534 2512 quod
2567 2454 2837 2493 vocamur.
2869 2437 2981 2492 Non
3013 2438 3170 2507 igitur
3201 2435 3319 2490 ideo
3345 2435 3398 2488 di
3426 2467 3435 2476 ο

1845 2542 1988 2590 ctum
2038 2531 2332 2604 putandum
2375 2540 2497 2595 est,
2550 2529 2671 2584 Non
2716 2529 2925 2583 volentis
2967 2543 3126 2598 neque
3153 2526 3428 2589 currentis,

1845 2625 1935 2680 sed
1980 2623 2256 2678 miserentis
2295 2632 2365 2676 est
2412 2621 2534 2684 Dei,
2576 2621 2698 2691 quia
2742 2619 2840 2672 nisi
2882 2618 2995 2688 ejus
3034 2617 3296 2686 adjutorio
3325 2631 3430 2669 non

1849 2728 2128 2784 possumus
2173 2712 2390 2781 adipisci
2439 2709 2579 2780 quod
2619 2711 2857 2762 volmnus
2880 2750 2895 2774 ,
2941 2707 3036 2762 sed
3072 2707 3190 2762 ideo
3214 2707 3389 2776 potius
3412 2745 3428 2774 ,

1847 2806 1968 2878 quia
1991 2806 2091 2860 nisi
2115 2804 2228 2875 ejus
2251 2804 2525 2858 vocatione
2547 2817 2649 2860 non
2679 2802 2937 2856 volumus.

1921 2899 2006 2953 15.
2047 2895 2152 2952 Sed
2181 2896 2223 2950 si
2253 2895 2460 2950 vocatio
2504 2893 2602 2947 ista
2647 2893 2718 2946 ita
2764 2899 2846 2946 est
2883 2890 3118 2946 eﬁ‘ectrix
3149 2890 3301 2944 bona:
3332 2903 3432 2942 vo-

1848 2987 2088 3055 luntatis,
2134 2995 2190 3041 ut
2234 2986 2408 3042 omnis
2449 3000 2566 3040 eam
2607 2991 2824 3039 vocatus
2865 2992 3134 3052 sequatur,
3163 2981 3431 3052 quomodo

1850 3097 2032 3136 verum
2060 3079 2178 3145 erit,
2215 3077 2369 3132 Multi
2395 3079 2576 3146 vocati,
2609 3077 2756 3148 pauci
2783 3077 2922 3130 electi
2939 3077 2963 3130 ?
2989 3074 3138 3142 Quod
3169 3076 3212 3128 si
3245 3089 3431 3128 verum

1849 3182 1951 3240 est,
1970 3181 2023 3228 et
2038 3187 2141 3226 non
2154 3178 2542 3240 consequenter
2561 3169 2820 3223 vocationi
2839 3176 3055 3221 vocatus
3075 3165 3430 3234 obtemperat,

1850 3276 2008 3336 atque
2034 3274 2093 3319 ut
2120 3279 2223 3318 non
2252 3264 2268 3295 ¹
2298 3263 2630 3333 obtemperet
2660 3263 2710 3315 in
2742 3259 2854 3328 ejus
2877 3267 2959 3314 est
2983 3258 3211 3328 positum
3245 3257 3436 3310 volun-

1851 3365 1978 3423 tate,
2019 3363 2166 3410 recte
2204 3354 2361 3409 etiam
2401 3353 2504 3408 dici
2536 3361 2730 3422 potest,
2782 3351 2941 3421 Igitur
2982 3365 3086 3403 non
3128 3349 3434 3402 miserentis

1852 3448 1968 3513 Dei,
1997 3447 2092 3502 sed
2118 3446 2342 3502 volentis
2371 3456 2527 3515 atque
2565 3444 2830 3499 currentis
2871 3451 2952 3496 est
2997 3440 3258 3504 hominis;
3307 3440 3432 3508 quia

1852 3536 2213 3592 misericordia
2236 3537 2470 3590 vocantis
2496 3553 2598 3588 non
2625 3533 2838 3600 sufﬁcit,
2866 3533 2964 3587 nisi
2995 3533 3158 3586 vocati
3182 3531 3438 3586 obedien-

1853 3629 1923 3684 tia
1950 3629 2421 3698 consequatur.An
2455 3625 2588 3681 forte
2617 3627 2688 3681 illi
2708 3627 2793 3696 qui
2815 3627 2913 3680 hoc
2943 3624 3101 3678 modo
3126 3624 3294 3677 vocati
3325 3638 3431 3676 non

1852 3721 2212 3790 consentiunt,
2246 3726 2463 3790 possent
2491 3719 2594 3773 alio
2630 3719 2788 3773 modo
2827 3717 3000 3772 vocati
3029 3714 3434 3771 accommodare

1853 3811 1975 3867 ﬁdei
2003 3812 2345 3878 voluntatem,
2384 3821 2439 3865 ut
2466 3820 2518 3866 et
2546 3810 2669 3864 illud
2701 3825 2880 3864 verum
2913 3810 3014 3873 sit,
3059 3807 3212 3862 Multi
3250 3808 3432 3868 vocati,

1855 3903 2002 3973 pauci
2032 3901 2206 3966 electi;
2233 3911 2286 3954 ut
2315 3894 2732 3970 qnamvis"multi
2761 3915 2865 3953 uno
2903 3898 3060 3953 modo
3087 3897 3259 3952 vocati
3289 3897 3391 3950 sint
3416 3937 3430 3959 ,

1856 4002 2032 4047 tamen
2063 3994 2185 4063 quia
2214 4007 2317 4046 non
2345 4007 2530 4047 omnes
2557 4007 2661 4047 uno
2686 3991 2844 4046 modo
2869 3991 3043 4046 allecti
3069 4000 3210 4052 sunt,
3238 3991 3308 4043 illi
3335 3990 3436 4044 soli

1855 4091 2145 4152 sequantur
2178 4083 2531 4144 vocationem,
2578 4081 2664 4150 qni
2709 4081 2757 4134 ei
2801 4081 3070 4150 capiendae
3102 4081 3438 4149 reperiuntur

1856 4174 2062 4237 idonei;
2093 4181 2147 4227 ct
2174 4173 2296 4227 illud
2327 4189 2430 4227 non
2462 4173 2636 4225 minus
2664 4187 2846 4225 verum
2877 4176 2965 4235 sit,
2994 4171 3162 4241 Igitur
3201 4187 3300 4224 non
3343 4185 3435 4223 vo-

1855 4265 2003 4317 lentis
2035 4279 2189 4330 neque
2215 4263 2476 4324 currentis,
2511 4262 2597 4313 sed
2637 4262 2917 4313 miserentis
2957 4269 3028 4312 est
3069 4259 3181 4325 Dei,
3211 4261 3298 4327 qui
3333 4258 3435 4311 hoc

1859 4352 2016 4406 modo
2046 4352 2272 4416 vocavit,
2320 4349 2585 4418 quomodo
2631 4358 2811 4418 aptum
2852 4356 2967 4403 erat
3007 4349 3084 4402 eis
3128 4349 3215 4418 qui
3263 4349 3432 4401 secuti

1856 4453 1979 4497 sunt
1999 4442 2368 4496 vocationem?
2392 4441 2469 4495 Ad
2497 4442 2629 4495 alios
2654 4448 2829 4494 autem
2854 4439 3058 4495 voeatio
3081 4439 3290 4510 quidem
3324 4453 3431 4508 pcr-

1856 4537 2030 4603 vcnit;
2074 4536 2167 4592 sed
2197 4536 2317 4603 quia
2361 4536 2478 4588 talis
2511 4534 2606 4588 fuit
2633 4550 2735 4604 qua
2778 4534 2978 4589 moveri
3025 4547 3128 4586 non
3172 4543 3431 4602 possent,

1857 4647 1954 4687 nec
1980 4646 2096 4685 eam
2134 4645 2324 4698 capere
2345 4631 2364 4660 ³
2393 4629 2501 4697 apti
2530 4637 2727 4692 essent,
2751 4627 2923 4681 vocati
2952 4624 3162 4696 quidem
3194 4624 3295 4679 dici
3342 4639 3438 4693 po-

1857 4731 2071 4778 tuerunt
2116 4720 2207 4775 sed
2240 4735 2342 4772 non
2372 4720 2564 4773 electi:
2609 4726 2662 4772 et
2703 4732 2806 4771 non
2832 4717 2940 4786 jam
2979 4715 3224 4770 similiter
3249 4728 3435 4770 verum

1855 4813 2134 4883 est,lgitur
2151 4826 2252 4864 non
2284 4809 2582 4864 miserentis
2613 4806 2837 4875 Dei,sed
2867 4806 3092 4862 volentis
3119 4815 3277 4876 atque
3310 4819 3437 4860 cur-

1857 4905 2022 4958 rentis
2046 4911 2127 4955 est
2153 4903 2419 4955 hominis:
2453 4901 2699 4970 quoniam
2731 4913 2836 4953 non
2882 4907 3055 4968 potest
3089 4897 3310 4953 effectus
3339 4898 3442 4951 mi-

1857 4993 2159 5047 sericordiae
2203 4993 2291 5045 Dei
2323 5006 2441 5045 esse
2473 4991 2522 5043 in
2553 4989 2780 5044 hominis
2811 4996 3092 5059 potestate,
3139 4996 3197 5042 ut
3240 4986 3441 5043 frustra

1858 5087 1947 5139 ille
1988 5085 2320 5148 misereatur,
2365 5084 2407 5135 si
2449 5082 2608 5135 homo
2639 5081 2797 5147 nolit;
2834 5082 2956 5151 quia
3001 5081 3045 5135 si
3076 5080 3232 5136 vellet
3277 5080 3439 5134 etiam

1859 5179 2092 5248 iPStit'tttn
2140 5175 2400 5240 nisereri,
2452 5185 2630 5244 posset
2660 5175 2729 5228 ita
2761 5189 2978 5236 vocare,
3022 5170 3289 5243 quomodo
3334 5171 3441 5224 Illis

1857 5280 2036 5338 aptum
2081 5276 2240 5327 esset,
2271 5275 2324 5319 ut
2354 5275 2400 5320 et
2437 5273 2774 5320 moverentur
2800 5275 2852 5320 et
2886 5264 3236 5334 intelligerent
3269 5271 3322 5317 et
3347 5278 3435 5315 se-

1857 5368 2164 5430 querentur.
2193 5357 2383 5412 Verum
2413 5367 2495 5412 est
2523 5373 2668 5427 ergo,
2702 5357 2852 5412 Multi
2883 5358 3062 5421 vocati,
3097 5357 3244 5425 pauci
3270 5355 3436 5406 electi.

1921 5532 1934 5560 ¹
1966 5537 2062 5576 tluc
2207 5531 2491 5578 auctoritate
2507 5533 2837 5580 revocavimus
2855 5536 3114 5592 negantem
3133 5524 3433 5585 partiri-"rw.

1858 5605 1964 5655 qnze
1992 5593 2037 5655 in
2060 5599 2173 5640 ante
2200 5592 2344 5655 editis
2368 5591 2633 5639 exciderat.

1925 5657 1941 5685 ³
1967 5654 2035 5699 sic
2054 5661 2155 5701 \tss.
2185 5662 2234 5700 At
2255 5653 2388 5712 editi,
2411 5660 2460 5700 ut
2481 5667 2584 5701 eam
2610 5668 2797 5716 capere.
