  <div class='ocr_page' id='page_1' title='image "/cluster/home/n/w/nwhite01/storage/ocr_20150623/40/uva.x000669811/067.png"; bbox 0 0 3988 6432; ppageno 0'>
   <div class='ocr_carea' id='block_1_1' title="bbox 517 315 3232 397">
    <p class='ocr_par' dir='ltr' id='par_1_1' title="bbox 517 315 3232 397">
     <span class='ocr_line' id='line_1_1' title="bbox 517 315 3232 397; baseline -0.001 -12"><span class='ocrx_word' id='word_1_1' title='bbox 517 327 617 385; x_wconf 75' lang='lat'><strong>“9</strong></span> <span class='ocrx_word' id='word_1_2' title='bbox 1084 320 1170 382; x_wconf 72' lang='lat' dir='ltr'><strong>DE</strong></span> <span class='ocrx_word' id='word_1_3' title='bbox 1210 327 1523 386; x_wconf 72' lang='lat' dir='ltr'><strong>DIVERSIS</strong></span> <span class='ocrx_word' id='word_1_4' title='bbox 1560 321 2077 397; x_wconf 64' lang='lat' dir='ltr'><strong>QUAESTIONIBUS</strong></span> <span class='ocrx_word' id='word_1_5' title='bbox 2113 325 2205 380; x_wconf 81' lang='lat' dir='ltr'><strong>AD</strong></span> <span class='ocrx_word' id='word_1_6' title='bbox 2242 315 2742 397; x_wconf 64' lang='lat' dir='ltr'><strong>SlMl’LlClANUM,</strong></span> <span class='ocrx_word' id='word_1_7' title='bbox 2773 328 2828 385; x_wconf 88' lang='lat' dir='ltr'><strong>S.</strong></span> <span class='ocrx_word' id='word_1_8' title='bbox 2871 328 3232 386; x_wconf 73' lang='lat' dir='ltr'><strong>AUGUSTINI</strong></span> 
     </span>
    </p>
   </div>
   <div class='ocr_carea' id='block_1_2' title="bbox 515 440 2092 515">
    <p class='ocr_par' dir='ltr' id='par_1_2' title="bbox 515 440 2092 515">
     <span class='ocr_line' id='line_1_2' title="bbox 515 440 2092 515; baseline -0.003 -18"><span class='ocrx_word' id='word_1_9' title='bbox 515 442 597 497; x_wconf 88' lang='lat' dir='ltr'><strong>llli</strong></span> <span class='ocrx_word' id='word_1_10' title='bbox 626 443 768 496; x_wconf 76' lang='lat' dir='ltr'><strong>enim</strong></span> <span class='ocrx_word' id='word_1_11' title='bbox 809 441 961 497; x_wconf 66' lang='lat' dir='ltr'><strong>electi</strong></span> <span class='ocrx_word' id='word_1_12' title='bbox 1015 442 1104 512; x_wconf 99' lang='lat' dir='ltr'><strong>qui</strong></span> <span class='ocrx_word' id='word_1_13' title='bbox 1134 452 1489 515; x_wconf 76' lang='lat' dir='ltr'><strong>congruenter</strong></span> <span class='ocrx_word' id='word_1_14' title='bbox 1514 441 1684 498; x_wconf 75' lang='lat' dir='ltr'><strong>vocati</strong></span> <span class='ocrx_word' id='word_1_15' title='bbox 1711 443 1727 474; x_wconf 77' lang='grc'>⁸</span> <span class='ocrx_word' id='word_1_16' title='bbox 1756 461 1769 497; x_wconf 88' lang='lat'><strong>:</strong></span> <span class='ocrx_word' id='word_1_17' title='bbox 1802 440 1875 497; x_wconf 83' lang='lat' dir='ltr'><strong>illi</strong></span> <span class='ocrx_word' id='word_1_18' title='bbox 1914 449 2092 495; x_wconf 84' lang='lat' dir='ltr'><strong>autem</strong></span> 
     </span>
    </p>
   </div>
   <div class='ocr_carea' id='block_1_3' title="bbox 516 534 2099 605">
    <p class='ocr_par' dir='ltr' id='par_1_3' title="bbox 516 534 2099 605">
     <span class='ocr_line' id='line_1_3' title="bbox 516 534 2099 605; baseline -0.002 -16"><span class='ocrx_word' id='word_1_19' title='bbox 516 535 604 603; x_wconf 85' lang='lat' dir='ltr'><strong>qui</strong></span> <span class='ocrx_word' id='word_1_20' title='bbox 636 549 740 589; x_wconf 90' lang='lat' dir='ltr'><strong>non</strong></span> <span class='ocrx_word' id='word_1_21' title='bbox 768 535 1129 604; x_wconf 76' lang='lat' dir='ltr'><strong>congruebant</strong></span> <span class='ocrx_word' id='word_1_22' title='bbox 1160 549 1334 604; x_wconf 84' lang='lat' dir='ltr'><strong>neque</strong></span> <span class='ocrx_word' id='word_1_23' title='bbox 1362 534 1899 605; x_wconf 81' lang='lat' dir='ltr'><strong>eontctnperabantur</strong></span> <span class='ocrx_word' id='word_1_24' title='bbox 1938 544 2099 586; x_wconf 85' lang='lat' dir='ltr'><strong>voca-</strong></span> 
     </span>
    </p>
   </div>
   <div class='ocr_carea' id='block_1_4' title="bbox 519 620 2097 695">
    <p class='ocr_par' dir='ltr' id='par_1_4' title="bbox 519 620 2097 695">
     <span class='ocr_line' id='line_1_4' title="bbox 519 620 2097 695; baseline -0.003 -16"><span class='ocrx_word' id='word_1_25' title='bbox 519 626 671 693; x_wconf 86' lang='lat' dir='ltr'><strong>ttoni,</strong></span> <span class='ocrx_word' id='word_1_26' title='bbox 718 643 820 680; x_wconf 88' lang='lat' dir='ltr'><strong>non</strong></span> <span class='ocrx_word' id='word_1_27' title='bbox 857 626 1048 690; x_wconf 79' lang='lat' dir='ltr'><strong>electi,</strong></span> <span class='ocrx_word' id='word_1_28' title='bbox 1075 625 1198 695; x_wconf 84' lang='lat' dir='ltr'><strong>quia</strong></span> <span class='ocrx_word' id='word_1_29' title='bbox 1228 641 1333 680; x_wconf 89' lang='lat' dir='ltr'><strong>non</strong></span> <span class='ocrx_word' id='word_1_30' title='bbox 1379 624 1569 691; x_wconf 86' lang='lat' dir='ltr'><strong>secuti,</strong></span> <span class='ocrx_word' id='word_1_31' title='bbox 1618 623 1861 695; x_wconf 84' lang='lat' dir='ltr'><strong>quamvis</strong></span> <span class='ocrx_word' id='word_1_32' title='bbox 1903 620 2097 676; x_wconf 84' lang='lat' dir='ltr'><strong>vocati.</strong></span> 
     </span>
    </p>
   </div>
   <div class='ocr_carea' id='block_1_5' title="bbox 516 716 2097 788">
    <p class='ocr_par' dir='ltr' id='par_1_5' title="bbox 516 716 2097 788">
     <span class='ocr_line' id='line_1_5' title="bbox 516 716 2097 788; baseline -0.001 -17"><span class='ocrx_word' id='word_1_33' title='bbox 516 718 646 773; x_wconf 79' lang='lat' dir='ltr'><strong>item</strong></span> <span class='ocrx_word' id='word_1_34' title='bbox 673 734 855 773; x_wconf 85' lang='lat' dir='ltr'><strong>verum</strong></span> <span class='ocrx_word' id='word_1_35' title='bbox 883 729 984 784; x_wconf 88' lang='lat' dir='ltr'><strong>est,</strong></span> <span class='ocrx_word' id='word_1_36' title='bbox 1017 716 1138 772; x_wconf 86' lang='lat' dir='ltr'><strong>Non</strong></span> <span class='ocrx_word' id='word_1_37' title='bbox 1163 718 1373 773; x_wconf 76' lang='lat' dir='ltr'><strong>uolentis</strong></span> <span class='ocrx_word' id='word_1_38' title='bbox 1401 734 1558 788; x_wconf 85' lang='lat' dir='ltr'><strong>neque</strong></span> <span class='ocrx_word' id='word_1_39' title='bbox 1585 718 1852 783; x_wconf 79' lang='lat' dir='ltr'><strong>currentis,</strong></span> <span class='ocrx_word' id='word_1_40' title='bbox 1883 716 1976 772; x_wconf 86' lang='lat' dir='ltr'><strong>sed</strong></span> <span class='ocrx_word' id='word_1_41' title='bbox 1998 716 2097 770; x_wconf 85' lang='lat' dir='ltr'><strong>nti-</strong></span> 
     </span>
    </p>
   </div>
   <div class='ocr_carea' id='block_1_6' title="bbox 514 808 2098 880">
    <p class='ocr_par' dir='ltr' id='par_1_6' title="bbox 514 808 2098 880">
     <span class='ocr_line' id='line_1_6' title="bbox 514 808 2098 880; baseline -0.001 -17"><span class='ocrx_word' id='word_1_42' title='bbox 514 827 655 863; x_wconf 83' lang='lat' dir='ltr'><strong>seren</strong></span> <span class='ocrx_word' id='word_1_43' title='bbox 679 810 722 863; x_wconf 87' lang='lat' dir='ltr'><strong>is</strong></span> <span class='ocrx_word' id='word_1_44' title='bbox 742 819 812 862; x_wconf 80' lang='lat' dir='ltr'><strong>est</strong></span> <span class='ocrx_word' id='word_1_45' title='bbox 844 808 972 873; x_wconf 83' lang='lat' dir='ltr'><strong>Dei;</strong></span> <span class='ocrx_word' id='word_1_46' title='bbox 996 809 1117 880; x_wconf 91' lang='lat' dir='ltr'><strong>quia</strong></span> <span class='ocrx_word' id='word_1_47' title='bbox 1146 809 1353 864; x_wconf 90' lang='lat' dir='ltr'><strong>etiamsi</strong></span> <span class='ocrx_word' id='word_1_48' title='bbox 1381 809 1576 864; x_wconf 86' lang='lat' dir='ltr'><strong>multos</strong></span> <span class='ocrx_word' id='word_1_49' title='bbox 1600 817 1774 874; x_wconf 89' lang='lat' dir='ltr'><strong>vocet,</strong></span> <span class='ocrx_word' id='word_1_50' title='bbox 1802 823 1989 864; x_wconf 89' lang='lat' dir='ltr'><strong>eorum</strong></span> <span class='ocrx_word' id='word_1_51' title='bbox 2019 817 2098 862; x_wconf 84' lang='lat' dir='ltr'><strong>ta-</strong></span> 
     </span>
    </p>
   </div>
   <div class='ocr_carea' id='block_1_7' title="bbox 514 897 2095 969">
    <p class='ocr_par' dir='ltr' id='par_1_7' title="bbox 514 897 2095 969">
     <span class='ocr_line' id='line_1_7' title="bbox 514 897 2095 969; baseline -0.001 -15"><span class='ocrx_word' id='word_1_52' title='bbox 514 915 636 956; x_wconf 86' lang='lat' dir='ltr'><strong>men</strong></span> <span class='ocrx_word' id='word_1_53' title='bbox 669 899 972 964; x_wconf 74' lang='lat' dir='ltr'><strong>miseretur,</strong></span> <span class='ocrx_word' id='word_1_54' title='bbox 1004 914 1139 969; x_wconf 89' lang='lat' dir='ltr'><strong>quos</strong></span> <span class='ocrx_word' id='word_1_55' title='bbox 1165 900 1234 955; x_wconf 87' lang='lat' dir='ltr'><strong>ita</strong></span> <span class='ocrx_word' id='word_1_56' title='bbox 1269 909 1444 966; x_wconf 87' lang='lat' dir='ltr'><strong>vocat,</strong></span> <span class='ocrx_word' id='word_1_57' title='bbox 1486 897 1757 968; x_wconf 63' lang='lat' dir='ltr'><strong>quomodo</strong></span> <span class='ocrx_word' id='word_1_58' title='bbox 1796 897 1876 954; x_wconf 87' lang='lat' dir='ltr'><strong>eis</strong></span> <span class='ocrx_word' id='word_1_59' title='bbox 1919 899 2095 953; x_wconf 41' lang='lat' dir='ltr'><strong>vi‘cari</strong></span> 
     </span>
    </p>
   </div>
   <div class='ocr_carea' id='block_1_8' title="bbox 514 988 2098 1061">
    <p class='ocr_par' dir='ltr' id='par_1_8' title="bbox 514 988 2098 1061">
     <span class='ocr_line' id='line_1_8' title="bbox 514 988 2098 1061; baseline 0.002 -19"><span class='ocrx_word' id='word_1_60' title='bbox 514 1002 697 1059; x_wconf 80' lang='lat' dir='ltr'><strong>aptum</strong></span> <span class='ocrx_word' id='word_1_61' title='bbox 737 998 845 1056; x_wconf 83' lang='lat' dir='ltr'><strong>est,</strong></span> <span class='ocrx_word' id='word_1_62' title='bbox 875 1001 930 1044; x_wconf 92' lang='lat' dir='ltr'><strong>ut</strong></span> <span class='ocrx_word' id='word_1_63' title='bbox 959 998 1267 1061; x_wconf 79' lang='lat' dir='ltr'><strong>sequantur.</strong></span> <span class='ocrx_word' id='word_1_64' title='bbox 1312 988 1528 1045; x_wconf 82' lang='lat' dir='ltr'><strong>Falsum</strong></span> <span class='ocrx_word' id='word_1_65' title='bbox 1559 999 1640 1045; x_wconf 86' lang='lat' dir='ltr'><strong>est</strong></span> <span class='ocrx_word' id='word_1_66' title='bbox 1668 1000 1845 1044; x_wconf 88' lang='lat' dir='ltr'><strong>autem</strong></span> <span class='ocrx_word' id='word_1_67' title='bbox 1887 989 1933 1044; x_wconf 93' lang='lat' dir='ltr'><strong>si</strong></span> <span class='ocrx_word' id='word_1_68' title='bbox 1975 989 2098 1061; x_wconf 89' lang='lat' dir='ltr'><strong>quis</strong></span> 
     </span>
    </p>
   </div>
   <div class='ocr_carea' id='block_1_9' title="bbox 510 1081 2098 1156">
    <p class='ocr_par' dir='ltr' id='par_1_9' title="bbox 510 1081 2098 1156">
     <span class='ocr_line' id='line_1_9' title="bbox 510 1081 2098 1156; baseline 0.002 -21"><span class='ocrx_word' id='word_1_69' title='bbox 510 1081 663 1145; x_wconf 71' lang='lat' dir='ltr'><strong>dicit,</strong></span> <span class='ocrx_word' id='word_1_70' title='bbox 709 1081 872 1152; x_wconf 80' lang='lat' dir='ltr'><strong>igitur</strong></span> <span class='ocrx_word' id='word_1_71' title='bbox 916 1098 1022 1137; x_wconf 88' lang='lat' dir='ltr'><strong>non</strong></span> <span class='ocrx_word' id='word_1_72' title='bbox 1062 1081 1364 1138; x_wconf 76' lang='lat' dir='ltr'><strong>miserantis</strong></span> <span class='ocrx_word' id='word_1_73' title='bbox 1395 1082 1522 1148; x_wconf 88' lang='lat' dir='ltr'><strong>Dei,</strong></span> <span class='ocrx_word' id='word_1_74' title='bbox 1560 1081 1665 1156; x_wconf 31' lang='lat' dir='ltr'><strong>sed.</strong></span> <span class='ocrx_word' id='word_1_75' title='bbox 1684 1081 1909 1138; x_wconf 84' lang='lat' dir='ltr'><strong>volentis</strong></span> <span class='ocrx_word' id='word_1_76' title='bbox 1937 1091 2098 1152; x_wconf 88' lang='lat' dir='ltr'><strong>atque</strong></span> 
     </span>
    </p>
   </div>
   <div class='ocr_carea' id='block_1_10' title="bbox 509 1172 2094 1244">
    <p class='ocr_par' dir='ltr' id='par_1_10' title="bbox 509 1172 2094 1244">
     <span class='ocr_line' id='line_1_10' title="bbox 509 1172 2094 1244; baseline 0.001 -19"><span class='ocrx_word' id='word_1_77' title='bbox 509 1174 775 1229; x_wconf 85' lang='lat' dir='ltr'><strong>currentis</strong></span> <span class='ocrx_word' id='word_1_78' title='bbox 802 1183 882 1229; x_wconf 83' lang='lat' dir='ltr'><strong>est</strong></span> <span class='ocrx_word' id='word_1_79' title='bbox 911 1173 1139 1233; x_wconf 77' lang='lat' dir='ltr'><strong>hominis</strong></span> <span class='ocrx_word' id='word_1_80' title='bbox 1167 1190 1182 1227; x_wconf 89' lang='lat'><strong>:</strong></span> <span class='ocrx_word' id='word_1_81' title='bbox 1212 1174 1333 1244; x_wconf 84' lang='lat' dir='ltr'><strong>quia</strong></span> <span class='ocrx_word' id='word_1_82' title='bbox 1371 1173 1567 1229; x_wconf 80' lang='lat' dir='ltr'><strong>nullius</strong></span> <span class='ocrx_word' id='word_1_83' title='bbox 1593 1172 1738 1229; x_wconf 86' lang='lat' dir='ltr'><strong>Deus</strong></span> <span class='ocrx_word' id='word_1_84' title='bbox 1768 1172 1961 1228; x_wconf 77' lang='lat' dir='ltr'><strong>frustra</strong></span> <span class='ocrx_word' id='word_1_85' title='bbox 1991 1173 2094 1227; x_wconf 89' lang='lat' dir='ltr'><strong>mi-</strong></span> 
     </span>
    </p>
   </div>
   <div class='ocr_carea' id='block_1_11' title="bbox 511 1265 2095 1334">
    <p class='ocr_par' dir='ltr' id='par_1_11' title="bbox 511 1265 2095 1334">
     <span class='ocr_line' id='line_1_11' title="bbox 511 1265 2095 1334; baseline 0 -16"><span class='ocrx_word' id='word_1_86' title='bbox 511 1280 539 1318; x_wconf 83' lang='lat' dir='ltr'><strong>s</strong></span> <span class='ocrx_word' id='word_1_87' title='bbox 559 1275 754 1330; x_wconf 77' lang='lat' dir='ltr'><strong>retur;</strong></span> <span class='ocrx_word' id='word_1_88' title='bbox 779 1265 929 1334; x_wconf 83' lang='lat' dir='ltr'><strong>cujus</strong></span> <span class='ocrx_word' id='word_1_89' title='bbox 956 1275 1133 1321; x_wconf 83' lang='lat' dir='ltr'><strong>autem</strong></span> <span class='ocrx_word' id='word_1_90' title='bbox 1161 1265 1464 1331; x_wconf 80' lang='lat' dir='ltr'><strong>miseretur,</strong></span> <span class='ocrx_word' id='word_1_91' title='bbox 1491 1265 1568 1320; x_wconf 89' lang='lat' dir='ltr'><strong>sic</strong></span> <span class='ocrx_word' id='word_1_92' title='bbox 1593 1280 1712 1319; x_wconf 91' lang='lat' dir='ltr'><strong>eum</strong></span> <span class='ocrx_word' id='word_1_93' title='bbox 1743 1272 1926 1329; x_wconf 89' lang='lat' dir='ltr'><strong>vocat,</strong></span> <span class='ocrx_word' id='word_1_94' title='bbox 1957 1278 2095 1333; x_wconf 83' lang='lat' dir='ltr'><strong>quo-</strong></span> 
     </span>
    </p>
   </div>
   <div class='ocr_carea' id='block_1_12' title="bbox 511 1354 2008 1427">
    <p class='ocr_par' dir='ltr' id='par_1_12' title="bbox 511 1354 2008 1427">
     <span class='ocr_line' id='line_1_12' title="bbox 511 1354 2008 1427; baseline -0.001 -18"><span class='ocrx_word' id='word_1_95' title='bbox 511 1354 670 1409; x_wconf 73' lang='grc' dir='ltr'>ιιηκιυ</span> <span class='ocrx_word' id='word_1_96' title='bbox 697 1356 796 1409; x_wconf 83' lang='lat' dir='ltr'><strong>scit</strong></span> <span class='ocrx_word' id='word_1_97' title='bbox 824 1357 872 1410; x_wconf 89' lang='lat' dir='ltr'><strong>ei</strong></span> <span class='ocrx_word' id='word_1_98' title='bbox 903 1370 1219 1427; x_wconf 79' lang='lat' dir='ltr'><strong>congruere,</strong></span> <span class='ocrx_word' id='word_1_99' title='bbox 1249 1365 1306 1410; x_wconf 93' lang='lat' dir='ltr'><strong>ut</strong></span> <span class='ocrx_word' id='word_1_100' title='bbox 1329 1365 1608 1412; x_wconf 87' lang='lat' dir='ltr'><strong>vocantem</strong></span> <span class='ocrx_word' id='word_1_101' title='bbox 1636 1371 1740 1410; x_wconf 90' lang='lat' dir='ltr'><strong>non</strong></span> <span class='ocrx_word' id='word_1_102' title='bbox 1771 1364 2008 1426; x_wconf 89' lang='lat' dir='ltr'><strong>respuat.</strong></span> 
     </span>
    </p>
   </div>
   <div class='ocr_carea' id='block_1_13' title="bbox 583 1445 2097 1518">
    <p class='ocr_par' dir='ltr' id='par_1_13' title="bbox 583 1445 2097 1518">
     <span class='ocr_line' id='line_1_13' title="bbox 583 1445 2097 1518; baseline 0 -17"><span class='ocrx_word' id='word_1_103' title='bbox 583 1447 668 1501; x_wconf 78' lang='grc' dir='ltr'>Η.</span> <span class='ocrx_word' id='word_1_104' title='bbox 712 1445 808 1500; x_wconf 86' lang='lat' dir='ltr'><strong>llic</strong></span> <span class='ocrx_word' id='word_1_105' title='bbox 834 1446 975 1500; x_wconf 82' lang='lat' dir='ltr'><strong>dicet</strong></span> <span class='ocrx_word' id='word_1_106' title='bbox 1010 1446 1236 1518; x_wconf 90' lang='lat' dir='ltr'><strong>aliquis:</strong></span> <span class='ocrx_word' id='word_1_107' title='bbox 1264 1445 1375 1501; x_wconf 90' lang='lat' dir='ltr'><strong>Cur</strong></span> <span class='ocrx_word' id='word_1_108' title='bbox 1415 1461 1544 1516; x_wconf 84' lang='lat' dir='ltr'><strong>ergo</strong></span> <span class='ocrx_word' id='word_1_109' title='bbox 1587 1446 1727 1500; x_wconf 83' lang='lat' dir='ltr'><strong>Esau</strong></span> <span class='ocrx_word' id='word_1_110' title='bbox 1756 1460 1862 1501; x_wconf 89' lang='lat' dir='ltr'><strong>non</strong></span> <span class='ocrx_word' id='word_1_111' title='bbox 1906 1445 1984 1500; x_wconf 85' lang='lat' dir='ltr'><strong>sic</strong></span> <span class='ocrx_word' id='word_1_112' title='bbox 2012 1454 2097 1501; x_wconf 87' lang='lat' dir='ltr'><strong>est</strong></span> 
     </span>
    </p>
   </div>
   <div class='ocr_carea' id='block_1_14' title="bbox 508 1536 2096 1603">
    <p class='ocr_par' dir='ltr' id='par_1_14' title="bbox 508 1536 2096 1603">
     <span class='ocr_line' id='line_1_14' title="bbox 508 1536 2096 1603; baseline 0.001 -13"><span class='ocrx_word' id='word_1_113' title='bbox 508 1546 769 1603; x_wconf 82' lang='lat' dir='ltr'><strong>vocatus,</strong></span> <span class='ocrx_word' id='word_1_114' title='bbox 817 1546 874 1592; x_wconf 89' lang='lat' dir='ltr'><strong>ut</strong></span> <span class='ocrx_word' id='word_1_115' title='bbox 923 1537 1081 1593; x_wconf 78' lang='lat' dir='ltr'><strong>vellet</strong></span> <span class='ocrx_word' id='word_1_116' title='bbox 1136 1536 1388 1594; x_wconf 85' lang='lat' dir='ltr'><strong>obedire?</strong></span> <span class='ocrx_word' id='word_1_117' title='bbox 1448 1536 1703 1592; x_wconf 82' lang='lat' dir='ltr'><strong>Videmus</strong></span> <span class='ocrx_word' id='word_1_118' title='bbox 1756 1536 1897 1592; x_wconf 90' lang='lat' dir='ltr'><strong>enim</strong></span> <span class='ocrx_word' id='word_1_119' title='bbox 1960 1537 2096 1592; x_wconf 90' lang='lat' dir='ltr'><strong>alios</strong></span> 
     </span>
    </p>
   </div>
   <div class='ocr_carea' id='block_1_15' title="bbox 507 1622 2096 1699">
    <p class='ocr_par' dir='ltr' id='par_1_15' title="bbox 507 1622 2096 1699">
     <span class='ocr_line' id='line_1_15' title="bbox 507 1622 2096 1699; baseline 0.001 -17"><span class='ocrx_word' id='word_1_120' title='bbox 507 1629 664 1683; x_wconf 82' lang='lat' dir='ltr'><strong>aliter</strong></span> <span class='ocrx_word' id='word_1_121' title='bbox 711 1629 897 1684; x_wconf 74' lang='lat' dir='ltr'><strong>iisdem</strong></span> <span class='ocrx_word' id='word_1_122' title='bbox 946 1630 1104 1685; x_wconf 89' lang='lat' dir='ltr'><strong>rebus</strong></span> <span class='ocrx_word' id='word_1_123' title='bbox 1141 1622 1529 1685; x_wconf 77' lang='lat' dir='ltr'><strong>demonstratis</strong></span> <span class='ocrx_word' id='word_1_124' title='bbox 1548 1628 1630 1684; x_wconf 84' lang='lat' dir='ltr'><strong>vel</strong></span> <span class='ocrx_word' id='word_1_125' title='bbox 1677 1626 1988 1699; x_wconf 82' lang='lat' dir='ltr'><strong>signiﬁcatis</strong></span> <span class='ocrx_word' id='word_1_126' title='bbox 2025 1628 2096 1684; x_wconf 88' lang='lat' dir='ltr'><strong>ad</strong></span> 
     </span>
    </p>
   </div>
   <div class='ocr_carea' id='block_1_16' title="bbox 508 1718 2087 1790">
    <p class='ocr_par' dir='ltr' id='par_1_16' title="bbox 508 1718 2087 1790">
     <span class='ocr_line' id='line_1_16' title="bbox 508 1718 2087 1790; baseline 0 -16"><span class='ocrx_word' id='word_1_127' title='bbox 508 1720 833 1775; x_wconf 76' lang='lat' dir='ltr'><strong>credendum</strong></span> <span class='ocrx_word' id='word_1_128' title='bbox 881 1721 1103 1776; x_wconf 80' lang='lat' dir='ltr'><strong>moveri.</strong></span> <span class='ocrx_word' id='word_1_129' title='bbox 1144 1720 1293 1776; x_wconf 86' lang='lat' dir='ltr'><strong>Sicut</strong></span> <span class='ocrx_word' id='word_1_130' title='bbox 1323 1720 1549 1790; x_wconf 78' lang='lat' dir='ltr'><strong>exempli</strong></span> <span class='ocrx_word' id='word_1_131' title='bbox 1579 1718 2003 1790; x_wconf 80' lang='lat' dir='ltr'><strong>gratia,Simeon</strong></span> <span class='ocrx_word' id='word_1_132' title='bbox 2036 1719 2087 1774; x_wconf 93' lang='lat' dir='ltr'><strong>in</strong></span> 
     </span>
    </p>
   </div>
   <div class='ocr_carea' id='block_1_17' title="bbox 513 1810 2093 1879">
    <p class='ocr_par' dir='ltr' id='par_1_17' title="bbox 513 1810 2093 1879">
     <span class='ocr_line' id='line_1_17' title="bbox 513 1810 2093 1879; baseline 0.001 -14"><span class='ocrx_word' id='word_1_133' title='bbox 513 1812 791 1867; x_wconf 87' lang='lat' dir='ltr'><strong>Dominum</strong></span> <span class='ocrx_word' id='word_1_134' title='bbox 829 1822 1067 1879; x_wconf 85' lang='lat' dir='ltr'><strong>nostrum</strong></span> <span class='ocrx_word' id='word_1_135' title='bbox 1095 1811 1276 1868; x_wconf 82' lang='lat' dir='ltr'><strong>Jesum</strong></span> <span class='ocrx_word' id='word_1_136' title='bbox 1312 1810 1585 1867; x_wconf 88' lang='lat' dir='ltr'><strong>Christum</strong></span> <span class='ocrx_word' id='word_1_137' title='bbox 1625 1811 1799 1868; x_wconf 88' lang='lat' dir='ltr'><strong>adhuc</strong></span> <span class='ocrx_word' id='word_1_138' title='bbox 1837 1810 2093 1867; x_wconf 88' lang='lat' dir='ltr'><strong>infantem</strong></span> 
     </span>
    </p>
   </div>
   <div class='ocr_carea' id='block_1_18' title="bbox 512 1902 2096 1974">
    <p class='ocr_par' dir='ltr' id='par_1_18' title="bbox 512 1902 2096 1974">
     <span class='ocr_line' id='line_1_18' title="bbox 512 1902 2096 1974; baseline 0.002 -20"><span class='ocrx_word' id='word_1_139' title='bbox 512 1902 784 1969; x_wconf 76' lang='lat' dir='ltr'><strong>parvumm</strong></span> <span class='ocrx_word' id='word_1_140' title='bbox 827 1902 1050 1957; x_wconf 90' lang='lat' dir='ltr'><strong>credidit</strong></span> <span class='ocrx_word' id='word_1_141' title='bbox 1076 1944 1093 1968; x_wconf 93' lang='lat'><strong>,</strong></span> <span class='ocrx_word' id='word_1_142' title='bbox 1127 1902 1324 1974; x_wconf 89' lang='lat' dir='ltr'><strong>Spiritu</strong></span> <span class='ocrx_word' id='word_1_143' title='bbox 1371 1904 1422 1958; x_wconf 91' lang='lat' dir='ltr'><strong>ei</strong></span> <span class='ocrx_word' id='word_1_144' title='bbox 1464 1902 1731 1958; x_wconf 88' lang='lat' dir='ltr'><strong>revelante</strong></span> <span class='ocrx_word' id='word_1_145' title='bbox 1767 1915 2096 1973; x_wconf 81' lang='lat' dir='ltr'><strong>cognoscens</strong></span> 
     </span>
    </p>
   </div>
   <div class='ocr_carea' id='block_1_19' title="bbox 513 1991 2093 2063">
    <p class='ocr_par' dir='ltr' id='par_1_19' title="bbox 513 1991 2093 2063">
     <span class='ocr_line' id='line_1_19' title="bbox 513 1991 2093 2063; baseline 0.001 -17"><span class='ocrx_word' id='word_1_146' title='bbox 513 1991 661 2060; x_wconf 85' lang='lat' dir='ltr'><strong>(Luc.</strong></span> <span class='ocrx_word' id='word_1_147' title='bbox 693 2008 764 2058; x_wconf 88' lang='grc' dir='ltr'>ιι,</span> <span class='ocrx_word' id='word_1_148' title='bbox 794 1992 864 2046; x_wconf 69' lang='lat'><strong>2:;</strong></span> <span class='ocrx_word' id='word_1_149' title='bbox 884 1993 926 2062; x_wconf 94' lang='lat'><strong>).</strong></span> <span class='ocrx_word' id='word_1_150' title='bbox 954 1991 1246 2049; x_wconf 83' lang='lat' dir='ltr'><strong>Nathanael</strong></span> <span class='ocrx_word' id='word_1_151' title='bbox 1276 1992 1342 2049; x_wconf 91' lang='lat' dir='ltr'><strong>ad</strong></span> <span class='ocrx_word' id='word_1_152' title='bbox 1373 2008 1528 2048; x_wconf 90' lang='lat' dir='ltr'><strong>unam</strong></span> <span class='ocrx_word' id='word_1_153' title='bbox 1558 1993 1905 2060; x_wconf 90' lang='lat' dir='ltr'><strong>sententiam,</strong></span> <span class='ocrx_word' id='word_1_154' title='bbox 1935 2008 2093 2063; x_wconf 89' lang='lat' dir='ltr'><strong>quam</strong></span> 
     </span>
    </p>
   </div>
   <div class='ocr_carea' id='block_1_20' title="bbox 510 2082 2095 2157">
    <p class='ocr_par' dir='ltr' id='par_1_20' title="bbox 510 2082 2095 2157">
     <span class='ocr_line' id='line_1_20' title="bbox 510 2082 2095 2157; baseline 0.001 -20"><span class='ocrx_word' id='word_1_155' title='bbox 510 2084 578 2137; x_wconf 77' lang='lat' dir='ltr'><strong>alt</strong></span> <span class='ocrx_word' id='word_1_156' title='bbox 609 2083 700 2139; x_wconf 88' lang='lat' dir='ltr'><strong>illo</strong></span> <span class='ocrx_word' id='word_1_157' title='bbox 725 2083 944 2149; x_wconf 87' lang='lat' dir='ltr'><strong>audivit,</strong></span> <span class='ocrx_word' id='word_1_158' title='bbox 980 2082 1282 2156; x_wconf 79' lang='lat' dir='ltr'><strong>Priusquam</strong></span> <span class='ocrx_word' id='word_1_159' title='bbox 1318 2097 1366 2140; x_wconf 87' lang='lat' dir='ltr'><strong>te</strong></span> <span class='ocrx_word' id='word_1_160' title='bbox 1410 2085 1683 2157; x_wconf 82' lang='lat' dir='ltr'><strong>Philippus</strong></span> <span class='ocrx_word' id='word_1_161' title='bbox 1711 2095 1939 2153; x_wconf 81' lang='lat' dir='ltr'><strong>uocaret,</strong></span> <span class='ocrx_word' id='word_1_162' title='bbox 1979 2102 2095 2140; x_wconf 87' lang='lat' dir='ltr'><strong>cum</strong></span> 
     </span>
    </p>
   </div>
   <div class='ocr_carea' id='block_1_21' title="bbox 508 2176 2096 2249">
    <p class='ocr_par' dir='ltr' id='par_1_21' title="bbox 508 2176 2096 2249">
     <span class='ocr_line' id='line_1_21' title="bbox 508 2176 2096 2249; baseline 0.002 -20"><span class='ocrx_word' id='word_1_163' title='bbox 508 2192 640 2230; x_wconf 88' lang='lat' dir='ltr'><strong>esses</strong></span> <span class='ocrx_word' id='word_1_164' title='bbox 665 2177 756 2231; x_wconf 97' lang='lat' dir='ltr'><strong>sub</strong></span> <span class='ocrx_word' id='word_1_165' title='bbox 782 2176 960 2231; x_wconf 81' lang='lat' dir='ltr'><strong>arbore</strong></span> <span class='ocrx_word' id='word_1_166' title='bbox 980 2176 1085 2247; x_wconf 72' lang='lat' dir='ltr'><strong>ﬁci,</strong></span> <span class='ocrx_word' id='word_1_167' title='bbox 1128 2177 1227 2231; x_wconf 77' lang='lat' dir='ltr'><strong>ridi</strong></span> <span class='ocrx_word' id='word_1_168' title='bbox 1265 2187 1349 2242; x_wconf 86' lang='lat' dir='ltr'><strong>te;</strong></span> <span class='ocrx_word' id='word_1_169' title='bbox 1389 2177 1680 2249; x_wconf 84' lang='lat' dir='ltr'><strong>respondit,</strong></span> <span class='ocrx_word' id='word_1_170' title='bbox 1714 2176 1898 2244; x_wconf 86' lang='lat' dir='ltr'><strong>Rabbi,</strong></span> <span class='ocrx_word' id='word_1_171' title='bbox 1946 2187 2000 2232; x_wconf 88' lang='lat' dir='ltr'><strong>tu</strong></span> <span class='ocrx_word' id='word_1_172' title='bbox 2043 2195 2096 2232; x_wconf 85' lang='lat' dir='ltr'><strong>es</strong></span> 
     </span>
    </p>
   </div>
   <div class='ocr_carea' id='block_1_22' title="bbox 508 2266 2095 2341">
    <p class='ocr_par' dir='ltr' id='par_1_22' title="bbox 508 2266 2095 2341">
     <span class='ocr_line' id='line_1_22' title="bbox 508 2266 2095 2341; baseline 0.003 -20"><span class='ocrx_word' id='word_1_173' title='bbox 508 2266 560 2321; x_wconf 66' lang='grc' dir='ltr'><em>Ρ</em></span> <span class='ocrx_word' id='word_1_174' title='bbox 560 2269 679 2323; x_wconf 88' lang='lat' dir='ltr'><strong>ilius</strong></span> <span class='ocrx_word' id='word_1_175' title='bbox 707 2267 818 2333; x_wconf 87' lang='lat' dir='ltr'><strong>Dei,</strong></span> <span class='ocrx_word' id='word_1_176' title='bbox 860 2279 912 2321; x_wconf 90' lang='lat' dir='ltr'><strong>tu</strong></span> <span class='ocrx_word' id='word_1_177' title='bbox 941 2286 992 2324; x_wconf 85' lang='lat' dir='ltr'><strong>es</strong></span> <span class='ocrx_word' id='word_1_178' title='bbox 1028 2286 1118 2324; x_wconf 80' lang='lat' dir='ltr'><strong>rea:</strong></span> <span class='ocrx_word' id='word_1_179' title='bbox 1155 2268 1322 2325; x_wconf 80' lang='lat' dir='ltr'><strong>Israel</strong></span> <span class='ocrx_word' id='word_1_180' title='bbox 1353 2268 1542 2341; x_wconf 79' lang='lat' dir='ltr'><strong>(Joan.</strong></span> <span class='ocrx_word' id='word_1_181' title='bbox 1566 2285 1605 2334; x_wconf 85' lang='grc' dir='ltr'>ι,</span> <span class='ocrx_word' id='word_1_182' title='bbox 1634 2269 1704 2326; x_wconf 70' lang='grc'><strong>48</strong></span> <span class='ocrx_word' id='word_1_183' title='bbox 1726 2312 1742 2336; x_wconf 84' lang='grc'><em>,</em></span> <span class='ocrx_word' id='word_1_184' title='bbox 1773 2270 1900 2340; x_wconf 70' lang='grc'><strong>49).</strong></span> <span class='ocrx_word' id='word_1_185' title='bbox 1942 2269 2095 2338; x_wconf 82' lang='lat' dir='ltr'><strong>Quod</strong></span> 
     </span>
    </p>
   </div>
   <div class='ocr_carea' id='block_1_23' title="bbox 510 2359 2095 2430">
    <p class='ocr_par' dir='ltr' id='par_1_23' title="bbox 510 2359 2095 2430">
     <span class='ocr_line' id='line_1_23' title="bbox 510 2359 2095 2430; baseline 0.004 -18"><span class='ocrx_word' id='word_1_186' title='bbox 510 2366 658 2414; x_wconf 83' lang='lat' dir='ltr'><strong>tanto</strong></span> <span class='ocrx_word' id='word_1_187' title='bbox 687 2367 807 2429; x_wconf 90' lang='lat' dir='ltr'><strong>post</strong></span> <span class='ocrx_word' id='word_1_188' title='bbox 845 2359 965 2430; x_wconf 88' lang='lat' dir='ltr'><strong>quia</strong></span> <span class='ocrx_word' id='word_1_189' title='bbox 1009 2359 1286 2417; x_wconf 88' lang='lat' dir='ltr'><strong>confessus</strong></span> <span class='ocrx_word' id='word_1_190' title='bbox 1311 2369 1395 2416; x_wconf 89' lang='lat' dir='ltr'><strong>est</strong></span> <span class='ocrx_word' id='word_1_191' title='bbox 1420 2361 1628 2427; x_wconf 83' lang='lat' dir='ltr'><strong>Petrus,</strong></span> <span class='ocrx_word' id='word_1_192' title='bbox 1669 2361 1865 2418; x_wconf 86' lang='lat' dir='ltr'><strong>meruit</strong></span> <span class='ocrx_word' id='word_1_193' title='bbox 1907 2362 2095 2419; x_wconf 85' lang='lat' dir='ltr'><strong>audire</strong></span> 
     </span>
    </p>
   </div>
   <div class='ocr_carea' id='block_1_24' title="bbox 508 2436 2096 2524">
    <p class='ocr_par' dir='ltr' id='par_1_24' title="bbox 508 2436 2096 2524">
     <span class='ocr_line' id='line_1_24' title="bbox 508 2436 2096 2524; baseline 0.004 -21"><span class='ocrx_word' id='word_1_194' title='bbox 508 2448 652 2519; x_wconf 88' lang='lat' dir='ltr'><strong>quod</strong></span> <span class='ocrx_word' id='word_1_195' title='bbox 685 2450 866 2504; x_wconf 84' lang='lat' dir='ltr'><strong>beatus</strong></span> <span class='ocrx_word' id='word_1_196' title='bbox 893 2451 981 2515; x_wconf 88' lang='lat' dir='ltr'><strong>sit,</strong></span> <span class='ocrx_word' id='word_1_197' title='bbox 1010 2459 1066 2506; x_wconf 89' lang='lat' dir='ltr'><strong>et</strong></span> <span class='ocrx_word' id='word_1_198' title='bbox 1092 2449 1231 2522; x_wconf 89' lang='lat' dir='ltr'><strong>quod</strong></span> <span class='ocrx_word' id='word_1_199' title='bbox 1261 2451 1309 2506; x_wconf 91' lang='lat' dir='ltr'><strong>ei</strong></span> <span class='ocrx_word' id='word_1_200' title='bbox 1335 2436 1588 2508; x_wconf 82' lang='lat' dir='ltr'><strong>darentur</strong></span> <span class='ocrx_word' id='word_1_201' title='bbox 1607 2453 1786 2508; x_wconf 78' lang='lat' dir='ltr'><strong>claves</strong></span> <span class='ocrx_word' id='word_1_202' title='bbox 1812 2453 1961 2524; x_wconf 79' lang='lat' dir='ltr'><strong>regni</strong></span> <span class='ocrx_word' id='word_1_203' title='bbox 1984 2468 2096 2509; x_wconf 73' lang='lat' dir='ltr'><strong>cte-</strong></span> 
     </span>
    </p>
   </div>
   <div class='ocr_carea' id='block_1_25' title="bbox 513 2540 2094 2615">
    <p class='ocr_par' dir='ltr' id='par_1_25' title="bbox 513 2540 2094 2615">
     <span class='ocr_line' id='line_1_25' title="bbox 513 2540 2094 2615; baseline 0.005 -21"><span class='ocrx_word' id='word_1_204' title='bbox 513 2542 683 2596; x_wconf 91' lang='lat' dir='ltr'><strong>lornm</strong></span> <span class='ocrx_word' id='word_1_205' title='bbox 713 2540 939 2615; x_wconf 76' lang='lat' dir='ltr'><strong>(Matth.</strong></span> <span class='ocrx_word' id='word_1_206' title='bbox 973 2559 1057 2598; x_wconf 78' lang='lat' dir='ltr'><strong>xvr</strong></span> <span class='ocrx_word' id='word_1_207' title='bbox 1079 2584 1093 2607; x_wconf 90' lang='lat'><strong>,</strong></span> <span class='ocrx_word' id='word_1_208' title='bbox 1133 2543 1295 2599; x_wconf 77' lang='lat' dir='ltr'><strong>lli-l9</strong></span> <span class='ocrx_word' id='word_1_209' title='bbox 1322 2544 1361 2614; x_wconf 94' lang='lat'><strong>).</strong></span> <span class='ocrx_word' id='word_1_210' title='bbox 1393 2544 1647 2600; x_wconf 84' lang='lat' dir='ltr'><strong>Miraculo</strong></span> <span class='ocrx_word' id='word_1_211' title='bbox 1688 2544 1827 2601; x_wconf 89' lang='lat' dir='ltr'><strong>facto</strong></span> <span class='ocrx_word' id='word_1_212' title='bbox 1866 2542 1918 2601; x_wconf 88' lang='lat' dir='ltr'><strong>in</strong></span> <span class='ocrx_word' id='word_1_213' title='bbox 1948 2546 2094 2602; x_wconf 83' lang='lat' dir='ltr'><strong>Cana</strong></span> 
     </span>
    </p>
   </div>
   <div class='ocr_carea' id='block_1_26' title="bbox 512 2631 2093 2707">
    <p class='ocr_par' dir='ltr' id='par_1_26' title="bbox 512 2631 2093 2707">
     <span class='ocr_line' id='line_1_26' title="bbox 512 2631 2093 2707; baseline 0.004 -20"><span class='ocrx_word' id='word_1_214' title='bbox 512 2631 767 2697; x_wconf 65' lang='lat' dir='ltr'><strong>Galil-xm,</strong></span> <span class='ocrx_word' id='word_1_215' title='bbox 796 2634 935 2704; x_wconf 90' lang='lat' dir='ltr'><strong>quod</strong></span> <span class='ocrx_word' id='word_1_216' title='bbox 965 2634 1173 2690; x_wconf 89' lang='lat' dir='ltr'><strong>initium</strong></span> <span class='ocrx_word' id='word_1_217' title='bbox 1199 2635 1469 2707; x_wconf 76' lang='lat' dir='ltr'><strong>signorum</strong></span> <span class='ocrx_word' id='word_1_218' title='bbox 1494 2636 1624 2692; x_wconf 83' lang='lat' dir='ltr'><strong>Jesu</strong></span> <span class='ocrx_word' id='word_1_219' title='bbox 1660 2637 1895 2693; x_wconf 83' lang='lat' dir='ltr'><strong>Joannes</strong></span> <span class='ocrx_word' id='word_1_220' title='bbox 1928 2653 2093 2694; x_wconf 86' lang='lat' dir='ltr'><strong>evan-</strong></span> 
     </span>
    </p>
   </div>
   <div class='ocr_carea' id='block_1_27' title="bbox 510 2726 2097 2799">
    <p class='ocr_par' dir='ltr' id='par_1_27' title="bbox 510 2726 2097 2799">
     <span class='ocr_line' id='line_1_27' title="bbox 510 2726 2097 2799; baseline 0.005 -20"><span class='ocrx_word' id='word_1_221' title='bbox 510 2726 696 2795; x_wconf 70' lang='lat' dir='ltr'><strong>gelista</strong></span> <span class='ocrx_word' id='word_1_222' title='bbox 728 2737 1129 2796; x_wconf 81' lang='lat' dir='ltr'><strong>commemorat,</strong></span> <span class='ocrx_word' id='word_1_223' title='bbox 1157 2744 1292 2799; x_wconf 91' lang='lat' dir='ltr'><strong>aqua</strong></span> <span class='ocrx_word' id='word_1_224' title='bbox 1323 2728 1375 2784; x_wconf 91' lang='lat' dir='ltr'><strong>in</strong></span> <span class='ocrx_word' id='word_1_225' title='bbox 1404 2729 1583 2784; x_wconf 90' lang='lat' dir='ltr'><strong>vinum</strong></span> <span class='ocrx_word' id='word_1_226' title='bbox 1613 2743 1889 2797; x_wconf 86' lang='lat' dir='ltr'><strong>conversa,</strong></span> <span class='ocrx_word' id='word_1_227' title='bbox 1922 2731 2097 2788; x_wconf 86' lang='lat' dir='ltr'><strong>credi-</strong></span> 
     </span>
    </p>
   </div>
   <div class='ocr_carea' id='block_1_28' title="bbox 511 2818 2096 2897">
    <p class='ocr_par' dir='ltr' id='par_1_28' title="bbox 511 2818 2096 2897">
     <span class='ocr_line' id='line_1_28' title="bbox 511 2818 2096 2897; baseline 0.005 -26"><span class='ocrx_word' id='word_1_228' title='bbox 511 2818 701 2873; x_wconf 89' lang='lat' dir='ltr'><strong>derunt</strong></span> <span class='ocrx_word' id='word_1_229' title='bbox 750 2819 802 2874; x_wconf 89' lang='lat' dir='ltr'><strong>in</strong></span> <span class='ocrx_word' id='word_1_230' title='bbox 843 2835 964 2875; x_wconf 87' lang='lat' dir='ltr'><strong>cum</strong></span> <span class='ocrx_word' id='word_1_231' title='bbox 995 2820 1238 2891; x_wconf 87' lang='lat' dir='ltr'><strong>discipuli</strong></span> <span class='ocrx_word' id='word_1_232' title='bbox 1267 2821 1382 2892; x_wconf 84' lang='lat' dir='ltr'><strong>ejus</strong></span> <span class='ocrx_word' id='word_1_233' title='bbox 1412 2821 1610 2893; x_wconf 80' lang='lat' dir='ltr'><strong>(Joan.</strong></span> <span class='ocrx_word' id='word_1_234' title='bbox 1642 2839 1700 2889; x_wconf 86' lang='grc' dir='ltr'>ιι,</span> <span class='ocrx_word' id='word_1_235' title='bbox 1747 2824 1803 2880; x_wconf 81' lang='lat' dir='ltr'><strong>ll</strong></span> <span class='ocrx_word' id='word_1_236' title='bbox 1831 2823 1873 2897; x_wconf 94' lang='lat'><strong>).</strong></span> <span class='ocrx_word' id='word_1_237' title='bbox 1904 2825 2096 2879; x_wconf 83' lang='lat' dir='ltr'><strong>Multos</strong></span> 
     </span>
    </p>
   </div>
   <div class='ocr_carea' id='block_1_29' title="bbox 510 2908 2096 2981">
    <p class='ocr_par' dir='ltr' id='par_1_29' title="bbox 510 2908 2096 2981">
     <span class='ocr_line' id='line_1_29' title="bbox 510 2908 2096 2981; baseline 0.005 -18"><span class='ocrx_word' id='word_1_238' title='bbox 510 2908 778 2981; x_wconf 87' lang='lat' dir='ltr'><strong>loquendo</strong></span> <span class='ocrx_word' id='word_1_239' title='bbox 821 2912 1099 2968; x_wconf 73' lang='lat' dir='ltr'><strong>ineitavit’</strong></span> <span class='ocrx_word' id='word_1_240' title='bbox 1143 2912 1211 2968; x_wconf 91' lang='lat' dir='ltr'><strong>ad</strong></span> <span class='ocrx_word' id='word_1_241' title='bbox 1254 2913 1453 2968; x_wconf 86' lang='lat' dir='ltr'><strong>ﬁdem:</strong></span> <span class='ocrx_word' id='word_1_242' title='bbox 1498 2915 1647 2969; x_wconf 86' lang='lat' dir='ltr'><strong>multi</strong></span> <span class='ocrx_word' id='word_1_243' title='bbox 1687 2930 1788 2970; x_wconf 85' lang='lat' dir='ltr'><strong>nec</strong></span> <span class='ocrx_word' id='word_1_244' title='bbox 1828 2916 2096 2971; x_wconf 82' lang='lat' dir='ltr'><strong>suscitatis</strong></span> 
     </span>
    </p>
   </div>
   <div class='ocr_carea' id='block_1_30' title="bbox 510 3002 2096 3076">
    <p class='ocr_par' dir='ltr' id='par_1_30' title="bbox 510 3002 2096 3076">
     <span class='ocr_line' id='line_1_30' title="bbox 510 3002 2096 3076; baseline 0.004 -20"><span class='ocrx_word' id='word_1_245' title='bbox 510 3002 739 3056; x_wconf 81' lang='lat' dir='ltr'><strong>mortuis</strong></span> <span class='ocrx_word' id='word_1_246' title='bbox 761 3002 1123 3058; x_wconf 88' lang='lat' dir='ltr'><strong>crediderunt.</strong></span> <span class='ocrx_word' id='word_1_247' title='bbox 1158 3004 1232 3058; x_wconf 88' lang='lat' dir='ltr'><strong>De</strong></span> <span class='ocrx_word' id='word_1_248' title='bbox 1257 3018 1416 3060; x_wconf 88' lang='lat' dir='ltr'><strong>cruce</strong></span> <span class='ocrx_word' id='word_1_249' title='bbox 1443 3013 1601 3075; x_wconf 86' lang='lat' dir='ltr'><strong>atque</strong></span> <span class='ocrx_word' id='word_1_250' title='bbox 1629 3013 1800 3062; x_wconf 87' lang='lat' dir='ltr'><strong>morte</strong></span> <span class='ocrx_word' id='word_1_251' title='bbox 1827 3006 1945 3076; x_wconf 87' lang='lat' dir='ltr'><strong>ejus</strong></span> <span class='ocrx_word' id='word_1_252' title='bbox 1967 3023 2096 3063; x_wconf 91' lang='lat' dir='ltr'><strong>con-</strong></span> 
     </span>
    </p>
   </div>
   <div class='ocr_carea' id='block_1_31' title="bbox 512 3092 2097 3165">
    <p class='ocr_par' dir='ltr' id='par_1_31' title="bbox 512 3092 2097 3165">
     <span class='ocr_line' id='line_1_31' title="bbox 512 3092 2097 3165; baseline 0.006 -21"><span class='ocrx_word' id='word_1_253' title='bbox 512 3092 687 3147; x_wconf 84' lang='lat' dir='ltr'><strong>territi</strong></span> <span class='ocrx_word' id='word_1_254' title='bbox 715 3093 873 3148; x_wconf 82' lang='lat' dir='ltr'><strong>ctiatn</strong></span> <span class='ocrx_word' id='word_1_255' title='bbox 899 3092 964 3146; x_wconf 76' lang='lat' dir='ltr'><strong>di.</strong></span> <span class='ocrx_word' id='word_1_256' title='bbox 981 3093 1144 3165; x_wconf 88' lang='lat' dir='ltr'><strong>cipuli</strong></span> <span class='ocrx_word' id='word_1_257' title='bbox 1176 3093 1501 3161; x_wconf 80' lang='lat' dir='ltr'><strong>titubarunt;</strong></span> <span class='ocrx_word' id='word_1_258' title='bbox 1529 3106 1582 3150; x_wconf 90' lang='lat' dir='ltr'><strong>et</strong></span> <span class='ocrx_word' id='word_1_259' title='bbox 1608 3105 1780 3151; x_wconf 87' lang='lat' dir='ltr'><strong>tamen</strong></span> <span class='ocrx_word' id='word_1_260' title='bbox 1812 3097 1948 3153; x_wconf 87' lang='lat' dir='ltr'><strong>latro</strong></span> <span class='ocrx_word' id='word_1_261' title='bbox 1973 3108 2097 3154; x_wconf 88' lang='lat' dir='ltr'><strong>tunc</strong></span> 
     </span>
    </p>
   </div>
   <div class='ocr_carea' id='block_1_32' title="bbox 513 3183 2094 3261">
    <p class='ocr_par' dir='ltr' id='par_1_32' title="bbox 513 3183 2094 3261">
     <span class='ocr_line' id='line_1_32' title="bbox 513 3183 2094 3261; baseline 0.006 -24"><span class='ocrx_word' id='word_1_262' title='bbox 513 3183 763 3252; x_wconf 86' lang='lat' dir='ltr'><strong>credidit,</strong></span> <span class='ocrx_word' id='word_1_263' title='bbox 786 3200 906 3240; x_wconf 92' lang='lat' dir='ltr'><strong>cum</strong></span> <span class='ocrx_word' id='word_1_264' title='bbox 937 3201 1057 3240; x_wconf 91' lang='lat' dir='ltr'><strong>cum</strong></span> <span class='ocrx_word' id='word_1_265' title='bbox 1086 3201 1192 3240; x_wconf 91' lang='lat' dir='ltr'><strong>non</strong></span> <span class='ocrx_word' id='word_1_266' title='bbox 1219 3187 1640 3257; x_wconf 61' lang='lat' dir='ltr'><strong>praestantiorem</strong></span> <span class='ocrx_word' id='word_1_267' title='bbox 1657 3188 1859 3244; x_wconf 88' lang='lat' dir='ltr'><strong>videret</strong></span> <span class='ocrx_word' id='word_1_268' title='bbox 1881 3190 1933 3245; x_wconf 91' lang='lat' dir='ltr'><strong>in</strong></span> <span class='ocrx_word' id='word_1_269' title='bbox 1961 3206 2094 3261; x_wconf 89' lang='lat' dir='ltr'><strong>ope-</strong></span> 
     </span>
    </p>
   </div>
   <div class='ocr_carea' id='block_1_33' title="bbox 512 3277 2095 3350">
    <p class='ocr_par' dir='ltr' id='par_1_33' title="bbox 512 3277 2095 3350">
     <span class='ocr_line' id='line_1_33' title="bbox 512 3277 2095 3350; baseline 0.004 -18"><span class='ocrx_word' id='word_1_270' title='bbox 512 3277 684 3343; x_wconf 86' lang='lat' dir='ltr'><strong>ribus,</strong></span> <span class='ocrx_word' id='word_1_271' title='bbox 704 3277 795 3333; x_wconf 89' lang='lat' dir='ltr'><strong>sed</strong></span> <span class='ocrx_word' id='word_1_272' title='bbox 824 3278 1095 3334; x_wconf 85' lang='lat' dir='ltr'><strong>consortio</strong></span> <span class='ocrx_word' id='word_1_273' title='bbox 1117 3279 1292 3334; x_wconf 92' lang='lat' dir='ltr'><strong>crucis</strong></span> <span class='ocrx_word' id='word_1_274' title='bbox 1320 3279 1578 3350; x_wconf 63' lang='lat' dir='ltr'><strong>arqualem</strong></span> <span class='ocrx_word' id='word_1_275' title='bbox 1620 3282 1637 3350; x_wconf 90' lang='lat'><strong>(</strong></span> <span class='ocrx_word' id='word_1_276' title='bbox 1665 3279 1791 3335; x_wconf 87' lang='lat' dir='ltr'><strong>Luc.</strong></span> <span class='ocrx_word' id='word_1_277' title='bbox 1815 3298 1962 3349; x_wconf 67' lang='grc' dir='ltr'>χχιιι,</span> <span class='ocrx_word' id='word_1_278' title='bbox 1995 3284 2095 3339; x_wconf 68' lang='grc'><strong>40-</strong></span> 
     </span>
    </p>
   </div>
   <div class='ocr_carea' id='block_1_34' title="bbox 513 3370 2096 3446">
    <p class='ocr_par' dir='ltr' id='par_1_34' title="bbox 513 3370 2096 3446">
     <span class='ocr_line' id='line_1_34' title="bbox 513 3370 2096 3446; baseline 0.003 -20"><span class='ocrx_word' id='word_1_279' title='bbox 513 3370 643 3439; x_wconf 74' lang='grc'><strong>42).</strong></span> <span class='ocrx_word' id='word_1_280' title='bbox 678 3370 827 3426; x_wconf 86' lang='lat' dir='ltr'><strong>Unus</strong></span> <span class='ocrx_word' id='word_1_281' title='bbox 852 3371 1012 3425; x_wconf 88' lang='lat' dir='ltr'><strong>etiam</strong></span> <span class='ocrx_word' id='word_1_282' title='bbox 1041 3370 1109 3427; x_wconf 89' lang='lat' dir='ltr'><strong>de</strong></span> <span class='ocrx_word' id='word_1_283' title='bbox 1150 3385 1371 3427; x_wconf 88' lang='lat' dir='ltr'><strong>numero</strong></span> <span class='ocrx_word' id='word_1_284' title='bbox 1408 3370 1786 3442; x_wconf 85' lang='lat' dir='ltr'><strong>discipulorum</strong></span> <span class='ocrx_word' id='word_1_285' title='bbox 1818 3384 1939 3443; x_wconf 87' lang='lat' dir='ltr'><strong>post</strong></span> <span class='ocrx_word' id='word_1_286' title='bbox 1978 3374 2096 3446; x_wconf 88' lang='lat' dir='ltr'><strong>ejus</strong></span> 
     </span>
    </p>
   </div>
   <div class='ocr_carea' id='block_1_35' title="bbox 512 3460 2094 3536">
    <p class='ocr_par' dir='ltr' id='par_1_35' title="bbox 512 3460 2094 3536">
     <span class='ocr_line' id='line_1_35' title="bbox 512 3460 2094 3536; baseline 0.003 -21"><span class='ocrx_word' id='word_1_287' title='bbox 512 3460 987 3526; x_wconf 76' lang='lat' dir='ltr'><strong>resurrectionem,</strong></span> <span class='ocrx_word' id='word_1_288' title='bbox 1026 3475 1131 3516; x_wconf 87' lang='lat' dir='ltr'><strong>non</strong></span> <span class='ocrx_word' id='word_1_289' title='bbox 1164 3469 1271 3516; x_wconf 89' lang='lat' dir='ltr'><strong>tam</strong></span> <span class='ocrx_word' id='word_1_290' title='bbox 1307 3461 1603 3517; x_wconf 83' lang='lat' dir='ltr'><strong>viventibus</strong></span> <span class='ocrx_word' id='word_1_291' title='bbox 1631 3462 1904 3528; x_wconf 86' lang='lat' dir='ltr'><strong>membris,</strong></span> <span class='ocrx_word' id='word_1_292' title='bbox 1935 3480 2094 3536; x_wconf 85' lang='lat' dir='ltr'><strong>quam</strong></span> 
     </span>
    </p>
   </div>
   <div class='ocr_carea' id='block_1_36' title="bbox 514 3550 2095 3627">
    <p class='ocr_par' dir='ltr' id='par_1_36' title="bbox 514 3550 2095 3627">
     <span class='ocr_line' id='line_1_36' title="bbox 514 3550 2095 3627; baseline 0.003 -20"><span class='ocrx_word' id='word_1_293' title='bbox 514 3551 818 3607; x_wconf 80' lang='lat' dir='ltr'><strong>recentibus</strong></span> <span class='ocrx_word' id='word_1_294' title='bbox 842 3551 1180 3607; x_wconf 86' lang='lat' dir='ltr'><strong>cicatricibus</strong></span> <span class='ocrx_word' id='word_1_295' title='bbox 1203 3550 1429 3608; x_wconf 86' lang='lat' dir='ltr'><strong>credidit</strong></span> <span class='ocrx_word' id='word_1_296' title='bbox 1452 3551 1629 3624; x_wconf 82' lang='lat' dir='ltr'><strong>(Joan.</strong></span> <span class='ocrx_word' id='word_1_297' title='bbox 1652 3569 1744 3621; x_wconf 78' lang='lat' dir='ltr'><strong>xx,</strong></span> <span class='ocrx_word' id='word_1_298' title='bbox 1769 3553 1837 3608; x_wconf 72' lang='lat'><strong>27</strong></span> <span class='ocrx_word' id='word_1_299' title='bbox 1859 3553 1879 3627; x_wconf 92' lang='lat'>)</span> <span class='ocrx_word' id='word_1_300' title='bbox 1904 3574 1916 3609; x_wconf 93' lang='lat'><strong>:</strong></span> <span class='ocrx_word' id='word_1_301' title='bbox 1946 3556 2095 3612; x_wconf 90' lang='lat' dir='ltr'><strong>multi</strong></span> 
     </span>
    </p>
   </div>
   <div class='ocr_carea' id='block_1_37' title="bbox 420 3643 2097 3717">
    <p class='ocr_par' dir='ltr' id='par_1_37' title="bbox 420 3643 2097 3717">
     <span class='ocr_line' id='line_1_37' title="bbox 420 3643 2097 3717; baseline 0.004 -21"><span class='ocrx_word' id='word_1_302' title='bbox 420 3668 429 3673; x_wconf 64' lang='grc' dir='ltr'><strong>ι</strong></span> <span class='ocrx_word' id='word_1_303' title='bbox 516 3658 581 3697; x_wconf 73' lang='lat' dir='ltr'><strong>ex</strong></span> <span class='ocrx_word' id='word_1_304' title='bbox 614 3656 797 3696; x_wconf 89' lang='lat' dir='ltr'><strong>eorum</strong></span> <span class='ocrx_word' id='word_1_305' title='bbox 825 3657 1049 3698; x_wconf 89' lang='lat' dir='ltr'><strong>numero</strong></span> <span class='ocrx_word' id='word_1_306' title='bbox 1074 3658 1103 3697; x_wconf 89' lang='lat' dir='ltr'><strong>a</strong></span> <span class='ocrx_word' id='word_1_307' title='bbox 1133 3643 1325 3714; x_wconf 86' lang='lat' dir='ltr'><strong>quibus</strong></span> <span class='ocrx_word' id='word_1_308' title='bbox 1348 3643 1635 3700; x_wconf 80' lang='lat' dir='ltr'><strong>cruciﬁxus</strong></span> <span class='ocrx_word' id='word_1_309' title='bbox 1666 3653 1766 3706; x_wconf 91' lang='lat' dir='ltr'><strong>est.</strong></span> <span class='ocrx_word' id='word_1_310' title='bbox 1794 3646 1883 3717; x_wconf 91' lang='lat' dir='ltr'><strong>qui</strong></span> <span class='ocrx_word' id='word_1_311' title='bbox 1914 3647 2097 3702; x_wconf 82' lang='lat' dir='ltr'><strong>viden-</strong></span> 
     </span>
    </p>
   </div>
   <div class='ocr_carea' id='block_1_38' title="bbox 514 3732 2097 3810">
    <p class='ocr_par' dir='ltr' id='par_1_38' title="bbox 514 3732 2097 3810">
     <span class='ocr_line' id='line_1_38' title="bbox 514 3732 2097 3810; baseline 0.006 -24"><span class='ocrx_word' id='word_1_312' title='bbox 514 3743 596 3786; x_wconf 85' lang='lat' dir='ltr'><strong>tes</strong></span> <span class='ocrx_word' id='word_1_313' title='bbox 625 3748 747 3787; x_wconf 89' lang='lat' dir='ltr'><strong>eum</strong></span> <span class='ocrx_word' id='word_1_314' title='bbox 777 3733 1026 3789; x_wconf 86' lang='lat' dir='ltr'><strong>miracula</strong></span> <span class='ocrx_word' id='word_1_315' title='bbox 1054 3732 1332 3791; x_wconf 89' lang='lat' dir='ltr'><strong>facientem</strong></span> <span class='ocrx_word' id='word_1_316' title='bbox 1358 3746 1789 3807; x_wconf 83' lang='lat' dir='ltr'><strong>contempserant</strong></span> <span class='ocrx_word' id='word_1_317' title='bbox 1822 3737 2097 3810; x_wconf 88' lang='lat' dir='ltr'><strong>discipulis</strong></span> 
     </span>
    </p>
   </div>
   <div class='ocr_carea' id='block_1_39' title="bbox 513 3824 2094 3898">
    <p class='ocr_par' dir='ltr' id='par_1_39' title="bbox 513 3824 2094 3898">
     <span class='ocr_line' id='line_1_39' title="bbox 513 3824 2094 3898; baseline 0.007 -21"><span class='ocrx_word' id='word_1_318' title='bbox 513 3840 637 3879; x_wconf 80' lang='lat' dir='ltr'><strong>cum</strong></span> <span class='ocrx_word' id='word_1_319' title='bbox 686 3824 1095 3895; x_wconf 76' lang='lat' dir='ltr'><strong>praedicantibus</strong></span> <span class='ocrx_word' id='word_1_320' title='bbox 1122 3836 1176 3883; x_wconf 89' lang='lat' dir='ltr'><strong>et</strong></span> <span class='ocrx_word' id='word_1_321' title='bbox 1204 3826 1257 3883; x_wconf 91' lang='lat' dir='ltr'><strong>in</strong></span> <span class='ocrx_word' id='word_1_322' title='bbox 1289 3828 1503 3883; x_wconf 89' lang='lat' dir='ltr'><strong>nomine</strong></span> <span class='ocrx_word' id='word_1_323' title='bbox 1529 3831 1645 3898; x_wconf 91' lang='lat' dir='ltr'><strong>ejus</strong></span> <span class='ocrx_word' id='word_1_324' title='bbox 1688 3831 1811 3885; x_wconf 92' lang='lat' dir='ltr'><strong>talia</strong></span> <span class='ocrx_word' id='word_1_325' title='bbox 1854 3831 2094 3888; x_wconf 80' lang='lat' dir='ltr'><strong>facienti-</strong></span> 
     </span>
    </p>
   </div>
   <div class='ocr_carea' id='block_1_40' title="bbox 519 3915 2092 3992">
    <p class='ocr_par' dir='ltr' id='par_1_40' title="bbox 519 3915 2092 3992">
     <span class='ocr_line' id='line_1_40' title="bbox 519 3915 2092 3992; baseline 0.006 -23"><span class='ocrx_word' id='word_1_326' title='bbox 519 3915 617 3969; x_wconf 83' lang='lat' dir='ltr'><strong>bus</strong></span> <span class='ocrx_word' id='word_1_327' title='bbox 660 3915 1001 3971; x_wconf 79' lang='lat' dir='ltr'><strong>crediderunt</strong></span> <span class='ocrx_word' id='word_1_328' title='bbox 1034 3917 1189 3988; x_wconf 81' lang='lat' dir='ltr'><strong>(Art.</strong></span> <span class='ocrx_word' id='word_1_329' title='bbox 1234 3917 1414 3990; x_wconf 85' lang='lat' dir='ltr'><strong>n-tv).</strong></span> <span class='ocrx_word' id='word_1_330' title='bbox 1460 3919 1591 3975; x_wconf 88' lang='lat' dir='ltr'><strong>Cum</strong></span> <span class='ocrx_word' id='word_1_331' title='bbox 1638 3936 1767 3992; x_wconf 79' lang='lat' dir='ltr'><strong>ergo</strong></span> <span class='ocrx_word' id='word_1_332' title='bbox 1813 3922 1949 3978; x_wconf 90' lang='lat' dir='ltr'><strong>alius</strong></span> <span class='ocrx_word' id='word_1_333' title='bbox 1993 3923 2092 3989; x_wconf 90' lang='lat' dir='ltr'><strong>sic,</strong></span> 
     </span>
    </p>
   </div>
   <div class='ocr_carea' id='block_1_41' title="bbox 515 4006 2095 4087">
    <p class='ocr_par' dir='ltr' id='par_1_41' title="bbox 515 4006 2095 4087">
     <span class='ocr_line' id='line_1_41' title="bbox 515 4006 2095 4087; baseline 0.008 -27"><span class='ocrx_word' id='word_1_334' title='bbox 515 4006 657 4061; x_wconf 86' lang='lat' dir='ltr'><strong>alius</strong></span> <span class='ocrx_word' id='word_1_335' title='bbox 674 4017 849 4062; x_wconf 86' lang='lat' dir='ltr'><strong>autem</strong></span> <span class='ocrx_word' id='word_1_336' title='bbox 869 4008 943 4062; x_wconf 89' lang='lat' dir='ltr'><strong>sic</strong></span> <span class='ocrx_word' id='word_1_337' title='bbox 963 4019 1235 4066; x_wconf 85' lang='lat' dir='ltr'><strong>moveatur</strong></span> <span class='ocrx_word' id='word_1_338' title='bbox 1249 4011 1314 4065; x_wconf 88' lang='lat' dir='ltr'><strong>ad</strong></span> <span class='ocrx_word' id='word_1_339' title='bbox 1339 4012 1517 4080; x_wconf 82' lang='lat' dir='ltr'><strong>(idem,</strong></span> <span class='ocrx_word' id='word_1_340' title='bbox 1532 4013 1825 4084; x_wconf 88' lang='lat' dir='ltr'><strong>eademque</strong></span> <span class='ocrx_word' id='word_1_341' title='bbox 1845 4030 1934 4070; x_wconf 90' lang='lat' dir='ltr'><strong>res</strong></span> <span class='ocrx_word' id='word_1_342' title='bbox 1953 4030 2095 4087; x_wconf 73' lang='lat' dir='ltr'><strong>smpc</strong></span> 
     </span>
    </p>
   </div>
   <div class='ocr_carea' id='block_1_42' title="bbox 513 4096 2093 4173">
    <p class='ocr_par' dir='ltr' id='par_1_42' title="bbox 513 4096 2093 4173">
     <span class='ocr_line' id='line_1_42' title="bbox 513 4096 2093 4173; baseline 0.008 -22"><span class='ocrx_word' id='word_1_343' title='bbox 513 4096 619 4153; x_wconf 90' lang='lat' dir='ltr'><strong>alio</strong></span> <span class='ocrx_word' id='word_1_344' title='bbox 648 4097 805 4154; x_wconf 90' lang='lat' dir='ltr'><strong>modo</strong></span> <span class='ocrx_word' id='word_1_345' title='bbox 834 4098 971 4155; x_wconf 84' lang='lat' dir='ltr'><strong>dicta</strong></span> <span class='ocrx_word' id='word_1_346' title='bbox 999 4110 1227 4166; x_wconf 82' lang='lat' dir='ltr'><strong>moveat,</strong></span> <span class='ocrx_word' id='word_1_347' title='bbox 1254 4102 1359 4158; x_wconf 86' lang='lat' dir='ltr'><strong>alio</strong></span> <span class='ocrx_word' id='word_1_348' title='bbox 1384 4103 1543 4159; x_wconf 92' lang='lat' dir='ltr'><strong>modo</strong></span> <span class='ocrx_word' id='word_1_349' title='bbox 1565 4105 1701 4161; x_wconf 89' lang='lat' dir='ltr'><strong>dicta</strong></span> <span class='ocrx_word' id='word_1_350' title='bbox 1727 4120 1833 4161; x_wconf 91' lang='lat' dir='ltr'><strong>non</strong></span> <span class='ocrx_word' id='word_1_351' title='bbox 1862 4116 2093 4173; x_wconf 83' lang='lat' dir='ltr'><strong>moveat;</strong></span> 
     </span>
    </p>
   </div>
   <div class='ocr_carea' id='block_1_43' title="bbox 511 4188 2093 4265">
    <p class='ocr_par' dir='ltr' id='par_1_43' title="bbox 511 4188 2093 4265">
     <span class='ocr_line' id='line_1_43' title="bbox 511 4188 2093 4265; baseline 0.007 -23"><span class='ocrx_word' id='word_1_352' title='bbox 511 4188 780 4257; x_wconf 87' lang='lat' dir='ltr'><strong>aliumque</strong></span> <span class='ocrx_word' id='word_1_353' title='bbox 808 4190 1215 4257; x_wconf 85' lang='lat' dir='ltr'><strong>moveat,alium</strong></span> <span class='ocrx_word' id='word_1_354' title='bbox 1240 4207 1343 4248; x_wconf 89' lang='lat' dir='ltr'><strong>non</strong></span> <span class='ocrx_word' id='word_1_355' title='bbox 1372 4203 1613 4257; x_wconf 84' lang='lat' dir='ltr'><strong>moveat;</strong></span> <span class='ocrx_word' id='word_1_356' title='bbox 1642 4194 1761 4265; x_wconf 88' lang='lat' dir='ltr'><strong>quis</strong></span> <span class='ocrx_word' id='word_1_357' title='bbox 1787 4195 1979 4252; x_wconf 89' lang='lat' dir='ltr'><strong>audeat</strong></span> <span class='ocrx_word' id='word_1_358' title='bbox 2007 4197 2093 4254; x_wconf 85' lang='lat' dir='ltr'><strong>di-</strong></span> 
     </span>
    </p>
   </div>
   <div class='ocr_carea' id='block_1_44' title="bbox 511 4280 2093 4357">
    <p class='ocr_par' dir='ltr' id='par_1_44' title="bbox 511 4280 2093 4357">
     <span class='ocr_line' id='line_1_44' title="bbox 511 4280 2093 4357; baseline 0.008 -23"><span class='ocrx_word' id='word_1_359' title='bbox 511 4295 636 4335; x_wconf 91' lang='lat' dir='ltr'><strong>cere</strong></span> <span class='ocrx_word' id='word_1_360' title='bbox 658 4280 890 4338; x_wconf 83' lang='lat' dir='ltr'><strong>defuisse</strong></span> <span class='ocrx_word' id='word_1_361' title='bbox 912 4283 1022 4338; x_wconf 87' lang='lat' dir='ltr'><strong>Dco</strong></span> <span class='ocrx_word' id='word_1_362' title='bbox 1048 4284 1263 4339; x_wconf 91' lang='lat' dir='ltr'><strong>modum</strong></span> <span class='ocrx_word' id='word_1_363' title='bbox 1290 4285 1532 4350; x_wconf 87' lang='lat' dir='ltr'><strong>vocandi,</strong></span> <span class='ocrx_word' id='word_1_364' title='bbox 1551 4302 1656 4357; x_wconf 89' lang='lat' dir='ltr'><strong>quo</strong></span> <span class='ocrx_word' id='word_1_365' title='bbox 1676 4288 1835 4344; x_wconf 84' lang='lat' dir='ltr'><strong>etiam</strong></span> <span class='ocrx_word' id='word_1_366' title='bbox 1867 4288 2004 4345; x_wconf 85' lang='lat' dir='ltr'><strong>Esau</strong></span> <span class='ocrx_word' id='word_1_367' title='bbox 2027 4290 2093 4346; x_wconf 89' lang='lat' dir='ltr'><strong>ad</strong></span> 
     </span>
    </p>
   </div>
   <div class='ocr_carea' id='block_1_45' title="bbox 511 4372 2093 4451">
    <p class='ocr_par' dir='ltr' id='par_1_45' title="bbox 511 4372 2093 4451">
     <span class='ocr_line' id='line_1_45' title="bbox 511 4372 2093 4451; baseline 0.006 -25"><span class='ocrx_word' id='word_1_368' title='bbox 511 4388 629 4427; x_wconf 78' lang='lat' dir='ltr'><strong>eam</strong></span> <span class='ocrx_word' id='word_1_369' title='bbox 655 4372 1066 4431; x_wconf 67' lang='lat' dir='ltr'><strong>ﬁdemnuentem</strong></span> <span class='ocrx_word' id='word_1_370' title='bbox 1087 4375 1398 4446; x_wconf 83' lang='lat' dir='ltr'><strong>applicaret,</strong></span> <span class='ocrx_word' id='word_1_371' title='bbox 1422 4377 1851 4450; x_wconf 86' lang='lat' dir='ltr'><strong>voluntatemque</strong></span> <span class='ocrx_word' id='word_1_372' title='bbox 1872 4381 2093 4451; x_wconf 83' lang='lat' dir='ltr'><strong>conjun-</strong></span> 
     </span>
    </p>
   </div>
   <div class='ocr_carea' id='block_1_46' title="bbox 509 4464 2097 4542">
    <p class='ocr_par' dir='ltr' id='par_1_46' title="bbox 509 4464 2097 4542">
     <span class='ocr_line' id='line_1_46' title="bbox 509 4464 2097 4542; baseline 0.006 -26"><span class='ocrx_word' id='word_1_373' title='bbox 509 4472 680 4532; x_wconf 65' lang='lat' dir='ltr'><strong>geret,</strong></span> <span class='ocrx_word' id='word_1_374' title='bbox 702 4464 871 4534; x_wconf 83' lang='lat' dir='ltr'><strong>inqua</strong></span> <span class='ocrx_word' id='word_1_375' title='bbox 900 4464 1392 4531; x_wconf 82' lang='lat' dir='ltr'><strong>Jacobjustillcatus</strong></span> <span class='ocrx_word' id='word_1_376' title='bbox 1408 4467 1523 4521; x_wconf 82' lang='lat' dir='ltr'><strong>est?</strong></span> <span class='ocrx_word' id='word_1_377' title='bbox 1542 4467 1696 4536; x_wconf 82' lang='lat' dir='ltr'><strong>Quod</strong></span> <span class='ocrx_word' id='word_1_378' title='bbox 1736 4470 1779 4523; x_wconf 91' lang='lat' dir='ltr'><strong>si</strong></span> <span class='ocrx_word' id='word_1_379' title='bbox 1804 4479 1945 4524; x_wconf 84' lang='lat' dir='ltr'><strong>tanta</strong></span> <span class='ocrx_word' id='word_1_380' title='bbox 1964 4486 2097 4542; x_wconf 87' lang='lat' dir='ltr'><strong>quo-</strong></span> 
     </span>
    </p>
   </div>
   <div class='ocr_carea' id='block_1_47' title="bbox 510 4554 2095 4624">
    <p class='ocr_par' dir='ltr' id='par_1_47' title="bbox 510 4554 2095 4624">
     <span class='ocr_line' id='line_1_47' title="bbox 510 4554 2095 4624; baseline 0.009 -20"><span class='ocrx_word' id='word_1_381' title='bbox 510 4569 616 4624; x_wconf 84' lang='lat' dir='ltr'><strong>que</strong></span> <span class='ocrx_word' id='word_1_382' title='bbox 646 4564 819 4624; x_wconf 69' lang='lat' dir='ltr'><strong>putt-st</strong></span> <span class='ocrx_word' id='word_1_383' title='bbox 846 4570 964 4609; x_wconf 70' lang='lat' dir='ltr'><strong>esse</strong></span> <span class='ocrx_word' id='word_1_384' title='bbox 990 4554 1275 4610; x_wconf 86' lang='lat' dir='ltr'><strong>obstinatio</strong></span> <span class='ocrx_word' id='word_1_385' title='bbox 1299 4556 1602 4623; x_wconf 86' lang='lat' dir='ltr'><strong>voluntatis,</strong></span> <span class='ocrx_word' id='word_1_386' title='bbox 1624 4568 1681 4613; x_wconf 93' lang='lat' dir='ltr'><strong>ut</strong></span> <span class='ocrx_word' id='word_1_387' title='bbox 1699 4568 1882 4614; x_wconf 90' lang='lat' dir='ltr'><strong>contra</strong></span> <span class='ocrx_word' id='word_1_388' title='bbox 1907 4576 2095 4618; x_wconf 89' lang='lat' dir='ltr'><strong>omnes</strong></span> 
     </span>
    </p>
   </div>
   <div class='ocr_carea' id='block_1_48' title="bbox 511 4644 2092 4722">
    <p class='ocr_par' dir='ltr' id='par_1_48' title="bbox 511 4644 2092 4722">
     <span class='ocr_line' id='line_1_48' title="bbox 511 4644 2092 4722; baseline 0.006 -23"><span class='ocrx_word' id='word_1_389' title='bbox 511 4645 701 4700; x_wconf 85' lang='lat' dir='ltr'><strong>modus</strong></span> <span class='ocrx_word' id='word_1_390' title='bbox 745 4646 1040 4700; x_wconf 74' lang='lat' dir='ltr'><strong>vocationis</strong></span> <span class='ocrx_word' id='word_1_391' title='bbox 1081 4644 1397 4702; x_wconf 87' lang='lat' dir='ltr'><strong>obdurescat</strong></span> <span class='ocrx_word' id='word_1_392' title='bbox 1422 4649 1617 4704; x_wconf 91' lang='lat' dir='ltr'><strong>mentis</strong></span> <span class='ocrx_word' id='word_1_393' title='bbox 1642 4649 1916 4716; x_wconf 64' lang='lat' dir='ltr'><strong>aversio‘;</strong></span> <span class='ocrx_word' id='word_1_394' title='bbox 1944 4667 2092 4722; x_wconf 75' lang='lat' dir='ltr'><strong>qua:-</strong></span> 
     </span>
    </p>
   </div>
   <div class='ocr_carea' id='block_1_49' title="bbox 510 4737 2095 4810">
    <p class='ocr_par' dir='ltr' id='par_1_49' title="bbox 510 4737 2095 4810">
     <span class='ocr_line' id='line_1_49' title="bbox 510 4737 2095 4810; baseline 0.004 -17"><span class='ocrx_word' id='word_1_395' title='bbox 510 4738 649 4793; x_wconf 90' lang='lat' dir='ltr'><strong>ritur</strong></span> <span class='ocrx_word' id='word_1_396' title='bbox 677 4746 848 4791; x_wconf 87' lang='lat' dir='ltr'><strong>utrum</strong></span> <span class='ocrx_word' id='word_1_397' title='bbox 870 4738 936 4792; x_wconf 85' lang='lat' dir='ltr'><strong>de</strong></span> <span class='ocrx_word' id='word_1_398' title='bbox 957 4737 1130 4792; x_wconf 82' lang='lat' dir='ltr'><strong>divina</strong></span> <span class='ocrx_word' id='word_1_399' title='bbox 1154 4752 1308 4807; x_wconf 62' lang='lat' dir='ltr'><strong>paena</strong></span> <span class='ocrx_word' id='word_1_400' title='bbox 1338 4739 1405 4794; x_wconf 91' lang='lat' dir='ltr'><strong>sit</strong></span> <span class='ocrx_word' id='word_1_401' title='bbox 1428 4739 1540 4810; x_wconf 90' lang='lat' dir='ltr'><strong>ipsa</strong></span> <span class='ocrx_word' id='word_1_402' title='bbox 1565 4739 1778 4804; x_wconf 88' lang='lat' dir='ltr'><strong>duritia.</strong></span> <span class='ocrx_word' id='word_1_403' title='bbox 1803 4757 1922 4797; x_wconf 91' lang='lat' dir='ltr'><strong>cum</strong></span> <span class='ocrx_word' id='word_1_404' title='bbox 1958 4744 2095 4800; x_wconf 91' lang='lat' dir='ltr'><strong>Deus</strong></span> 
     </span>
    </p>
   </div>
   <div class='ocr_carea' id='block_1_50' title="bbox 511 4828 2094 4900">
    <p class='ocr_par' dir='ltr' id='par_1_50' title="bbox 511 4828 2094 4900">
     <span class='ocr_line' id='line_1_50' title="bbox 511 4828 2094 4900; baseline 0.005 -17"><span class='ocrx_word' id='word_1_405' title='bbox 511 4828 713 4884; x_wconf 84' lang='lat' dir='ltr'><strong>deserit</strong></span> <span class='ocrx_word' id='word_1_406' title='bbox 755 4842 857 4882; x_wconf 85' lang='lat' dir='ltr'><strong>nou</strong></span> <span class='ocrx_word' id='word_1_407' title='bbox 903 4830 981 4883; x_wconf 86' lang='lat' dir='ltr'><strong>sic</strong></span> <span class='ocrx_word' id='word_1_408' title='bbox 1007 4828 1263 4894; x_wconf 79' lang='lat' dir='ltr'><strong>vocando,</strong></span> <span class='ocrx_word' id='word_1_409' title='bbox 1291 4829 1561 4900; x_wconf 85' lang='lat' dir='ltr'><strong>quomodo</strong></span> <span class='ocrx_word' id='word_1_410' title='bbox 1588 4830 1654 4886; x_wconf 88' lang='lat' dir='ltr'><strong>ad</strong></span> <span class='ocrx_word' id='word_1_411' title='bbox 1696 4830 1851 4887; x_wconf 82' lang='lat' dir='ltr'><strong>fidem</strong></span> <span class='ocrx_word' id='word_1_412' title='bbox 1890 4836 2094 4891; x_wconf 86' lang='lat' dir='ltr'><strong>moveri</strong></span> 
     </span>
    </p>
   </div>
   <div class='ocr_carea' id='block_1_51' title="bbox 511 4919 2093 4992">
    <p class='ocr_par' dir='ltr' id='par_1_51' title="bbox 511 4919 2093 4992">
     <span class='ocr_line' id='line_1_51' title="bbox 511 4919 2093 4992; baseline 0.006 -19"><span class='ocrx_word' id='word_1_413' title='bbox 511 4928 709 4990; x_wconf 83' lang='lat' dir='ltr'><strong>potest.</strong></span> <span class='ocrx_word' id='word_1_414' title='bbox 740 4919 869 4988; x_wconf 87' lang='lat' dir='ltr'><strong>Quis</strong></span> <span class='ocrx_word' id='word_1_415' title='bbox 896 4920 1037 4974; x_wconf 90' lang='lat' dir='ltr'><strong>enim</strong></span> <span class='ocrx_word' id='word_1_416' title='bbox 1078 4919 1219 4975; x_wconf 86' lang='lat' dir='ltr'><strong>dicat</strong></span> <span class='ocrx_word' id='word_1_417' title='bbox 1247 4921 1459 4976; x_wconf 88' lang='lat' dir='ltr'><strong>modum</strong></span> <span class='ocrx_word' id='word_1_418' title='bbox 1484 4919 1506 4951; x_wconf 77' lang='grc'><strong>’⁸</strong></span> <span class='ocrx_word' id='word_1_419' title='bbox 1538 4936 1645 4991; x_wconf 91' lang='lat' dir='ltr'><strong>quo</strong></span> <span class='ocrx_word' id='word_1_420' title='bbox 1669 4921 1715 4976; x_wconf 91' lang='lat' dir='ltr'><strong>ei</strong></span> <span class='ocrx_word' id='word_1_421' title='bbox 1746 4924 2093 4992; x_wconf 85' lang='lat' dir='ltr'><strong>persuadere-</strong></span> 
     </span>
    </p>
   </div>
   <div class='ocr_carea' id='block_1_52' title="bbox 512 4996 1831 5080">
    <p class='ocr_par' dir='ltr' id='par_1_52' title="bbox 512 4996 1831 5080">
     <span class='ocr_line' id='line_1_52' title="bbox 512 4996 1831 5080; baseline 0.002 -14"><span class='ocrx_word' id='word_1_422' title='bbox 512 5021 600 5066; x_wconf 91' lang='lat' dir='ltr'><strong>tur</strong></span> <span class='ocrx_word' id='word_1_423' title='bbox 625 5017 684 5065; x_wconf 87' lang='grc' dir='ltr'><strong>ιιι</strong></span> <span class='ocrx_word' id='word_1_424' title='bbox 708 4996 970 5073; x_wconf 80' lang='lat' dir='ltr'><strong>crederet,</strong></span> <span class='ocrx_word' id='word_1_425' title='bbox 1000 5014 1159 5066; x_wconf 88' lang='lat' dir='ltr'><strong>etiam</strong></span> <span class='ocrx_word' id='word_1_426' title='bbox 1184 5012 1540 5080; x_wconf 90' lang='lat' dir='ltr'><strong>Omnipotenti</strong></span> <span class='ocrx_word' id='word_1_427' title='bbox 1570 5012 1831 5069; x_wconf 81' lang='lat' dir='ltr'><strong>defuisse?</strong></span> 
     </span>
    </p>
   </div>
   <div class='ocr_carea' id='block_1_53' title="bbox 587 5099 2096 5178">
    <p class='ocr_par' dir='ltr' id='par_1_53' title="bbox 587 5099 2096 5178">
     <span class='ocr_line' id='line_1_53' title="bbox 587 5099 2096 5178; baseline 0.006 -24"><span class='ocrx_word' id='word_1_428' title='bbox 587 5101 675 5155; x_wconf 79' lang='lat' dir='ltr'><strong>l5.</strong></span> <span class='ocrx_word' id='word_1_429' title='bbox 713 5099 821 5156; x_wconf 74' lang='lat' dir='ltr'><strong>Sed</strong></span> <span class='ocrx_word' id='word_1_430' title='bbox 860 5101 983 5169; x_wconf 85' lang='lat' dir='ltr'><strong>quid</strong></span> <span class='ocrx_word' id='word_1_431' title='bbox 1017 5102 1117 5156; x_wconf 85' lang='lat' dir='ltr'><strong>hoc</strong></span> <span class='ocrx_word' id='word_1_432' title='bbox 1157 5103 1464 5171; x_wconf 78' lang='lat' dir='ltr'><strong>qun-rimus,</strong></span> <span class='ocrx_word' id='word_1_433' title='bbox 1511 5118 1631 5158; x_wconf 91' lang='lat' dir='ltr'><strong>eum</strong></span> <span class='ocrx_word' id='word_1_434' title='bbox 1674 5104 1789 5175; x_wconf 59' lang='lat' dir='ltr'><strong>ipse</strong></span> <span class='ocrx_word' id='word_1_435' title='bbox 1816 5106 2096 5178; x_wconf 79' lang='lat' dir='ltr'><strong>snbjungat</strong></span> 
     </span>
    </p>
   </div>
   <div class='ocr_carea' id='block_1_54' title="bbox 516 5191 2095 5263">
    <p class='ocr_par' dir='ltr' id='par_1_54' title="bbox 516 5191 2095 5263">
     <span class='ocr_line' id='line_1_54' title="bbox 516 5191 2095 5263; baseline 0.002 -15"><span class='ocrx_word' id='word_1_436' title='bbox 516 5191 821 5261; x_wconf 50' lang='lat' dir='ltr'><strong>Apostolus,</strong></span> <span class='ocrx_word' id='word_1_437' title='bbox 873 5191 1007 5245; x_wconf 81' lang='lat' dir='ltr'><strong>Dicit</strong></span> <span class='ocrx_word' id='word_1_438' title='bbox 1035 5192 1167 5247; x_wconf 86' lang='lat' dir='ltr'><strong>enim</strong></span> <span class='ocrx_word' id='word_1_439' title='bbox 1212 5192 1480 5263; x_wconf 81' lang='lat' dir='ltr'><strong>Scriptura</strong></span> <span class='ocrx_word' id='word_1_440' title='bbox 1524 5192 1804 5260; x_wconf 60' lang='lat' dir='ltr'><strong>Pharaoni,</strong></span> <span class='ocrx_word' id='word_1_441' title='bbox 1850 5196 1982 5263; x_wconf 82' lang='lat' dir='ltr'><strong>Quia</strong></span> <span class='ocrx_word' id='word_1_442' title='bbox 2025 5199 2095 5251; x_wconf 87' lang='lat' dir='ltr'><strong>ad</strong></span> 
     </span>
    </p>
   </div>
   <div class='ocr_carea' id='block_1_55' title="bbox 514 5283 2094 5356">
    <p class='ocr_par' dir='ltr' id='par_1_55' title="bbox 514 5283 2094 5356">
     <span class='ocr_line' id='line_1_55' title="bbox 514 5283 2094 5356; baseline 0.002 -17"><span class='ocrx_word' id='word_1_443' title='bbox 514 5286 608 5339; x_wconf 81' lang='lat' dir='ltr'><strong>hoc</strong></span> <span class='ocrx_word' id='word_1_444' title='bbox 632 5294 679 5338; x_wconf 87' lang='lat' dir='ltr'><strong>te</strong></span> <span class='ocrx_word' id='word_1_445' title='bbox 704 5284 932 5346; x_wconf 76' lang='lat' dir='ltr'><strong>eacitari,</strong></span> <span class='ocrx_word' id='word_1_446' title='bbox 955 5292 1007 5337; x_wconf 87' lang='lat' dir='ltr'><strong>ut</strong></span> <span class='ocrx_word' id='word_1_447' title='bbox 1032 5283 1289 5337; x_wconf 83' lang='lat' dir='ltr'><strong>ostendant</strong></span> <span class='ocrx_word' id='word_1_448' title='bbox 1311 5285 1361 5337; x_wconf 89' lang='lat' dir='ltr'><strong>in</strong></span> <span class='ocrx_word' id='word_1_449' title='bbox 1387 5295 1434 5339; x_wconf 87' lang='lat' dir='ltr'><strong>te</strong></span> <span class='ocrx_word' id='word_1_450' title='bbox 1460 5288 1731 5355; x_wconf 72' lang='lat' dir='ltr'><strong>poteniatn</strong></span> <span class='ocrx_word' id='word_1_451' title='bbox 1762 5304 1942 5356; x_wconf 86' lang='lat' dir='ltr'><strong>meant,</strong></span> <span class='ocrx_word' id='word_1_452' title='bbox 1964 5298 2012 5343; x_wconf 83' lang='lat' dir='ltr'><strong>et</strong></span> <span class='ocrx_word' id='word_1_453' title='bbox 2039 5299 2094 5342; x_wconf 83' lang='lat' dir='ltr'><strong>ut</strong></span> 
     </span>
    </p>
   </div>
   <div class='ocr_carea' id='block_1_56' title="bbox 577 5436 1907 5503">
    <p class='ocr_par' dir='ltr' id='par_1_56' title="bbox 577 5436 1907 5503">
     <span class='ocr_line' id='line_1_56' title="bbox 577 5436 1907 5503; baseline -0.001 -14"><span class='ocrx_word' id='word_1_454' title='bbox 577 5441 593 5503; x_wconf 52' lang='grc' dir='ltr'>ξ</span> <span class='ocrx_word' id='word_1_455' title='bbox 620 5446 740 5490; x_wconf 79' lang='lat' dir='ltr'><strong>&#39;n-es</strong></span> <span class='ocrx_word' id='word_1_456' title='bbox 757 5438 963 5503; x_wconf 75' lang='lat' dir='ltr'><strong>Vaticani</strong></span> <span class='ocrx_word' id='word_1_457' title='bbox 980 5437 1195 5503; x_wconf 72' lang='lat' dir='ltr'><strong>codices,</strong></span> <span class='ocrx_word' id='word_1_458' title='bbox 1213 5436 1296 5503; x_wconf 76' lang='lat' dir='ltr'><strong>qui</strong></span> <span class='ocrx_word' id='word_1_459' title='bbox 1319 5439 1640 5503; x_wconf 79' lang='lat' dir='ltr'><strong>congruebant</strong></span> <span class='ocrx_word' id='word_1_460' title='bbox 1659 5440 1907 5493; x_wconf 72' lang='lat' dir='ltr'><strong>notationi.</strong></span> 
     </span>
    </p>
   </div>
   <div class='ocr_carea' id='block_1_57' title="bbox 575 5498 1890 5569">
    <p class='ocr_par' dir='ltr' id='par_1_57' title="bbox 575 5498 1890 5569">
     <span class='ocr_line' id='line_1_57' title="bbox 575 5498 1890 5569; baseline 0.001 -19"><span class='ocrx_word' id='word_1_461' title='bbox 575 5502 688 5569; x_wconf 69' lang='grc' dir='ltr'><strong>ξεν.</strong></span> <span class='ocrx_word' id='word_1_462' title='bbox 704 5510 757 5569; x_wconf 76' lang='lat' dir='ltr'><strong>et</strong></span> <span class='ocrx_word' id='word_1_463' title='bbox 771 5501 1008 5569; x_wconf 77' lang='lat' dir='ltr'><strong>plerique</strong></span> <span class='ocrx_word' id='word_1_464' title='bbox 1030 5506 1155 5556; x_wconf 69' lang='lat' dir='ltr'><strong>uss,</strong></span> <span class='ocrx_word' id='word_1_465' title='bbox 1173 5498 1384 5569; x_wconf 61' lang='lat' dir='ltr'><strong>inritati!</strong></span> <span class='ocrx_word' id='word_1_466' title='bbox 1401 5498 1426 5549; x_wconf 72' lang='grc' dir='ltr'><strong><em>ῖ</em></strong></span> <span class='ocrx_word' id='word_1_467' title='bbox 1439 5564 1449 5569; x_wconf 86' lang='lat'><strong>_</strong></span> <span class='ocrx_word' id='word_1_468' title='bbox 1641 5563 1653 5569; x_wconf 89' lang='lat'>_</span> <span class='ocrx_word' id='word_1_469' title='bbox 1768 5563 1781 5569; x_wconf 82' lang='lat'>_</span> <span class='ocrx_word' id='word_1_470' title='bbox 1886 5515 1890 5519; x_wconf 92' lang='grc'>·</span> 
     </span>
    </p>
   </div>
   <div class='ocr_carea' id='block_1_58' title="bbox 578 5562 1824 5621">
    <p class='ocr_par' dir='ltr' id='par_1_58' title="bbox 578 5562 1824 5621">
     <span class='ocr_line' id='line_1_58' title="bbox 578 5562 1824 5621; baseline 0.002 -12"><span class='ocrx_word' id='word_1_471' title='bbox 578 5562 918 5613; x_wconf 62' lang='grc' dir='ltr'>δῦθι-ιιειριιδιδ</span> <span class='ocrx_word' id='word_1_472' title='bbox 935 5570 1037 5621; x_wconf 80' lang='lat' dir='ltr'><strong>Ms.,</strong></span> <span class='ocrx_word' id='word_1_473' title='bbox 1058 5562 1255 5611; x_wconf 83' lang='lat' dir='ltr'><strong>eversio.</strong></span> <span class='ocrx_word' id='word_1_474' title='bbox 1283 5562 1564 5621; x_wconf 72' lang='lat' dir='ltr'><strong>Victorinus,</strong></span> <span class='ocrx_word' id='word_1_475' title='bbox 1587 5563 1824 5614; x_wconf 80' lang='lat' dir='ltr'><strong>adversio.</strong></span> 
     </span>
    </p>
   </div>
   <div class='ocr_carea' id='block_1_59' title="bbox 575 5621 2095 5688">
    <p class='ocr_par' dir='ltr' id='par_1_59' title="bbox 575 5621 2095 5688">
     <span class='ocr_line' id='line_1_59' title="bbox 575 5621 2095 5688; baseline 0.003 -18"><span class='ocrx_word' id='word_1_476' title='bbox 575 5624 599 5655; x_wconf 69' lang='grc' dir='ltr'>δ</span> <span class='ocrx_word' id='word_1_477' title='bbox 618 5625 734 5674; x_wconf 63' lang='lat' dir='ltr'><strong>mliti</strong></span> <span class='ocrx_word' id='word_1_478' title='bbox 756 5634 905 5674; x_wconf 80' lang='lat' dir='ltr'><strong>:t&#39;um</strong></span> <span class='ocrx_word' id='word_1_479' title='bbox 936 5621 1065 5688; x_wconf 85' lang='lat' dir='ltr'><strong>enim</strong></span> <span class='ocrx_word' id='word_1_480' title='bbox 1100 5630 1228 5688; x_wconf 80' lang='lat' dir='ltr'><strong>Deus</strong></span> <span class='ocrx_word' id='word_1_481' title='bbox 1541 5624 1649 5688; x_wconf 81' lang='lat' dir='ltr'><strong>quis</strong></span> <span class='ocrx_word' id='word_1_482' title='bbox 1669 5625 1811 5688; x_wconf 84' lang='lat' dir='ltr'><strong>etiam</strong></span> <span class='ocrx_word' id='word_1_483' title='bbox 1845 5624 1976 5688; x_wconf 81' lang='lat' dir='ltr'><strong>dicat</strong></span> <span class='ocrx_word' id='word_1_484' title='bbox 1995 5637 2095 5675; x_wconf 87' lang='lat' dir='ltr'><strong>mo-</strong></span> 
     </span>
    </p>
   </div>
   <div class='ocr_carea' id='block_1_60' title="bbox 513 5684 2090 5755">
    <p class='ocr_par' dir='ltr' id='par_1_60' title="bbox 513 5684 2090 5755">
     <span class='ocr_line' id='line_1_60' title="bbox 513 5684 2090 5755; baseline 0.001 -21"><span class='ocrx_word' id='word_1_485' title='bbox 513 5684 650 5755; x_wconf 70' lang='lat' dir='ltr'><strong>dum,</strong></span> <span class='ocrx_word' id='word_1_486' title='bbox 674 5695 768 5736; x_wconf 87' lang='lat' dir='ltr'><strong>etc.</strong></span> <span class='ocrx_word' id='word_1_487' title='bbox 792 5687 1098 5755; x_wconf 54' lang='lat' dir='ltr'><strong>(gn‘lretensis</strong></span> <span class='ocrx_word' id='word_1_488' title='bbox 1121 5685 1282 5755; x_wconf 72' lang='lat' dir='ltr'><strong>codex</strong></span> <span class='ocrx_word' id='word_1_489' title='bbox 1304 5698 1316 5734; x_wconf 89' lang='lat'><strong>:</strong></span> <span class='ocrx_word' id='word_1_490' title='bbox 1340 5694 1462 5755; x_wconf 53' lang='lat' dir='ltr'><strong>{funt</strong></span> <span class='ocrx_word' id='word_1_491' title='bbox 1483 5684 1592 5755; x_wconf 70' lang='lat' dir='ltr'><strong>eum</strong></span> <span class='ocrx_word' id='word_1_492' title='bbox 1620 5696 1744 5738; x_wconf 84' lang='lat' dir='ltr'><strong>Deus</strong></span> <span class='ocrx_word' id='word_1_493' title='bbox 1775 5687 1970 5749; x_wconf 76' lang='lat' dir='ltr'><strong>decerit,</strong></span> <span class='ocrx_word' id='word_1_494' title='bbox 1995 5695 2090 5738; x_wconf 83' lang='lat' dir='ltr'><strong>etc.</strong></span> 
     </span>
    </p>
   </div>
   <div class='ocr_carea' id='block_1_61' title="bbox 514 5746 1692 5810">
    <p class='ocr_par' dir='ltr' id='par_1_61' title="bbox 514 5746 1692 5810">
     <span class='ocr_line' id='line_1_61' title="bbox 514 5746 1692 5810; baseline -0.001 -12"><span class='ocrx_word' id='word_1_495' title='bbox 514 5752 633 5798; x_wconf 79' lang='lat' dir='ltr'><strong>‘tutn</strong></span> <span class='ocrx_word' id='word_1_496' title='bbox 646 5758 755 5798; x_wconf 87' lang='lat' dir='ltr'><strong>cum</strong></span> <span class='ocrx_word' id='word_1_497' title='bbox 773 5748 881 5797; x_wconf 85' lang='lat' dir='ltr'><strong>aliis</strong></span> <span class='ocrx_word' id='word_1_498' title='bbox 904 5756 1029 5808; x_wconf 56' lang='grc' dir='ltr'><strong>ιω»,</strong></span> <span class='ocrx_word' id='word_1_499' title='bbox 1047 5746 1154 5810; x_wconf 79' lang='lat' dir='ltr'><strong>quis</strong></span> <span class='ocrx_word' id='word_1_500' title='bbox 1175 5746 1302 5798; x_wconf 80' lang='lat' dir='ltr'><strong>enim</strong></span> <span class='ocrx_word' id='word_1_501' title='bbox 1317 5747 1448 5800; x_wconf 84' lang='lat' dir='ltr'><strong>dicat</strong></span> <span class='ocrx_word' id='word_1_502' title='bbox 1481 5748 1692 5799; x_wconf 88' lang='lat' dir='ltr'><strong>modum.</strong></span> 
     </span>
    </p>
   </div>
   <div class='ocr_carea' id='block_1_62' title="bbox 2210 441 3795 500">
    <p class='ocr_par' dir='ltr' id='par_1_62' title="bbox 2210 441 3795 500">
     <span class='ocr_line' id='line_1_62' title="bbox 2210 441 3795 500; baseline 0.003 -6"><span class='ocrx_word' id='word_1_503' title='bbox 2210 441 2537 497; x_wconf 78' lang='lat' dir='ltr'><strong>annuntietur</strong></span> <span class='ocrx_word' id='word_1_504' title='bbox 2560 458 2737 498; x_wconf 86' lang='lat' dir='ltr'><strong>nomen</strong></span> <span class='ocrx_word' id='word_1_505' title='bbox 2764 461 2927 500; x_wconf 85' lang='lat' dir='ltr'><strong>meum</strong></span> <span class='ocrx_word' id='word_1_506' title='bbox 2951 445 3003 499; x_wconf 89' lang='lat' dir='ltr'><strong>in</strong></span> <span class='ocrx_word' id='word_1_507' title='bbox 3030 447 3256 499; x_wconf 82' lang='lat' dir='ltr'><strong>universa</strong></span> <span class='ocrx_word' id='word_1_508' title='bbox 3281 455 3424 500; x_wconf 88' lang='lat' dir='ltr'><strong>terra</strong></span> <span class='ocrx_word' id='word_1_509' title='bbox 3440 444 3467 498; x_wconf 72' lang='lat'><strong>.9</strong></span> <span class='ocrx_word' id='word_1_510' title='bbox 3495 443 3609 498; x_wconf 85' lang='lat' dir='ltr'><strong>lloc</strong></span> <span class='ocrx_word' id='word_1_511' title='bbox 3632 452 3795 499; x_wconf 87' lang='lat' dir='ltr'><strong>autem</strong></span> 
     </span>
    </p>
   </div>
   <div class='ocr_carea' id='block_1_63' title="bbox 2203 529 3796 604">
    <p class='ocr_par' dir='ltr' id='par_1_63' title="bbox 2203 529 3796 604">
     <span class='ocr_line' id='line_1_63' title="bbox 2203 529 3796 604; baseline 0.001 -20"><span class='ocrx_word' id='word_1_512' title='bbox 2203 529 2432 601; x_wconf 86' lang='lat' dir='ltr'><strong>subjecit</strong></span> <span class='ocrx_word' id='word_1_513' title='bbox 2462 531 2746 603; x_wconf 87' lang='lat' dir='ltr'><strong>Apostolus</strong></span> <span class='ocrx_word' id='word_1_514' title='bbox 2774 534 3172 600; x_wconf 89' lang='lat' dir='ltr'><strong>documentum,</strong></span> <span class='ocrx_word' id='word_1_515' title='bbox 3219 550 3330 604; x_wconf 87' lang='lat' dir='ltr'><strong>quo</strong></span> <span class='ocrx_word' id='word_1_516' title='bbox 3380 533 3640 604; x_wconf 52' lang='lat' dir='ltr'><strong>prrbaret</strong></span> <span class='ocrx_word' id='word_1_517' title='bbox 3668 532 3796 604; x_wconf 91' lang='lat' dir='ltr'><strong>quod</strong></span> 
     </span>
    </p>
   </div>
   <div class='ocr_carea' id='block_1_64' title="bbox 2204 622 3797 702">
    <p class='ocr_par' dir='ltr' id='par_1_64' title="bbox 2204 622 3797 702">
     <span class='ocr_line' id='line_1_64' title="bbox 2204 622 3797 702; baseline 0.003 -26"><span class='ocrx_word' id='word_1_518' title='bbox 2204 635 2365 693; x_wconf 85' lang='lat' dir='ltr'><strong>supra</strong></span> <span class='ocrx_word' id='word_1_519' title='bbox 2393 622 2621 692; x_wconf 83' lang='lat' dir='ltr'><strong>dixerat,</strong></span> <span class='ocrx_word' id='word_1_520' title='bbox 2654 624 2824 698; x_wconf 85' lang='lat' dir='ltr'><strong>Igitur</strong></span> <span class='ocrx_word' id='word_1_521' title='bbox 2852 645 2952 682; x_wconf 86' lang='lat' dir='ltr'><strong>non</strong></span> <span class='ocrx_word' id='word_1_522' title='bbox 2986 627 3195 683; x_wconf 82' lang='lat' dir='ltr'><strong>volentis</strong></span> <span class='ocrx_word' id='word_1_523' title='bbox 3220 644 3385 702; x_wconf 63' lang='lat' dir='ltr'><strong>neque</strong></span> <span class='ocrx_word' id='word_1_524' title='bbox 3412 626 3686 694; x_wconf 83' lang='lat' dir='ltr'><strong>currentis,</strong></span> <span class='ocrx_word' id='word_1_525' title='bbox 3719 627 3797 680; x_wconf 75' lang='lat' dir='ltr'><strong>sed</strong></span> 
     </span>
    </p>
   </div>
   <div class='ocr_carea' id='block_1_65' title="bbox 2205 712 3798 789">
    <p class='ocr_par' dir='ltr' id='par_1_65' title="bbox 2205 712 3798 789">
     <span class='ocr_line' id='line_1_65' title="bbox 2205 712 3798 789; baseline 0.004 -24"><span class='ocrx_word' id='word_1_526' title='bbox 2205 712 2485 768; x_wconf 79' lang='lat' dir='ltr'><strong>miserantis</strong></span> <span class='ocrx_word' id='word_1_527' title='bbox 2513 726 2585 770; x_wconf 90' lang='lat' dir='ltr'><strong>est</strong></span> <span class='ocrx_word' id='word_1_528' title='bbox 2609 716 2725 773; x_wconf 83' lang='lat' dir='ltr'><strong>Dei.</strong></span> <span class='ocrx_word' id='word_1_529' title='bbox 2770 718 3043 789; x_wconf 84' lang='lat' dir='ltr'><strong>Tanquam</strong></span> <span class='ocrx_word' id='word_1_530' title='bbox 3068 719 3208 774; x_wconf 91' lang='lat' dir='ltr'><strong>cnim</strong></span> <span class='ocrx_word' id='word_1_531' title='bbox 3247 720 3299 774; x_wconf 88' lang='lat' dir='ltr'><strong>ei</strong></span> <span class='ocrx_word' id='word_1_532' title='bbox 3330 718 3633 783; x_wconf 82' lang='lat' dir='ltr'><strong>diceretur,</strong></span> <span class='ocrx_word' id='word_1_533' title='bbox 3660 716 3798 773; x_wconf 85' lang='lat' dir='ltr'><strong>Unde</strong></span> 
     </span>
    </p>
   </div>
   <div class='ocr_carea' id='block_1_66' title="bbox 2206 801 3791 879">
    <p class='ocr_par' dir='ltr' id='par_1_66' title="bbox 2206 801 3791 879">
     <span class='ocr_line' id='line_1_66' title="bbox 2206 801 3791 879; baseline 0.001 -21"><span class='ocrx_word' id='word_1_534' title='bbox 2206 801 2308 859; x_wconf 89' lang='lat' dir='ltr'><strong>hoc</strong></span> <span class='ocrx_word' id='word_1_535' title='bbox 2344 804 2546 861; x_wconf 75' lang='lat' dir='ltr'><strong>doces?</strong></span> <span class='ocrx_word' id='word_1_536' title='bbox 2574 805 2711 861; x_wconf 83' lang='lat' dir='ltr'><strong>Dicit</strong></span> <span class='ocrx_word' id='word_1_537' title='bbox 2748 809 2880 863; x_wconf 87' lang='lat' dir='ltr'><strong>enim</strong></span> <span class='ocrx_word' id='word_1_538' title='bbox 2919 807 3207 879; x_wconf 84' lang='lat' dir='ltr'><strong>Scriptura,</strong></span> <span class='ocrx_word' id='word_1_539' title='bbox 3248 808 3452 879; x_wconf 80' lang='lat' dir='ltr'><strong>inquit,</strong></span> <span class='ocrx_word' id='word_1_540' title='bbox 3489 806 3791 873; x_wconf 43' lang='lat' dir='ltr'><strong>,Pharaoni,</strong></span> 
     </span>
    </p>
   </div>
   <div class='ocr_carea' id='block_1_67' title="bbox 2209 894 3794 967">
    <p class='ocr_par' dir='ltr' id='par_1_67' title="bbox 2209 894 3794 967">
     <span class='ocr_line' id='line_1_67' title="bbox 2209 894 3794 967; baseline -0.001 -17"><span class='ocrx_word' id='word_1_541' title='bbox 2209 894 2343 962; x_wconf 84' lang='lat' dir='ltr'><strong>Quia</strong></span> <span class='ocrx_word' id='word_1_542' title='bbox 2386 900 2457 950; x_wconf 87' lang='lat' dir='ltr'><strong>ad</strong></span> <span class='ocrx_word' id='word_1_543' title='bbox 2491 897 2585 952; x_wconf 86' lang='lat' dir='ltr'><strong>Itoc</strong></span> <span class='ocrx_word' id='word_1_544' title='bbox 2626 908 2674 953; x_wconf 87' lang='lat' dir='ltr'><strong>te</strong></span> <span class='ocrx_word' id='word_1_545' title='bbox 2708 900 2941 966; x_wconf 68' lang='lat' dir='ltr'><strong>excitavi,</strong></span> <span class='ocrx_word' id='word_1_546' title='bbox 2978 909 3035 954; x_wconf 88' lang='lat' dir='ltr'><strong>ut</strong></span> <span class='ocrx_word' id='word_1_547' title='bbox 3070 899 3335 954; x_wconf 78' lang='lat' dir='ltr'><strong>ostendam</strong></span> <span class='ocrx_word' id='word_1_548' title='bbox 3366 899 3423 952; x_wconf 85' lang='lat' dir='ltr'><strong>in</strong></span> <span class='ocrx_word' id='word_1_549' title='bbox 3455 908 3505 951; x_wconf 89' lang='lat' dir='ltr'><strong>te</strong></span> <span class='ocrx_word' id='word_1_550' title='bbox 3534 896 3794 967; x_wconf 84' lang='lat' dir='ltr'><strong>potentiam</strong></span> 
     </span>
    </p>
   </div>
   <div class='ocr_carea' id='block_1_68' title="bbox 2205 989 3792 1054">
    <p class='ocr_par' dir='ltr' id='par_1_68' title="bbox 2205 989 3792 1054">
     <span class='ocr_line' id='line_1_68' title="bbox 2205 989 3792 1054; baseline 0.001 -15"><span class='ocrx_word' id='word_1_551' title='bbox 2205 1002 2386 1054; x_wconf 85' lang='lat' dir='ltr'><strong>meam,</strong></span> <span class='ocrx_word' id='word_1_552' title='bbox 2414 997 2460 1042; x_wconf 86' lang='lat' dir='ltr'><strong>et</strong></span> <span class='ocrx_word' id='word_1_553' title='bbox 2479 998 2536 1043; x_wconf 79' lang='lat' dir='ltr'><strong>ut</strong></span> <span class='ocrx_word' id='word_1_554' title='bbox 2552 991 2878 1046; x_wconf 84' lang='lat' dir='ltr'><strong>annuntietur</strong></span> <span class='ocrx_word' id='word_1_555' title='bbox 2897 1007 3076 1046; x_wconf 84' lang='lat' dir='ltr'><strong>nomen</strong></span> <span class='ocrx_word' id='word_1_556' title='bbox 3107 1007 3272 1045; x_wconf 83' lang='lat' dir='ltr'><strong>meum</strong></span> <span class='ocrx_word' id='word_1_557' title='bbox 3301 990 3358 1043; x_wconf 86' lang='lat' dir='ltr'><strong>in</strong></span> <span class='ocrx_word' id='word_1_558' title='bbox 3387 989 3631 1042; x_wconf 76' lang='lat' dir='ltr'><strong>universa</strong></span> <span class='ocrx_word' id='word_1_559' title='bbox 3653 998 3792 1042; x_wconf 78' lang='lat' dir='ltr'><strong>tem.</strong></span> 
     </span>
    </p>
   </div>
   <div class='ocr_carea' id='block_1_69' title="bbox 2205 1073 3790 1152">
    <p class='ocr_par' dir='ltr' id='par_1_69' title="bbox 2205 1073 3790 1152">
     <span class='ocr_line' id='line_1_69' title="bbox 2205 1073 3790 1152; baseline -0.001 -19"><span class='ocrx_word' id='word_1_560' title='bbox 2205 1073 2399 1147; x_wconf 87' lang='lat' dir='ltr'><strong>Utique</strong></span> <span class='ocrx_word' id='word_1_561' title='bbox 2431 1078 2553 1134; x_wconf 85' lang='lat' dir='ltr'><strong>hinc</strong></span> <span class='ocrx_word' id='word_1_562' title='bbox 2581 1081 2869 1137; x_wconf 85' lang='lat' dir='ltr'><strong>ostendens</strong></span> <span class='ocrx_word' id='word_1_563' title='bbox 2897 1082 3039 1152; x_wconf 91' lang='lat' dir='ltr'><strong>quod</strong></span> <span class='ocrx_word' id='word_1_564' title='bbox 3079 1099 3183 1137; x_wconf 82' lang='lat' dir='ltr'><strong>non</strong></span> <span class='ocrx_word' id='word_1_565' title='bbox 3224 1081 3443 1136; x_wconf 84' lang='lat' dir='ltr'><strong>uolentis</strong></span> <span class='ocrx_word' id='word_1_566' title='bbox 3492 1094 3652 1149; x_wconf 63' lang='lat' dir='ltr'><strong>neque</strong></span> <span class='ocrx_word' id='word_1_567' title='bbox 3685 1096 3790 1133; x_wconf 82' lang='lat' dir='ltr'><strong>cur-</strong></span> 
     </span>
    </p>
   </div>
   <div class='ocr_carea' id='block_1_70' title="bbox 2203 1167 3796 1241">
    <p class='ocr_par' dir='ltr' id='par_1_70' title="bbox 2203 1167 3796 1241">
     <span class='ocr_line' id='line_1_70' title="bbox 2203 1167 3796 1241; baseline 0.003 -23"><span class='ocrx_word' id='word_1_568' title='bbox 2203 1167 2380 1232; x_wconf 86' lang='lat' dir='ltr'><strong>rentis,</strong></span> <span class='ocrx_word' id='word_1_569' title='bbox 2419 1169 2508 1222; x_wconf 86' lang='lat' dir='ltr'><strong>sed</strong></span> <span class='ocrx_word' id='word_1_570' title='bbox 2532 1169 2812 1226; x_wconf 84' lang='lat' dir='ltr'><strong>miserentis</strong></span> <span class='ocrx_word' id='word_1_571' title='bbox 2845 1182 2918 1227; x_wconf 82' lang='lat' dir='ltr'><strong>est</strong></span> <span class='ocrx_word' id='word_1_572' title='bbox 2955 1171 3073 1227; x_wconf 85' lang='lat' dir='ltr'><strong>Dei.</strong></span> <span class='ocrx_word' id='word_1_573' title='bbox 3113 1172 3518 1241; x_wconf 86' lang='lat' dir='ltr'><strong>Concluditque</strong></span> <span class='ocrx_word' id='word_1_574' title='bbox 3547 1171 3640 1233; x_wconf 91' lang='lat' dir='ltr'><strong>ita,</strong></span> <span class='ocrx_word' id='word_1_575' title='bbox 3670 1168 3796 1241; x_wconf 78' lang='lat' dir='ltr'><strong>Ergo</strong></span> 
     </span>
    </p>
   </div>
   <div class='ocr_carea' id='block_1_71' title="bbox 2205 1256 3793 1333">
    <p class='ocr_par' dir='ltr' id='par_1_71' title="bbox 2205 1256 3793 1333">
     <span class='ocr_line' id='line_1_71' title="bbox 2205 1256 3793 1333; baseline 0.003 -25"><span class='ocrx_word' id='word_1_576' title='bbox 2205 1256 2353 1326; x_wconf 89' lang='lat' dir='ltr'><strong>cujus</strong></span> <span class='ocrx_word' id='word_1_577' title='bbox 2376 1258 2481 1312; x_wconf 79' lang='lat' dir='ltr'><strong>uult</strong></span> <span class='ocrx_word' id='word_1_578' title='bbox 2508 1259 2788 1328; x_wconf 82' lang='lat' dir='ltr'><strong>miseretur,</strong></span> <span class='ocrx_word' id='word_1_579' title='bbox 2816 1269 2863 1316; x_wconf 87' lang='lat' dir='ltr'><strong>et</strong></span> <span class='ocrx_word' id='word_1_580' title='bbox 2890 1278 3035 1333; x_wconf 84' lang='lat' dir='ltr'><strong>quem</strong></span> <span class='ocrx_word' id='word_1_581' title='bbox 3063 1263 3166 1316; x_wconf 78' lang='lat' dir='ltr'><strong>vult</strong></span> <span class='ocrx_word' id='word_1_582' title='bbox 3193 1261 3413 1316; x_wconf 84' lang='lat' dir='ltr'><strong>obdurat</strong></span> <span class='ocrx_word' id='word_1_583' title='bbox 3436 1278 3457 1326; x_wconf 85' lang='lat'><strong><em>;</em></strong></span> <span class='ocrx_word' id='word_1_584' title='bbox 3502 1276 3626 1316; x_wconf 88' lang='lat' dir='ltr'><strong>cum</strong></span> <span class='ocrx_word' id='word_1_585' title='bbox 3651 1274 3793 1329; x_wconf 87' lang='lat' dir='ltr'><strong>supe-</strong></span> 
     </span>
    </p>
   </div>
   <div class='ocr_carea' id='block_1_72' title="bbox 2205 1347 3792 1424">
    <p class='ocr_par' dir='ltr' id='par_1_72' title="bbox 2205 1347 3792 1424">
     <span class='ocr_line' id='line_1_72' title="bbox 2205 1347 3792 1424; baseline 0.003 -23"><span class='ocrx_word' id='word_1_586' title='bbox 2205 1347 2316 1402; x_wconf 89' lang='lat' dir='ltr'><strong>rius</strong></span> <span class='ocrx_word' id='word_1_587' title='bbox 2345 1362 2452 1403; x_wconf 88' lang='lat' dir='ltr'><strong>non</strong></span> <span class='ocrx_word' id='word_1_588' title='bbox 2480 1358 2766 1423; x_wconf 88' lang='lat' dir='ltr'><strong>utrumque</strong></span> <span class='ocrx_word' id='word_1_589' title='bbox 2789 1353 2987 1409; x_wconf 90' lang='lat' dir='ltr'><strong>dictum</strong></span> <span class='ocrx_word' id='word_1_590' title='bbox 3023 1354 3111 1410; x_wconf 91' lang='lat' dir='ltr'><strong>sit.</strong></span> <span class='ocrx_word' id='word_1_591' title='bbox 3142 1353 3328 1424; x_wconf 86' lang='lat' dir='ltr'><strong>Neque</strong></span> <span class='ocrx_word' id='word_1_592' title='bbox 3357 1353 3508 1409; x_wconf 88' lang='lat' dir='ltr'><strong>enim</strong></span> <span class='ocrx_word' id='word_1_593' title='bbox 3538 1350 3792 1424; x_wconf 86' lang='lat' dir='ltr'><strong>quomodo</strong></span> 
     </span>
    </p>
   </div>
   <div class='ocr_carea' id='block_1_73' title="bbox 2202 1436 3790 1518">
    <p class='ocr_par' dir='ltr' id='par_1_73' title="bbox 2202 1436 3790 1518">
     <span class='ocr_line' id='line_1_73' title="bbox 2202 1436 3790 1518; baseline 0.004 -26"><span class='ocrx_word' id='word_1_594' title='bbox 2202 1436 2403 1495; x_wconf 90' lang='lat' dir='ltr'><strong>dictum</strong></span> <span class='ocrx_word' id='word_1_595' title='bbox 2433 1450 2539 1508; x_wconf 90' lang='lat' dir='ltr'><strong>est,</strong></span> <span class='ocrx_word' id='word_1_596' title='bbox 2568 1441 2692 1499; x_wconf 85' lang='lat' dir='ltr'><strong>Non</strong></span> <span class='ocrx_word' id='word_1_597' title='bbox 2716 1445 2927 1501; x_wconf 76' lang='lat' dir='ltr'><strong>uolentis</strong></span> <span class='ocrx_word' id='word_1_598' title='bbox 2954 1462 3113 1518; x_wconf 79' lang='lat' dir='ltr'><strong>neque</strong></span> <span class='ocrx_word' id='word_1_599' title='bbox 3137 1447 3414 1511; x_wconf 84' lang='lat' dir='ltr'><strong>currentis,</strong></span> <span class='ocrx_word' id='word_1_600' title='bbox 3446 1446 3541 1502; x_wconf 87' lang='lat' dir='ltr'><strong>sed</strong></span> <span class='ocrx_word' id='word_1_601' title='bbox 3569 1451 3790 1501; x_wconf 86' lang='lat' dir='ltr'><strong>miseren-</strong></span> 
     </span>
    </p>
   </div>
   <div class='ocr_carea' id='block_1_74' title="bbox 2203 1529 3791 1602">
    <p class='ocr_par' dir='ltr' id='par_1_74' title="bbox 2203 1529 3791 1602">
     <span class='ocr_line' id='line_1_74' title="bbox 2203 1529 3791 1602; baseline 0.006 -19"><span class='ocrx_word' id='word_1_602' title='bbox 2203 1529 2269 1585; x_wconf 88' lang='lat' dir='ltr'><strong>tis</strong></span> <span class='ocrx_word' id='word_1_603' title='bbox 2311 1539 2385 1585; x_wconf 87' lang='lat' dir='ltr'><strong>est</strong></span> <span class='ocrx_word' id='word_1_604' title='bbox 2428 1531 2523 1587; x_wconf 87' lang='lat' dir='ltr'><strong>Dei</strong></span> <span class='ocrx_word' id='word_1_605' title='bbox 2534 1552 2555 1599; x_wconf 80' lang='lat'><strong>,-</strong></span> <span class='ocrx_word' id='word_1_606' title='bbox 2579 1534 2657 1591; x_wconf 90' lang='lat' dir='ltr'><strong>sic</strong></span> <span class='ocrx_word' id='word_1_607' title='bbox 2696 1537 2858 1592; x_wconf 86' lang='lat' dir='ltr'><strong>etiam</strong></span> <span class='ocrx_word' id='word_1_608' title='bbox 2888 1537 3089 1594; x_wconf 86' lang='lat' dir='ltr'><strong>dictum</strong></span> <span class='ocrx_word' id='word_1_609' title='bbox 3118 1547 3222 1602; x_wconf 85' lang='lat' dir='ltr'><strong>est.</strong></span> <span class='ocrx_word' id='word_1_610' title='bbox 3253 1555 3365 1594; x_wconf 93' lang='lat' dir='ltr'><strong>non</strong></span> <span class='ocrx_word' id='word_1_611' title='bbox 3393 1539 3633 1595; x_wconf 89' lang='lat' dir='ltr'><strong>nolentis</strong></span> <span class='ocrx_word' id='word_1_612' title='bbox 3659 1539 3676 1570; x_wconf 76' lang='grc'>⁸</span> <span class='ocrx_word' id='word_1_613' title='bbox 3706 1553 3791 1593; x_wconf 88' lang='lat' dir='ltr'><strong>ne-</strong></span> 
     </span>
    </p>
   </div>
   <div class='ocr_carea' id='block_1_75' title="bbox 2203 1627 3792 1693">
    <p class='ocr_par' dir='ltr' id='par_1_75' title="bbox 2203 1627 3792 1693">
     <span class='ocr_line' id='line_1_75' title="bbox 2203 1627 3792 1693; baseline 0.005 -17"><span class='ocrx_word' id='word_1_614' title='bbox 2203 1637 2309 1692; x_wconf 89' lang='lat' dir='ltr'><strong>que</strong></span> <span class='ocrx_word' id='word_1_615' title='bbox 2333 1627 2748 1693; x_wconf 86' lang='lat' dir='ltr'><strong>contemnentis,</strong></span> <span class='ocrx_word' id='word_1_616' title='bbox 2779 1630 2874 1685; x_wconf 90' lang='lat' dir='ltr'><strong>sed</strong></span> <span class='ocrx_word' id='word_1_617' title='bbox 2900 1630 3213 1687; x_wconf 86' lang='lat' dir='ltr'><strong>obdurantis</strong></span> <span class='ocrx_word' id='word_1_618' title='bbox 3242 1640 3328 1687; x_wconf 90' lang='lat' dir='ltr'><strong>est</strong></span> <span class='ocrx_word' id='word_1_619' title='bbox 3364 1632 3486 1687; x_wconf 87' lang='lat' dir='ltr'><strong>Dei.</strong></span> <span class='ocrx_word' id='word_1_620' title='bbox 3536 1630 3684 1688; x_wconf 85' lang='lat' dir='ltr'><strong>Unde</strong></span> <span class='ocrx_word' id='word_1_621' title='bbox 3708 1630 3792 1686; x_wconf 83' lang='lat' dir='ltr'><strong>da-</strong></span> 
     </span>
    </p>
   </div>
   <div class='ocr_carea' id='block_1_76' title="bbox 2205 1714 3790 1794">
    <p class='ocr_par' dir='ltr' id='par_1_76' title="bbox 2205 1714 3790 1794">
     <span class='ocr_line' id='line_1_76' title="bbox 2205 1714 3790 1794; baseline 0.004 -27"><span class='ocrx_word' id='word_1_622' title='bbox 2205 1721 2292 1768; x_wconf 90' lang='lat' dir='ltr'><strong>tur</strong></span> <span class='ocrx_word' id='word_1_623' title='bbox 2321 1714 2563 1787; x_wconf 78' lang='lat' dir='ltr'><strong>intelligi,</strong></span> <span class='ocrx_word' id='word_1_624' title='bbox 2590 1718 2730 1788; x_wconf 88' lang='lat' dir='ltr'><strong>quod</strong></span> <span class='ocrx_word' id='word_1_625' title='bbox 2757 1718 2893 1775; x_wconf 89' lang='lat' dir='ltr'><strong>infra</strong></span> <span class='ocrx_word' id='word_1_626' title='bbox 2932 1730 3213 1793; x_wconf 89' lang='lat' dir='ltr'><strong>utrumque</strong></span> <span class='ocrx_word' id='word_1_627' title='bbox 3249 1723 3456 1793; x_wconf 89' lang='lat' dir='ltr'><strong>posuit,</strong></span> <span class='ocrx_word' id='word_1_628' title='bbox 3493 1720 3636 1794; x_wconf 80' lang='lat' dir='ltr'><strong>Ergo</strong></span> <span class='ocrx_word' id='word_1_629' title='bbox 3659 1721 3790 1792; x_wconf 79' lang='lat' dir='ltr'><strong>cujus</strong></span> 
     </span>
    </p>
   </div>
   <div class='ocr_carea' id='block_1_77' title="bbox 2203 1806 3789 1881">
    <p class='ocr_par' dir='ltr' id='par_1_77' title="bbox 2203 1806 3789 1881">
     <span class='ocr_line' id='line_1_77' title="bbox 2203 1806 3789 1881; baseline 0.006 -24"><span class='ocrx_word' id='word_1_630' title='bbox 2203 1806 2309 1858; x_wconf 82' lang='lat' dir='ltr'><strong>uult</strong></span> <span class='ocrx_word' id='word_1_631' title='bbox 2335 1806 2632 1875; x_wconf 86' lang='lat' dir='ltr'><strong>miseretur,</strong></span> <span class='ocrx_word' id='word_1_632' title='bbox 2674 1819 2722 1863; x_wconf 86' lang='lat' dir='ltr'><strong>et</strong></span> <span class='ocrx_word' id='word_1_633' title='bbox 2758 1826 2907 1875; x_wconf 85' lang='lat' dir='ltr'><strong>quem</strong></span> <span class='ocrx_word' id='word_1_634' title='bbox 2957 1812 3061 1867; x_wconf 81' lang='lat' dir='ltr'><strong>uult</strong></span> <span class='ocrx_word' id='word_1_635' title='bbox 3100 1813 3357 1881; x_wconf 87' lang='lat' dir='ltr'><strong>obdurat,</strong></span> <span class='ocrx_word' id='word_1_636' title='bbox 3407 1813 3483 1869; x_wconf 89' lang='lat' dir='ltr'><strong>ita</strong></span> <span class='ocrx_word' id='word_1_637' title='bbox 3527 1812 3789 1868; x_wconf 74' lang='lat' dir='ltr'><strong>sententia:</strong></span> 
     </span>
    </p>
   </div>
   <div class='ocr_carea' id='block_1_78' title="bbox 2203 1896 3789 1972">
    <p class='ocr_par' dir='ltr' id='par_1_78' title="bbox 2203 1896 3789 1972">
     <span class='ocr_line' id='line_1_78' title="bbox 2203 1896 3789 1972; baseline 0.006 -23"><span class='ocrx_word' id='word_1_638' title='bbox 2203 1896 2470 1967; x_wconf 89' lang='lat' dir='ltr'><strong>superiori</strong></span> <span class='ocrx_word' id='word_1_639' title='bbox 2497 1913 2654 1969; x_wconf 89' lang='lat' dir='ltr'><strong>posse</strong></span> <span class='ocrx_word' id='word_1_640' title='bbox 2685 1915 3003 1972; x_wconf 80' lang='lat' dir='ltr'><strong>congruere,</strong></span> <span class='ocrx_word' id='word_1_641' title='bbox 3033 1913 3090 1959; x_wconf 88' lang='lat' dir='ltr'><strong>ut</strong></span> <span class='ocrx_word' id='word_1_642' title='bbox 3115 1903 3405 1960; x_wconf 83' lang='lat' dir='ltr'><strong>obduratio</strong></span> <span class='ocrx_word' id='word_1_643' title='bbox 3437 1905 3535 1959; x_wconf 90' lang='lat' dir='ltr'><strong>Dei</strong></span> <span class='ocrx_word' id='word_1_644' title='bbox 3564 1904 3636 1960; x_wconf 85' lang='lat' dir='ltr'><strong>sit</strong></span> <span class='ocrx_word' id='word_1_645' title='bbox 3663 1901 3789 1959; x_wconf 77' lang='lat' dir='ltr'><strong>nolle</strong></span> 
     </span>
    </p>
   </div>
   <div class='ocr_carea' id='block_1_79' title="bbox 2203 1987 3791 2067">
    <p class='ocr_par' dir='ltr' id='par_1_79' title="bbox 2203 1987 3791 2067">
     <span class='ocr_line' id='line_1_79' title="bbox 2203 1987 3791 2067; baseline 0.004 -25"><span class='ocrx_word' id='word_1_646' title='bbox 2203 1987 2445 2043; x_wconf 88' lang='lat' dir='ltr'><strong>misereri</strong></span> <span class='ocrx_word' id='word_1_647' title='bbox 2471 2008 2484 2043; x_wconf 90' lang='lat'><strong>:</strong></span> <span class='ocrx_word' id='word_1_648' title='bbox 2511 1998 2566 2045; x_wconf 95' lang='lat' dir='ltr'><strong>ut</strong></span> <span class='ocrx_word' id='word_1_649' title='bbox 2588 2006 2692 2046; x_wconf 92' lang='lat' dir='ltr'><strong>non</strong></span> <span class='ocrx_word' id='word_1_650' title='bbox 2714 1992 2781 2048; x_wconf 90' lang='lat' dir='ltr'><strong>ab</strong></span> <span class='ocrx_word' id='word_1_651' title='bbox 2798 1993 2890 2048; x_wconf 93' lang='lat' dir='ltr'><strong>illo</strong></span> <span class='ocrx_word' id='word_1_652' title='bbox 2907 1995 3167 2066; x_wconf 83' lang='lat' dir='ltr'><strong>irrogctur</strong></span> <span class='ocrx_word' id='word_1_653' title='bbox 3186 1995 3385 2065; x_wconf 78' lang='lat' dir='ltr'><strong>aliquid</strong></span> <span class='ocrx_word' id='word_1_654' title='bbox 3413 2010 3528 2067; x_wconf 86' lang='lat' dir='ltr'><strong>quo</strong></span> <span class='ocrx_word' id='word_1_655' title='bbox 3547 1995 3616 2053; x_wconf 88' lang='lat' dir='ltr'><strong>sit</strong></span> <span class='ocrx_word' id='word_1_656' title='bbox 3644 1995 3791 2049; x_wconf 83' lang='lat' dir='ltr'><strong>homo</strong></span> 
     </span>
    </p>
   </div>
   <div class='ocr_carea' id='block_1_80' title="bbox 2201 2079 3789 2160">
    <p class='ocr_par' dir='ltr' id='par_1_80' title="bbox 2201 2079 3789 2160">
     <span class='ocr_line' id='line_1_80' title="bbox 2201 2079 3789 2160; baseline 0.004 -25"><span class='ocrx_word' id='word_1_657' title='bbox 2201 2079 2458 2147; x_wconf 87' lang='lat' dir='ltr'><strong>deterior,</strong></span> <span class='ocrx_word' id='word_1_658' title='bbox 2478 2083 2572 2139; x_wconf 89' lang='lat' dir='ltr'><strong>sed</strong></span> <span class='ocrx_word' id='word_1_659' title='bbox 2588 2095 2793 2141; x_wconf 85' lang='lat' dir='ltr'><strong>tantum</strong></span> <span class='ocrx_word' id='word_1_660' title='bbox 2814 2101 2919 2158; x_wconf 92' lang='lat' dir='ltr'><strong>quo</strong></span> <span class='ocrx_word' id='word_1_661' title='bbox 2939 2088 3007 2142; x_wconf 91' lang='lat' dir='ltr'><strong>sit</strong></span> <span class='ocrx_word' id='word_1_662' title='bbox 3027 2089 3216 2144; x_wconf 89' lang='lat' dir='ltr'><strong>melior</strong></span> <span class='ocrx_word' id='word_1_663' title='bbox 3235 2091 3631 2160; x_wconf 63' lang='lat' dir='ltr'><strong>nonjerogetur.</strong></span> <span class='ocrx_word' id='word_1_664' title='bbox 3647 2085 3789 2154; x_wconf 82' lang='lat' dir='ltr'><strong>Quod</strong></span> 
     </span>
    </p>
   </div>
   <div class='ocr_carea' id='block_1_81' title="bbox 2202 2174 3785 2252">
    <p class='ocr_par' dir='ltr' id='par_1_81' title="bbox 2202 2174 3785 2252">
     <span class='ocr_line' id='line_1_81' title="bbox 2202 2174 3785 2252; baseline 0.004 -24"><span class='ocrx_word' id='word_1_665' title='bbox 2202 2174 2247 2229; x_wconf 90' lang='lat' dir='ltr'><strong>si</strong></span> <span class='ocrx_word' id='word_1_666' title='bbox 2279 2174 2333 2229; x_wconf 91' lang='lat' dir='ltr'><strong>ﬁt</strong></span> <span class='ocrx_word' id='word_1_667' title='bbox 2361 2176 2504 2230; x_wconf 87' lang='lat' dir='ltr'><strong>nulla</strong></span> <span class='ocrx_word' id='word_1_668' title='bbox 2526 2176 2869 2236; x_wconf 90' lang='lat' dir='ltr'><strong>distinctione</strong></span> <span class='ocrx_word' id='word_1_669' title='bbox 2890 2181 3220 2248; x_wconf 87' lang='lat' dir='ltr'><strong>meritorum,</strong></span> <span class='ocrx_word' id='word_1_670' title='bbox 3252 2181 3376 2252; x_wconf 90' lang='lat' dir='ltr'><strong>quis</strong></span> <span class='ocrx_word' id='word_1_671' title='bbox 3419 2196 3529 2237; x_wconf 91' lang='lat' dir='ltr'><strong>non</strong></span> <span class='ocrx_word' id='word_1_672' title='bbox 3560 2189 3785 2250; x_wconf 81' lang='lat' dir='ltr'><strong>erumpat</strong></span> 
     </span>
    </p>
   </div>
   <div class='ocr_carea' id='block_1_82' title="bbox 2204 2267 3787 2343">
    <p class='ocr_par' dir='ltr' id='par_1_82' title="bbox 2204 2267 3787 2343">
     <span class='ocr_line' id='line_1_82' title="bbox 2204 2267 3787 2343; baseline 0.003 -21"><span class='ocrx_word' id='word_1_673' title='bbox 2204 2267 2263 2323; x_wconf 85' lang='lat' dir='ltr'><strong>in</strong></span> <span class='ocrx_word' id='word_1_674' title='bbox 2277 2283 2394 2324; x_wconf 89' lang='lat' dir='ltr'><strong>eam</strong></span> <span class='ocrx_word' id='word_1_675' title='bbox 2418 2284 2628 2339; x_wconf 90' lang='lat' dir='ltr'><strong>vocem,</strong></span> <span class='ocrx_word' id='word_1_676' title='bbox 2652 2287 2810 2341; x_wconf 88' lang='lat' dir='ltr'><strong>quam</strong></span> <span class='ocrx_word' id='word_1_677' title='bbox 2838 2272 2936 2327; x_wconf 89' lang='lat' dir='ltr'><strong>sibi</strong></span> <span class='ocrx_word' id='word_1_678' title='bbox 2966 2273 3078 2343; x_wconf 89' lang='lat' dir='ltr'><strong>ipse</strong></span> <span class='ocrx_word' id='word_1_679' title='bbox 3094 2273 3293 2342; x_wconf 75' lang='lat' dir='ltr'><strong>objceit</strong></span> <span class='ocrx_word' id='word_1_680' title='bbox 3311 2273 3644 2343; x_wconf 73' lang='lat' dir='ltr'><strong>Apostolus?</strong></span> <span class='ocrx_word' id='word_1_681' title='bbox 3662 2271 3787 2326; x_wconf 84' lang='lat' dir='ltr'><strong>Dicis</strong></span> 
     </span>
    </p>
   </div>
   <div class='ocr_carea' id='block_1_83' title="bbox 2201 2361 3787 2437">
    <p class='ocr_par' dir='ltr' id='par_1_83' title="bbox 2201 2361 3787 2437">
     <span class='ocr_line' id='line_1_83' title="bbox 2201 2361 3787 2437; baseline 0.003 -23"><span class='ocrx_word' id='word_1_682' title='bbox 2201 2361 2369 2432; x_wconf 87' lang='lat' dir='ltr'><strong>itaque</strong></span> <span class='ocrx_word' id='word_1_683' title='bbox 2387 2362 2511 2416; x_wconf 79' lang='lat' dir='ltr'><strong>mihi</strong></span> <span class='ocrx_word' id='word_1_684' title='bbox 2528 2382 2546 2418; x_wconf 76' lang='lat'><strong>.&#39;</strong></span> <span class='ocrx_word' id='word_1_685' title='bbox 2565 2362 2703 2428; x_wconf 84' lang='lat' dir='ltr'><strong>Quid</strong></span> <span class='ocrx_word' id='word_1_686' title='bbox 2720 2364 2887 2419; x_wconf 82' lang='lat' dir='ltr'><strong>adhuc</strong></span> <span class='ocrx_word' id='word_1_687' title='bbox 2907 2367 3225 2437; x_wconf 82' lang='lat' dir='ltr'><strong>conqueritur</strong></span> <span class='ocrx_word' id='word_1_688' title='bbox 3240 2367 3265 2421; x_wconf 84' lang='grc'><em>7</em></span> <span class='ocrx_word' id='word_1_689' title='bbox 3281 2384 3402 2421; x_wconf 88' lang='lat' dir='ltr'><strong>nam</strong></span> <span class='ocrx_word' id='word_1_690' title='bbox 3425 2366 3673 2422; x_wconf 79' lang='lat' dir='ltr'><strong>voluntati</strong></span> <span class='ocrx_word' id='word_1_691' title='bbox 3689 2365 3787 2434; x_wconf 82' lang='lat' dir='ltr'><strong>ejus</strong></span> 
     </span>
    </p>
   </div>
   <div class='ocr_carea' id='block_1_84' title="bbox 2201 2445 3782 2528">
    <p class='ocr_par' dir='ltr' id='par_1_84' title="bbox 2201 2445 3782 2528">
     <span class='ocr_line' id='line_1_84' title="bbox 2201 2445 3782 2528; baseline 0.004 -24"><span class='ocrx_word' id='word_1_692' title='bbox 2201 2451 2314 2521; x_wconf 82' lang='lat' dir='ltr'><strong>quis</strong></span> <span class='ocrx_word' id='word_1_693' title='bbox 2328 2453 2540 2506; x_wconf 85' lang='lat' dir='ltr'><strong>resistit?</strong></span> <span class='ocrx_word' id='word_1_694' title='bbox 2549 2454 2902 2525; x_wconf 82' lang='lat' dir='ltr'><strong>Canueritur</strong></span> <span class='ocrx_word' id='word_1_695' title='bbox 2913 2456 3057 2512; x_wconf 91' lang='lat' dir='ltr'><strong>enim</strong></span> <span class='ocrx_word' id='word_1_696' title='bbox 3075 2457 3212 2512; x_wconf 90' lang='lat' dir='ltr'><strong>Deus</strong></span> <span class='ocrx_word' id='word_1_697' title='bbox 3225 2472 3372 2528; x_wconf 71' lang='lat' dir='ltr'><strong>smpe</strong></span> <span class='ocrx_word' id='word_1_698' title='bbox 3387 2458 3456 2513; x_wconf 88' lang='lat' dir='ltr'><strong>de</strong></span> <span class='ocrx_word' id='word_1_699' title='bbox 3472 2445 3782 2521; x_wconf 82' lang='lat' dir='ltr'><strong>hominibus,</strong></span> 
     </span>
    </p>
   </div>
   <div class='ocr_carea' id='block_1_85' title="bbox 2202 2542 3780 2618">
    <p class='ocr_par' dir='ltr' id='par_1_85' title="bbox 2202 2542 3780 2618">
     <span class='ocr_line' id='line_1_85' title="bbox 2202 2542 3780 2618; baseline 0.003 -23"><span class='ocrx_word' id='word_1_700' title='bbox 2202 2542 2340 2596; x_wconf 89' lang='lat' dir='ltr'><strong>sicut</strong></span> <span class='ocrx_word' id='word_1_701' title='bbox 2376 2556 2473 2612; x_wconf 87' lang='lat' dir='ltr'><strong>per</strong></span> <span class='ocrx_word' id='word_1_702' title='bbox 2496 2543 2910 2601; x_wconf 88' lang='lat' dir='ltr'><strong>innumerabiles</strong></span> <span class='ocrx_word' id='word_1_703' title='bbox 2941 2556 3163 2615; x_wconf 83' lang='lat' dir='ltr'><strong>apparet</strong></span> <span class='ocrx_word' id='word_1_704' title='bbox 3192 2546 3594 2618; x_wconf 85' lang='lat' dir='ltr'><strong>Scriptttrarum</strong></span> <span class='ocrx_word' id='word_1_705' title='bbox 3630 2544 3780 2612; x_wconf 75' lang='lat' dir='ltr'><strong>locus,</strong></span> 
     </span>
    </p>
   </div>
   <div class='ocr_carea' id='block_1_86' title="bbox 2202 2632 3783 2703">
    <p class='ocr_par' dir='ltr' id='par_1_86' title="bbox 2202 2632 3783 2703">
     <span class='ocr_line' id='line_1_86' title="bbox 2202 2632 3783 2703; baseline 0.004 -17"><span class='ocrx_word' id='word_1_706' title='bbox 2202 2632 2343 2703; x_wconf 90' lang='lat' dir='ltr'><strong>quod</strong></span> <span class='ocrx_word' id='word_1_707' title='bbox 2366 2634 2534 2689; x_wconf 88' lang='lat' dir='ltr'><strong>nolint</strong></span> <span class='ocrx_word' id='word_1_708' title='bbox 2551 2635 2771 2692; x_wconf 85' lang='lat' dir='ltr'><strong>credere</strong></span> <span class='ocrx_word' id='word_1_709' title='bbox 2791 2644 2847 2692; x_wconf 91' lang='lat' dir='ltr'><strong>et</strong></span> <span class='ocrx_word' id='word_1_710' title='bbox 2863 2646 3009 2693; x_wconf 89' lang='lat' dir='ltr'><strong>recte</strong></span> <span class='ocrx_word' id='word_1_711' title='bbox 3031 2638 3226 2693; x_wconf 83' lang='lat' dir='ltr'><strong>vivere.</strong></span> <span class='ocrx_word' id='word_1_712' title='bbox 3255 2639 3410 2695; x_wconf 89' lang='lat' dir='ltr'><strong>Unde</strong></span> <span class='ocrx_word' id='word_1_713' title='bbox 3434 2640 3622 2696; x_wconf 86' lang='lat' dir='ltr'><strong>ﬁdeles</strong></span> <span class='ocrx_word' id='word_1_714' title='bbox 3645 2648 3697 2694; x_wconf 88' lang='lat' dir='ltr'><strong>et</strong></span> <span class='ocrx_word' id='word_1_715' title='bbox 3717 2638 3783 2693; x_wconf 78' lang='lat' dir='ltr'><strong>fa-</strong></span> 
     </span>
    </p>
   </div>
   <div class='ocr_carea' id='block_1_87' title="bbox 2203 2724 3781 2803">
    <p class='ocr_par' dir='ltr' id='par_1_87' title="bbox 2203 2724 3781 2803">
     <span class='ocr_line' id='line_1_87' title="bbox 2203 2724 3781 2803; baseline 0.004 -25"><span class='ocrx_word' id='word_1_716' title='bbox 2203 2724 2405 2797; x_wconf 88' lang='lat' dir='ltr'><strong>cientes</strong></span> <span class='ocrx_word' id='word_1_717' title='bbox 2418 2726 2740 2782; x_wconf 88' lang='lat' dir='ltr'><strong>voluntatem</strong></span> <span class='ocrx_word' id='word_1_718' title='bbox 2759 2727 2851 2782; x_wconf 91' lang='lat' dir='ltr'><strong>Dci</strong></span> <span class='ocrx_word' id='word_1_719' title='bbox 2865 2730 3175 2785; x_wconf 82' lang='lat' dir='ltr'><strong>conversari</strong></span> <span class='ocrx_word' id='word_1_720' title='bbox 3187 2730 3443 2786; x_wconf 87' lang='lat' dir='ltr'><strong>dicuntur</strong></span> <span class='ocrx_word' id='word_1_721' title='bbox 3457 2732 3576 2803; x_wconf 75' lang='lat' dir='ltr'><strong>sine</strong></span> <span class='ocrx_word' id='word_1_722' title='bbox 3586 2730 3781 2801; x_wconf 86' lang='lat' dir='ltr'><strong>querela</strong></span> 
     </span>
    </p>
   </div>
   <div class='ocr_carea' id='block_1_88' title="bbox 2204 2815 3782 2894">
    <p class='ocr_par' dir='ltr' id='par_1_88' title="bbox 2204 2815 3782 2894">
     <span class='ocr_line' id='line_1_88' title="bbox 2204 2815 3782 2894; baseline 0.004 -25"><span class='ocrx_word' id='word_1_723' title='bbox 2204 2815 2352 2888; x_wconf 87' lang='lat' dir='ltr'><strong>(Luc.</strong></span> <span class='ocrx_word' id='word_1_724' title='bbox 2376 2833 2414 2884; x_wconf 89' lang='grc' dir='ltr'>ι,</span> <span class='ocrx_word' id='word_1_725' title='bbox 2438 2818 2515 2889; x_wconf 85' lang='lat' dir='ltr'><strong>(i),</strong></span> <span class='ocrx_word' id='word_1_726' title='bbox 2543 2817 2684 2889; x_wconf 91' lang='lat' dir='ltr'><strong>quod</strong></span> <span class='ocrx_word' id='word_1_727' title='bbox 2708 2819 2775 2875; x_wconf 89' lang='lat' dir='ltr'><strong>de</strong></span> <span class='ocrx_word' id='word_1_728' title='bbox 2800 2819 2903 2875; x_wconf 87' lang='lat' dir='ltr'><strong>illis</strong></span> <span class='ocrx_word' id='word_1_729' title='bbox 2923 2835 3028 2875; x_wconf 90' lang='lat' dir='ltr'><strong>non</strong></span> <span class='ocrx_word' id='word_1_730' title='bbox 3054 2831 3311 2892; x_wconf 85' lang='lat' dir='ltr'><strong>queratur</strong></span> <span class='ocrx_word' id='word_1_731' title='bbox 3346 2822 3645 2894; x_wconf 83' lang='lat' dir='ltr'><strong>Scriptura.</strong></span> <span class='ocrx_word' id='word_1_732' title='bbox 3666 2819 3782 2887; x_wconf 87' lang='lat' dir='ltr'><strong>Sed,</strong></span> 
     </span>
    </p>
   </div>
   <div class='ocr_carea' id='block_1_89' title="bbox 2208 2907 3779 2985">
    <p class='ocr_par' dir='ltr' id='par_1_89' title="bbox 2208 2907 3779 2985">
     <span class='ocr_line' id='line_1_89' title="bbox 2208 2907 3779 2985; baseline 0.002 -26"><span class='ocrx_word' id='word_1_733' title='bbox 2208 2907 2344 2974; x_wconf 82' lang='lat' dir='ltr'><strong>Quid</strong></span> <span class='ocrx_word' id='word_1_734' title='bbox 2368 2909 2708 2978; x_wconf 87' lang='lat' dir='ltr'><strong>conqueritur,</strong></span> <span class='ocrx_word' id='word_1_735' title='bbox 2751 2909 2862 2965; x_wconf 86' lang='lat' dir='ltr'><strong>ait?</strong></span> <span class='ocrx_word' id='word_1_736' title='bbox 2888 2927 3007 2965; x_wconf 85' lang='lat' dir='ltr'><strong>nam</strong></span> <span class='ocrx_word' id='word_1_737' title='bbox 3035 2911 3282 2967; x_wconf 80' lang='lat' dir='ltr'><strong>voluntati</strong></span> <span class='ocrx_word' id='word_1_738' title='bbox 3315 2915 3431 2981; x_wconf 86' lang='lat' dir='ltr'><strong>ejus</strong></span> <span class='ocrx_word' id='word_1_739' title='bbox 3456 2914 3569 2985; x_wconf 82' lang='lat' dir='ltr'><strong>quis</strong></span> <span class='ocrx_word' id='word_1_740' title='bbox 3592 2910 3779 2977; x_wconf 82' lang='lat' dir='ltr'><strong>resistit,</strong></span> 
     </span>
    </p>
   </div>
   <div class='ocr_carea' id='block_1_90' title="bbox 2202 3000 3781 3074">
    <p class='ocr_par' dir='ltr' id='par_1_90' title="bbox 2202 3000 3781 3074">
     <span class='ocr_line' id='line_1_90' title="bbox 2202 3000 3781 3074; baseline 0.001 -20"><span class='ocrx_word' id='word_1_741' title='bbox 2202 3000 2417 3072; x_wconf 90' lang='lat' dir='ltr'><strong>quando</strong></span> <span class='ocrx_word' id='word_1_742' title='bbox 2449 3004 2595 3073; x_wconf 88' lang='lat' dir='ltr'><strong>cujus</strong></span> <span class='ocrx_word' id='word_1_743' title='bbox 2624 3004 2728 3057; x_wconf 80' lang='lat' dir='ltr'><strong>vult</strong></span> <span class='ocrx_word' id='word_1_744' title='bbox 2753 3004 3035 3070; x_wconf 82' lang='lat' dir='ltr'><strong>miseretur,</strong></span> <span class='ocrx_word' id='word_1_745' title='bbox 3060 3015 3106 3060; x_wconf 80' lang='lat' dir='ltr'><strong>et</strong></span> <span class='ocrx_word' id='word_1_746' title='bbox 3130 3021 3277 3074; x_wconf 87' lang='lat' dir='ltr'><strong>quem</strong></span> <span class='ocrx_word' id='word_1_747' title='bbox 3306 3007 3412 3061; x_wconf 83' lang='lat' dir='ltr'><strong>vult</strong></span> <span class='ocrx_word' id='word_1_748' title='bbox 3443 3005 3690 3062; x_wconf 80' lang='lat' dir='ltr'><strong>obdurat?</strong></span> <span class='ocrx_word' id='word_1_749' title='bbox 3722 3002 3781 3057; x_wconf 82' lang='lat' dir='ltr'><strong>Et</strong></span> 
     </span>
    </p>
   </div>
   <div class='ocr_carea' id='block_1_91' title="bbox 2206 3093 3772 3167">
    <p class='ocr_par' dir='ltr' id='par_1_91' title="bbox 2206 3093 3772 3167">
     <span class='ocr_line' id='line_1_91' title="bbox 2206 3093 3772 3167; baseline 0.002 -21"><span class='ocrx_word' id='word_1_750' title='bbox 2206 3101 2381 3148; x_wconf 91' lang='lat' dir='ltr'><strong>tamen</strong></span> <span class='ocrx_word' id='word_1_751' title='bbox 2421 3093 2721 3149; x_wconf 88' lang='lat' dir='ltr'><strong>intueamur</strong></span> <span class='ocrx_word' id='word_1_752' title='bbox 2747 3096 3044 3165; x_wconf 87' lang='lat' dir='ltr'><strong>superiora,</strong></span> <span class='ocrx_word' id='word_1_753' title='bbox 3071 3104 3126 3151; x_wconf 88' lang='lat' dir='ltr'><strong>ct</strong></span> <span class='ocrx_word' id='word_1_754' title='bbox 3155 3096 3276 3151; x_wconf 87' lang='lat' dir='ltr'><strong>inde</strong></span> <span class='ocrx_word' id='word_1_755' title='bbox 3318 3106 3587 3165; x_wconf 77' lang='lat' dir='ltr'><strong>nostram,</strong></span> <span class='ocrx_word' id='word_1_756' title='bbox 3617 3110 3772 3167; x_wconf 90' lang='lat' dir='ltr'><strong>quan-</strong></span> 
     </span>
    </p>
   </div>
   <div class='ocr_carea' id='block_1_92' title="bbox 2207 3184 3691 3259">
    <p class='ocr_par' dir='ltr' id='par_1_92' title="bbox 2207 3184 3691 3259">
     <span class='ocr_line' id='line_1_92' title="bbox 2207 3184 3691 3259; baseline -0.001 -20"><span class='ocrx_word' id='word_1_757' title='bbox 2207 3194 2316 3239; x_wconf 90' lang='lat' dir='ltr'><strong>tum</strong></span> <span class='ocrx_word' id='word_1_758' title='bbox 2349 3184 2461 3256; x_wconf 89' lang='lat' dir='ltr'><strong>ipse</strong></span> <span class='ocrx_word' id='word_1_759' title='bbox 2488 3185 2744 3240; x_wconf 89' lang='lat' dir='ltr'><strong>Dominus</strong></span> <span class='ocrx_word' id='word_1_760' title='bbox 2769 3186 3003 3256; x_wconf 85' lang='lat' dir='ltr'><strong>adjuvat,</strong></span> <span class='ocrx_word' id='word_1_761' title='bbox 3032 3189 3353 3243; x_wconf 87' lang='lat' dir='ltr'><strong>sententiam</strong></span> <span class='ocrx_word' id='word_1_762' title='bbox 3384 3188 3691 3259; x_wconf 78' lang='lat' dir='ltr'><strong>dirigamus.</strong></span> 
     </span>
    </p>
   </div>
   <div class='ocr_carea' id='block_1_93' title="bbox 2277 3277 3778 3350">
    <p class='ocr_par' dir='ltr' id='par_1_93' title="bbox 2277 3277 3778 3350">
     <span class='ocr_line' id='line_1_93' title="bbox 2277 3277 3778 3350; baseline -0.005 -16"><span class='ocrx_word' id='word_1_763' title='bbox 2277 3277 2367 3334; x_wconf 81' lang='grc'><strong>16.</strong></span> <span class='ocrx_word' id='word_1_764' title='bbox 2409 3278 2498 3333; x_wconf 83' lang='lat' dir='ltr'><strong>Ait</strong></span> <span class='ocrx_word' id='word_1_765' title='bbox 2526 3278 2673 3333; x_wconf 89' lang='lat' dir='ltr'><strong>enim</strong></span> <span class='ocrx_word' id='word_1_766' title='bbox 2702 3278 2859 3348; x_wconf 85' lang='lat' dir='ltr'><strong>paulo</strong></span> <span class='ocrx_word' id='word_1_767' title='bbox 2887 3288 3032 3342; x_wconf 82' lang='lat' dir='ltr'><strong>ante,</strong></span> <span class='ocrx_word' id='word_1_768' title='bbox 3058 3278 3193 3345; x_wconf 84' lang='lat' dir='ltr'><strong>Quid</strong></span> <span class='ocrx_word' id='word_1_769' title='bbox 3218 3295 3338 3350; x_wconf 86' lang='lat' dir='ltr'><strong>ergo</strong></span> <span class='ocrx_word' id='word_1_770' title='bbox 3360 3279 3778 3334; x_wconf 69' lang='lat' dir='ltr'><strong>dicentusinum-</strong></span> 
     </span>
    </p>
   </div>
   <div class='ocr_carea' id='block_1_94' title="bbox 2204 3364 3779 3439">
    <p class='ocr_par' dir='ltr' id='par_1_94' title="bbox 2204 3364 3779 3439">
     <span class='ocr_line' id='line_1_94' title="bbox 2204 3364 3779 3439; baseline -0.003 -18"><span class='ocrx_word' id='word_1_771' title='bbox 2204 3368 2329 3439; x_wconf 88' lang='lat' dir='ltr'><strong>quid</strong></span> <span class='ocrx_word' id='word_1_772' title='bbox 2381 3368 2621 3437; x_wconf 87' lang='lat' dir='ltr'><strong>iniquitas</strong></span> <span class='ocrx_word' id='word_1_773' title='bbox 2674 3378 2746 3423; x_wconf 88' lang='lat' dir='ltr'><strong>est</strong></span> <span class='ocrx_word' id='word_1_774' title='bbox 2802 3368 2945 3438; x_wconf 88' lang='lat' dir='ltr'><strong>apud</strong></span> <span class='ocrx_word' id='word_1_775' title='bbox 2991 3366 3195 3422; x_wconf 83' lang='lat' dir='ltr'><strong>Deum?</strong></span> <span class='ocrx_word' id='word_1_776' title='bbox 3224 3370 3386 3423; x_wconf 84' lang='lat' dir='ltr'><strong>Absit.</strong></span> <span class='ocrx_word' id='word_1_777' title='bbox 3408 3369 3491 3424; x_wconf 90' lang='lat' dir='ltr'><strong>Sit</strong></span> <span class='ocrx_word' id='word_1_778' title='bbox 3512 3369 3665 3438; x_wconf 74' lang='lat' dir='ltr'><strong>igitur</strong></span> <span class='ocrx_word' id='word_1_779' title='bbox 3688 3364 3779 3417; x_wconf 85' lang='lat' dir='ltr'><strong>hoc</strong></span> 
     </span>
    </p>
   </div>
   <div class='ocr_carea' id='block_1_95' title="bbox 2209 3458 3777 3530">
    <p class='ocr_par' dir='ltr' id='par_1_95' title="bbox 2209 3458 3777 3530">
     <span class='ocr_line' id='line_1_95' title="bbox 2209 3458 3777 3530; baseline -0.003 -17"><span class='ocrx_word' id='word_1_780' title='bbox 2209 3461 2378 3514; x_wconf 73' lang='lat' dir='ltr'><strong>lisutn</strong></span> <span class='ocrx_word' id='word_1_781' title='bbox 2409 3469 2567 3529; x_wconf 87' lang='lat' dir='ltr'><strong>atque</strong></span> <span class='ocrx_word' id='word_1_782' title='bbox 2611 3458 2881 3514; x_wconf 85' lang='lat' dir='ltr'><strong>immobile</strong></span> <span class='ocrx_word' id='word_1_783' title='bbox 2911 3459 2963 3512; x_wconf 93' lang='lat' dir='ltr'><strong>in</strong></span> <span class='ocrx_word' id='word_1_784' title='bbox 3002 3468 3178 3514; x_wconf 89' lang='lat' dir='ltr'><strong>mente</strong></span> <span class='ocrx_word' id='word_1_785' title='bbox 3207 3459 3385 3514; x_wconf 85' lang='lat' dir='ltr'><strong>sobria</strong></span> <span class='ocrx_word' id='word_1_786' title='bbox 3418 3460 3613 3530; x_wconf 83' lang='lat' dir='ltr'><strong>pietate</strong></span> <span class='ocrx_word' id='word_1_787' title='bbox 3637 3465 3777 3525; x_wconf 80' lang='lat' dir='ltr'><strong>atque</strong></span> 
     </span>
    </p>
   </div>
   <div class='ocr_carea' id='block_1_96' title="bbox 2205 3547 3773 3620">
    <p class='ocr_par' dir='ltr' id='par_1_96' title="bbox 2205 3547 3773 3620">
     <span class='ocr_line' id='line_1_96' title="bbox 2205 3547 3773 3620; baseline -0.003 -16"><span class='ocrx_word' id='word_1_788' title='bbox 2205 3549 2378 3605; x_wconf 88' lang='lat' dir='ltr'><strong>stabili</strong></span> <span class='ocrx_word' id='word_1_789' title='bbox 2413 3550 2463 3604; x_wconf 89' lang='lat' dir='ltr'><strong>in</strong></span> <span class='ocrx_word' id='word_1_790' title='bbox 2489 3548 2591 3605; x_wconf 86' lang='lat' dir='ltr'><strong>ﬁde</strong></span> <span class='ocrx_word' id='word_1_791' title='bbox 2611 3551 2652 3616; x_wconf 82' lang='lat'><strong>’,</strong></span> <span class='ocrx_word' id='word_1_792' title='bbox 2681 3548 2823 3620; x_wconf 87' lang='lat' dir='ltr'><strong>quod</strong></span> <span class='ocrx_word' id='word_1_793' title='bbox 2855 3549 2997 3604; x_wconf 88' lang='lat' dir='ltr'><strong>nulla</strong></span> <span class='ocrx_word' id='word_1_794' title='bbox 3025 3559 3108 3605; x_wconf 90' lang='lat' dir='ltr'><strong>est</strong></span> <span class='ocrx_word' id='word_1_795' title='bbox 3134 3550 3385 3619; x_wconf 79' lang='lat' dir='ltr'><strong>iniquitas</strong></span> <span class='ocrx_word' id='word_1_796' title='bbox 3412 3549 3551 3619; x_wconf 88' lang='lat' dir='ltr'><strong>apud</strong></span> <span class='ocrx_word' id='word_1_797' title='bbox 3582 3547 3773 3603; x_wconf 87' lang='lat' dir='ltr'><strong>Deum:</strong></span> 
     </span>
    </p>
   </div>
   <div class='ocr_carea' id='block_1_97' title="bbox 2206 3639 3772 3713">
    <p class='ocr_par' dir='ltr' id='par_1_97' title="bbox 2206 3639 3772 3713">
     <span class='ocr_line' id='line_1_97' title="bbox 2206 3639 3772 3713; baseline -0.004 -18"><span class='ocrx_word' id='word_1_798' title='bbox 2206 3652 2365 3713; x_wconf 86' lang='lat' dir='ltr'><strong>atque</strong></span> <span class='ocrx_word' id='word_1_799' title='bbox 2386 3641 2455 3696; x_wconf 87' lang='lat' dir='ltr'><strong>ita</strong></span> <span class='ocrx_word' id='word_1_800' title='bbox 2483 3642 2819 3697; x_wconf 86' lang='lat' dir='ltr'><strong>tenacissime</strong></span> <span class='ocrx_word' id='word_1_801' title='bbox 2845 3640 3252 3712; x_wconf 88' lang='lat' dir='ltr'><strong>ﬁrmissimeqne</strong></span> <span class='ocrx_word' id='word_1_802' title='bbox 3272 3641 3543 3709; x_wconf 66' lang='lat' dir='ltr'><strong>credatur,</strong></span> <span class='ocrx_word' id='word_1_803' title='bbox 3565 3639 3772 3707; x_wconf 88' lang='lat' dir='ltr'><strong>idipsunt</strong></span> 
     </span>
    </p>
   </div>
   <div class='ocr_carea' id='block_1_98' title="bbox 2204 3729 3774 3806">
    <p class='ocr_par' dir='ltr' id='par_1_98' title="bbox 2204 3729 3774 3806">
     <span class='ocr_line' id='line_1_98' title="bbox 2204 3729 3774 3806; baseline -0.008 -17"><span class='ocrx_word' id='word_1_804' title='bbox 2204 3733 2346 3806; x_wconf 86' lang='lat' dir='ltr'><strong>quod</strong></span> <span class='ocrx_word' id='word_1_805' title='bbox 2397 3733 2538 3789; x_wconf 89' lang='lat' dir='ltr'><strong>Deus</strong></span> <span class='ocrx_word' id='word_1_806' title='bbox 2566 3736 2710 3803; x_wconf 86' lang='lat' dir='ltr'><strong>cujus</strong></span> <span class='ocrx_word' id='word_1_807' title='bbox 2746 3733 2852 3787; x_wconf 81' lang='lat' dir='ltr'><strong>rult</strong></span> <span class='ocrx_word' id='word_1_808' title='bbox 2877 3734 3141 3787; x_wconf 85' lang='lat' dir='ltr'><strong>miseretur</strong></span> <span class='ocrx_word' id='word_1_809' title='bbox 3167 3740 3211 3785; x_wconf 90' lang='lat' dir='ltr'><strong>et</strong></span> <span class='ocrx_word' id='word_1_810' title='bbox 3237 3748 3385 3802; x_wconf 89' lang='lat' dir='ltr'><strong>quem</strong></span> <span class='ocrx_word' id='word_1_811' title='bbox 3425 3732 3529 3786; x_wconf 77' lang='lat' dir='ltr'><strong>vult</strong></span> <span class='ocrx_word' id='word_1_812' title='bbox 3557 3729 3774 3790; x_wconf 86' lang='lat' dir='ltr'><strong>obdurat,</strong></span> 
     </span>
    </p>
   </div>
   <div class='ocr_carea' id='block_1_99' title="bbox 2207 3820 3774 3892">
    <p class='ocr_par' dir='ltr' id='par_1_99' title="bbox 2207 3820 3774 3892">
     <span class='ocr_line' id='line_1_99' title="bbox 2207 3820 3774 3892; baseline -0.007 -14"><span class='ocrx_word' id='word_1_813' title='bbox 2207 3821 2308 3879; x_wconf 79' lang='lat' dir='ltr'><strong>hoc</strong></span> <span class='ocrx_word' id='word_1_814' title='bbox 2347 3832 2458 3889; x_wconf 90' lang='lat' dir='ltr'><strong>est,</strong></span> <span class='ocrx_word' id='word_1_815' title='bbox 2488 3821 2641 3892; x_wconf 91' lang='lat' dir='ltr'><strong>cujus</strong></span> <span class='ocrx_word' id='word_1_816' title='bbox 2671 3823 2780 3877; x_wconf 92' lang='lat' dir='ltr'><strong>vult</strong></span> <span class='ocrx_word' id='word_1_817' title='bbox 2809 3822 3090 3878; x_wconf 88' lang='lat' dir='ltr'><strong>miseretur</strong></span> <span class='ocrx_word' id='word_1_818' title='bbox 3129 3830 3183 3878; x_wconf 89' lang='lat' dir='ltr'><strong>et</strong></span> <span class='ocrx_word' id='word_1_819' title='bbox 3220 3825 3375 3892; x_wconf 82' lang='lat' dir='ltr'><strong>t-ujus</strong></span> <span class='ocrx_word' id='word_1_820' title='bbox 3405 3836 3513 3876; x_wconf 90' lang='lat' dir='ltr'><strong>non</strong></span> <span class='ocrx_word' id='word_1_821' title='bbox 3541 3820 3653 3875; x_wconf 86' lang='lat' dir='ltr'><strong>vult</strong></span> <span class='ocrx_word' id='word_1_822' title='bbox 3678 3829 3774 3871; x_wconf 86' lang='lat' dir='ltr'><strong>non</strong></span> 
     </span>
    </p>
   </div>
   <div class='ocr_carea' id='block_1_100' title="bbox 2206 3912 3773 3986">
    <p class='ocr_par' dir='ltr' id='par_1_100' title="bbox 2206 3912 3773 3986">
     <span class='ocr_line' id='line_1_100' title="bbox 2206 3912 3773 3986; baseline -0.008 -16"><span class='ocrx_word' id='word_1_823' title='bbox 2206 3916 2510 3983; x_wconf 89' lang='lat' dir='ltr'><strong>miseretur,</strong></span> <span class='ocrx_word' id='word_1_824' title='bbox 2551 3928 2671 3970; x_wconf 89' lang='lat' dir='ltr'><strong>esse</strong></span> <span class='ocrx_word' id='word_1_825' title='bbox 2709 3913 2934 3985; x_wconf 90' lang='lat' dir='ltr'><strong>alicujus</strong></span> <span class='ocrx_word' id='word_1_826' title='bbox 2986 3913 3208 3969; x_wconf 74' lang='lat' dir='ltr'><strong>occulta:</strong></span> <span class='ocrx_word' id='word_1_827' title='bbox 3250 3923 3412 3986; x_wconf 87' lang='lat' dir='ltr'><strong>atque</strong></span> <span class='ocrx_word' id='word_1_828' title='bbox 3447 3912 3516 3968; x_wconf 89' lang='lat' dir='ltr'><strong>ab</strong></span> <span class='ocrx_word' id='word_1_829' title='bbox 3559 3912 3773 3966; x_wconf 81' lang='lat' dir='ltr'><strong>humano</strong></span> 
     </span>
    </p>
   </div>
   <div class='ocr_carea' id='block_1_101' title="bbox 2207 3998 3772 4075">
    <p class='ocr_par' dir='ltr' id='par_1_101' title="bbox 2207 3998 3772 4075">
     <span class='ocr_line' id='line_1_101' title="bbox 2207 3998 3772 4075; baseline -0.005 -16"><span class='ocrx_word' id='word_1_830' title='bbox 2207 4005 2422 4064; x_wconf 89' lang='lat' dir='ltr'><strong>modulo</strong></span> <span class='ocrx_word' id='word_1_831' title='bbox 2461 4004 2840 4075; x_wconf 75' lang='lat' dir='ltr'><strong>investigabilis</strong></span> <span class='ocrx_word' id='word_1_832' title='bbox 2882 4003 3163 4075; x_wconf 80' lang='lat' dir='ltr'><strong>:cquitatis,</strong></span> <span class='ocrx_word' id='word_1_833' title='bbox 3206 4020 3327 4074; x_wconf 73' lang='lat' dir='ltr'><strong>qua:</strong></span> <span class='ocrx_word' id='word_1_834' title='bbox 3366 4004 3421 4058; x_wconf 91' lang='lat' dir='ltr'><strong>in</strong></span> <span class='ocrx_word' id='word_1_835' title='bbox 3466 4003 3593 4075; x_wconf 89' lang='lat' dir='ltr'><strong>ipsis</strong></span> <span class='ocrx_word' id='word_1_836' title='bbox 3628 3998 3772 4055; x_wconf 85' lang='lat' dir='ltr'><strong>rebus</strong></span> 
     </span>
    </p>
   </div>
   <div class='ocr_carea' id='block_1_102' title="bbox 2206 4086 3770 4167">
    <p class='ocr_par' dir='ltr' id='par_1_102' title="bbox 2206 4086 3770 4167">
     <span class='ocr_line' id='line_1_102' title="bbox 2206 4086 3770 4167; baseline -0.008 -15"><span class='ocrx_word' id='word_1_837' title='bbox 2206 4096 2455 4152; x_wconf 83' lang='lat' dir='ltr'><strong>humanis</strong></span> <span class='ocrx_word' id='word_1_838' title='bbox 2523 4096 2851 4167; x_wconf 85' lang='lat' dir='ltr'><strong>terrenisque</strong></span> <span class='ocrx_word' id='word_1_839' title='bbox 2906 4095 3264 4150; x_wconf 88' lang='lat' dir='ltr'><strong>contractibus</strong></span> <span class='ocrx_word' id='word_1_840' title='bbox 3318 4086 3770 4150; x_wconf 85' lang='lat' dir='ltr'><strong>animadvertenda</strong></span> 
     </span>
    </p>
   </div>
   <div class='ocr_carea' id='block_1_103' title="bbox 2206 4187 3770 4260">
    <p class='ocr_par' dir='ltr' id='par_1_103' title="bbox 2206 4187 3770 4260">
     <span class='ocr_line' id='line_1_103' title="bbox 2206 4187 3770 4260; baseline -0.004 -15"><span class='ocrx_word' id='word_1_841' title='bbox 2206 4199 2323 4257; x_wconf 89' lang='lat' dir='ltr'><strong>est;</strong></span> <span class='ocrx_word' id='word_1_842' title='bbox 2354 4190 2407 4245; x_wconf 92' lang='lat' dir='ltr'><strong>in</strong></span> <span class='ocrx_word' id='word_1_843' title='bbox 2429 4188 2618 4260; x_wconf 87' lang='lat' dir='ltr'><strong>quibus</strong></span> <span class='ocrx_word' id='word_1_844' title='bbox 2640 4188 2740 4243; x_wconf 87' lang='lat' dir='ltr'><strong>nisi</strong></span> <span class='ocrx_word' id='word_1_845' title='bbox 2767 4202 3011 4259; x_wconf 71' lang='lat' dir='ltr'><strong>superna:</strong></span> <span class='ocrx_word' id='word_1_846' title='bbox 3029 4188 3247 4257; x_wconf 71' lang='lat' dir='ltr'><strong>justitim</strong></span> <span class='ocrx_word' id='word_1_847' title='bbox 3265 4187 3512 4258; x_wconf 55' lang='lat' dir='ltr'><strong>quaedam</strong></span> <span class='ocrx_word' id='word_1_848' title='bbox 3532 4187 3770 4254; x_wconf 68' lang='lat' dir='ltr'><strong>impressa</strong></span> 
     </span>
    </p>
   </div>
   <div class='ocr_carea' id='block_1_104' title="bbox 2206 4278 3771 4353">
    <p class='ocr_par' dir='ltr' id='par_1_104' title="bbox 2206 4278 3771 4353">
     <span class='ocr_line' id='line_1_104' title="bbox 2206 4278 3771 4353; baseline -0.005 -17"><span class='ocrx_word' id='word_1_849' title='bbox 2206 4282 2424 4353; x_wconf 83' lang='lat' dir='ltr'><strong>vestigia</strong></span> <span class='ocrx_word' id='word_1_850' title='bbox 2456 4289 2781 4348; x_wconf 88' lang='lat' dir='ltr'><strong>teneremus,</strong></span> <span class='ocrx_word' id='word_1_851' title='bbox 2812 4296 3079 4352; x_wconf 87' lang='lat' dir='ltr'><strong>nunquam</strong></span> <span class='ocrx_word' id='word_1_852' title='bbox 3108 4279 3160 4335; x_wconf 92' lang='lat' dir='ltr'><strong>in</strong></span> <span class='ocrx_word' id='word_1_853' title='bbox 3203 4278 3379 4350; x_wconf 87' lang='lat' dir='ltr'><strong>ipsum</strong></span> <span class='ocrx_word' id='word_1_854' title='bbox 3405 4278 3580 4336; x_wconf 85' lang='lat' dir='ltr'><strong>cubile</strong></span> <span class='ocrx_word' id='word_1_855' title='bbox 3606 4291 3664 4331; x_wconf 88' lang='lat' dir='ltr'><strong>ac</strong></span> <span class='ocrx_word' id='word_1_856' title='bbox 3687 4288 3771 4346; x_wconf 81' lang='lat' dir='ltr'><strong>pc-</strong></span> 
     </span>
    </p>
   </div>
   <div class='ocr_carea' id='block_1_105' title="bbox 2205 4368 3768 4444">
    <p class='ocr_par' dir='ltr' id='par_1_105' title="bbox 2205 4368 3768 4444">
     <span class='ocr_line' id='line_1_105' title="bbox 2205 4368 3768 4444; baseline -0.01 -11"><span class='ocrx_word' id='word_1_857' title='bbox 2205 4376 2408 4433; x_wconf 89' lang='lat' dir='ltr'><strong>netrale</strong></span> <span class='ocrx_word' id='word_1_858' title='bbox 2432 4373 2824 4429; x_wconf 89' lang='lat' dir='ltr'><strong>sanctissimum</strong></span> <span class='ocrx_word' id='word_1_859' title='bbox 2854 4382 3012 4444; x_wconf 86' lang='lat' dir='ltr'><strong>atque</strong></span> <span class='ocrx_word' id='word_1_860' title='bbox 3042 4373 3395 4428; x_wconf 88' lang='lat' dir='ltr'><strong>castissimum</strong></span> <span class='ocrx_word' id='word_1_861' title='bbox 3435 4368 3768 4443; x_wconf 82' lang='lat' dir='ltr'><strong>spiritualium</strong></span> 
     </span>
    </p>
   </div>
   <div class='ocr_carea' id='block_1_106' title="bbox 2206 4457 3769 4537">
    <p class='ocr_par' dir='ltr' id='par_1_106' title="bbox 2206 4457 3769 4537">
     <span class='ocr_line' id='line_1_106' title="bbox 2206 4457 3769 4537; baseline -0.007 -17"><span class='ocrx_word' id='word_1_862' title='bbox 2206 4476 2592 4537; x_wconf 70' lang='lat' dir='ltr'><strong>praceptorum</strong></span> <span class='ocrx_word' id='word_1_863' title='bbox 2631 4472 2826 4519; x_wconf 74' lang='lat' dir='ltr'><strong>nostra:</strong></span> <span class='ocrx_word' id='word_1_864' title='bbox 2854 4463 3172 4518; x_wconf 83' lang='lat' dir='ltr'><strong>inﬁrmitatis</strong></span> <span class='ocrx_word' id='word_1_865' title='bbox 3200 4465 3494 4532; x_wconf 76' lang='lat' dir='ltr'><strong>suSpiceret</strong></span> <span class='ocrx_word' id='word_1_866' title='bbox 3522 4472 3675 4530; x_wconf 88' lang='lat' dir='ltr'><strong>atque</strong></span> <span class='ocrx_word' id='word_1_867' title='bbox 3699 4457 3769 4511; x_wconf 83' lang='lat' dir='ltr'><strong>in-</strong></span> 
     </span>
    </p>
   </div>
   <div class='ocr_carea' id='block_1_107' title="bbox 2210 4550 3766 4625">
    <p class='ocr_par' dir='ltr' id='par_1_107' title="bbox 2210 4550 3766 4625">
     <span class='ocr_line' id='line_1_107' title="bbox 2210 4550 3766 4625; baseline -0.004 -16"><span class='ocrx_word' id='word_1_868' title='bbox 2210 4557 2380 4611; x_wconf 77' lang='lat' dir='ltr'><strong>ltiaret</strong></span> <span class='ocrx_word' id='word_1_869' title='bbox 2400 4556 2643 4610; x_wconf 79' lang='lat' dir='ltr'><strong>intentio.</strong></span> <span class='ocrx_word' id='word_1_870' title='bbox 2669 4555 2815 4609; x_wconf 88' lang='lat' dir='ltr'><strong>Beati</strong></span> <span class='ocrx_word' id='word_1_871' title='bbox 2844 4550 2930 4624; x_wconf 78' lang='lat' dir='ltr'><strong>qui</strong></span> <span class='ocrx_word' id='word_1_872' title='bbox 2957 4555 3196 4609; x_wconf 87' lang='lat' dir='ltr'><strong>esuriant</strong></span> <span class='ocrx_word' id='word_1_873' title='bbox 3216 4564 3271 4610; x_wconf 90' lang='lat' dir='ltr'><strong>et</strong></span> <span class='ocrx_word' id='word_1_874' title='bbox 3291 4557 3477 4611; x_wconf 87' lang='lat' dir='ltr'><strong>sitiunt</strong></span> <span class='ocrx_word' id='word_1_875' title='bbox 3496 4551 3766 4625; x_wconf 87' lang='lat' dir='ltr'><strong>justitiam,</strong></span> 
     </span>
    </p>
   </div>
   <div class='ocr_carea' id='block_1_108' title="bbox 2204 4641 3768 4719">
    <p class='ocr_par' dir='ltr' id='par_1_108' title="bbox 2204 4641 3768 4719">
     <span class='ocr_line' id='line_1_108' title="bbox 2204 4641 3768 4719; baseline -0.004 -18"><span class='ocrx_word' id='word_1_876' title='bbox 2204 4649 2454 4718; x_wconf 83' lang='lat' dir='ltr'><strong>quoniam</strong></span> <span class='ocrx_word' id='word_1_877' title='bbox 2487 4647 2585 4717; x_wconf 85' lang='lat' dir='ltr'><strong>ipsi</strong></span> <span class='ocrx_word' id='word_1_878' title='bbox 2616 4648 2994 4703; x_wconf 84' lang='lat' dir='ltr'><strong>saturabuntur</strong></span> <span class='ocrx_word' id='word_1_879' title='bbox 3019 4647 3232 4718; x_wconf 79' lang='lat' dir='ltr'><strong>(Matth.</strong></span> <span class='ocrx_word' id='word_1_880' title='bbox 3263 4663 3318 4712; x_wconf 86' lang='lat' dir='ltr'><strong>v,</strong></span> <span class='ocrx_word' id='word_1_881' title='bbox 3350 4649 3383 4703; x_wconf 86' lang='lat'><strong>6</strong></span> <span class='ocrx_word' id='word_1_882' title='bbox 3408 4651 3447 4719; x_wconf 97' lang='lat'><strong>).</strong></span> <span class='ocrx_word' id='word_1_883' title='bbox 3483 4650 3536 4703; x_wconf 92' lang='lat' dir='ltr'><strong>In</strong></span> <span class='ocrx_word' id='word_1_884' title='bbox 3565 4648 3657 4701; x_wconf 78' lang='lat' dir='ltr'><strong>ista</strong></span> <span class='ocrx_word' id='word_1_885' title='bbox 3685 4641 3768 4712; x_wconf 79' lang='lat' dir='ltr'><strong>igi-</strong></span> 
     </span>
    </p>
   </div>
   <div class='ocr_carea' id='block_1_109' title="bbox 2206 4738 3767 4810">
    <p class='ocr_par' dir='ltr' id='par_1_109' title="bbox 2206 4738 3767 4810">
     <span class='ocr_line' id='line_1_109' title="bbox 2206 4738 3767 4810; baseline -0.004 -18"><span class='ocrx_word' id='word_1_886' title='bbox 2206 4747 2292 4793; x_wconf 92' lang='lat' dir='ltr'><strong>tur</strong></span> <span class='ocrx_word' id='word_1_887' title='bbox 2321 4739 2560 4795; x_wconf 89' lang='lat' dir='ltr'><strong>siccitate</strong></span> <span class='ocrx_word' id='word_1_888' title='bbox 2584 4739 2706 4794; x_wconf 73' lang='lat' dir='ltr'><strong>vitze</strong></span> <span class='ocrx_word' id='word_1_889' title='bbox 2730 4738 3156 4810; x_wconf 88' lang='lat' dir='ltr'><strong>conditionisque</strong></span> <span class='ocrx_word' id='word_1_890' title='bbox 3185 4739 3445 4805; x_wconf 79' lang='lat' dir='ltr'><strong>mortalis,</strong></span> <span class='ocrx_word' id='word_1_891' title='bbox 3476 4738 3573 4792; x_wconf 90' lang='lat' dir='ltr'><strong>nisi</strong></span> <span class='ocrx_word' id='word_1_892' title='bbox 3596 4747 3767 4804; x_wconf 80' lang='lat' dir='ltr'><strong>asper-</strong></span> 
     </span>
    </p>
   </div>
   <div class='ocr_carea' id='block_1_110' title="bbox 2204 4823 3767 4901">
    <p class='ocr_par' dir='ltr' id='par_1_110' title="bbox 2204 4823 3767 4901">
     <span class='ocr_line' id='line_1_110' title="bbox 2204 4823 3767 4901; baseline -0.003 -18"><span class='ocrx_word' id='word_1_893' title='bbox 2204 4839 2420 4898; x_wconf 77' lang='lat' dir='ltr'><strong>geretur</strong></span> <span class='ocrx_word' id='word_1_894' title='bbox 2442 4828 2673 4899; x_wconf 87' lang='lat' dir='ltr'><strong>desuper</strong></span> <span class='ocrx_word' id='word_1_895' title='bbox 2711 4830 2857 4884; x_wconf 91' lang='lat' dir='ltr'><strong>velut</strong></span> <span class='ocrx_word' id='word_1_896' title='bbox 2894 4831 3198 4885; x_wconf 84' lang='lat' dir='ltr'><strong>tenuissima</strong></span> <span class='ocrx_word' id='word_1_897' title='bbox 3236 4830 3480 4901; x_wconf 72' lang='lat' dir='ltr'><strong>qumdam</strong></span> <span class='ocrx_word' id='word_1_898' title='bbox 3531 4835 3652 4882; x_wconf 82' lang='lat' dir='ltr'><strong>aura</strong></span> <span class='ocrx_word' id='word_1_899' title='bbox 3686 4823 3767 4892; x_wconf 79' lang='lat' dir='ltr'><strong>ju-</strong></span> 
     </span>
    </p>
   </div>
   <div class='ocr_carea' id='block_1_111' title="bbox 2205 4917 3765 4991">
    <p class='ocr_par' dir='ltr' id='par_1_111' title="bbox 2205 4917 3765 4991">
     <span class='ocr_line' id='line_1_111' title="bbox 2205 4917 3765 4991; baseline -0.008 -15"><span class='ocrx_word' id='word_1_900' title='bbox 2205 4922 2364 4977; x_wconf 69' lang='lat' dir='ltr'><strong>stitiw</strong></span> <span class='ocrx_word' id='word_1_901' title='bbox 2386 4962 2400 4986; x_wconf 93' lang='lat'><strong>,</strong></span> <span class='ocrx_word' id='word_1_902' title='bbox 2430 4920 2586 4974; x_wconf 90' lang='lat' dir='ltr'><strong>citius</strong></span> <span class='ocrx_word' id='word_1_903' title='bbox 2614 4934 3000 4987; x_wconf 89' lang='lat' dir='ltr'><strong>arescercmus,</strong></span> <span class='ocrx_word' id='word_1_904' title='bbox 3032 4935 3191 4991; x_wconf 87' lang='lat' dir='ltr'><strong>quam</strong></span> <span class='ocrx_word' id='word_1_905' title='bbox 3220 4920 3512 4976; x_wconf 87' lang='lat' dir='ltr'><strong>sitiremus.</strong></span> <span class='ocrx_word' id='word_1_906' title='bbox 3542 4917 3765 4983; x_wconf 84' lang='lat' dir='ltr'><strong>Quapro-</strong></span> 
     </span>
    </p>
   </div>
   <div class='ocr_carea' id='block_1_112' title="bbox 2206 5010 3769 5081">
    <p class='ocr_par' dir='ltr' id='par_1_112' title="bbox 2206 5010 3769 5081">
     <span class='ocr_line' id='line_1_112' title="bbox 2206 5010 3769 5081; baseline -0.004 -17"><span class='ocrx_word' id='word_1_907' title='bbox 2206 5018 2325 5081; x_wconf 87' lang='lat' dir='ltr'><strong>pter</strong></span> <span class='ocrx_word' id='word_1_908' title='bbox 2346 5025 2467 5065; x_wconf 90' lang='lat' dir='ltr'><strong>cum</strong></span> <span class='ocrx_word' id='word_1_909' title='bbox 2493 5010 2669 5065; x_wconf 88' lang='lat' dir='ltr'><strong>dando</strong></span> <span class='ocrx_word' id='word_1_910' title='bbox 2694 5018 2749 5066; x_wconf 90' lang='lat' dir='ltr'><strong>et</strong></span> <span class='ocrx_word' id='word_1_911' title='bbox 2775 5010 3086 5080; x_wconf 85' lang='lat' dir='ltr'><strong>accipiendo</strong></span> <span class='ocrx_word' id='word_1_912' title='bbox 3111 5011 3250 5067; x_wconf 91' lang='lat' dir='ltr'><strong>inter</strong></span> <span class='ocrx_word' id='word_1_913' title='bbox 3286 5026 3346 5067; x_wconf 86' lang='lat' dir='ltr'><strong>se</strong></span> <span class='ocrx_word' id='word_1_914' title='bbox 3385 5011 3652 5065; x_wconf 82' lang='lat' dir='ltr'><strong>hominum</strong></span> <span class='ocrx_word' id='word_1_915' title='bbox 3691 5017 3769 5058; x_wconf 82' lang='lat' dir='ltr'><strong>so-</strong></span> 
     </span>
    </p>
   </div>
   <div class='ocr_carea' id='block_1_113' title="bbox 2203 5089 3764 5171">
    <p class='ocr_par' dir='ltr' id='par_1_113' title="bbox 2203 5089 3764 5171">
     <span class='ocr_line' id='line_1_113' title="bbox 2203 5089 3764 5171; baseline -0.005 -14"><span class='ocrx_word' id='word_1_916' title='bbox 2203 5103 2369 5157; x_wconf 84' lang='lat' dir='ltr'><strong>cietas</strong></span> <span class='ocrx_word' id='word_1_917' title='bbox 2400 5111 2765 5166; x_wconf 84' lang='lat' dir='ltr'><strong>connectatur,</strong></span> <span class='ocrx_word' id='word_1_918' title='bbox 2796 5100 2993 5156; x_wconf 90' lang='lat' dir='ltr'><strong>dentur</strong></span> <span class='ocrx_word' id='word_1_919' title='bbox 3024 5110 3200 5156; x_wconf 89' lang='lat' dir='ltr'><strong>autem</strong></span> <span class='ocrx_word' id='word_1_920' title='bbox 3243 5110 3299 5158; x_wconf 92' lang='lat' dir='ltr'><strong>et</strong></span> <span class='ocrx_word' id='word_1_921' title='bbox 3341 5100 3660 5171; x_wconf 85' lang='lat' dir='ltr'><strong>accipiantur</strong></span> <span class='ocrx_word' id='word_1_922' title='bbox 3691 5089 3764 5143; x_wconf 68' lang='grc' dir='ltr'><strong>γει</strong></span> 
     </span>
    </p>
   </div>
   <div class='ocr_carea' id='block_1_114' title="bbox 2205 5188 3765 5265">
    <p class='ocr_par' dir='ltr' id='par_1_114' title="bbox 2205 5188 3765 5265">
     <span class='ocr_line' id='line_1_114' title="bbox 2205 5188 3765 5265; baseline -0.01 -16"><span class='ocrx_word' id='word_1_923' title='bbox 2205 5195 2380 5251; x_wconf 89' lang='lat' dir='ltr'><strong>debita</strong></span> <span class='ocrx_word' id='word_1_924' title='bbox 2410 5194 2494 5250; x_wconf 83' lang='lat' dir='ltr'><strong>vel</strong></span> <span class='ocrx_word' id='word_1_925' title='bbox 2524 5209 2626 5249; x_wconf 91' lang='lat' dir='ltr'><strong>non</strong></span> <span class='ocrx_word' id='word_1_926' title='bbox 2654 5194 2867 5259; x_wconf 87' lang='lat' dir='ltr'><strong>debita;</strong></span> <span class='ocrx_word' id='word_1_927' title='bbox 2903 5194 3022 5265; x_wconf 90' lang='lat' dir='ltr'><strong>quis</strong></span> <span class='ocrx_word' id='word_1_928' title='bbox 3055 5210 3159 5249; x_wconf 90' lang='lat' dir='ltr'><strong>non</strong></span> <span class='ocrx_word' id='word_1_929' title='bbox 3190 5194 3361 5248; x_wconf 84' lang='lat' dir='ltr'><strong>videat</strong></span> <span class='ocrx_word' id='word_1_930' title='bbox 3387 5188 3665 5261; x_wconf 85' lang='lat' dir='ltr'><strong>iniquitatis</strong></span> <span class='ocrx_word' id='word_1_931' title='bbox 3691 5198 3765 5234; x_wconf 85' lang='lat' dir='ltr'><strong>ar-</strong></span> 
     </span>
    </p>
   </div>
   <div class='ocr_carea' id='block_1_115' title="bbox 2203 5268 3762 5358">
    <p class='ocr_par' dir='ltr' id='par_1_115' title="bbox 2203 5268 3762 5358">
     <span class='ocr_line' id='line_1_115' title="bbox 2203 5268 3762 5358; baseline -0.006 -16"><span class='ocrx_word' id='word_1_932' title='bbox 2203 5288 2291 5358; x_wconf 73' lang='lat' dir='ltr'><strong>gui</strong></span> <span class='ocrx_word' id='word_1_933' title='bbox 2323 5288 2588 5342; x_wconf 90' lang='lat' dir='ltr'><strong>neminem</strong></span> <span class='ocrx_word' id='word_1_934' title='bbox 2619 5301 2796 5357; x_wconf 84' lang='lat' dir='ltr'><strong>posse,</strong></span> <span class='ocrx_word' id='word_1_935' title='bbox 2829 5287 2918 5357; x_wconf 91' lang='lat' dir='ltr'><strong>qui</strong></span> <span class='ocrx_word' id='word_1_936' title='bbox 2944 5285 3084 5356; x_wconf 88' lang='lat' dir='ltr'><strong>quod</strong></span> <span class='ocrx_word' id='word_1_937' title='bbox 3112 5286 3212 5340; x_wconf 86' lang='lat' dir='ltr'><strong>sibi</strong></span> <span class='ocrx_word' id='word_1_938' title='bbox 3243 5285 3484 5345; x_wconf 86' lang='lat' dir='ltr'><strong>debetur,</strong></span> <span class='ocrx_word' id='word_1_939' title='bbox 3513 5268 3762 5346; x_wconf 65' lang='lat' dir='ltr'><strong>exegerit?</strong></span> 
     </span>
    </p>
   </div>
   <div class='ocr_carea' id='block_1_116' title="bbox 2206 5358 3762 5448">
    <p class='ocr_par' dir='ltr' id='par_1_116' title="bbox 2206 5358 3762 5448">
     <span class='ocr_line' id='line_1_116' title="bbox 2206 5358 3762 5448; baseline -0.012 -16"><span class='ocrx_word' id='word_1_940' title='bbox 2206 5392 2306 5432; x_wconf 73' lang='lat' dir='ltr'><strong>nec</strong></span> <span class='ocrx_word' id='word_1_941' title='bbox 2333 5394 2454 5433; x_wconf 87' lang='lat' dir='ltr'><strong>eum</strong></span> <span class='ocrx_word' id='word_1_942' title='bbox 2480 5390 2646 5443; x_wconf 89' lang='lat' dir='ltr'><strong>certe,</strong></span> <span class='ocrx_word' id='word_1_943' title='bbox 2677 5377 2765 5448; x_wconf 91' lang='lat' dir='ltr'><strong>qui</strong></span> <span class='ocrx_word' id='word_1_944' title='bbox 2787 5376 2927 5448; x_wconf 88' lang='lat' dir='ltr'><strong>quod</strong></span> <span class='ocrx_word' id='word_1_945' title='bbox 2953 5377 3003 5432; x_wconf 83' lang='lat' dir='ltr'><strong>ci</strong></span> <span class='ocrx_word' id='word_1_946' title='bbox 3032 5376 3279 5442; x_wconf 88' lang='lat' dir='ltr'><strong>debetur,</strong></span> <span class='ocrx_word' id='word_1_947' title='bbox 3299 5374 3498 5430; x_wconf 89' lang='lat' dir='ltr'><strong>donare</strong></span> <span class='ocrx_word' id='word_1_948' title='bbox 3524 5358 3762 5448; x_wconf 57' lang='lat' dir='ltr'><strong>volueriti</strong></span> 
     </span>
    </p>
   </div>
   <div class='ocr_carea' id='block_1_117' title="bbox 2206 5446 3759 5537">
    <p class='ocr_par' dir='ltr' id='par_1_117' title="bbox 2206 5446 3759 5537">
     <span class='ocr_line' id='line_1_117' title="bbox 2206 5446 3759 5537; baseline -0.008 -14"><span class='ocrx_word' id='word_1_949' title='bbox 2206 5467 2308 5523; x_wconf 86' lang='lat' dir='ltr'><strong>boc</strong></span> <span class='ocrx_word' id='word_1_950' title='bbox 2330 5478 2506 5523; x_wconf 89' lang='lat' dir='ltr'><strong>autem</strong></span> <span class='ocrx_word' id='word_1_951' title='bbox 2535 5484 2639 5524; x_wconf 90' lang='lat' dir='ltr'><strong>non</strong></span> <span class='ocrx_word' id='word_1_952' title='bbox 2670 5446 2791 5524; x_wconf 82' lang='lat' dir='ltr'><strong>esse</strong></span> <span class='ocrx_word' id='word_1_953' title='bbox 2808 5446 2867 5523; x_wconf 85' lang='lat' dir='ltr'><strong>in</strong></span> <span class='ocrx_word' id='word_1_954' title='bbox 2896 5482 3080 5523; x_wconf 74' lang='lat' dir='ltr'><strong>eorum</strong></span> <span class='ocrx_word' id='word_1_955' title='bbox 3108 5467 3199 5537; x_wconf 89' lang='lat' dir='ltr'><strong>qui</strong></span> <span class='ocrx_word' id='word_1_956' title='bbox 3224 5466 3491 5522; x_wconf 86' lang='lat' dir='ltr'><strong>debitores</strong></span> <span class='ocrx_word' id='word_1_957' title='bbox 3517 5466 3650 5521; x_wconf 89' lang='lat' dir='ltr'><strong>sunt,</strong></span> <span class='ocrx_word' id='word_1_958' title='bbox 3678 5446 3759 5507; x_wconf 73' lang='lat' dir='ltr'><strong>sed</strong></span> 
     </span>
    </p>
   </div>
   <div class='ocr_carea' id='block_1_118' title="bbox 2267 5613 3465 5686">
    <p class='ocr_par' dir='ltr' id='par_1_118' title="bbox 2267 5613 3465 5686">
     <span class='ocr_line' id='line_1_118' title="bbox 2267 5613 3465 5686; baseline -0.006 -15"><span class='ocrx_word' id='word_1_959' title='bbox 2267 5627 2283 5657; x_wconf 73' lang='grc' dir='ltr'><strong>ι</strong></span> <span class='ocrx_word' id='word_1_960' title='bbox 2309 5624 2382 5673; x_wconf 77' lang='lat' dir='ltr'><strong>sic</strong></span> <span class='ocrx_word' id='word_1_961' title='bbox 2402 5628 2475 5671; x_wconf 73' lang='lat' dir='ltr'><strong>Er.</strong></span> <span class='ocrx_word' id='word_1_962' title='bbox 2504 5629 2557 5672; x_wconf 87' lang='lat' dir='ltr'><strong>et</strong></span> <span class='ocrx_word' id='word_1_963' title='bbox 2576 5621 2890 5686; x_wconf 71' lang='lat' dir='ltr'><strong>aliquotuss.</strong></span> <span class='ocrx_word' id='word_1_964' title='bbox 2910 5625 3113 5686; x_wconf 59' lang='lat' dir='ltr'><strong>Atiam,</strong></span> <span class='ocrx_word' id='word_1_965' title='bbox 3138 5630 3231 5686; x_wconf 72' lang='lat' dir='ltr'><strong>non</strong></span> <span class='ocrx_word' id='word_1_966' title='bbox 3253 5613 3465 5686; x_wconf 60' lang='lat' dir='ltr'><strong>talentis.</strong></span> 
     </span>
    </p>
   </div>
   <div class='ocr_carea' id='block_1_119' title="bbox 2265 5669 3758 5746">
    <p class='ocr_par' dir='ltr' id='par_1_119' title="bbox 2265 5669 3758 5746">
     <span class='ocr_line' id='line_1_119' title="bbox 2265 5669 3758 5746; baseline -0.014 -12"><span class='ocrx_word' id='word_1_967' title='bbox 2265 5686 2287 5718; x_wconf 80' lang='grc'>²</span> <span class='ocrx_word' id='word_1_968' title='bbox 2311 5669 2473 5740; x_wconf 51' lang='grc' dir='ltr'><strong>ὲῆἱιίξ</strong></span> <span class='ocrx_word' id='word_1_969' title='bbox 2701 5669 2800 5746; x_wconf 77' lang='lat' dir='ltr'><strong>fide</strong></span> <span class='ocrx_word' id='word_1_970' title='bbox 2815 5669 2866 5743; x_wconf 37' lang='lat'><strong>,7</strong></span> <span class='ocrx_word' id='word_1_971' title='bbox 2887 5669 3061 5733; x_wconf 74' lang='lat' dir='ltr'><strong>eruisse</strong></span> <span class='ocrx_word' id='word_1_972' title='bbox 3100 5669 3339 5746; x_wconf 63' lang='lat' dir='ltr'><strong>&#39;jartieula</strong></span> <span class='ocrx_word' id='word_1_973' title='bbox 3356 5709 3372 5739; x_wconf 88' lang='lat'><strong>,</strong></span> <span class='ocrx_word' id='word_1_974' title='bbox 3418 5674 3495 5737; x_wconf 79' lang='lat' dir='ltr'><strong>in,</strong></span> <span class='ocrx_word' id='word_1_975' title='bbox 3525 5678 3660 5736; x_wconf 84' lang='lat' dir='ltr'><strong>quam</strong></span> <span class='ocrx_word' id='word_1_976' title='bbox 3699 5669 3758 5710; x_wconf 73' lang='lat' dir='ltr'><strong>ex</strong></span> 
     </span>
    </p>
   </div>
   <div class='ocr_carea' id='block_1_120' title="bbox 2200 5746 2901 5798">
    <p class='ocr_par' dir='ltr' id='par_1_120' title="bbox 2200 5746 2901 5798">
     <span class='ocr_line' id='line_1_120' title="bbox 2200 5746 2901 5798; baseline -0.006 0"><span class='ocrx_word' id='word_1_977' title='bbox 2200 5746 2480 5798; x_wconf 68' lang='lat' dir='ltr'><strong>cornei-nsi</strong></span> <span class='ocrx_word' id='word_1_978' title='bbox 2496 5753 2576 5795; x_wconf 71' lang='lat' dir='ltr'><strong>Ms.</strong></span> <span class='ocrx_word' id='word_1_979' title='bbox 2604 5756 2901 5795; x_wconf 83' lang='lat' dir='ltr'><strong>revocamus.</strong></span> 
     </span>
    </p>
   </div>
  </div>
