3996 6282
146 334 241 398 ιιι·
1492 307 1692 363 LIBER

1837 303 1999 361 iMUS.

141 454 188 507 in
209 448 317 519 ejus
338 443 421 499 cui
450 439 679 497 debetur
701 431 958 491 arbitrio?
997 428 1118 486 Haec
1148 427 1343 496 imago,
1382 420 1485 487 vel,
1513 429 1572 476 ut
1611 434 1700 474 su-

140 510 409 614 pra'dixi,
454 531 737 602 vestigium
784 523 1010 595 negotiis
1052 518 1325 575 hominum
1373 514 1441 569 de
1493 510 1704 579 fastigio

138 606 328 688 summo
348 629 363 658 ³
396 622 664 693 aequitatis
691 619 1005 686 impressum
1033 617 1134 664 est.
1166 608 1300 663 Sunt
1331 606 1487 675 igitur
1515 614 1702 655 omnes

140 720 366 778 homines
387 716 405 787 (
426 691 880 785 quandoquidem,
912 713 968 758 ut
993 699 1277 770 Apostolus
1302 697 1409 759 ait,
1440 693 1506 747 In
1542 691 1705 745 Adam

138 829 288 870 omnes
312 808 601 863 moriantur
631 802 689 877 [ι
712 799 833 856 Cor.
862 813 951 862 xv,
978 792 1099 866 2-2],
1134 807 1163 845 a
1190 805 1294 861 quo
1321 789 1373 842 in
1401 786 1704 840 universum

137 918 287 976 genus
322 872 812 961 humanum'origo
841 887 1054 943 ducitur
1081 879 1391 936 offensionis
1423 875 1514 930 Dei
1541 872 1563 945 )
1600 886 1707 926 una

137 967 359 1065 quadam
408 1002 593 1045 massa
640 982 838 1055 peccati
864 1021 881 1048 ,
922 975 1242 1047 supplicium
1271 971 1474 1026 debeas
1515 967 1709 1021 divina:

136 1098 443 1152 summqu
477 1076 728 1150 justitiie,
766 1071 907 1143 quod
948 1069 1061 1142 sive
1097 1066 1361 1135 exigatur,
1392 1060 1510 1114 sive
1538 1057 1707 1112 done—

138 1191 230 1244 tur,
259 1149 396 1232 nulla
425 1149 512 1229 est
543 1169 816 1239 iniquitas.
845 1166 890 1219 Α
913 1161 1107 1233 quibus
1143 1166 1322 1211 autem
1367 1149 1708 1221 exigendum,

136 1280 184 1328 et
209 1271 392 1341 quibus
412 1262 728 1321 donandum
758 1259 849 1325 sit,
877 1254 1110 1325 superbe
1135 1250 1375 1321 iudicant
1399 1245 1707 1300 debitores:

136 1335 570 1435 quemadmodum
596 1350 840 1409 conducti
863 1347 929 1402 ad
955 1347 1098 1401 illam
1118 1344 1327 1398 vineam
1356 1335 1714 1407 injusteindi-

136 1432 262 1527 gnati
296 1457 439 1515 sunt,
489 1461 621 1502 cum
660 1440 991 1498 tantumdem
1033 1435 1155 1490 aliis
1197 1432 1509 1494 donaretur,
1538 1440 1713 1498 quan.

138 1516 234 1598 ῖιιιη
260 1543 359 1597 illis
385 1538 712 1595 redderetur
737 1533 756 1603 (
784 1529 972 1585 Matth.
1016 1541 1121 1591 xx,
1164 1524 1224 1579 ll
1253 1522 1295 1593 ).
1341 1520 1520 1590 Itaque
1557 1516 1715 1587 hujus

140 1633 508 1706 impudentiam
537 1623 855 1700 quiestionis
884 1622 955 1676 ita
1002 1615 1241 1673 retundit
1282 1610 1569 1683 Apostolus
1610 1625 1624 1661 :
1670 1606 1719 1661 0

139 1705 288 1789 hoino,
311 1738 362 1780 tu
383 1725 496 1795 quis
512 1739 594 1788 es,
616 1720 703 1790 qui
728 1713 1034 1786 respondeas
1058 1710 1166 1764 Deo
1180 1710 1207 1763 .9
1220 1707 1308 1763 Sic
1327 1705 1470 1761 enim
1496 1715 1719 1772 respon-

139 1821 219 1877 det
241 1820 366 1883 Deo,
392 1831 517 1871 cum
572 1814 623 1869 ei
653 1809 901 1881 displicet
922 1803 1065 1877 quod
1098 1801 1166 1857 de
1193 1796 1560 1871 peccatoribus
1584 1808 1718 1849 con-

141 1912 357 1984 queritur
388 1909 557 1974 Deus,
588 1904 740 1976 quasi
771 1912 1089 1971 quemquam
1122 1893 1265 1948 Deus
1294 1902 1515 1961 peccare
1540 1891 1715 1957 cogat,

141 1978 181 2060 si
217 1997 580 2057 tantummodo
611 1998 632 2028 ’
671 1991 987 2065 quibusdam
1031 1983 1372 2058 peccantibus
1410 1978 1719 2035 misericor-

144 2097 264 2151 diam
287 2086 686 2163 justiticationis
702 2099 813 2139 sum
830 2097 937 2137 non
958 2077 1293 2149 largiutur,et
1304 2072 1375 2127 ob
1392 2071 1492 2125 hoc
1512 2068 1722 2123 dicatur

149 2161 386 2238 obdurare
414 2186 711 2251 peccantes
735 2172 1016 2244 quosdam,
1048 2169 1170 2239 quia
1199 2179 1304 2220 non
1331 2177 1516 2218 eorum
1557 2161 1720 2213 mise-

148 2284 293 2338 retur,
333 2287 435 2326 non
464 2269 597 2340 quia
629 2263 856 2336 impellit
899 2271 957 2316 ut
1003 2265 1246 2330 peccent.
1296 2254 1497 2309 Eorum
1540 2257 1720 2305 autem

151 2380 239 2419 non
262 2363 562 2425 miseretur,
591 2356 790 2427 quibus
816 2348 1237 2407 misericordiam
1278 2358 1385 2399 non
1425 2354 1546 2396 esse
1582 2351 1724 2409 prat-

154 2457 367 2520 bendam,
397 2452 661 2524 aequitate
699 2444 1057 2503 occultissima
1096 2450 1151 2497 et
1180 2439 1249 2493 ab
1277 2436 1525 2493 humanis
1553 2432 1725 2489 sensi-

161 2552 243 2605 bus
276 2546 632 2605 remotissima
653 2541 874 2612 judicat.
903 2532 1266 2593 lnscrutahilia
1308 2530 1450 2585 enim
1492 2526 1727 2591 suntju-

166 2643 277 2697 (licia
302 2642 422 2710 eius,
452 2647 509 2694 et
535 2631 941 2704 investigabiles
967 2629 1065 2683 viae
1096 2627 1261 2696 ipsius
1292 2622 1466 2695 (Rom.
1495 2636 1569 2687 si,
1607 2618 1722 2686 55).

169 2709 473 2804 Conqueritur
499 2739 693 2784 autem
720 2726 861 2796 juste
886 2722 952 2778 de
973 2716 1362 2791 peccatoribus,
1388 2722 1637 2783 tanquam
1659 2709 1726 2765 de

176 2825 245 2880 bis
266 2799 377 2895 quos
403 2834 641 2894 peccare
669 2817 784 2888 ipse
825 2830 931 2868 non
958 2810 1119 2881 cogit.
1166 2807 1331 2863 Simul
1370 2806 1527 2859 etiam
1572 2810 1630 2856 ut
1673 2799 1726 2854 hi

167 2891 350 2986 quorum
398 2891 718 2974 miseretur,
768 2906 906 2959 hanc
952 2915 1167 2972 quoque
1218 2896 1447 2952 habeant
1492 2891 1728 2948 vocatio-

164 3021 300 3068 nem;
346 3013 399 3058 ut
439 3003 577 3058 dum
627 2996 973 3067 conqueritur
1019 2993 1160 3047 Deus
1206 2990 1275 3045 de
1316 2985 1725 3058 peccatoribus,

162 3102 560 3166 compunguntnr
594 3088 776 3152 corde,
804 3095 963 3156 atque
992 3082 1059 3138 ad
1095 3081 1210 3151 ejus
1250 3078 1473 3150 gratiam
1500 3090 1729 3131 convcr-

161 3197 331 3244 tantur.
352 3185 501 3241 Juste
524 3196 664 3252 ergo
688 3176 1053 3248 conqueritur,
1078 3180 1131 3227 et
1161 3167 1599 3225 misericorditer.

219 3280 297 3334 Π.
332 3277 434 3333 Sed
478 3275 525 3331 si
568 3274 678 3327 hoc
703 3275 910 3332 movet,
942 3263 1083 3336 quod
1110 3259 1363 3317 voluntati
1404 3258 1520 3327 ejus
1557 3255 1734 3310 nullus

160 3371 357 3436 resistit,
387 3369 509 3439 quia
540 3365 635 3420 cui
664 3362 776 3415 vult
803 3356 1069 3422 subvenit,
1101 3362 1156 3409 et
1182 3366 1339 3423 quem
1364 3348 1477 3404 vult
1499 3347 1731 3413 deserit;

164 3479 271 3518 cum
296 3472 346 3517 et
372 3461 462 3515 ille
487 3456 585 3513 cui
613 3452 880 3517 subvenit,
910 3457 964 3504 et
992 3447 1082 3502 ille
1108 3460 1265 3516 quem
1296 3441 1515 3506 deserit,
1543 3453 1610 3495 ex
1640 3452 1735 3494 ea-

164 3558 269 3615 dem
294 3572 462 3613 massa
490 3556 608 3611 sint
638 3560 998 3622 peccatorum,
1027 3554 1081 3600 ct
1106 3542 1348 3614 quamvis
1374 3541 1563 3595 debeat
1590 3546 1738 3592 uter-

165 3666 254 3719 que
284 3646 603 3719 supplicium
624 3686 641 3709 ,
670 3643 737 3697 ab
764 3654 869 3695 uno
899 3646 1075 3692 tamen
1102 3635 1360 3705 exigatur,
1388 3630 1540 3685 alteri
1570 3628 1739 3683 done-

166 3750 242 3795 tur
262 3758 275 3794 :
296 3741 337 3795 si
366 3740 468 3794 hoc
510 3750 646 3806 ergo
685 3739 891 3795 movet;
921 3727 967 3783 Ο
997 3728 1167 3791 homo,
1206 3734 1257 3778 tu
1287 3724 1398 3795 quis
1425 3737 1507 3788 es,
1546 3719 1631 3789 qui
1657 3733 1739 3771 re-

166 3834 391 3902 spondeas
412 3830 559 3886 Deo?
586 3827 833 3883 Arbitror
853 3824 994 3878 enini
1022 3821 1123 3876 sub
1144 3819 1329 3874 eadem
1358 3813 1743 3886 signiﬁcatione

169 3901 396 3993 positum,
418 3921 565 3993 quod
594 3918 798 3973 dictum
826 3922 937 3980 est,‘
958 3915 1107 3966 homo
1130 3928 1148 3977 ;
1174 3910 1274 3964 sub
1302 3923 1405 3978 qua
1432 3915 1485 3961 et
1509 3903 1637 3959 illud
1664 3901 1745 3956 di-

171 4013 310 4079 citur,
338 4012 526 4067 Nonne
555 4010 786 4064 homines
814 4006 950 4069 estis,
979 4014 1025 4057 et
1050 4001 1324 4058 secundum
1356 3998 1603 4052 hominem
1628 4010 1743 4047 am-

172 4103 379 4159 bulans?
405 4103 482 4159 lhi
513 4104 662 4158 cnim
692 4098 933 4154 carnales
972 4103 1026 4150 et
1058 4092 1315 4148 animales
1355 4097 1605 4145 notantur
1646 4085 1747 4139 hoc

176 4196 391 4263 nomine,
420 4195 619 4267 quibus
660 4192 873 4257 dicitur,
905 4186 1025 4241 Non
1067 4184 1207 4256 potui
1248 4182 1386 4254 loqui
1426 4180 1562 4235 vobis
1604 4177 1750 4248 quasi

177 4289 516 4359 spiritualibus,
561 4286 653 4341 sed
693 4282 838 4354 quasi
878 4277 1201 4341 carnalibus;
1228 4284 1281 4329 et
1310 4272 1437 4328 illud
1460 4314 1474 4334 .
1506 4270 1749 4324 Nondum

178 4383 295 4435 enim
334 4379 575 4451 poteratis
603 4393 623 4431 :
650 4374 738 4429 sed
766 4388 923 4442 neque
950 4369 1116 4423 adhuc
1143 4365 1346 4433 potestis
1364 4406 1379 4429 ,
1414 4362 1580 4416 adhuc
1619 4360 1751 4414 enim

182 4474 285 4525 estis
310 4472 539 4525 carnales
564 4468 608 4539 (l
639 4466 755 4523 Cor.
787 4480 863 4530 tit,
891 4460 1018 4534 Μ),
1046 4471 1101 4516 ct
1130 4458 1280 4521 illud,
1310 4454 1555 4510 Animalis
1584 4464 1753 4507 autem

184 4565 316 4619 homo
361 4580 460 4617 non
506 4559 717 4633 percipit
754 4572 867 4627 qua:
910 4562 1026 4608 sunt
1053 4550 1274 4622 Spiritus
1295 4547 1394 4603 Dei
1415 4545 1525 4616 (Id.
1549 4561 1606 4612 tt,
1640 4544 1750 4615 M).

183 4651 265 4708 His
300 4669 423 4723 ergo
455 4653 675 4713 dicitur,
720 4649 764 4703 0
794 4648 964 4712 homo,
1004 4653 1057 4698 tu
1092 4643 1203 4714 quis
1232 4658 1304 4705 es,
1337 4640 1422 4709 qui
1450 4636 1757 4706 respondeas

192 4743 318 4799 Deo?
358 4742 619 4816 Numquid
648 4741 768 4795 dicit
798 4740 1092 4809 ﬁgmentum
1120 4733 1163 4788 ei
1197 4732 1280 4803 qui
1309 4747 1361 4785 se
1383 4729 1551 4798 [ina-it,
1586 4729 1757 4795 Quare

188 4849 258 4889 nte
281 4836 345 4889 sic
371 4834 574 4907 fecisti?
596 4833 695 4886 Aut
725 4847 823 4884 non
850 4828 994 4882 habet
1022 4832 1314 4897 potestatem
1340 4821 1531 4892 ﬁgulus
1560 4820 1673 4885 luti,
1697 4833 1759 4872 ea:

192 4927 343 4981 eadem
362 4926 714 4996 conspersione
734 4924 900 4993 facere
919 4917 1061 4972 aliud
1080 4914 1278 4988 quidem
1305 4928 1390 4966 vas
1416 4912 1466 4966 in
1496 4913 1754 4973 honorem,

192 5020 318 5071 aliud
340 5020 389 5071 in
418 5014 815 5072 contumeliam?
843 5012 919 5066 Eo
951 5012 1065 5081 ipso
1097 5007 1323 5061 fortasse
1363 5002 1494 5059 satis
1528 5000 1760 5056 ostendit

196 5125 246 5164 se
271 5112 459 5165 homini
488 5109 691 5164 carnali
718 5107 898 5175 loqui;
930 5102 1179 5172 quoniam
1222 5097 1323 5151 hoc
1361 5096 1517 5151 limus
1546 5094 1659 5164 ipse
1683 5091 1759 5147 si-

196 5203 409 5268 gniﬁcat,
452 5202 589 5256 unde
634 5200 836 5271 primus
892 5196 1052 5249 homo
1096 5193 1356 5247 formatus
1386 5199 1467 5243 est
1502 5195 1597 5243 :ct
1638 5185 1759 5255 quia

201 5309 385 5359 mines,
428 5305 486 5349 ut
534 5294 637 5363 jam
686 5286 1135 5352 commemoravi,
1176 5281 1465 5339 secundum
1513 5277 1760 5334 eumdem

260 5404 273 5433 ι
296 5410 408 5451 Tres
431 5403 633 5451 \‘aticani
658 5408 785 5458 lilss.,
823 5407 1037 5449 summat.
1063 5392 1303 5458 Pauloque
1329 5398 1434 5458 rost
1465 5389 1617 5458 iidem
1650 5386 1763 5458 libri

205 5448 438 5585 ιέἒέρῴῖᾳ
466 5448 849 5573 (iii—o'wiirersum
880 5472 1027 5523 genus
1063 5448 1587 5517 humanum'originem
1628 5448 1764 5501 ducit

283 5538 451 5574 namus
513 5538 571 5573 et.

259 5533 451 5574 canonis
471 5533 571 5573 Im.

262 5588 279 5615 t
301 5572 422 5643 uss,
442 5572 526 5635 sed
544 5572 888 5643 tardammodo.
926 5588 1077 5643 Atque
1090 5591 1224 5643 unus
1248 5591 1311 5627 ex
1346 5576 1423 5626 his
1444 5572 1762 5643 Gouovel'ggus

208 5632 705 5707 uox-immania,
720 5632 837 5707 cum
855 5641 955 5706 ipse
976 5632 1210 5707 ιὶεζηίηιῖιη
1231 5651 1433 5707 ρεεσαης
1458 5641 1623 5707 ερθωκ
1636 5632 1764 5707 AT“?

212 5696 356 5777 altilem
378 5696 438 5759 es
473 5696 702 5777 ῑέᾷμᾳπιῑέ
733 5696 884 5765 intra,
915 5717 1000 5767 pro
1040 5696 1274 5765 largiatur
1300 5708 1351 5750 et
1376 5696 1585 5759 dicatur,
1611 5696 1761 5746 habet

212 5763 397 5829 largitur
422 5779 469 5819 et
494 5770 680 5820 dicitur.

1812 417 2123 488 Apostolutn
2152 417 2206 472 in
2233 416 2395 471 Adam
2422 416 2725 482 moriuntur,
2763 430 2920 470 unam
2953 414 3085 471 dicit
3110 430 3231 473 esse
3258 430 3395 472 con-

1810 510 2139 580 spersionem
2164 508 2421 562 omnium.
2447 507 2511 561 Et
2536 507 2773 575 quamvis
2803 506 2944 560 aliud
2976 520 3067 561 vas
3094 507 3183 560 liat
3213 507 3263 559 in
3293 506 3392 561 ho-

1811 615 2016 664 norem,
2040 598 2182 655 aliud
2210 604 2261 652 in
2288 599 2694 662 contumeliam;
2729 608 2903 651 tamen
2932 605 2983 651 et
3012 597 3138 651 illud
3162 597 3303 667 quod
3335 596 3393 653 [it

1813 694 1865 749 in
1896 694 2175 757 honorem,
2208 706 2425 747 necesse
2451 701 2533 745 est
2563 701 2619 745 ut
2651 691 3007 744 carnaleesse
3044 690 3278 758 incipiat,
3311 697 3396 742 at-

1812 800 1917 855 que
1947 783 2070 838 inde
2100 784 2151 837 in
2180 782 2507 853 spiritualem
2538 789 2817 850 consurgat
2846 789 3054 834 aetatem
3080 782 3117 832 ¹.
3143 779 3396 844 Quando-

1814 876 2025 945 quidem
2052 874 2161 944 jam
2190 876 2240 929 in
2270 876 2525 929 honorem
2558 874 2676 928 facti
2704 882 2875 939 erant,
2900 882 2952 926 et
2978 874 3028 926 in
3050 871 3263 925 Christo
3288 872 3399 941 jam

1814 967 1923 1021 nati
1949 975 2101 1020 erant
2126 983 2141 1020 :
2164 964 2257 1019 sed
2286 973 2463 1020 tamen
2490 964 2739 1034 quoniam
2775 964 3022 1033 parvulos
3056 962 3230 1017 adhuc
3261 962 3400 1015 allo-

1815 1060 2012 1130 quitur,
2056 1058 2219 1114 etiam
2264 1057 2407 1127 ipsos
2451 1056 2693 1111 carnales
2742 1055 2996 1124 appellat.
3028 1054 3212 1108 dicens
3238 1070 3250 1106 :
3279 1051 3403 1107 Non

1816 1153 1959 1224 potui
1995 1151 2133 1222 loqui
2158 1150 2293 1204 vobis
2318 1150 2460 1221 quasi
2498 1148 2867 1219 spiritualibus,
2896 1146 2985 1201 sed
3010 1147 3154 1216 quasi
3178 1145 3399 1198 carnali-

1816 1242 1924 1296 bus.
1954 1241 2114 1309 Quasi
2141 1241 2363 1310 parvulis
2388 1240 2439 1292 in
2462 1239 2656 1293 Christo
2687 1238 2765 1290 lac
2790 1237 2925 1289 vobis
2947 1247 3121 1307 potum
3140 1235 3277 1299 dedi,
3302 1251 3403 1288 non

1817 1349 2019 1399 escam;
2046 1348 2204 1402 neque
2230 1333 2362 1385 enini
2387 1330 2624 1401 poteratis
2649 1345 2667 1382 :
2690 1328 2779 1382 sed
2796 1344 2886 1381 nec
2904 1327 3070 1380 adhuc
3089 1326 3291 1396 quidem
3320 1342 3405 1395 po-

1820 1426 1992 1493 testis;
2020 1425 2190 1479 adhuc
2215 1425 2347 1479 enim
2368 1423 2485 1479 estis
2509 1422 2757 1476 carnales.
2780 1421 3032 1487 Quamvis
3057 1436 3184 1489 ergo
3209 1435 3402 1474 carna-

1819 1517 1897 1572 les
1923 1531 2019 1573 eos
2043 1531 2162 1570 esse
2190 1515 2368 1579 dicat;
2402 1524 2577 1568 tamen
2605 1513 2713 1583 jam
2746 1513 2799 1567 in
2826 1510 3036 1565 Christo
3066 1521 3240 1575 natos,
3268 1518 3323 1563 et
3349 1509 3404 1563 in

1820 1606 1913 1662 illo
1956 1607 2226 1677 parvulos,
2271 1613 2327 1660 et
2353 1606 2489 1659 lacte
2534 1603 2812 1674 putandos.
2855 1603 2918 1656 Et
2961 1601 3100 1672 quod
3146 1600 3405 1670 adiungit,

1822 1698 1934 1754 Nec
1957 1698 2127 1752 adhuc
2152 1697 2352 1768 quidem
2382 1697 2603 1766 potestis,
2633 1694 2865 1749 ostendit
2894 1692 3231 1763 prolicientes
3256 1689 3405 1744 futu-

1822 1807 1942 1848 rum
1979 1806 2099 1847 esse
2125 1798 2183 1845 ut
2212 1789 2448 1859 possint;
2474 1787 2594 1858 quia
2619 1786 2729 1856 jam
2761 1788 2811 1841 in
2844 1786 2923 1841 eis
2949 1784 3296 1854 Spiritualiter
3322 1796 3408 1837 re-

1824 1883 1964 1938 natis
1990 1870 2159 1954 gratia
2187 1881 2357 1937 fuerat
2388 1879 2631 1935 inchoata
2658 1881 2700 1931 ³.
2725 1879 2866 1947 Ergo
2884 1877 2992 1948 jam
3021 1892 3143 1931 vasa
3174 1884 3329 1931 erant
3352 1875 3409 1929 in

1824 1973 2083 2030 honorem
2129 1972 2285 2038 facta,
2314 1972 2506 2041 quibus
2531 1970 2704 2026 adhuc
2732 1978 2907 2024 tamen
2944 1977 3089 2022 recte
3121 1967 3408 2032 diceretur,

1827 2063 1874 2122 0
1900 2066 2069 2131 homo,
2094 2073 2149 2119 tu
2174 2066 2285 2135 quis
2309 2080 2377 2128 es,
2418 2063 2504 2134 qui
2533 2061 2837 2133 respondeas
2874 2059 3019 2114 Deo?
3052 2060 3117 2114 Et
3145 2059 3188 2113 si
3222 2059 3413 2112 talibus

1824 2166 1972 2213 recte
2010 2157 2224 2220 dicitur,
2257 2156 2423 2209 multo
2467 2155 2668 2209 rectius
2707 2155 2785 2208 eis
2827 2153 2914 2222 qui
2943 2152 3025 2206 vel
3058 2150 3290 2205 nondum
3339 2150 3413 2206 ita

1825 2249 2121 2318 regenerati
2151 2255 2295 2313 sunt,
2321 2249 2405 2301 vel
2432 2247 2590 2301 etiam
2619 2246 2669 2298 in
2700 2244 3074 2299 contumeliam
3108 2242 3250 2297 facti.
3281 2240 3410 2296 Illud

1825 2339 2196 2395 tantummodo
2235 2339 2549 2393 inconcussa
2578 2336 2680 2391 ﬁde
2711 2342 2974 2400 teneatur,
3016 2333 3155 2403 quod
3192 2349 3297 2387 non
3342 2334 3415 2388 sit

1828 2432 2081 2502 iniquitas
2106 2430 2245 2500 apud
2271 2430 2434 2484 Deum
2463 2447 2475 2482 :
2508 2428 2599 2499 qui
2625 2429 2737 2482 sive
2761 2426 2941 2491 donet,
2972 2425 3082 2479 sive
3112 2425 3287 2493 exigat
3314 2423 3416 2478 de-

1829 2521 2019 2589 bitum,
2043 2537 2141 2576 nec
2167 2522 2257 2577 ille
2283 2536 2311 2575 a
2338 2536 2442 2591 quo
2464 2520 2645 2588 exigit,
2674 2527 2818 2572 recte
2847 2527 3017 2587 potest
3043 2516 3111 2572 de
3141 2515 3416 2584 iniquitate

1828 2613 1945 2684 ejus
1968 2613 2243 2684 conqueri,
2264 2628 2364 2667 nec
2389 2612 2479 2665 ille
2499 2612 2581 2665 cui
2604 2611 2785 2673 donat,
2813 2611 2970 2664 debet
2993 2608 3060 2663 de
3080 2608 3191 2663 suis
3211 2607 3419 2661 meritis

1829 2705 2066 2778 gloriari.
2095 2706 2161 2760 Et
2191 2704 2278 2759 ille
2301 2704 2465 2766 enim,
2496 2703 2594 2756 nisi
2624 2701 2766 2771 quod
2797 2700 3039 2765 debetur,
3068 2713 3172 2752 non
3200 2698 3372 2753 reddit
3400 2713 3420 2753 :

1830 2810 1885 2857 et
1910 2799 2002 2856 ille
2026 2814 2131 2854 non
2162 2796 2339 2862 habet,
2371 2795 2472 2849 nisi
2501 2794 2643 2865 quod
2674 2792 2899 2862 accepit.

1903 2892 1993 2949 18.
2032 2889 2138 2946 Sed
2168 2886 2473 2943 enitendum
2505 2894 2587 2942 est
2614 2884 2715 2940 hoc
2742 2885 2878 2947 loco,
2909 2882 2952 2937 si
2987 2882 3240 2937 Dominus
3268 2880 3421 2951 adio-

1833 2993 1942 3052 vet,
1977 2983 2161 3038 videre
2199 2979 2645 3051 quemadmodum
2684 2988 2739 3032 et
2783 2975 2910 3032 illud
2947 2991 3131 3031 verum
3160 2976 3249 3041 sit,
3277 2975 3419 3045 quod

1833 3078 2089 3147 scriptum
2117 3084 2218 3142 est,
2246 3072 2393 3128 Nihil
2420 3073 2572 3127 odisti
2600 3087 2772 3125 eorum
2798 3085 2913 3141 quae
2953 3068 3153 3140 μεῖραξ(
3181 3067 3310 3136 Sap.
3342 3082 3419 3132 si,

1834 3170 1952 3240 25);
1976 3179 2031 3225 et
2056 3167 2205 3233 illud,
2232 3165 2393 3220 Iacob
2421 3164 2595 3229 dilexi,
2614 3163 2755 3219 Esau
2777 3173 2943 3217 autem
2974 3163 3088 3216 odio
3111 3160 3263 3214 habui
3286 3160 3365 3232 (Μ
3369 3176 3427 3214 a-

1837 3268 1970 3323 lach.
1998 3266 2219 3337 1,2,5).
2261 3263 2315 3319 Si
2359 3262 2500 3318 enim
2544 3269 2824 3333 propterea
2868 3258 3007 3313 Esau
3051 3257 3174 3311 odio
3220 3256 3422 3323 habuit,

1837 3358 1959 3429 quia
1987 3372 2081 3411 vas
2108 3356 2306 3410 factum
2335 3363 2451 3409 erat
2490 3353 2541 3407 in
2571 3351 2973 3417 contumeliam,
3001 3357 3055 3403 et
3080 3347 3219 3402 aliud
3248 3362 3341 3401 vas
3371 3346 3424 3402 in

1839 3450 2120 3515 hunorem,
2164 3446 2306 3502 aliud
2351 3446 2404 3501 in
2448 3442 2825 3499 contumeliam
2872 3441 3013 3497 idem
3058 3440 3249 3510 figulus
3278 3437 3425 3505 fecit,

1840 3546 2109 3618 quomodo
2152 3543 2280 3598 nihil
2322 3541 2473 3596 odisti
2516 3555 2684 3593 eorum
2716 3553 2828 3607 qum
2871 3533 3066 3606 fecisti?
3102 3533 3240 3587 Ecce
3283 3531 3426 3586 enint

1842 3639 1956 3693 odit
1994 3638 2158 3701 Esau,
2199 3633 2340 3705 quod
2380 3646 2472 3686 vas
2515 3631 2628 3702 ipse
2658 3629 2783 3684 fecit
2814 3629 2864 3681 in
2901 3624 3296 3691 contumeliam.
3326 3621 3428 3689 Qui

1844 3730 2017 3787 nodus
2034 3730 2102 3783 ita
2120 3727 2361 3789 solvitur,
2377 3724 2421 3778 si
2438 3723 2792 3792 intelligamus
2808 3718 3042 3774 omnium
3062 3726 3430 3773 creaturarum

1846 3836 1966 3879 esse
1994 3821 2252 3875 artiﬁcem
2279 3818 2466 3872 Deum.
2490 3814 2675 3870 Omnis
2702 3821 2876 3867 autem
2908 3819 3149 3865 creatura
3176 3808 3267 3862 Dei
3296 3807 3434 3861 bona

1847 3926 1930 3973 est
1959 3916 2002 3984 (l
2033 3914 2165 3969 Tim.
2189 3928 2264 3979 tv,
2289 3910 2381 3983 4);
2412 3918 2464 3965 et
2502 3906 2676 3964 omnis
2708 3906 2867 3961 homo
2908 3903 2958 3959 in
2989 3911 3244 3973 quantum
3275 3899 3435 3953 homo

1849 4018 1953 4072 est,
1984 4015 2225 4062 creatura
2255 4013 2356 4069 est,
2398 4018 2504 4057 non
2547 4002 2598 4054 in
2639 4010 2891 4069 quantum
2931 4003 3177 4065 peccator
3214 4003 3313 4048 est.
3344 3994 3438 4049 Est

1850 4115 1978 4171 ergo
2002 4108 2211 4153 creator
2232 4097 2374 4151 Deus
2398 4104 2451 4149 et
2476 4091 2717 4159 corporis
2746 4097 2800 4143 et
2826 4087 2989 4141 animi
3032 4086 3267 4139 humani.
3293 4084 3438 4138 Neu-
3470 4094 3483 4103 ‘

1853 4202 1992 4247 trum
2042 4192 2228 4244 horutn
2274 4186 2492 4249 malum,
2534 4192 2588 4238 ct
2629 4190 2875 4235 neutrum
2930 4177 3041 4229 odit
3090 4176 3227 4228 Dens
3260 4192 3272 4226 :
3308 4174 3438 4229 nihil

1853 4286 1993 4341 enim
2033 4284 2146 4338 odit
2181 4294 2363 4334 eorum
2393 4293 2509 4347 qum
2543 4275 2683 4329 fecit.
2713 4273 2810 4327 Est
2837 4282 3012 4325 autem
3052 4268 3259 4321 animus
3299 4282 3438 4335 pra:-

1853 4380 2078 4438 stantior
2130 4387 2386 4443 corpore;
2421 4371 2561 4423 Deus
2607 4383 2737 4423 vero
2785 4375 2839 4419 ct
2880 4364 3060 4418 animo
3098 4374 3152 4416 et
3193 4375 3439 4430 corpore,

1857 4474 2133 4541 utriusque
2158 4469 2442 4524 ell'ectoret
2469 4462 2730 4524 conditor,
2750 4475 2847 4513 nec
2876 4457 2985 4511 odit
3017 4458 3066 4509 in
3100 4454 3312 4508 homine
3343 4453 3444 4507 nisi

1858 4573 2155 4639 peccatum.
2185 4559 2279 4614 Est
2319 4568 2494 4611 autem
2537 4558 2812 4625 peccatum
2854 4547 3084 4602 hominis
3124 4544 3447 4599 inordinatio

1858 4634 2016 4729 atque
2066 4650 2419 4725 perversitas;
2462 4644 2512 4700 id
2554 4653 2659 4710 est,
2698 4658 2727 4695 a
2768 4638 3132 4711 pratstautiore
3161 4634 3447 4689 Conditore

1860 4726 2088 4809 aversio,
2117 4754 2169 4799 et
2197 4742 2263 4797 ad
2294 4739 2503 4796 condita
2533 4734 2782 4790 inferiora
2811 4728 3112 4784 conversio.
3144 4726 3257 4781 Non
3292 4727 3449 4796 igitur

1860 4841 1973 4896 odit
1999 4841 2137 4893 Dens
2164 4835 2303 4889 Esau
2345 4829 2636 4888 hominem,
2668 4824 2761 4878 scd
2789 4822 2901 4877 odit
2930 4821 3069 4874 Deus
3091 4817 3229 4872 Esau
3262 4831 3450 4885 pecca-

1863 4942 2054 4988 toretn.
2079 4928 2228 4984 Sicut
2257 4923 2450 4979 dicitur
2479 4920 2546 4974 de
2575 4915 2817 4978 Domino,
2853 4913 2914 4966 In
2942 4929 3034 4967 sua
3062 4911 3267 4980 propria
3295 4907 3446 4971 venit,

1863 5035 1911 5080 ct
1935 5024 2015 5079 sui
2040 5036 2151 5075 eum
2178 5035 2278 5071 non
2307 5020 2599 5082 receperunt
2630 5006 2828 5079 (Joan.
2858 5022 2895 5067 ι,
2926 5005 2982 5058 Η
3012 5002 3031 5076 )
3058 5020 3069 5053 :
3104 5002 3293 5072 quibus
3323 4998 3449 5051 item

1865 5120 1979 5189 ipse
2008 5115 2155 5177 dicit,
2198 5111 2294 5165 Vos
2326 5116 2589 5179 propterea
2618 5120 2717 5156 non
2743 5099 2950 5163 auditis,
2978 5096 3097 5168 quia
3123 5110 3221 5148 non
3249 5091 3366 5146 estis
3391 5105 3453 5143 ea:

1869 5179 1973 5263 beo
1992 5204 2100 5277 (Id.
2128 5218 2236 5267 vnt,
2260 5200 2370 5270 47).
2395 5193 2672 5264 Quomodo
2696 5190 2794 5257 sui,
2814 5185 3081 5259 quomodo
3106 5200 3203 5237 non
3226 5197 3288 5235 ea:
3307 5179 3415 5234 Deo
3433 5192 3453 5233 :

1850 5302 1966 5357 nisi
2002 5275 2132 5369 quia
2178 5293 2305 5349 illud
2345 5292 2544 5347 dictum
2584 5296 2667 5341 est
2710 5285 2777 5338 de
2822 5280 3143 5342 hominibus,
3177 5289 3310 5345 quos
3339 5275 3453 5341 ipse

1871 5364 2127 5451 Dominus
2174 5388 2411 5449 fecerat;
2464 5379 2590 5436 illud
2636 5378 2703 5432 de
2750 5370 3135 5446 peccatoribus,
3164 5379 3295 5437 quos
3338 5364 3451 5433 ipse

1872 5486 2126 5543 Dominus
2170 5474 2460 5549 arguebat?
2504 5472 2660 5527 iidem
2705 5479 2878 5523 tamen
2924 5462 3101 5532 ipsiet
3131 5456 3450 5512 homineset

1870 5586 2214 5651 peccatores;
2256 5567 2348 5624 sed
2392 5564 2634 5619 homines
2665 5560 2756 5616 Dei
2792 5553 3112 5618 conditione,
3142 5556 3448 5621 peccatores

1938 5690 1951 5719 ί
1981 5692 2187 5744 Quatuor
2206 5688 2333 5737 Mss,
2346 5672 2576 5744 gratiam:

1938 5754 1962 5781 ι
1985 5733 2008 5793 ἶ
2019 5733 2251 5796 ictorinus
2273 5733 2447 5797 codex,
2470 5733 2756 5787 inchoatrrm.
