3988 6478
503 256 609 314 {23

508 370 720 441 propria
751 367 1038 424 voluntate.
1067 365 1221 433 Quod
1250 380 1377 434 ergo
1402 363 1564 419 Jacob
1601 362 1804 426 dilexit,
1835 359 2090 430 numquid

510 471 760 533 peccator
788 475 892 516 non
917 457 1068 514 erat?
1092 457 1197 513 Sed
1222 457 1408 513 dilexit
1429 456 1481 511 in
1500 471 1566 511 eo
1581 462 1686 510 non
1707 455 1916 523 culpam
1932 469 2090 522 quam

508 552 741 615 dolebat,
764 548 857 605 sed
881 549 1107 620 gratiam
1132 563 1292 618 quam
1318 547 1570 601 donabat.
1602 545 1735 600 Nam
1762 552 1819 600 et
1851 543 2093 599 Christus

509 660 609 714 pro
655 642 830 712 impiis
877 649 1116 696 mortuus
1159 648 1243 696 est
1283 640 1457 711 (Rom.
1488 654 1541 699 v.
1565 638 1621 708 6)
1645 655 1658 691 :
1686 652 1791 691 non
1822 646 1998 692 tamen
2036 643 2096 690 ut

511 735 659 805 impii
700 732 1135 804 permanerent‘,
1165 730 1259 786 sed
1302 739 1358 785 ut
1395 728 1671 798 justilicati
1713 728 1781 782 ab
1825 726 2096 795 impietate

512 834 952 883 converterentur
969 827 1012 891 ⁸,
1040 823 1320 879 credentes
1349 821 1401 873 in
1437 835 1556 874 eum
1587 818 1676 888 qui
1702 818 1956 887 justilicat
1992 816 2095 870 im-

513 918 659 988 pium
678 917 710 987 l
730 916 818 972 Id.
846 932 921 982 tv,
945 916 1036 985 5);
1059 915 1171 969 odit
1197 913 1342 969 enim
1373 912 1508 966 Deus
1537 910 1884 979 impietatem.
1916 906 2095 977 Itaque

514 1010 569 1065 in
596 1011 714 1066 aliis
738 1024 856 1065 eam
890 1010 1039 1078 punit
1078 1024 1171 1076 per
1195 1005 1588 1061 damnationem
1610 1043 1626 1068 ,
1665 1002 1716 1056 in
1756 1002 1874 1055 aliis
1911 1000 2100 1055 adimit

516 1114 613 1169 per
632 1098 1091 1170 justiﬁcationem,
1123 1093 1568 1167 quemadmodum
1605 1093 1718 1163 ipse
1751 1092 1954 1162 judicat
1979 1105 2099 1146 esse

513 1192 817 1249 faciendum
866 1190 970 1245 illis
1013 1187 1227 1260 judiciis
1276 1184 1725 1242 inscrutabilibus.
1755 1184 1823 1239 Et
1848 1182 1989 1254 quod
2032 1199 2099 1237 ex

518 1299 744 1339 numero
784 1281 1089 1351 impiorum,
1126 1293 1261 1349 quos
1302 1292 1408 1333 non
1441 1276 1715 1346 justilicat,
1744 1273 1871 1329 facit
1895 1288 2018 1327 vasa
2047 1273 2098 1326 in

518 1374 916 1437 contumeliam,
948 1387 1054 1428 non
1083 1371 1186 1427 hoc
1214 1371 1265 1425 in
1296 1370 1374 1425 eis
1398 1369 1512 1424 odit
1541 1367 1683 1438 quod
1714 1367 1837 1423 facit
1864 1386 1878 1422 :
1905 1366 2102 1436 quippe

518 1466 573 1521 in
614 1475 868 1537 quantum
912 1464 1058 1534 impii
1101 1470 1245 1529 sunt,
1287 1461 1643 1517 exsccrabilcs
1667 1468 1824 1525 sunt;
1856 1460 1909 1514 in
1935 1474 2107 1531 quan-

521 1565 635 1613 tum
662 1564 837 1610 autem
866 1568 990 1608 vasa
1020 1554 1172 1618 tiunt.
1196 1552 1262 1607 ad
1293 1552 1522 1621 aliquem
1553 1565 1706 1605 usmn
1736 1550 1888 1614 litutt,
1915 1557 1976 1604 ut
2009 1564 2105 1618 per

517 1646 704 1705 eorum
747 1645 1019 1701 ordinatas
1062 1659 1244 1713 pmuas
1283 1658 1406 1696 vasa
1433 1657 1553 1711 quae
1586 1640 1717 1694 fmnt
1756 1640 1809 1694 itt
1845 1638 2102 1695 honorem

518 1737 817 1808 proﬁciant.
849 1736 965 1791 Non
994 1736 1171 1804 itaque
1199 1734 1312 1789 odit
1335 1734 1490 1798 Deus,
1517 1747 1617 1787 nec
1645 1733 1697 1787 in
1722 1741 1977 1802 quantum
2003 1731 2105 1785 bo-

520 1830 697 1886 mincs
733 1836 879 1891 sunt,
906 1842 1009 1882 nec
1035 1827 1086 1879 in
1113 1835 1367 1894 quantum
1405 1838 1525 1878 vasa
1568 1832 1725 1890 sunt;
1768 1822 1821 1878 id
1860 1831 1962 1889 est,
2003 1836 2107 1877 nec

519 1920 664 1988 quod
705 1921 758 1973 in
786 1919 862 1974 eis
893 1918 1015 1972 facit
1040 1916 1294 1980 creando,
1320 1930 1417 1970 nec
1440 1915 1582 1985 quod
1624 1915 1676 1969 in
1707 1915 1788 1970 eis
1816 1913 1937 1969 facit
1962 1913 2107 1968 ordi-

520 2010 699 2066 nando
723 2027 735 2060 ε
762 2008 887 2062 nihil
916 2008 1059 2061 enim
1085 2005 1198 2061 odit
1226 2021 1412 2062 eorum
1440 2019 1561 2075 quae
1602 2004 1747 2063 fecit.
1783 2004 1888 2061 Sed
1929 2013 2105 2059 tamen

522 2100 666 2169 quod
690 2113 812 2153 vasa
839 2112 932 2153 eos
969 2096 1096 2151 facit
1130 2096 1462 2165 perditionis,
1491 2095 1558 2150 ad
1585 2110 1738 2153 nsunt
1760 2096 2108 2152 correctionis

522 2193 748 2259 aliorum
791 2190 935 2244 facit.
963 2188 1087 2245 Odit
1122 2189 1264 2243 enim
1312 2189 1361 2242 itt
1404 2189 1483 2244 eis
1525 2189 1852 2258 impietatem
1877 2189 1919 2255 ³,
1946 2204 2105 2260 quam

522 2282 638 2350 ipse
662 2296 767 2334 non
799 2280 939 2335 fecit.
963 2278 1110 2337 Sicut
1140 2279 1283 2334 enim
1308 2280 1471 2348 judex
1507 2280 1558 2334 itt
1593 2280 1806 2336 homine
1843 2280 1955 2336 odit
1998 2280 2109 2335 fur-

522 2384 656 2435 tum,
701 2372 795 2428 sed
837 2388 942 2425 non
983 2371 1097 2425 odit
1136 2371 1279 2441 quod
1343 2371 1500 2426 datur
1537 2372 1603 2426 ad
1645 2373 1951 2439 metallum;
1981 2372 2107 2429 illud

521 2465 664 2519 enim
693 2463 797 2529 fur,
824 2464 925 2518 hoc
945 2462 1109 2533 judex
1135 2464 1294 2518 facit:
1325 2464 1396 2519 ita
1422 2465 1564 2520 Deus
1590 2464 1731 2534 quod
1758 2481 1822 2520 ex
1848 2479 2106 2535 consper-

522 2558 675 2611 sione
702 2556 984 2625 impiorum
1015 2554 1140 2610 facit
1170 2570 1292 2610 vasa
1323 2556 1654 2624 perditionis,
1683 2572 1789 2611 non
1826 2557 1938 2613 odit
1965 2557 2106 2628 quod

486 2647 666 2720 ~facit,
700 2647 750 2702 id
793 2656 896 2710 est,
928 2661 1062 2716 opus
1089 2646 1440 2702 ordinationis
1488 2662 1600 2701 sua:
1647 2649 1699 2702 in
1740 2662 1896 2717 poena
1931 2648 2107 2703 debita

522 2739 860 2809 pereuntium
889 2737 933 2805 ⁸,
964 2738 1015 2792 itt
1054 2752 1159 2808 qua
1198 2738 1536 2793 occasionem
1565 2738 1753 2794 salutis
1780 2739 1853 2794 illi
1881 2755 2107 2810 quorum

521 2830 843 2894 miseretur,
911 2828 1205 2883 inveniant;
1256 2827 1345 2883 Sic
1400 2828 1664 2883 Pharaoni
1724 2828 1925 2885 dictum
1983 2839 2106 2895 est,

521 2919 603 2974 Ad
656 2921 750 2973 hoc
795 2929 842 2974 te
888 2919 1100 2973 excitavi
1125 2959 1141 2984 ,
1193 2927 1248 2972 ut
1310 2920 1571 2972 ostendam
1623 2919 1676 2974 in
1732 2929 1781 2974 te
1836 2922 2109 2989 potentiam

520 3027 719 3076 meam,
759 3021 805 3064 et
851 3020 904 3063 ut
949 3010 1278 3064 annuntietur
1327 3025 1508 3064 nomen
1552 3027 1719 3065 meum
1770 3012 1823 3065 in
1877 3013 2113 3067 universa

523 3110 679 3170 terra.
720 3100 843 3154 lltec
878 3099 1264 3155 demonstratio
1306 3099 1555 3168 potentia
1581 3099 1699 3165 Dei,
1732 3110 1786 3157 et
1824 3102 2107 3157 annuntia-

523 3190 600 3246 tio
643 3190 877 3245 nominis
915 3190 1032 3260 ejus
1078 3192 1132 3244 in
1178 3190 1426 3246 universa
1476 3198 1614 3245 terra
1664 3191 1879 3260 prodest
1925 3193 2004 3249 eis
2054 3201 2111 3249 ttt

524 3283 767 3345 timeant,
798 3291 853 3338 et
879 3283 990 3337 vias
1028 3297 1153 3337 suas
1190 3282 1492 3352 corrigunt,
1528 3282 1721 3353 quibus
1745 3285 1952 3339 vacatio
1991 3286 2109 3343 talis

521 3375 786 3445 congruit.
831 3373 920 3430 Sic
957 3382 1346 3444 consequenter
1386 3373 1514 3429 dicit
1549 3389 1564 3428 :
1613 3374 1674 3430 Si
1724 3385 1892 3430 autem
1938 3376 2110 3434 uolens

523 3466 662 3521 Deus
687 3465 944 3520 ostendere
970 3465 1097 3519 iram
1118 3506 1133 3530 ,
1161 3475 1207 3519 et
1245 3464 1589 3520 demonstrare
1629 3468 1901 3536 potentiam
1927 3486 2071 3524 suam
2088 3511 2105 3537 ,

522 3555 690 3609 attulit
719 3556 775 3609 in
802 3554 960 3609 multa
988 3556 1230 3627 patientia
1255 3571 1375 3610 uasa
1400 3557 1511 3623 iraa,
1537 3574 1649 3628 qua:
1674 3562 1896 3631 perfecta
1913 3569 2029 3614 sunt
2056 3562 2110 3615 in

523 3646 854 3716 perditionem
889 3662 908 3700 :
934 3647 1268 3712 subauditur,
1317 3647 1391 3702 Tu
1429 3649 1542 3717 quis
1569 3665 1641 3715 cs,
1674 3650 1763 3718 qui
1807 3651 2109 3722 respondeas

522 3736 631 3792 Deo
648 3737 674 3790 ?
700 3746 755 3791 ut
782 3747 1093 3794 recurrcnte
1122 3738 1382 3793 sententia
1409 3738 1477 3793 ad
1504 3739 1663 3794 verba
1688 3739 1985 3808 superiora,
2008 3741 2111 3798 iste

522 3830 593 3884 sit
621 3844 808 3885 sensus
840 3845 855 3882 :
886 3829 941 3885 Si
974 3830 1157 3885 volens
1172 3830 1311 3885 Deus
1341 3830 1622 3885 ostendere
1646 3831 1800 3899 iram,
1823 3834 2001 3888 attulit
2020 3849 2111 3889 va-

414 3926 427 3933 ‘
523 3936 582 3974 sa
611 3920 736 3986 irai;
764 3934 818 3975 tu
848 3920 968 3991 quis
1004 3935 1061 3975 es
1081 3963 1096 3985 ,
1127 3921 1215 3991 qui
1246 3920 1571 3991 respondeas
1598 3922 1746 3977 Deo?
1782 3922 1898 3978 Non
1931 3933 2107 3981 autem

521 4011 694 4065 solum
724 4012 891 4064 uolens
915 4010 1172 4065 ostendere
1196 4012 1353 4077 iram,
1382 4019 1429 4065 et
1468 4011 1808 4068 demonstrare
1838 4016 2111 4085 potentiam

522 4120 670 4156 suam
697 4105 861 4157 attulit
896 4104 947 4158 in
977 4104 1134 4157 ntulta
1162 4104 1399 4174 patientia
1438 4120 1554 4158 uasa
1592 4104 1702 4171 iraa,
1740 4122 1853 4172 qua:
1889 4108 2112 4178 perfecta

522 4208 637 4250 sunt
658 4196 709 4250 in
739 4197 1099 4265 perditionem;
1127 4195 1217 4251 sed
1248 4196 1406 4250 etiam
1432 4195 1572 4265 quod
1597 4197 1855 4267 sequitur,
1885 4208 1938 4253 ut
1968 4209 2113 4255 notas

526 4293 709 4362 faceret
747 4290 943 4344 divitias
977 4290 1152 4360 gloria:
1187 4304 1292 4343 sua:
1325 4288 1377 4343 in
1420 4305 1538 4343 vasa
1572 4290 1944 4346 ntiseticordiaz.
1974 4291 2113 4359 Quid

522 4382 664 4436 enim
696 4380 912 4449 prodes;
944 4380 1083 4433 vasis
1114 4377 1359 4448 perfectis
1390 4379 1441 4432 in
1483 4379 1853 4449 perditionem,
1881 4383 2020 4451 quod
2050 4399 2110 4437 ea

526 4472 786 4543 patienter
813 4470 951 4524 Deus
978 4470 1223 4535 sustinet,
1260 4477 1318 4523 ut
1349 4469 1592 4525 ordinate
1626 4470 1968 4540 disperdat“,
1998 4482 2111 4527 uta-

526 4574 716 4634 turque
737 4562 842 4618 illis
872 4560 936 4615 ad
962 4561 1368 4614 instrumentum
1395 4560 1580 4616 Salutis
1607 4561 1855 4629 aliorum,
1884 4579 2110 4634 quorum

525 4653 851 4709 miseretur?
874 4651 978 4707 Sed
1012 4651 1113 4705 illis
1142 4650 1320 4720 utique
1354 4650 1590 4719 prodest,
1621 4652 1689 4707 ad
1718 4669 1942 4723 quorum
1967 4656 2109 4712 salu-

525 4755 634 4801 tem
662 4745 776 4798 istis
799 4744 876 4799 sic
898 4744 1096 4805 utitur;
1129 4750 1180 4795 ut
1211 4742 1347 4797 sicut
1375 4741 1629 4811 scriptum
1657 4752 1758 4810 est,
1791 4744 1967 4815 justus
1996 4762 2112 4801 ma-

527 4850 627 4888 nus
662 4834 800 4887 lavet
827 4833 877 4886 in
906 4831 1163 4903 sanguine
1192 4832 1522 4902 peccatoris(
1550 4831 1692 4887 Psal.
1730 4850 1865 4904 Lvu,
1896 4837 1956 4891 ll
1982 4836 2032 4908 ),
2059 4837 2113 4894 id

526 4936 626 4986 est.
648 4922 931 4978 mandetur
950 4922 1016 4977 ab
1036 4922 1284 4993 operibus
1305 4921 1456 4977 malis
1477 4938 1571 4992 per
1592 4923 1831 4982 timorem
1853 4924 1966 4995 Dei,
1989 4943 2112 4985 cum

526 5014 670 5069 videt
698 5013 952 5083 supplicia
975 5020 1333 5081 peccatorum.
1365 5011 1517 5079 Quod
1543 5027 1671 5085 ergo
1696 5015 1865 5071 volens
1885 5019 2111 5074 ostende—

525 5122 581 5160 re
606 5106 755 5170 iram,
787 5104 950 5157 attulit
971 5119 1088 5158 vasa
1107 5103 1214 5170 irae,
1246 5103 1389 5158 valet
1409 5102 1476 5159 ad
1498 5104 1677 5160 utilem
1705 5105 1824 5163 aliis
1852 5117 2110 5179 pratstan-

529 5329 570 5372 ⁸
597 5261 612 5292 ι
640 5257 775 5319 miti,
825 5263 877 5307 ut
900 5255 1037 5321 impii
1068 5255 1241 5307 mortui
1277 5262 1627 5323 permanerent.
1656 5259 1822 5323 Abest,
1853 5261 2049 5325 mortui,
2083 5276 2112 5313 a

570 5335 637 5372 ss.

570 5335 637 5374 SS.

595 5364 766 5443 ritssq
792 5385 1107 5432 mutarentur.
1275 5442 1279 5443 ν
2110 5364 2167 5414 θ

595 5448 616 5478 ³
635 5453 687 5516 tn
710 5451 816 5518 Mss.
836 5443 1044 5492 habetur
1066 5443 1137 5491 sic
1161 5442 1283 5518 {sed
1307 5447 1464 5518 tamen
1488 5444 1922 5518 utrvasa'eosfariat
1945 5447 2110 5518 perdi-

529 5506 688 5567 timtis,
720 5511 785 5557 ad
817 5518 955 5557 usum
999 5504 1307 5556 correctionis
1346 5504 1577 5566 aliorum,
1619 5505 1721 5556 odit
1760 5504 1811 5558 in
1842 5507 1910 5560 tis
1940 5504 2111 5574 impie-

532 5575 701 5630 tatem,
737 5575 831 5618 etc.

596 5632 618 5661 δ
635 5639 813 5678 omnes
826 5627 937 5678 fere
959 5635 1085 5693 Mss"
1106 5627 1427 5693 peretmtibus.

599 5695 619 5726 ³
635 5695 707 5741 sic
731 5699 834 5742 Mss.
864 5700 915 5743 At
943 5692 1078 5753 editi,
1101 5700 1150 5742 ut
1169 5692 1448 5742 ordinantur
1467 5692 1731 5756 disperdat.

1104 249 1190 306 DE
1231 247 1540 304 DlVERSlS
1576 242 2093 314 QUIESTlONlBUS
2129 242 2219 296 AD
2256 242 2848 316 SIMPLICIANUM,-S.
2891 247 3258 305 AUGESTINI

3744 250 3832 308 iii

2200 341 2417 418 tandum
2448 363 2713 431 timorem,
2736 375 2781 420 et
2808 376 2864 419 ut
2893 377 3036 422 notas
3062 374 3246 440 faceret
3276 370 3509 425 divitias
3531 371 3721 441 gloria:
3737 384 3839 429 sui!

2198 452 2253 506 in
2267 469 2387 507 uasa
2400 455 2774 521 misericordice,
2799 473 2913 527 quae
2934 456 3234 529 praeparavit
3256 460 3316 513 in
3343 458 3610 530 gloriam.
3631 461 3831 519 Etenim

2201 541 2480 598 obduratio
2499 544 2588 598 illa
2615 545 2894 615 impiorum
2917 555 3197 618 utrumque
3213 548 3616 617 demonstrat,
3642 556 3831 622 etquid

2203 630 2497 687 timendum
2552 633 2651 700 sit,
2708 645 2763 689 ut
2812 636 3036 706 quisque
3089 638 3291 707 pietate
3350 650 3730 695 convertatur
3774 643 3832 699 ad

2202 720 2403 787 Deum;
2446 733 2499 778 et
2543 733 2755 793 quantae
2795 726 3015 796 agenda:
3041 728 3145 781 sint
3192 729 3398 798 gratiae
3444 730 3833 787 misericordia:

2207 813 2320 878 Dei,
2353 816 2442 884 qui
2470 816 2523 869 in
2544 817 2767 872 aliorum
2797 831 2949 888 pinna
2974 817 3101 889 quid
3128 819 3248 875 aliis
3275 820 3464 876 donet
3497 822 3763 877 ostendit.
3782 823 3829 879 Si

2204 913 2380 959 autem
2408 907 2515 973 illa,
2538 922 2694 976 quam
2731 909 2800 964 de
2831 909 2950 964 aliis
2983 910 3162 981 exigit,
3186 926 3300 966 non
3336 921 3430 967 est
3454 912 3612 983 justa
3651 929 3827 983 pinna;

2207 994 2339 1051 nihil
2364 995 2526 1051 donat
2559 999 2699 1062 aliis,
2731 1014 2760 1052 a
2792 1000 2985 1069 quibus
3012 1016 3129 1057 eam
3162 1016 3270 1058 non
3305 1004 3513 1073 exigit.
3548 1003 3691 1072 Quia
3716 1022 3830 1063 vero

2206 1086 2293 1140 illa
2331 1088 2470 1157 justa
2499 1100 2600 1154 est.
2624 1100 2680 1146 et
2701 1092 2843 1146 nulla
2867 1102 2950 1148 est
2976 1094 3223 1164 iniquitas
3262 1096 3427 1165 apud
3469 1096 3831 1155 vindicantem

2208 1177 2399 1246 Deum,
2422 1180 2540 1249 quis
2566 1180 2795 1237 sufficiat
2815 1197 2974 1253 agere
3000 1186 3195 1254 gratias
3221 1185 3275 1240 ei
3305 1187 3407 1256 qui
3440 1186 3554 1243 hoc
3580 1190 3826 1256 remittit,

2207 1268 2349 1338 qttod
2373 1270 2417 1323 si
2443 1270 2600 1326 vellet
2626 1272 2840 1343 exigere
2857 1313 2874 1341 ,
2903 1289 3059 1330 nemo
3086 1290 3147 1330 se
3175 1284 3332 1332 recte
3358 1276 3590 1333 diceret
3614 1293 3724 1335 non
3743 1280 3831 1335 de.

2210 1358 2336 1415 bere
2351 1361 2375 1413 ‘l

2280 1452 2371 1508 19.
2414 1453 2551 1521 Quos
2587 1463 2636 1509 et
2663 1457 2853 1511 uocauit
2891 1474 3013 1522 nos,
3046 1458 3244 1531 inquit,
3283 1478 3402 1516 non
3445 1463 3627 1519 solum
3650 1463 3828 1519 exiu-

2209 1541 2354 1608 dteis,
2382 1544 2470 1597 sed
2493 1544 2647 1599 etiam
2674 1563 2738 1600 ea:
2761 1546 3005 1604 Gentibus
3027 1567 3047 1604 :
3069 1551 3119 1606 id
3140 1560 3244 1619 est,
3272 1568 3413 1608 vasa
3445 1553 3831 1612 misericordia

2209 1646 2330 1702 qua:
2354 1636 2667 1702 prmparavit
2695 1636 2747 1690 in
2771 1638 3016 1707 gloriam.
3040 1640 3154 1695 Non
3176 1643 3330 1698 enim
3363 1659 3572 1701 omnes
3598 1645 3828 1714 Judmos,

2210 1722 2306 1777 sed
2334 1737 2401 1779 ex
2424 1722 2624 1780 Iudaeis
2648 1744 2660 1780 :
2684 1742 2784 1783 nec
2807 1743 2997 1785 omnes
3021 1732 3241 1788 omnino
3264 1733 3542 1792 homines
3562 1734 3822 1805 Gentium,

2210 1814 2306 1871 scd
2331 1830 2396 1870 ex
2427 1814 2707 1873 Gentibus.
2735 1818 2852 1875 Utta
2881 1830 2966 1877 est
2993 1823 3136 1878 enim
3167 1839 3231 1880 ex
3267 1824 3457 1882 Adam
3486 1842 3673 1884 massa
3709 1843 3829 1898 pec-

2210 1915 2451 1965 catorum
2478 1917 2537 1965 et
2564 1910 2869 1980 impiorum,
2898 1914 2949 1968 in
2979 1930 3079 1985 qua
3127 1925 3182 1973 ct
3216 1916 3405 1974 Judaei
3435 1928 3497 1975 et
3523 1920 3727 1977 Gentes
3748 1936 3826 1977 re-

2211 2009 2354 2056 mota
2375 2001 2543 2071 gratia
2575 2002 2667 2059 Dei
2696 2003 2763 2059 ad
2794 2020 2949 2060 unam
2981 2008 3247 2075 pertinent
3267 2013 3753 2082 conspersionem.
3771 2013 3822 2068 Si

2212 2090 2358 2146 enim
2399 2090 2591 2162 ﬁgulus
2625 2093 2724 2151 luti
2760 2110 2825 2151 ex
2866 2096 3053 2152 eadem
3093 2102 3503 2169 conspersione
3543 2102 3674 2159 facit
3697 2103 3823 2159 aliud

2213 2196 2306 2237 vas
2334 2182 2387 2238 in
2424 2183 2678 2240 honorem
2703 2228 2720 2253 ,
2745 2187 2889 2243 aliud
2918 2203 3012 2244 vas
3048 2190 3099 2244 in
3128 2194 3569 2260 contumeliam;
3609 2196 3821 2252 manife-

2212 2280 2354 2329 stum
2394 2281 2478 2329 est
2509 2283 2683 2331 autem
2719 2278 2861 2356 quod
2896 2288 2951 2333 et
2979 2294 3044 2335 ex
3073 2280 3277 2337 iudicis
3308 2293 3448 2339 sunt
3490 2287 3599 2341 alia
3631 2302 3751 2342 vasa
3776 2288 3823 2343 iu

2212 2361 2494 2430 honorem,
2521 2366 2622 2421 alia
2647 2367 2700 2422 in
2721 2371 3119 2439 contumeliam,
3145 2374 3290 2429 sicut
3311 2392 3384 2432 ex
3408 2376 3680 2435 Gentibus
3707 2394 3818 2436 :se-

2212 2455 2392 2526 quitur
2432 2467 2489 2513 ut
2529 2458 2594 2514 ad
2636 2475 2792 2515 unam
2833 2466 3272 2533 conspersionem
3318 2484 3525 2525 omnes
3569 2471 3823 2541 pertinere

2214 2546 2595 2618 intelligantur.
2652 2551 2854 2607 Deinde
2908 2555 3093 2626 incipit
3150 2557 3394 2614 reddere
3459 2563 3820 2618 attestatioues

2214 2638 2496 2709 Prophetas
2514 2641 2531 2673 ¹
2561 2642 2783 2714 singulis
2806 2646 3092 2716 generibus
3121 2662 3398 2706 converso
3438 2654 3657 2711 ordine.
3686 2654 3823 2709 Prius

2213 2731 2356 2786 enim
2386 2732 2521 2788 dixit
2560 2752 2623 2790 ea:
2641 2735 2839 2792 Judwis
2860 2740 2903 2805 ',
2936 2741 3200 2809 posterius
3236 2759 3311 2798 ea:
3338 2743 3597 2802 Gentibus
3635 2766 3653 2803 :
3690 2747 3820 2818 prius

2214 2830 2392 2877 autem
2420 2823 2591 2879 reddit
2633 2827 2993 2884 testimonium
3036 2846 3133 2901 pro
3173 2831 3489 2905 Gentibus,
3518 2838 3712 2894 deinde
3739 2852 3821 2908 pro

2212 2914 2429 2971 Iudaeis.
2470 2916 2671 2973 Etenim
2705 2921 2838 2974 sicut
2887 2921 3014 2976 Osce
3050 2925 3205 2989 dicit,
3268 2926 3482 2985 Vocabo
3505 2948 3612 2994 non
3647 2931 3818 3002 plebem

2214 3022 2397 3071 meam,
2426 3006 2620 3078 plebem
2641 3027 2802 3064 meam
2833 3053 2848 3077 ,
2878 3021 2923 3066 et
2950 3030 3049 3068 non
3071 3015 3335 3083 dilectam,
3361 3021 3611 3077 dilectam
3638 3041 3657 3078 :
3676 3032 3717 3076 et
3735 3022 3818 3076 erit

2213 3095 2267 3148 in
2296 3095 2405 3150 loco
2425 3097 2511 3151 ubi
2534 3098 2721 3153 dictant
2744 3111 2838 3169 est,
2870 3101 2989 3157 Non
3024 3106 3243 3175 populus
3273 3126 3426 3168 meus
3452 3129 3563 3181 vos,
3588 3115 3657 3168 ibi
3684 3129 3817 3168 voca-

2214 3183 2399 3241 buntur
2424 3188 2522 3257 ﬁlii
2555 3187 2652 3243 Dei
2676 3191 2772 3246 viui
2793 3208 2811 3246 :
2838 3193 2912 3248 De
2940 3194 3201 3253 Gentibus
3230 3199 3568 3273 intelligitur
3606 3203 3813 3268 dictum,

2214 3276 2334 3346 quia
2367 3293 2469 3333 non
2492 3278 2757 3336 habebant
2780 3281 3099 3340 destinatum
3122 3303 3288 3343 unum
3315 3294 3709 3349 sacrificiorum
3736 3293 3813 3348 lo-

2213 3384 2357 3438 cum,
2387 3371 2524 3427 sicut
2571 3371 2739 3428 Judaei
2771 3375 2822 3429 itt
2851 3374 3165 3432 Jerusalem.
3195 3380 3345 3437 Missi
3397 3395 3531 3441 sunt
3553 3397 3725 3441 autem
3750 3383 3807 3437 ad

2214 3459 2414 3517 Gentes
2464 3465 2726 3533 Apostoli,
2768 3476 2823 3521 ut
2855 3468 2907 3522 in
2936 3468 3054 3525 loco
3079 3486 3176 3525 suo
3203 3476 3410 3546 quique
3436 3479 3737 3541 crederent,
3764 3484 3810 3530 et

2212 3550 2533 3623 ubicumque
2545 3554 2916 3625 credidissent,
2931 3558 2998 3612 ibi
3014 3561 3335 3619 sacriﬁcium
3354 3567 3535 3623 laudis
3550 3568 3790 3624 offerrent

2213 3640 2404 3729 quibus
2426 3642 2573 3698 dedit
2610 3655 2927 3716 potestatem
2969 3650 3105 3704 filios
3133 3651 3224 3707 Dei
3251 3655 3371 3710 fieri
3406 3656 3662 3729 (Joan.t,
3697 3655 3809 3725 19.).

2216 3726 2384 3786 Isaias
2427 3741 2613 3800 autem,
2657 3735 2845 3806 inquit,
2895 3738 3082 3792 clamat
3134 3757 3227 3810 pro
3279 3726 3474 3801 Israel.
3521 3747 3602 3803 Ne
3641 3760 3808 3803 rursns

2215 3834 2403 3878 omnes
2428 3823 2680 3880 lsraelita‘
2702 3827 2753 3881 in
2783 3829 3133 3898 perditionem
3158 3832 3263 3888 isse
3284 3837 3586 3894 credantur
3605 3838 3648 3902 ⁸,
3669 3836 3810 3894 docet

2214 3920 2268 3968 et
2297 3913 2419 3968 inde
2448 3914 2581 3970 facta
2609 3917 2710 3970 alia
2744 3933 2868 3974 vasa
2895 3919 2947 3975 in
2980 3919 3235 3978 honorem
3256 3966 3271 3989 ,
3301 3927 3407 3982 alia
3449 3930 3503 3983 in
3539 3937 3805 3985 contume-

2216 4005 2360 4063 liam.
2392 4006 2455 4062 Si
2493 4009 2681 4079 fuerit,
2721 4011 2918 4081 inquit,
2952 4031 3188 4070 numerus
3213 4018 3445 4085 ﬁliorum
3492 4021 3659 4078 Israel

2216 4113 2372 4152 arena
2397 4100 2553 4154 maris
2572 4142 2587 4165 ,
2625 4102 2850 4172 reliquie
2869 4107 3036 4170 salva:
3067 4107 3209 4174 ﬂent.
3242 4109 3458 4168 Caetera
3485 4128 3614 4185 ergo
3646 4113 3801 4173 turba.

2216 4206 2342 4247 vasa
2378 4191 2609 4262 perfecta
2648 4193 2714 4247 ad
2756 4195 3125 4264 perditionem.
3168 4197 3390 4257 Verbum
3416 4207 3555 4259 enim
3588 4218 3805 4260 consult-

2215 4299 2360 4338 mans
2379 4293 2425 4338 et
2445 4284 2688 4352 breviatis,
2714 4287 2904 4358 inquit,
2936 4290 3086 4359 faciet
3112 4289 3365 4351 Dominus
3398 4313 3555 4367 super
3591 4306 3802 4351 terram:

2218 4374 2270 4429 id
2296 4383 2400 4442 est,
2449 4383 2507 4429 ttt
2545 4378 2864 4447 compendio
2894 4380 3014 4437 lidei
3043 4397 3138 4450 per
3164 4386 3394 4453 gratiam
3439 4389 3618 4443 salvos
3664 4386 3805 4441 faciat

2217 4463 2520 4531 credentes,
2551 4480 2654 4519 non
2685 4480 2778 4537 per
2804 4468 3218 4527 innumerabiles
3239 4475 3666 4541 observationes,
3695 4475 3800 4545 qni-

2217 4554 2316 4610 bus
2346 4555 2433 4609 illa
2467 4556 2747 4613 multitudo
2778 4560 3046 4616 serviliter
3073 4574 3292 4620 onerata
3325 4570 3686 4637 premebatur.
3712 4567 3802 4621 Per

2215 4645 2438 4717 gratiam
2459 4648 2653 4718 quippe
2676 4648 2828 4704 nobis
2853 4651 3070 4707 verbum
3091 4667 3476 4714 consummans
3497 4668 3552 4714 et
3570 4659 3799 4714 breviatis

2217 4736 2343 4793 fecit
2361 4753 2523 4808 super
2550 4748 2744 4795 terram
2766 4783 2780 4806 ,
2807 4741 2992 4798 dicctts
3023 4762 3036 4798 :
3064 4742 3261 4815 Jugum
3299 4765 3470 4805 meum
3499 4752 3608 4805 tene
3639 4758 3728 4813 est,
3756 4752 3799 4799 et

2216 4829 2414 4884 sarcina
2436 4846 2544 4884 mea
2568 4830 2687 4885 levis
2707 4842 2779 4886 est
2806 4832 3014 4904 (Matth.
3036 4837 3231 4908 xt,50).
3251 4838 3404 4907 Quod
3432 4850 3488 4896 et
3514 4842 3669 4912 paulo
3693 4844 3799 4908 post

2218 4920 2305 4976 ltic
2329 4921 2521 4977 dicitur
2551 4939 2564 4977 :
2600 4921 2771 4993 Pr0pe
2797 4934 2844 4978 te
2861 4924 2881 4956 ³
2911 4935 2983 4980 est
3003 4928 3204 4982 verbum
3233 4930 3288 4984 in
3309 4948 3398 4987 ore
3425 4942 3532 5000 tuo,
3556 4943 3601 4987 et
3620 4933 3671 4986 in
3695 4944 3798 4983 cor-

2217 5011 2403 5079 detuo,
2435 5012 2529 5066 hoc
2552 5022 2626 5067 est
2649 5014 2848 5068 verbum
2882 5016 3002 5084 ﬁdei
3041 5019 3179 5088 quod
3215 5022 3590 5091 prwdicamus;
3617 5021 3727 5092 quia
3751 5020 3794 5074 si

2216 5105 2503 5173 conﬁtearis
2536 5106 2588 5160 in
2617 5122 2705 5161 ore
2743 5115 2829 5162 tuo
2864 5108 2983 5180 quia
3025 5110 3275 5167 Dominus
3299 5123 3374 5169 est
3391 5114 3544 5171 Iesus
3575 5125 3621 5170 et
3646 5107 3793 5167 credi-

2217 5195 2349 5251 deris
2377 5196 2428 5250 in
2455 5195 2605 5252 corde
2646 5206 2733 5251 tuo
2777 5200 2895 5270 quia
2918 5199 3059 5257 Deus
3090 5203 3236 5259 illum
3252 5206 3513 5260 suscitauit
3536 5222 3570 5259 a
3602 5198 3792 5258 mortuis

2282 5328 2299 5393 ξ
2470 5328 2753 5393 prophetia.

2280 5391 2301 5422 ²
2318 5391 2708 5452 Mithridaticum
2725 5406 2789 5446 ea:
2805 5394 3009 5447 Judets.
3026 5397 3191 5461 Abest,
3203 5411 3471 5461 conversos,
3482 5413 3511 5451 a
3524 5393 3791 5459 list-P19”

2217 5464 2457 5592 TIS}???
2557 5517 3025 5592 ρενςίίιὶοηεῃιρηὶεεὶ
3037 5522 3318 5592 credantur.
3340 5530 3395 5574 At
3415 5523 3590 5573 melius
3610 5528 3704 5569 Am.
3718 5520 3783 5563 Er.

2225 5582 2277 5625 et
2301 5581 2457 5626 nostri
2479 5585 2614 5635 ωδε..
2639 5581 2691 5629 in
2745 5581 3030 5635 crditionem
3048 5585 3142 5636 isse
3160 5587 3440 5637 credantur.

2284 5638 2305 5669 δ
2326 5640 2619 5691 Particulam.
2634 5649 2696 5691 te.
2712 5595 2784 5691 iii?
2808 5646 2935 5691 ﬂ'ililt
2962 5650 3313 5691 vetustissimus
3334 5654 3433 5691 (‘an

2284 5638 2305 5669 τι
2326 5640 2619 5716 Particulant,
2634 5649 2696 5702 te,
2712 5638 2784 5691 ilif'
2808 5646 2935 5697 a-ldtt
2962 5650 3313 5701 vetustissimus
3334 5650 3630 5700 Corbeiensis
3644 5640 3780 5695 codex

2218 5714 2378 5763 grteco
2402 5714 2733 5757 CUllSt‘lliltflla.
3544 5724 3554 5735 ³
