3988 6396
168 292 286 350 1‘15,
1047 343 1052 346 .

159 403 326 456 salvus
343 398 445 449 eris.
476 390 628 449 Corde
650 386 776 443 enim
799 384 1007 439 creditur
1030 381 1097 434 ad
1117 377 1390 452 justitiam,
1414 392 1500 429 ore
1522 384 1692 426 autem

160 489 395 558 confessio
417 484 470 550 ﬁt
491 480 556 534 ad
579 481 796 532 salutem.
833 473 1004 542 (Rom.
1037 487 1089 535 ιι,
1125 467 1297 539 8-l0).
1332 467 1444 520 lloc
1467 473 1549 520 est
1575 479 1695 518 vcr—

163 579 286 632 bum
315 583 654 629 consummans
682 576 732 622 et
758 565 1012 628 brevians,
1039 560 1178 631 quod
1216 559 1331 613 fecit
1365 558 1502 610 Dens
1533 570 1695 620 super

163 681 370 728 terram,
396 680 486 735 qua
524 659 962 717 consummatione
988 664 1144 723 atque
1175 648 1528 705 breviatinne‘
1558 646 1694 700 latro

159 760 440 831 justiticatus
461 765 553 819 est,
581 753 664 821 qui
685 751 867 806 delixis
892 750 940 801 in
963 762 1119 801 cruce
1144 744 1392 799 omnibus
1419 739 1697 807 membris,

162 863 212 907 et
238 851 413 904 habens
434 847 582 901 libera
607 845 718 898 lucc
742 843 864 903 duo,
896 839 1054 895 corde
1082 836 1305 891 credidit
1323 835 1387 888 ad
1411 833 1696 902 justitiam,

159 958 250 998 ore
277 938 519 996 confessus
545 947 622 990 est
655 935 718 988 ad
757 935 1014 995 salutem;
1055 929 1340 1006 statimque
1365 926 1548 978 audire
1580 938 1695 976 tne-

158 1034 274 1097 ruit,
302 1030 448 1085 Hodie
473 1045 658 1082 mecum
703 1030 801 1080 eris
827 1027 876 1078 in
915 1023 1152 1095 paradiso
1182 1022 1200 1091 (
1224 1019 1349 1073 Luc.
1382 1034 1530 1081 χχιιι,
1563 1017 1631 1070 45

156 1125 573 1192 Conscquerentur
612 1119 753 1173 enim
803 1117 938 1170 bona
968 1128 1128 1182 Opera
1173 1113 1317 1180 ejus,
1359 1111 1401 1164 si
1450 1114 1698 1179 percepta

155 1218 305 1289 gratia
328 1215 402 1269 diu
443 1213 577 1268 inter
612 1213 854 1265 homines
899 1209 1118 1260 viveret.
1162 1203 1267 1259 Sed
1298 1212 1472 1256 tamen
1504 1215 1606 1252 non
1636 1212 1698 1252 ea

153 1314 514 1379 przccesserant,
533 1311 588 1355 ut
608 1300 848 1356 eamdem
867 1300 1093 1368 gratiam
1116 1302 1432 1356 mereretur,
1453 1307 1514 1346 ex
1538 1291 1704 1344 latro-

152 1401 287 1456 cinio
306 1398 414 1452 titus
436 1398 486 1451 in
509 1411 688 1459 cruce,
713 1409 779 1447 ex
801 1407 958 1446 cruce
981 1391 1033 1444 in
1062 1387 1360 1458 paradisum
1392 1382 1696 1438 translatus.

155 1492 222 1548 Et
239 1493 342 1546 sicut
363 1489 608 1560 prtedixit,
640 1487 829 1556 inquit,
861 1483 1046 1544 Isaias,
1073 1480 1190 1534 Nisi
1219 1481 1463 1532 Dominus
1489 1475 1701 1529 subaotlt

152 1584 392 1655 reliquisset
413 1581 547 1635 nobis
575 1597 764 1640 semen,
803 1579 929 1632 sicut
961 1574 1189 1628 Sodoma
1216 1571 1338 1643 facti
1371 1584 1589 1622 essemus
1613 1609 1624 1628 ,
1655 1575 1702 1618 et

151 1677 268 1729 sicut
303 1673 558 1727 Gomorrha
594 1669 783 1724 similes
814 1669 1098 1737 fuissemus.
1137 1661 1284 1730 Quod
1319 1660 1404 1714 hic
1433 1659 1502 1711 ait
1523 1699 1538 1722 ,
1581 1657 1700 1710 reli-

149 1767 318 1838 quisse!
341 1765 468 1818 nobis
494 1780 692 1826 semen;
721 1761 823 1815 hoc
849 1760 940 1825 ibi,
978 1757 1203 1827 reliquias
1237 1752 1390 1807 salva:
1420 1752 1557 1820 (ient.
1591 1750 1704 1804 Cic-

153 1861 238 1915 teri
275 1868 433 1913 autem
464 1867 711 1926 tanquam
746 1852 1059 1925 perditionis
1087 1865 1206 1903 vasa
1238 1848 1420 1902 debito
1446 1845 1703 1914 supplicio

151 1953 410 2021 perierunt.
440 1949 501 2002 Et
527 1956 581 2002 ut
607 1964 712 2001 non
740 1960 928 1999 omnes
953 1943 1217 2013 perissent
1237 1940 1372 1992 sicut
1399 1939 1448 1991 iu
1473 1935 1702 1990 Sodoma

153 2053 200 2096 et
239 2040 530 2104 Gomorrha,
561 2054 668 2092 non
710 2037 955 2091 meritum
997 2047 1181 2088 eorum
1223 2030 1379 2095 fecit,
1410 2026 1504 2082 sed
1535 2026 1702 2097 gratia

156 2135 236 2188 Dei
275 2132 597 2202 relinquentis
626 2144 809 2184 semen
834 2170 848 2193 ,
881 2125 1022 2182 unde
1060 2125 1160 2178 alia
1201 2122 1389 2176 messis
1437 2128 1549 2174 toto
1575 2117 1704 2172 orbe

159 2235 479 2295 consurgeret.
515 2225 622 2278 lloc
656 2232 710 2276 et
743 2221 899 2292 paulo
941 2229 1096 2289 post:
1131 2217 1220 2272 Sic
1255 2231 1405 2286 ergo,
1435 2213 1626 2283 inquit.
1657 2224 1703 2265 et

159 2318 203 2370 in
249 2319 333 2370 hoc
368 2327 575 2386 tempore
630 2313 858 2383 reliquiw
908 2328 998 2382 per
1023 2309 1311 2362 electionem
1344 2306 1521 2372 gratia:
1553 2304 1706 2356 salva:

166 2411 289 2478 {uctte
305 2415 423 2460 sunt.
451 2406 510 2459 Si
535 2416 704 2457 autem
734 2404 918 2472 gratia,
940 2401 1053 2469 jam
1084 2415 1181 2451 non
1205 2413 1266 2449 ea:
1285 2395 1552 2465 operibus;
1577 2393 1706 2445 alio-

166 2502 262 2568 quin
284 2499 428 2568 gratia
447 2500 553 2569 jam
593 2513 695 2550 non
728 2503 798 2548 est
829 2493 1014 2563 gratia.
1046 2489 1184 2556 Quid
1208 2487 1371 2558 ergo?
1403 2483 1551 2553 Quod
1572 2498 1708 2554 qucu-

173 2589 281 2644 κιαι
306 2589 470 2654 Israel,
494 2590 584 2643 ltOC
608 2604 709 2640 non
748 2595 820 2639 est
846 2592 1170 2647 consecutus;
1198 2579 1370 2633 electio
1395 2589 1560 2630 autem
1587 2593 1706 2629 con-

177 2692 316 2735 secuta
345 2692 402 2735 est
413 2697 432 2746 ;
457 2680 625 2734 caeteri
653 2695 767 2732 vero
801 2676 1034 2730 excwcati
1071 2682 1187 2728 sunt
1227 2671 1416 2743 (Rom.
1443 2686 1519 2736 XI,
1547 2669 1637 2724 5-7

181 2771 418 2828 Consecuta
467 2782 590 2827 sunt
629 2785 752 2824 vasa
802 2767 1218 2834 misericordim,
1266 2773 1531 2820 excarcata
1586 2771 1708 2817 sunt

183 2880 282 2919 vasa
300 2865 374 2920 ine
397 2883 408 2918 :
435 2881 496 2921 ex
523 2865 713 2920 eadem
739 2872 914 2917 tamen
934 2861 1334 2932 conspersionc,
1358 2859 1495 2914 sicut
1521 2858 1570 2911 in
1595 2856 1708 2926 ple-

176 2959 363 3014 nitudine
387 2959 653 3015 Gentium.

225 3049 295 3104 20.
327 3051 408 3104 Est
450 3051 598 3105 locus
642 3047 854 3117 quidam
895 3046 1184 3116 Scriptura:
1224 3043 1289 3098 ad
1336 3059 1446 3099 rem
1493 3041 1562 3098 de
1603 3055 1705 3110 qua

168 3155 284 3196 nunc
306 3143 517 3212 agimus,
549 3140 782 3194 maxime
828 3138 1189 3200 necessarios,
1224 3135 1409 3190 eadem
1449 3149 1566 3204 qua:
1598 3141 1706 3186 tra-

167 3241 278 3286 ctata
319 3241 464 3296 sunt,
507 3231 644 3284 mira
690 3229 1078 3284 contestatione
1128 3227 1494 3291 confirmans,
1542 3225 1592 3278 in
1643 3238 1708 3277 eo

167 3322 278 3378 libro
303 3325 379 3394 qui
405 3325 469 3379 ab
498 3323 619 3378 aliis
643 3321 798 3377 Jesus
832 3321 1040 3384 Siracli,
1073 3319 1141 3374 ab
1169 3320 1284 3372 aliis
1308 3319 1710 3373 Ecclesiasticus

166 3411 348 3479 dicitur,
381 3415 429 3468 in
457 3429 565 3483 quo
609 3414 679 3467 ita
710 3413 964 3482 scriptum
1005 3419 1091 3466 est
1132 3428 1145 3464 :
1183 3409 1246 3464 Et
1274 3425 1444 3462 omnes
1485 3408 1710 3461 homines

166 3503 216 3556 de
237 3505 345 3570 solo,
371 3515 413 3558 et
441 3522 502 3559 ex
535 3514 671 3558 terra
695 3503 855 3556 Adam
885 3506 904 3534 ²
934 3513 1132 3556 creatus
1161 3511 1251 3557 est.
1295 3500 1359 3554 In
1391 3500 1712 3553 multitudine

171 3595 409 3664 disciplima
443 3595 701 3650 Dominus
745 3596 994 3666 separavit
1040 3612 1146 3661 eos,
1193 3606 1239 3648 ct
1282 3594 1560 3646 immutavit
1605 3595 1710 3647 vias

167 3700 328 3741 eorum.
370 3686 432 3740 Et
465 3703 533 3740 ea:
576 3687 701 3756 ipsis
732 3686 984 3740 benedixit
1031 3697 1076 3739 et
1123 3686 1396 3752 exultat-it,
1441 3694 1485 3738 et
1527 3702 1590 3738 ea:
1633 3685 1711 3738 Itis

167 3780 450 3846 sancti/icauit
477 3792 525 3833 et
568 3780 636 3832 ad
676 3795 730 3833 se
773 3779 1082 3849 applicabit,
1124 3788 1170 3832 et
1201 3796 1261 3832 ea:
1301 3779 1424 3848 ipsis
1455 3778 1712 3831 nuiledixit

169 3871 478 3926 etliumilinrit
511 3887 533 3925 :
567 3881 616 3925 et
655 3872 893 3924 convertit
940 3869 1056 3924 illos
1085 3870 1153 3923 ad
1195 3870 1553 3923 dissensionem
1592 3870 1710 3922 illo-

167 3975 276 4013 rum.
308 3962 451 4029 Quasi
476 3965 647 4017 lutum
675 3962 822 4032 ﬁguli
856 3965 907 4014 in
939 3979 1092 4015 manu
1121 3962 1277 4032 ipsius
1307 3962 1560 4029 plasmare
1585 3959 1714 4013 illud

168 4059 207 4102 et
227 4053 495 4123 disponere,
546 4070 720 4107 omnes
747 4053 840 4108 via:
879 4055 988 4124 ejus
1031 4053 1303 4108 secundmn
1336 4053 1712 4123 dispositionem

167 4143 288 4211 ejus;
323 4147 387 4199 sic
413 4149 566 4199 homo
608 4145 664 4198 in
703 4160 857 4197 manu
885 4145 1023 4197 illius
1055 4145 1140 4214 qui
1182 4161 1235 4197 se
1275 4144 1419 4214 fecit,
1459 4153 1503 4196 et
1542 4143 1715 4196 reddet

169 4228 236 4286 illi
251 4237 500 4290 secundum
518 4235 783 4308 judicium
811 4251 978 4288 suum.
1014 4234 1337 4287 Contrarium
1368 4233 1501 4287 malo
1530 4234 1715 4286 bonum

171 4333 260 4390 ut,
298 4337 338 4379 et
377 4337 545 4380 contra
579 4335 792 4379 mortem
834 4326 932 4377 rita
977 4334 1084 4389 est;
1134 4325 1204 4378 sic
1249 4336 1293 4378 et
1337 4334 1512 4377 contra
1555 4325 1716 4376 virum

171 4413 325 4475 iustum
348 4428 592 4486 peccator.
633 4416 698 4470 Et
739 4416 812 4470 sic
853 4416 1046 4469 intuere
1081 4416 1132 4468 in
1163 4417 1331 4469 omnia
1374 4433 1526 4485 ορωά
1555 4415 1714 4468 Altis-

169 4505 262 4558 simi
281 4524 297 4560 :
316 4509 426 4574 duo,
452 4512 552 4564 duo
580 4509 602 4540 ³
618 4523 640 4573 ;
667 4525 826 4561 unum
853 4515 1027 4561 contra
1055 4525 1226 4561 unum.
1257 4508 1437 4562 Primo
1461 4506 1544 4560 llic
1571 4523 1716 4561 eoin-

171 4597 380 4652 mcndata
408 4611 487 4654 est
529 4599 818 4668 disciplina
850 4599 985 4653 Dei:
1033 4597 1095 4652 In
1137 4597 1483 4661 multitudine,
1527 4599 1713 4668 inquit,

173 4683 415 4756 disciplina:
440 4689 696 4745 Dominus
722 4691 972 4759 separavit
998 4707 1081 4744 eos
1105 4706 1123 4744 :
1151 4694 1291 4744 unde
1312 4733 1327 4756 ,
1361 4692 1459 4745 uisi
1489 4707 1518 4745 a
1547 4691 1719 4745 beati-

175 4774 322 4832 tudine
362 4781 638 4850 paradisi?
686 4777 754 4833 Et
803 4780 1080 4834 immutavit
1120 4781 1226 4834 vias
1263 4797 1466 4846 eorum,
1513 4791 1570 4836 ut
1606 4783 1714 4851 jam

177 4873 385 4936 tanquam
408 4874 666 4929 mortales
689 4873 947 4926 viverent.
977 4872 1126 4927 Tunc
1151 4872 1284 4927 facta
1310 4882 1391 4928 est
1418 4889 1516 4927 una
1543 4890 1717 4930 massa

175 4962 404 5032 omnium,
435 4968 664 5024 veniens
709 4966 776 5021 de
819 4966 1035 5020 traduce
1079 4967 1280 5036 peccati
1308 4965 1328 4997 ³
1360 4974 1414 5023 et
1459 4967 1525 5021 de
1563 4983 1718 5037 pinna

178 5052 505 5124 mortalitatis,
546 5056 800 5128 quamvis
837 5055 946 5109 Deo
985 5055 1243 5111 formaute
1273 5065 1325 5111 ct
1353 5068 1567 5112 creante
1600 5075 1719 5128 quas

177 5134 289 5194 bona
311 5157 441 5200 sunt.
472 5146 526 5203 ln
568 5147 824 5204 omnibus
856 5156 936 5202 est
960 5148 1100 5202 enim
1130 5148 1334 5217 species
1373 5158 1424 5202 et
1462 5165 1720 5220 compago

179 5235 383 5300 corporis
422 5239 470 5292 in
520 5249 668 5295 tanta
717 5239 1076 5295 membrorum
1125 5240 1442 5307 concordia,
1496 5250 1552 5296 ut
1596 5242 1718 5296 inde

229 5353 817 5446 ξιξιξιιιεεςιιξτςεξιιςςςτ

265 5423 308 5468 In
319 5424 472 5493 editis,
495 5423 559 5479 ea;
579 5435 715 5479 terra
737 5429 868 5493 unde
892 5428 1059 5478 .tdam.
1087 5428 1335 5490 Particulo,
1360 5430 1506 5493 unde,
1531 5433 1625 5483 alie
1640 5439 1666 5480 ιι
1689 5447 1714 5482 a

182 5475 264 5568 Ns.-
278 5491 377 5568 Ee}:
392 5475 710 5568 mitigasse
726 5475 856 5568 apud

184 5544 522 5647 Μἒοιιῖίίἱιὶμιιιο
536 5544 711 5602 ἷοηιτα
743 5544 856 5601 duo.
892 5555 1064 5610 Abest,
1091 5559 1281 5612 contra,
1316 5567 1342 5603 a
1375 5557 1627 5606 veteribus
1663 5556 1717 5605 li-

234 5665 251 5689 ⁸
273 5665 511 5723 Victorinus
535 5683 634 5735 iis,
660 5675 846 5726 ueniens
871 5677 930 5726 de
951 5676 1117 5727 radice
1137 5677 1334 5739 peccati.

1487 259 1688 315 LIBER
1725 255 1997 310 PRHIUS.

3282 251 3387 308 126

1806 366 2096 436 Apostolus
2132 363 2197 418 ad
2241 362 2557 418 cliaritatem
2599 360 2940 418 obtinendam
2985 361 3389 418 similitudinem

1803 457 2024 512 duceret
2065 455 2122 526 (Ι
2148 453 2268 511 Cor.
2297 471 2401 521 xu,
2434 454 2520 520 12,
2551 451 2699 525 etc.).
2741 453 2794 506 lu
2829 453 3075 508 omnibus
3103 461 3184 507 est
3221 453 3386 507 etiam

1804 547 2022 617 Spir-itus
2049 546 2224 600 vitalis
2266 552 2474 599 terrena
2502 543 2741 598 membra
2770 541 3042 597 viviticans
3060 583 3076 608 ,
3107 543 3392 612 omnisque

1805 646 1993 692 natura
2024 636 2257 692 hominis
2279 637 2550 690 dominatu
2578 635 2773 689 anima:
2801 644 2854 689 et
2881 633 3132 688 famulatu
3151 634 3392 703 corporis

1804 729 2111 784 conditione
2163 727 2391 784 mirabili
2436 736 2726 797 temperata
2765 743 2776 779 :
2823 726 2916 781 sed
2961 725 3391 794 concupiscentia

1803 821 2035 876 carnalis
2075 819 2142 875 de
2189 820 2388 889 peccati
2443 834 2596 887 pmna
2640 820 2747 889 jam
2786 832 3048 888 regnans,
3082 818 3387 871 universum

1802 926 1972 979 genus
2000 910 2287 964 humanum
2321 920 2570 979 tanquam
2600 919 2761 963 totam
2791 919 2845 964 ct
2869 925 3029 963 uuam
3053 909 3396 977 conspersio-

1806 1017 1925 1056 nem
1953 1001 2196 1072 originali
2225 1012 2373 1056 reatu
2404 1003 2454 1054 in
2478 1002 2653 1056 omnia
2683 1012 3026 1068 pcrmauante
3051 998 3387 1053 confuderat.

1805 1093 1870 1147 Et
1900 1102 2074 1146 tamen
2107 1093 2380 1160 sequitur,
2415 1091 2496 1145 Ea:
2531 1092 2654 1161 ipsis
2681 1091 2929 1144 benedixit
2957 1101 3002 1144 et
3031 1089 3268 1144 exattavit
3287 1130 3302 1155 ,
3343 1097 3393 1142 et

1805 1201 1868 1238 ea:
1896 1185 2017 1254 ipsis
2046 1184 2377 1252 sanctiﬁcavit
2407 1193 2452 1236 et
2482 1183 2549 1236 ad
2573 1201 2626 1238 se
2654 1182 2945 1252 applicavit,
2979 1192 3022 1236 et
3049 1198 3112 1236 ex
3134 1183 3268 1252 ipsis.
3283 1197 3394 1234 ma—

1805 1274 1982 1328 ledixit
2012 1283 2060 1328 et
2090 1275 2402 1341 humiliavit,
2434 1284 2482 1327 et
2505 1277 2741 1327 convertit
2787 1273 2903 1327 illos
2934 1274 2988 1325 in
3029 1272 3393 1326 dissensionem

1804 1367 2032 1434 ipsorum
2073 1381 2090 1418 :
2127 1374 2376 1434 tauquam
2418 1365 2672 1434 Apostolo
2715 1363 2958 1425 dicente,
2987 1361 3064 1415 An
3104 1378 3204 1416 non
3237 1360 3394 1415 liabet

1807 1466 2102 1528 potestatem
2148 1457 2336 1526 ﬁgulus
2380 1457 2474 1510 ltiti
2517 1473 2578 1510 ea:
2619 1456 2791 1510 cadent
2839 1455 3187 1524 conspersione
3227 1457 3396 1523 facere

1806 1548 1948 1601 aliud
1977 1565 2062 1601 uas
2099 1548 2152 1601 in
2194 1549 2454 1609 honorem,
2481 1546 2624 1599 aliud
2651 1548 2701 1599 in
2727 1544 3122 1599 contumeliam?
3160 1543 3394 1612 Ideoque

1809 1638 1937 1692 illud
1962 1638 2102 1706 quod
2129 1639 2448 1702 contexitur,
2478 1652 2576 1690 nec
2604 1637 2670 1691 ab
2695 1637 2804 1705 ipsa
2843 1633 3187 1689 similitudine
3205 1642 3389 1688 vacat:

1811 1729 1967 1793 Quasi
1997 1729 2192 1794 lutum,
2236 1730 2432 1798 inquit,
2478 1729 2623 1799 ﬁguli
2666 1729 2717 1781 in
2752 1744 2905 1780 manu
2938 1727 3096 1796 ipsius
3139 1726 3393 1795 plasmarc

1806 1819 1940 1874 illud
1964 1830 2007 1873 et
2039 1821 2324 1884 disponere,
2355 1836 2525 1872 omnes
2549 1820 2642 1872 uite
2667 1820 2775 1888 ejus
2804 1817 3077 1872 secundum
3103 1816 3396 1886 dispositio-

1807 1927 1920 1964 nem
1947 1912 2096 1980 ejus;
2134 1911 2210 1964 sic
2247 1911 2398 1962 homo
2420 1911 2472 1963 in
2511 1927 2663 1962 manu
2705 1910 2842 1962 iliius
2880 1910 2964 1978 qui
3007 1924 3060 1961 se
3103 1908 3239 1976 fecit.
3279 1906 3391 1962 Sed

1807 2001 1929 2070 quia
1955 2000 2082 2054 dicit
2110 2001 2417 2068 Apostolus,
2451 1998 2714 2070 Numquid
2740 2000 2978 2069 iniquitas
3011 1997 3150 2068 apud
3182 1996 3389 2051 Deum.’

1807 2093 1929 2147 vide
1955 2102 2008 2146 et
2035 2092 2120 2147 hic
2147 2092 2271 2161 quid
2299 2091 2552 2161 adjungat
2582 2109 2594 2143 :
2629 2090 2828 2145 Reddet
2850 2091 2944 2152 illi,
2985 2089 3177 2159 inquit,
3204 2105 3391 2142 secun-

1809 2182 1931 2235 dum
1948 2182 2202 2251 judicium
2227 2197 2394 2234 suum.
2423 2181 2528 2235 Sed
2555 2195 2675 2234 cum
2701 2179 2965 2233 damnatis
2989 2180 3130 2248 jusla
3159 2178 3398 2232 tribuan-

1810 2280 1898 2326 tur
1923 2271 2221 2340 supplicia;
2271 2278 2446 2324 tamen
2487 2271 2606 2339 quia
2649 2269 2750 2323 hoc
2787 2270 2960 2337 ipsum
2997 2269 3048 2322 in
3081 2283 3232 2322 usum
3265 2283 3395 2322 con-

1809 2363 2053 2425 vertitur,
2079 2377 2183 2431 quo
2225 2361 2302 2414 illi
2345 2360 2621 2428 proficiant
2647 2360 2838 2428 quibus
2876 2358 3144 2428 prmbetur
3180 2357 3397 2413 miseri-

1809 2454 1988 2509 cordia
2013 2496 2027 2520 ,
2069 2453 2284 2508 attende
2321 2453 2522 2522 reliqua
2553 2467 2567 2505 :
2603 2450 2926 2506 Contrarium
2949 2492 2964 2518 ,
3011 2451 3212 2521 inquit,
3255 2451 3394 2506 malo

1811 2547 1994 2600 bonum
2022 2555 2094 2600 est
2113 2587 2129 2612 ,
2159 2553 2205 2598 et
2240 2553 2416 2598 contra
2441 2555 2647 2598 mortem
2675 2545 2815 2608 vita;
2841 2544 2915 2596 sic
2943 2552 2988 2597 et
3025 2553 3200 2597 contra
3230 2544 3396 2598 virum

1801 2637 1998 2707 justum
2027 2646 2273 2705 peccator.
2328 2636 2392 2689 Et
2421 2636 2494 2689 sic
2523 2636 2714 2689 intuere
2751 2637 2806 2690 in
2841 2637 3010 2689 omnia
3050 2651 3206 2706 opera
3239 2636 3400 2691 Altis-

1811 2729 1973 2783 simi:
2011 2729 2147 2794 duo,
2182 2728 2320 2793 duo;
2361 2744 2519 2780 unum
2557 2736 2730 2779 contra
2771 2743 2928 2779 unum
2960 2743 2977 2779 :
3008 2728 3189 2796 utique
3233 2735 3289 2780 ut
3327 2743 3396 2782 ex

1812 2819 2141 2875 deteriorum
2208 2818 2609 2887 comparatione
2673 2817 2944 2871 emineant
3009 2818 3398 2888 proticiantque

1812 2913 2056 2968 meliora.
2103 2912 2232 2980 Quae
2279 2919 2454 2964 tamen
2495 2909 2742 2979 quoniam
2776 2924 2870 2977 per
2901 2909 3122 2978 gratiam
3173 2909 3396 2963 meliora

1812 3013 1956 3069 sunt,
1989 3013 2237 3073 tanquam
2279 3002 2504 3066 diceret,
2539 3000 2784 3070 Retiquia:
2810 3001 2964 3054 salvae
2993 3001 3110 3061 ﬁent
3135 3001 3183 3065 ις
3211 3001 3394 3070 sequi-

1816 3103 1900 3150 tur
1934 3105 1988 3150 et
2025 3095 2152 3149 dicit
2180 3110 2245 3148 ex
2284 3107 2510 3164 persona
2543 3092 2923 3161 reliquiarum,
2959 3090 3025 3144 Et
3052 3109 3142 3162 ego
3184 3093 3401 3146 novissi-

1813 3205 1925 3241 mus
1946 3187 2166 3256 rigilavi,
2188 3196 2234 3239 et
2254 3187 2398 3256 quasi
2424 3186 2508 3254 qui
2557 3194 2840 3238 racematur
2860 3193 2971 3254 post
2992 3185 3396 3240 vindemiatores.

1815 3277 1884 3332 Et
1928 3277 2066 3331 unde
2104 3277 2330 3347 probat,
2369 3276 2488 3344 quia
2534 3290 2640 3328 non
2680 3289 2746 3329 ex
2787 3275 2994 3329 meritis
3023 3275 3160 3337 suis,
3195 3275 3287 3329 sed
3327 3291 3397 3331 ex

1815 3368 2178 3423 misericordia
2209 3367 2341 3421 Dei?
2381 3366 2447 3419 In
2473 3365 2838 3430 benedictione,
2873 3366 3062 3436 inquit,
3112 3365 3320 3419 Domini
3351 3375 3401 3420 et

1813 3460 1921 3529 ipse
1960 3459 2187 3526 speravi,
2229 3466 2275 3511 et
2313 3458 2461 3527 quasi
2497 3457 2582 3525 qui
2622 3457 2922 3521 uindemiat,
2957 3456 3139 3526 repleri
3170 3458 3394 3511 torcular

1817 3549 2011 3624 (Eccli.
2057 3565 2258 3612 χχχιιι,
2306 3550 2553 3618 10-17).
2601 3548 2852 3615 Quamvis
2895 3550 3036 3603 enim
3075 3551 3398 3606 novissimus

1815 3643 2143 3713 vigilavcrit;
2178 3651 2358 3696 tamen
2385 3642 2504 3710 quia
2537 3651 2723 3705 erunt,
2757 3651 2812 3696 ut
2841 3642 3037 3696 dictum
3078 3652 3188 3708 est,
3223 3647 3403 3700 novis-

1817 3736 1935 3790 simi
1968 3734 2125 3805 primi
2157 3734 2370 3803 (Matth.
2402 3751 2491 3800 χχ,
2527 3733 2593 3788 l6
2616 3737 2664 3804 ),
2700 3734 2750 3787 iu
2794 3735 3158 3791 benedictione
3188 3738 3399 3793 Domini

1817 3842 2041 3897 sperans
2075 3843 2139 3881 ex
2169 3827 2406 3896 reliquiis
2435 3825 2596 3881 Israel
2627 3835 2923 3881 racematus
2952 3828 3178 3898 populus
3208 3830 3402 3899 imple-

1817 3920 1894 3973 vit
1938 3918 2172 3973 toreular
2217 3933 2281 3971 ex
2330 3918 2571 3973 ubertate
2602 3917 2911 3986 vindemiae,
2959 3934 3080 3990 quae
3123 3929 3234 3975 toto
3269 3921 3402 3977 orbe

1821 4021 2079 4067 terrarum
2113 4011 2381 4080 provenit.

1889 4104 1980 4156 2t.
2015 4101 2166 4157 Nulla
2215 4102 2374 4171 igitur
2405 4101 2627 4155 intentio
2667 4110 2876 4156 tenetur
2900 4103 3168 4172 Apostoli,
3197 4113 3253 4159 et
3280 4121 3401 4159 nin-

1821 4197 1967 4249 uium
1994 4192 2402 4262 justilicatcrum
2432 4207 2527 4260 per
2553 4207 2685 4260 quos
2713 4193 2868 4246 nobis
2893 4193 3191 4248 intellectus
3216 4196 3404 4263 gratia:

1819 4289 2214 4344 demoustratus
2243 4293 2355 4347 est,
2392 4285 2491 4338 nisi
2535 4293 2590 4337 ut
2631 4284 2717 4353 qui
2761 4284 3018 4352 gloriatur
3042 4326 3055 4348 ,
3089 4286 3142 4339 in
3175 4287 3404 4341 Domino

1820 4378 2078 4449 glorietur
2112 4375 2189 4446 (ιι
2221 4376 2336 4429 Cor.
2371 4391 2430 4441 x,
2466 4373 2577 4445 ιι).
2611 4358 2740 4441 Quis
2770 4375 2910 4429 enim
2953 4375 3200 4430 discutiet
3237 4391 3401 4445 opera

1821 4469 2067 4535 Domini,
2109 4483 2173 4522 ex
2219 4467 2404 4523 eadem
2451 4467 2829 4536 conspersione
2872 4482 3033 4520 unum
3077 4467 3400 4533 damnantis,

1821 4564 2046 4617 alterum
2082 4559 2457 4630 justiﬁcantis?
2502 4558 2752 4613 Liberum
2789 4559 3077 4612 voluntatis
3119 4558 3399 4616 arbitrium

1822 4657 2105 4727 plurimum
2127 4656 2300 4720 valet;
2332 4655 2440 4708 imo
2461 4669 2586 4708 vero
2615 4661 2698 4707 est
2722 4652 2956 4722 quidem,
2990 4651 3083 4706 sed
3111 4653 3160 4705 in
3187 4669 3402 4710 venum-

1821 4747 1960 4803 datis
1999 4748 2099 4802 sub
2129 4755 2346 4816 peccato
2377 4745 2552 4815 (Rom.
2590 4760 2694 4808 vu,
2733 4743 2834 4812 M)
2879 4742 3005 4812 quid
3041 4744 3219 4799 valet?
3248 4744 3401 4813 Caro,

1822 4838 2012 4908 inquit,
2037 4837 2343 4907 concupiscit
2373 4836 2612 4889 adversus
2640 4835 2895 4904 spiritum,
2919 4845 2965 4887 et
2990 4836 3196 4904 spiritus
3224 4837 3405 4890 adver-

1822 4946 1908 4982 sus
1939 4944 2173 4991 carnem,
2214 4936 2269 4979 ut
2306 4943 2405 4979 non
2437 4941 2496 4979 ea
2534 4940 2645 4994 quae
2687 4925 2834 4978 vultis
2875 4926 3077 4996 faciatis
3108 4925 3312 4996 (Galat.
3345 4943 3399 4994 ν,

1825 5019 1938 5089 17).
1982 5018 2293 5086 Prtecipitur
2335 5027 2389 5071 ut
2435 5025 2580 5072 recte
2605 5017 2877 5083 vivamus,
2911 5017 3009 5070 hac
3053 5017 3233 5087 utique
3262 5033 3405 5074 mer-

1823 5109 1953 5166 cede
1983 5109 2247 5179 proposita
2269 5148 2284 5173 ,
2319 5116 2375 5161 ut
2415 5108 2465 5162 in
2509 5117 2766 5162 mteruum
2796 5107 2950 5162 beate
2975 5108 3153 5162 vivere
3190 5123 3402 5163 merea-

1822 5218 1942 5255 mur
1974 5220 1984 5254 :
2035 5199 2126 5253 sed
2163 5201 2280 5269 quis
2326 5207 2498 5268 potest
2536 5208 2679 5254 recte
2705 5199 2881 5252 vivere
2919 5207 2970 5252 et
3001 5199 3135 5252 bene
3164 5199 3397 5268 operari,

1823 5293 1923 5347 nisi
1969 5291 2286 5360 justiticatus
2332 5307 2400 5344 ex
2456 5289 2602 5344 fide?
2652 5289 2957 5358 Praicipitur
2999 5297 3054 5342 ut
3092 5289 3400 5355 credamus,

1824 5392 1880 5436 ut
1906 5382 2047 5437 dono
2077 5390 2296 5450 accepto
2319 5379 2548 5450 Spiritus
2576 5380 2742 5435 sancti
2774 5394 2866 5448 per
2898 5378 3233 5432 dilectionem
3262 5378 3398 5430 bene

1823 5474 2029 5544 operari
2059 5474 2320 5543 pOSsit'tttIs
2351 5490 2362 5524 :
2397 5471 2490 5526 sed
2532 5473 2648 5540 quis
2689 5480 2859 5540 petcst
2903 5469 3140 5531 credere,
3177 5466 3275 5518 nisi
3301 5466 3399 5518 ali-

1824 5584 1923 5637 qua
1954 5566 2226 5618 mentione
2247 5605 2258 5624 ,
2309 5563 2408 5616 hoc
2436 5573 2515 5616 est
2538 5604 2551 5627 ,
2602 5563 2775 5632 aliqua
2809 5576 2982 5614 rerum
3027 5554 3398 5612 testificatione

1898 5683 1910 5711 ¹
1937 5687 2060 5738 Mss,
2085 5675 2300 5738 reliquias
2317 5675 2461 5723 sm'ra'
2479 5672 2614 5736 fiunt.
