3996 6282
601 271 706 329 127

599 385 884 456 tangatur?
931 384 1062 453 Quis
1105 385 1266 442 habet
1314 388 1364 441 in
1409 396 1674 458 potestate
1723 390 1811 444 tali
1839 390 1953 446 viso
1996 390 2180 460 attingi

603 485 837 532 mentem
862 491 1033 540 suam.
1061 492 1169 547 quo
1192 480 1309 548 ejus
1328 479 1575 534 voluntas
1595 490 1870 534 moveatur
1893 480 1960 534 ad
1989 479 2182 535 fidem?

598 564 732 633 ριιέ
760 575 936 621 autem
969 567 1147 620 animo
1172 569 1511 635 amplectitur
1537 569 1734 638 aliquid
1756 569 1897 639 quod
1926 584 2046 623 eum
2075 584 2180 624 non

598 656 870 711 delectat?
898 666 989 710 aut
1016 657 1137 727 quis
1181 657 1342 711 habet
1372 659 1422 712 in
1457 668 1715 726 potestate
1746 670 1800 714 ut
1830 659 1913 715 vel
1937 669 2183 715 occurrat

597 748 742 818 quod
769 764 893 803 eum
922 748 1188 804 delectare
1230 752 1429 818 possit,
1460 750 1541 804 vel
1573 752 1802 805 delectet
1840 766 1959 806 cum
1989 766 2179 806 occur-

596 838 775 893 rerit?
801 839 934 893 Cum
964 854 1091 909 ergo
1118 854 1215 893 nos
1239 855 1301 895 ea
1329 841 1595 895 delectant
1620 840 1812 911 quibus
1840 841 2181 910 proficiamus

593 928 661 982 ad
704 929 908 996 Deum,
954 931 1245 1001 inspiratur
1286 930 1389 986 hoc
1434 940 1490 987 et
1543 932 1806 1001 pra-betur
1847 932 2016 1003 gratia
2061 931 2176 996 Dei,

595 1033 702 1073 non
747 1030 880 1073 nutu
928 1031 1111 1074 nostro
1164 1030 1219 1075 et
1261 1021 1517 1074 industria
1559 1030 1653 1075 aut
1697 1036 1923 1091 operum
1973 1024 2179 1079 meritis

594 1121 976 1180 comparatur;
1018 1112 1138 1181 quia
1176 1121 1234 1165 ut
1269 1112 1336 1166 sit
1378 1120 1538 1166 nutus
1562 1112 1882 1180 voluntatis,
1914 1123 1970 1168 ut
1991 1115 2060 1168 sit
2092 1114 2179 1170 iu-

593 1200 797 1257 dustria
828 1203 1021 1266 studii,
1054 1212 1111 1257 ut
1149 1203 1256 1258 sint
1289 1219 1450 1273 opera
1480 1204 1740 1259 charitate
1771 1206 2056 1272 ferventia,
2090 1208 2179 1264 ille

594 1292 812 1359 tribuit,
845 1292 933 1347 ille
973 1293 1209 1364 largitur.
1245 1293 1433 1349 Petere
1457 1293 1712 1365 jubemur
1745 1306 1804 1349 ut
1829 1296 2174 1365 accipiamus,

591 1393 646 1440 et
671 1398 915 1454 quaerere
946 1393 1002 1438 ut
1032 1384 1365 1440 inveniamus
1387 1425 1403 1453 ,
1455 1395 1509 1441 et
1553 1386 1766 1455 pulsare
1812 1396 1871 1442 ut
1909 1388 2178 1456 aperiatur.

590 1475 747 1531 nobis
789 1475 1003 1548 (Matth.
1029 1492 1136 1540 vn,
1168 1477 1243 1549 7).
1292 1476 1480 1532 Nonne
1523 1478 1808 1548 aliijuando
1852 1479 1965 1549 ipsa
2006 1481 2177 1537 oratio

590 1576 771 1622 nostra
822 1568 900 1622 sic
951 1568 1126 1637 tepida
1175 1577 1296 1633 est,
1350 1569 1434 1624 vel
1481 1569 1658 1639 potius
1701 1569 1888 1640 frigida
1939 1580 1995 1627 et
2041 1587 2176 1642 pene

591 1657 734 1713 nulla
763 1659 805 1726 ¹,
849 1660 957 1713 imo
1001 1660 1221 1715 omnino
1263 1660 1525 1716 interdum
1572 1661 1644 1716 ita
1689 1663 1832 1716 nulla
1854 1705 1879 1729 ,.
1915 1673 1972 1717 ut
2004 1679 2176 1735 neque

593 1749 698 1806 hoc
745 1751 799 1806 in
847 1752 1002 1807 nobis
1039 1768 1161 1807 cum
1208 1753 1395 1809 dolore
1441 1754 1823 1808 advertamus?
1863 1756 1986 1825 quia
2017 1757 2067 1811 si
2091 1757 2183 1812 vel

590 1838 695 1896 hoc
729 1840 994 1906 dolemus,
1039 1842 1150 1912 jam
1191 1857 1427 1897 oramus.
1477 1843 1614 1910 Quid
1660 1859 1788 1914 ergo
1817 1845 1960 1900 aliud
1988 1855 2171 1902 osten-

588 1931 736 1987 ditur
762 1933 943 1999 nobis,
966 1934 1066 1989 nisi
1092 1934 1214 2004 quia
1240 1943 1295 1989 et
1324 1944 1504 2004 petere
1533 1945 1587 1989 et
1612 1951 1854 2006 quazrcre
1881 1945 1941 1992 et
1964 1939 2174 2008 pulsare

591 2022 684 2078 ille
731 2024 1009 2090 concedit,
1054 2024 1142 2095 qui
1194 2033 1253 2079 ut
1295 2025 1409 2080 ha-c
1452 2025 1737 2092 faciamus,
1771 2026 1961 2097 jubet?
2006 2027 2174 2100 Igitur

587 2128 692 2168 non
718 2113 966 2179 volentis,
1001 2130 1158 2185 neque
1195 2116 1441 2170 currentis
1459 2115 1596 2182 ,ch
1624 2117 1901 2173 miserantis
1929 2128 2003 2172 est
2032 2118 2127 2174 Dei
2150 2136 2170 2176 :

587 2204 1020 2276 quandoquidem
1065 2221 1163 2262 nec
1190 2207 1327 2262 velle
1372 2223 1470 2263 nec
1513 2224 1769 2277 currere,
1812 2212 1915 2267 nisi
1955 2227 2022 2268 eo
2050 2228 2170 2269 mo-

586 2305 749 2351 vente
774 2308 933 2367 atque
959 2298 1228 2353 excitante
1245 2339 1259 2362 ,
1293 2300 1606 2368 poterimus.

653 2386 745 2442 22.
774 2386 927 2454 Quod
963 2390 1006 2444 si
1051 2389 1242 2444 electio
1270 2388 1359 2445 hic
1390 2390 1446 2444 fit
1474 2392 1685 2462 aliqua,
1714 2401 1771 2446 ut
1799 2394 1877 2450 sic
1907 2394 2170 2467 inteliiga-

582 2498 706 2539 ltus
724 2486 866 2555 quod
905 2485 1103 2541 dictum
1130 2496 1212 2541 est
1233 2528 1247 2552 ,
1276 2487 1526 2559 Reliquit:
1562 2505 1651 2558 per
1674 2489 1963 2543 electionem
1991 2490 2170 2560 gratia:

578 2576 736 2631 solum
763 2576 913 2646 facta
939 2587 1055 2631 sunt
1085 2576 1260 2649 (Rom.
1294 2594 1377 2641 ιιι,
1409 2579 1502 2651 5);
1536 2595 1640 2633 non
1673 2589 1729 2634 ut
1752 2579 2165 2649 iustiﬁcatnrutn

578 2665 774 2721 electio
817 2665 907 2721 fiat
945 2667 1012 2721 ad
1043 2668 1203 2723 vitam
1234 2678 1486 2723 aeternam
1508 2709 1523 2735 ,
1562 2668 1654 2724 sed
1685 2680 1742 2724 ut
1783 2670 2049 2739 eligantur
2075 2669 2166 2740 qui

575 2755 936 2827 justifieentur
963 2774 977 2811 :
1009 2768 1155 2813 certe
1183 2758 1254 2812 ita
1279 2760 1486 2814 oeculta
1516 2768 1598 2814 est
1631 2759 1746 2815 haec
1771 2760 1995 2827 electio,
2029 2770 2087 2814 ut
2111 2761 2173 2815 in.

576 2848 770 2904 eadem
822 2850 1209 2919 conspersione
1258 2851 1413 2905 nobis
1473 2866 1695 2921 prorsus
1748 2869 2012 2923 apparere
2056 2868 2173 2908 non.

577 2940 785 3009 possit;
824 2946 918 2994 aut
960 2940 1005 2994 si
1051 2950 1273 3011 apparet
1315 2942 1669 3011 quibusdam,
1721 2959 1822 3014 ego
1867 2946 1918 2999 in
1963 2944 2065 3000 hac
2105 2959 2167 3000 ne

577 3029 940 3086 inﬁrmitatem
990 3047 1165 3087 meam
1214 3031 1410 3088 fateor.
1458 3033 1572 3088 Non
1613 3035 1765 3089 enim.
1803 3034 1975 3090 habeo
2020 3034 2169 3105 quod

579 3122 795 3179 intuear
821 3124 872 3178 in
903 3124 1161 3195 eligendis
1192 3126 1492 3181 hominibus
1516 3128 1580 3181 ad
1603 3128 1824 3196 gratiam
1851 3130 2158 3196 salutarem,

577 3212 625 3268 si
654 3214 722 3268 ad
749 3229 974 3270 examen
1006 3213 1163 3285 hujus
1187 3216 1465 3271 electionis
1494 3219 1670 3288 aliqua
1700 3220 2022 3289 cogitatione
2050 3236 2162 3289 per-

577 3303 784 3370 mittor,
814 3305 914 3359 nisi
946 3307 1028 3360 vel
1057 3306 1228 3376 majus
1258 3308 1545 3377 ingenium,
1575 3310 1655 3364 vel
1687 3311 1891 3365 minora
1922 3321 2157 3379 peccata,

572 3394 662 3450 vel
692 3402 975 3466 utrumque
1001 3412 1021 3449 :
1047 3396 1310 3453 addamus
1343 3400 1502 3454 etiam
1524 3442 1537 3464 .
1583 3401 1633 3457 si
1673 3402 1878 3470 placet,
1910 3403 2170 3459 honestas

574 3486 842 3557 utilesque
865 3487 1154 3543 doctrinas.
1184 3488 1435 3559 Quisquis
1460 3506 1589 3562 ergo
1616 3490 1773 3547 fuerit
1809 3508 1967 3564 quam
1997 3494 2158 3549 mini-

578 3578 684 3632 mis
724 3579 957 3647 peccatis
994 3580 1227 3635 irretitns
1254 3591 1414 3651 atque
1452 3584 1765 3647 maculatus,
1797 3585 1955 3655 (nam
1999 3585 2163 3641 nullis

573 3668 696 3738 quis
735 3667 969 3741 potest?)
995 3678 1050 3725 et
1087 3682 1211 3725 acer
1251 3672 1491 3741 ingenio,
1522 3684 1574 3728 et
1617 3674 1926 3731 liberalibus
1955 3678 2159 3735 artibus

571 3759 864 3827 expolitus,
912 3759 1187 3830 elige:.dus
1226 3762 1435 3818 videtur
1478 3764 1542 3818 ad
1589 3767 1834 3835 gratiam.
1886 3767 1990 3823 Sed
2035 3784 2162 3826 cum

571 3845 674 3902 hoc
701 3857 959 3915 statuero,
1009 3851 1078 3905 ita
1128 3867 1213 3908 me
1254 3852 1448 3909 ridebit
1491 3855 1577 3910 ille
1603 3856 1692 3925 qui
1738 3857 1943 3912 inlirma
1975 3859 2154 3915 mundi

571 3937 739 4009 elegit
776 3948 832 3994 ut
871 3926 1159 3996 cnnfundat
1193 3942 1343 3998 fortia
1366 3987 1381 4010 ,
1421 3954 1477 4000 et
1512 3947 1668 4001 stulta
1703 3947 1883 4002 mundi
1927 3960 1985 4003 ut
2025 3963 2156 4004 cou-

630 4051 648 4083 ι
672 4055 804 4112 t.ov.,
825 4049 962 4116 plene
982 4052 1134 4104 nulla.
1151 4063 1205 4107 At
1222 4065 1344 4118 am,
1363 4063 1436 4107 Er.
1453 4065 1506 4109 et
1528 4065 1654 4121 Mss,
1676 4073 1794 4124 pcnc
1816 4061 1967 4112 nulla.

1105 273 1194 330 DE
1234 273 1543 333 DIVERSIS
1580 275 2094 347 ρυτεετιοΝιΒυε
2130 281 2166 333 Α

2270 278 2757 354 SIMPLICIANUM,
2801 285 2859 343 8.
2898 286 3267 348 AUGUSTlNl
3741 302 3820 363 ﬂ!

2290 392 2477 449 fundat
2512 396 2782 465 sapientes
2826 398 2880 471 (Ι
2907 400 3024 454 Cor.
3051 417 3096 467 ι,
3127 401 3221 474 27)
3242 444 3260 470 ,
3302 411 3360 459 ιιι
3395 418 3517 462 eum
3563 408 3749 470 intuens
3778 429 3819 474 et

2289 486 2492 554 pudore
2517 500 2810 555 correctus,
2840 506 2939 563 ego
2980 494 3229 550 irrideam
3275 499 3465 554 multos
3507 510 3560 556 et
3595 518 3693 572 pra:
3726 513 3819 578 qui.

2289 574 2511 631 busdam
2557 582 2927 649 peccatoribus
2968 586 3247 652 eastiores,
3300 597 3355 643 et
3399 606 3505 659 pra:
3547 574 3816 664 quibusdam

2289 666 2642 736 piscatoribus
2702 682 2964 730 oratores.
3027 676 3214 732 Nonne
3272 680 3598 741 advertimus
3658 692 3817 746 multos

2288 758 2474 816 fideles
2506 773 2717 818 nostros
2741 765 3079 823 ambulantes
3109 771 3245 824 \‘iattt
3283 772 3402 837 Dei,
3441 790 3505 830 ex
3541 777 3675 832 nulla
3700 794 3817 849 parte

2289 850 2502 922 ingenio
2529 857 2849 924 comparari,
2882 874 2987 912 non
3018 859 3190 915 dicant
3222 866 3563 932 quortundam
3595 870 3818 928 ha'retico-

2284 957 2426 1007 rum,
2459 944 2551 999 sed
2579 946 2739 1001 etiam
2769 949 3101 1003 mimorum"
3143 951 3272 1006 Item
3313 970 3413 1007 non
3440 955 3819 1031 videmusque:-

2283 1034 2406 1087 dam
2443 1034 2686 1090 homines
2732 1039 3007 1109 utriusque
3032 1055 3193 1095 sexus
3238 1044 3288 1097 in
3332 1045 3589 1117 conjugali
3617 1054 3818 1108 castitate

2283 1123 2526 1189 viventes
2565 1126 2681 1180 sine
2719 1130 2933 1197 querela
2962 1170 2977 1196 ,
3017 1142 3071 1186 et
3115 1142 3288 1189 tamen
3335 1137 3413 1190 vel
3458 1138 3719 1195 haereticos
3753 1147 3816 1200 vel

2284 1227 2548 1282 paganos,
2579 1216 2662 1271 vel
2690 1219 2849 1272 etiam
2889 1220 2939 1273 in
2979 1237 3102 1275 vera
3144 1224 3246 1279 li‘de
3283 1237 3332 1278 et
3364 1242 3484 1282 vera
3512 1225 3727 1288 Ecclesia
3758 1238 3816 1290 sic

2284 1303 2509 1371 tepidos,
2546 1313 2607 1360 ut
2648 1321 2741 1362 eos
2781 1309 3039 1365 miremur
3078 1315 3413 1369 meretricum
3455 1328 3505 1371 et
3547 1318 3815 1380 histrionum

2281 1393 2457 1447 subito
2483 1408 2911 1461 conversurum,
2940 1415 3045 1455 nou
3073 1404 3244 1457 solum
3289 1407 3535 1474 patientia
3562 1420 3612 1463 et
3649 1422 3815 1483 tempe-

2280 1487 2493 1550 rantia,
2550 1486 2644 1542 sed
2700 1489 2861 1544 etiam
2912 1490 3053 1552 fide.
3099 1509 3234 1563 spe,
3283 1496 3541 1554 charitate
3580 1506 3816 1570 superari!

2279 1572 2467 1630 Restat
2512 1592 2641 1647 ergo
2688 1588 2745 1633 ut
2788 1580 3088 1637 voluntates
3133 1585 3419 1655 eligantur.
3467 1588 3569 1644 Sed
3611 1594 3816 1649 voluntas

2280 1663 2432 1734 ipsa,
2484 1668 2585 1721 nisi
2634 1668 2833 1739 aliquid
2891 1675 3185 1728 occurrerit
3230 1676 3372 1745 quod
3417 1677 3641 1735 delectet
3688 1690 3815 1754 atque

2278 1754 2468 1810 invitet
2515 1758 2793 1826 animum,
2842 1764 3043 1818 moveri
3090 1765 3235 1818 nullo
3280 1767 3441 1821 modo
3487 1776 3654 1837 potest
3691 1788 3704 1827 :
3738 1772 3819 1829 huc

2275 1855 2454 1901 autem
2500 1856 2559 1903 ut
2599 1859 2880 1918 occurrat,
2923 1868 3029 1907 non
3073 1863 3157 1909 est
3203 1855 3252 1909 in
3298 1855 3531 1914 hominis
3576 1870 3812 1930 potestate.

2276 1934 2411 2003 Quid
2445 1938 2653 1994 volebat
2684 1940 2895 2005 Saulus,
2930 1943 3030 1997 nisi
3072 1945 3341 2013 invadere,
3374 1949 3603 2017 trahere,
3630 1952 3819 2022 vincire,

2277 2041 2468 2083 necare
2511 2029 2886 2086 Christianos?
2930 2032 3099 2100 Quam
3147 2037 3329 2092 rabida
3381 2040 3653 2108 voluntas,
3688 2057 3813 2112 quam

2276 2118 2496 2190 furiosa,
2537 2139 2695 2194 quam
2736 2141 2876 2182 cmca
2902 2128 2927 2181 ι·
2959 2129 3047 2198 qui
3091 2138 3266 2185 tamen
3313 2147 3422 2187 una
3459 2132 3681 2204 desuper
3713 2150 3815 2192 voce

2277 2222 2591 2283 prostratus,
2619 2227 2933 2274 oecurrente
2959 2221 3140 2289 utique
3174 2222 3264 2276 tali
3294 2224 3431 2290 viso,
3461 2240 3564 2296 quo
3588 2240 3724 2282 mens
3745 2225 3813 2281 illa

2274 2314 2329 2358 et
2357 2305 2601 2362 voluntas
2642 2306 2869 2363 refracta
2908 2310 3111 2365 saevitia
3154 2320 3556 2382 retorqueretur
3592 2324 3645 2370 et
3675 2315 3812 2370 corrio

2271 2397 2611 2466 geretur‘ad‘
2656 2399 2865 2467 iidem,
2900 2411 3123 2472 repente
3175 2419 3242 2459 ex
3305 2405 3576 2477 Evangehi
3624 2405 3811 2462 mirabili

2272 2498 2613 2558 persecutore
2653 2492 2948 2547 mirabilior
2989 2495 3307 2564 praedicator
3343 2497 3565 2554 efi‘éctus
3601 2509 3675 2555 est
3701 2499 3810 2572 (Act.

2273 2592 2364 2633 vui
2384 2621 2400 2645 ,
2431 2580 2498 2643 3,
2526 2590 2573 2635 et
2602 2582 2773 2653 tx,t).
2796 2583 2857 2638 Et
2889 2593 3064 2640 tamen
3095 2587 3219 2657 quid
3265 2587 3548 2645 dicemus?
3589 2588 3817 2661 Numquid

2267 2672 2510 2740 iniquitas
2554 2684 2629 2727 est
2669 2675 2811 2744 apud
2854 2674 3044 2740 Deum,
3093 2678 3395 2749 exigentem
3441 2696 3473 2737 a
3514 2696 3616 2752 quo
3653 2683 3813 2753 plaeet,

2266 2759 2553 2818 donautem
2590 2764 2674 2818 cui
2707 2764 2915 2834 placet?
2951 2767 3044 2837 qui
3087 2783 3421 2840 nequaquam
3453 2772 3611 2840 exigit
3643 2770 3810 2826 indebi-

2269 2861 2401 2918 tum,
2443 2868 2776 2926 nequaquam
2814 2856 2978 2912 donat
3023 2858 3276 2914 alienum.
3325 2859 3811 2935 Nuntluidiniquitat

2266 2953 2339 2999 est
2383 2948 2525 3014 apud
2562 2946 2776 3003 Deum?
2824 2949 2985 3004 Absit.
3037 2951 3213 3020 Quare
3260 2964 3439 3007 tamen
3493 2952 3611 3008 huic
3646 2951 3738 3019 ita,
3769 2958 3816 3006 et

2266 3033 2389 3090 huic
2427 3051 2533 3091 non
2573 3037 2689 3093 ita?
2735 3037 2781 3092 0
2806 3039 2975 3106 homo,
3010 3051 3064 3096 tu
3094 3044 3207 3112 quis
3242 3045 3342 3099 es?
3383 3046 3620 3101 Debitum
3653 3044 3693 3100 si
3726 3059 3810 3098 non

2264 3124 2445 3180 reddis
2465 3166 2479 3189 .
2509 3126 2673 3183 habes
2702 3129 2854 3199 quod
2869 3133 3152 3201 gratuleris
3183 3151 3196 3187 :
3225 3134 3281 3190 si
3314 3135 3524 3202 reddis,
3549 3151 3647 3190 non
3676 3133 3814 3191 habet

2263 3215 2405 3283 quod
2441 3218 2703 3286 queraris.
2745 3220 3040 3277 Credamus
3078 3230 3317 3290 tantum,
3360 3226 3463 3281 etsi
3513 3240 3693 3296 capere
3725 3236 3809 3278 non

2263 3307 2524 3374 valemus,
2552 3310 2805 3379 quoniam
2832 3314 2922 3383 qui
2952 3314 3251 3370 universam
3282 3327 3580 3372 creaturam
3606 3326 3656 3373 et
3681 3315 3810 3387 spiri-

2264 3399 2461 3453 tualem
2503 3408 2560 3456 et
2605 3403 2940 3470 corporalem
2989 3402 3113 3459 fecit
3159 3414 3214 3461 et
3258 3407 3538 3475 condidit,
3579 3405 3809 3463 omniain

2263 3506 2491 3547 numero
2528 3501 2583 3547 et
2629 3493 2866 3564 pondere
2911 3503 2966 3550 et
3008 3511 3257 3552 mensura
3306 3498 3544 3569 disponit
3588 3498 3807 3572 (Sap.xr,

2260 3580 2377 3653 21).
2421 3581 2525 3638 Sed
2567 3584 2928 3641 iuserutabilia
2957 3596 3081 3641 sunt
3114 3587 3314 3657 judicia
3357 3589 3497 3659 ejus,
3539 3598 3592 3644 et
3625 3584 3808 3644 investi-

2259 3673 2468 3744 gabiles
2503 3675 2602 3729 via:
2639 3675 2756 3746 ejus
2786 3675 2961 3749 (Rom.
2990 3693 3061 3740 xi.
3094 3677 3203 3748 53).
3235 3678 3483 3734 Dicamus
3506 3678 3744 3742 Alleluia,
3765 3683 3810 3730 et

2260 3764 2625 3821 collaudemus
2668 3767 2957 3833 canticum,
3003 3777 3058 3823 et
3099 3783 3203 3824 non
3245 3768 3507 3839 dicamus,
3540 3769 3667 3838 Quid
3694 3762 3813 3824 hoc?

2262 3856 2378 3920 vel,
2407 3858 2533 3927 quid
2565 3858 2711 3914 hoc?
2754 3858 2942 3914 Omina
2984 3861 3127 3916 enim
3171 3862 3221 3918 in
3256 3872 3499 3937 tempore
3533 3879 3629 3921 suo
3659 3869 3810 3919 creat!

2260 3957 2384 4001 sunt
2423 3947 2607 4019 (Ereti.
2638 3965 2826 4015 xxxix,
2862 3948 2946 4016 i9,
2974 3950 3091 4024 26).

567 4170 3806 4211 Mm

1492 4262 1969 4369 LIBER
2026 4263 2668 4374 SECUJVD
2687 4267 2908 4377 US.

1157 4498 1207 4543 tn
1228 4501 1433 4546 «etet-as
1454 4496 1750 4560 quaestiones
1770 4500 1986 4563 quinque
2011 4500 2089 4552 vel
2122 4516 2212 4554 sex
2235 4515 2265 4554 a
2285 4505 2584 4569 Simpliciano
2606 4520 2709 4573 pro;
2725 4509 2873 4560 ositas
2892 4522 2957 4562 ex
2981 4509 3120 4562 libris
3142 4517 3347 4576 Regum.

2010 4637 2378 4696 MM

635 4737 940 4798 Puerum.
956 4741 1211 4814 Satisjam
1233 4746 1300 4802 de
1321 4746 1576 4818 Apostolo
1596 4763 1680 4804 me
1694 4747 1759 4803 ad
1788 4751 2049 4820 proposita
2065 4767 2147 4807 re-

564 4830 846 4899 spondisse
857 4847 920 4888 ex
930 4833 1105 4891 istimo
1123 4854 1138 4891 ι
1157 4852 1295 4893 nunc
1310 4838 1379 4893 ad
1395 4853 1459 4894 ea
1477 4854 1593 4909 quae
1605 4839 1672 4895 de
1689 4840 1835 4897 libris
1848 4842 2147 4913 Regnorum

564 4923 830 4992 requisisti
851 4924 993 4979 aliud
1022 4926 1264 4983 volumen
1282 4930 1559 5002 aggrediar
1577 4947 1746 5002 ;qu-.e,
1759 4934 1897 4989 sicut
1912 4936 2074 4990 multa
2093 4945 2150 4993 et

574 5028 740 5085 prope
769 5017 943 5071 omnia
972 5027 1212 5076 veterum
1241 5023 1539 5089 Librorum,
1574 5024 1878 5096 iiguratiora
1902 5036 2061 5095 sunt,
2094 5040 2149 5086 et

565 5106 939 5176 mysteriorum
976 5110 1326 5168 velamiuibus
1363 5114 1617 5170 involuta.
1667 5115 1919 5184 Quamvis
1964 5129 2145 5177 autem

564 5208 631 5249 ex
658 5210 724 5250 eo
743 5195 880 5266 quod
910 5200 1279 5258 transierimus
1298 5205 1363 5260 ad
1380 5204 1673 5274 Christum,
1704 5208 1974 5264 auferatur
1999 5212 2146 5266 vela-

563 5301 687 5341 men
729 5287 807 5358 (ll
846 5288 964 5346 Car.
1001 5307 1079 5360 tn,
1123 5295 1225 5365 i6)
1258 5313 1271 5347 :
1306 5306 1480 5353 tamen
1502 5298 1743 5355 videmus
1770 5317 1912 5357 nunc
1941 5302 1992 5356 iu
2019 5303 2149 5359 teni-

561 5388 758 5449 gmate,
790 5390 912 5438 tunc
936 5393 1115 5440 autem
1143 5386 1276 5444 facie
1296 5388 1362 5443 ad
1394 5388 1581 5445 faciem
1601 5391 1642 5445 ί.
1668 5391 1920 5449 Velamen
1945 5393 2144 5465 quippe

562 5470 706 5524 omni
730 5472 887 5528 modo
908 5474 1208 5532 intercludit
1236 5488 1543 5551 aspectum;
1584 5481 1810 5552 aenigma
1859 5496 2006 5548 vero,
2031 5491 2149 5538 tau-

559 5600 1030 5721 ὢεὲιδιίεςίωω
1050 5606 1177 5661 liber
1198 5613 1523 5674 Corbeiensis,
1538 5612 1711 5680 [iidem
1727 5613 1793 5664 ad
1807 5613 2146 5680 {adamjuxta

2254 4771 2413 4827 quam
2442 4773 2536 4830 per
2562 4762 2866 4831 speculum,
2900 4763 3041 4820 sicut
3069 4764 3208 4823 idem
3241 4766 3516 4838 apostolus
3543 4768 3643 4836 ait,
3681 4764 3806 4821 Vide-

2254 4864 2366 4904 mus
2391 4868 2522 4905 nunc
2541 4869 2628 4924 per
2645 4856 2904 4923 speculum
2930 4866 2975 4909 et
2997 4856 3048 4910 in
3072 4856 3338 4928 aenigmate
3359 4856 3402 4933 (Ι
3431 4857 3551 4915 Cor.
3583 4874 3687 4925 xm,
3711 4854 3800 4925 Β).

2254 4956 2351 4997 nec
2378 4942 2826 5000 evidentissimam
2851 4946 3049 5018 detegit
3077 4950 3309 5017 speciem
3332 4991 3348 5017 ,
3380 4966 3478 5007 nec
3504 4964 3708 5022 prorsus
3724 4947 3783 5002 ob

2253 5033 2381 5102 tegit
2404 5034 2706 5091 veritatem.
2732 5037 3193 5110 Aggrediarergo‘
3216 5050 3269 5095 et
3293 5042 3411 5107 ista,
3430 5041 3566 5099 duce
3592 5038 3801 5099 Domino,

2253 5122 2358 5178 tuis
2385 5126 2558 5193 potius
2589 5126 2898 5183 sublevatus
2922 5129 3257 5187 orationibus
3276 5173 3291 5197 ,
3332 5148 3490 5202 quam
3513 5129 3802 5203 jussionibus

2250 5225 2583 5285 aggravatus.
2616 5217 2918 5274 i'rzescrtim
2942 5221 3064 5291 quia
3088 5237 3150 5276 ex
3175 5222 3398 5293 epistola
3433 5230 3520 5279 tua
3553 5222 3683 5278 non'
3718 5220 3800 5272 hoc

2316 5372 2332 5442 ξ
2360 5378 2409 5420 ιιι
2424 5372 2681 5442 veteribus
2698 5372 2850 5435 libris,
2866 5375 3209 5442 aggrediantur
3226 5389 3380 5442 ergo;
3398 5385 3451 5430 et
3466 5377 3800 5441 consequent“

2316 5389 2332 5403 -
2360 5389 2409 5420 ω
2424 5389 2681 5425 veteribus
2699 5389 2850 5435 noris,
2866 5389 2929 5438 aq
2963 5389 3209 5429 mutantur
3226 5389 3348 5442 ergo
3364 5392 3380 5439 ;
3398 5389 3451 5430 et
3466 5389 3622 5431 conset

2249 5431 2373 5513 ίητῑξ
2390 5433 2812 5513 Pessimae.
2834 5389 3081 5513 εμιιίευαιίν
3106 5430 3371 5513 aggravet
3420 5505 3433 5513 .
3611 5499 3622 5510 .

2314 5496 2748 5566 ﬂmmeum
2778 5499 2996 5549 θοάίοιιω
3017 5496 3113 5566 ore
3137 5496 3516 5566 redintegratus.
3539 5499 3622 5563 qui
3640 5499 3800 5566 iam

2252 5555 2603 5625 editisomissa
2636 5559 2713 5609 hic
2745 5568 2959 5625 negante
2993 5555 3225 5625 particula
3237 5600 3263 5625 ,Α
3288 5555 3363 5625 sic
3385 5561 3533 5625 paulo
3557 5555 3800 5625 'POQM'

2252 5572 2396 5605 eatus
2427 5572 2603 5608 omissa
2636 5572 2713 5609 mc
2745 5575 2776 5609 n
2845 5572 2959 5610 ante
2993 5572 3251 5625 particula,
3288 5572 3363 5615 sic
3423 5572 3533 5613 aulo
3567 5572 3669 5631 ροξι
3780 5574 3799 5590 ³

2249 5616 2444 5729 igith
2468 5630 2559 5683 qua
2597 5634 2763 5673 revera
2780 5572 3189 5687 fige-mperium,
3212 5621 3308 5678 nisi
3462 5628 3580 5676 esset
3603 5572 3799 5686 W9
