3996 6282
190 290 275 348 η,
1195 313 1198 316 .
1453 273 1650 331 Ltnsn
1699 273 1733 328 s

1837 271 2072 330 UNDL’S.

183 417 226 462 te
252 401 458 459 intellexi
499 412 752 471 quatrere,
795 395 921 467 quid
961 396 1071 450 lucc
1111 393 1160 450 in
1203 393 1478 465 pmphetia
1513 391 1713 460 signifi-

182 504 284 551 cent
307 512 317 546 :
341 494 386 547 in
415 506 515 561 quo
543 505 720 544 rerera
753 489 1132 556 obtemperare
1172 485 1300 539 mihi
1333 493 1476 538 esset
1505 481 1718 536 difficil-

182 589 335 640 limutn
359 601 370 646 ;
399 583 514 652 quia
546 589 599 635 et
626 581 687 636 de
716 589 820 634 tota
853 578 1160 635 eorumdem
1186 577 1525 632 contentione
1555 575 1716 628 libro-

182 693 278 732 rum
320 674 542 728 ducenda
598 683 735 727 esset
780 672 1002 726 intentio
1027 711 1039 735 ,
1078 679 1129 724 et
1166 669 1210 724 si
1249 679 1391 723 esset
1431 668 1722 737 promptior

182 768 481 826 intellectus,
541 763 846 832 magnitudo
914 770 1087 814 tamen
1156 759 1334 828 operis
1405 757 1716 827 impediret;

179 875 276 923 quze
299 858 337 910 si
361 854 623 909 subeunda
650 865 726 908 est
747 895 761 916 ,
801 852 1056 922 prolixius
1088 851 1250 904 otium
1281 860 1593 919 tempusque
1625 848 1720 901 fla-

179 950 316 1016 gitat:
343 945 426 998 sed
456 959 594 997 nunc
635 943 771 1012 ipsas
811 958 986 996 rerum
1030 942 1380 1011 proprietates
1407 950 1674 1010 gestarum
1701 979 1717 1004 ,

177 1056 274 1108 qua:
293 1037 364 1091 his
386 1036 558 1090 verbis
587 1049 806 1105 quorum
844 1050 874 1088 a
905 1043 958 1088 te
983 1033 1117 1088 facta
1143 1031 1580 1087 commemoratio
1607 1039 1719 1096 est,

178 1130 519 1200 significantur,
545 1127 808 1198 quomodo
831 1126 1180 1196 iutclligerem
1209 1139 1365 1178 nosse
1395 1124 1638 1194 dignatus
1663 1136 1724 1176 es

177 1230 219 1274 et
238 1221 350 1274 meis
374 1219 558 1273 litteris
583 1219 797 1288 aperiri.

179 1314 396 1380 Ουιεετιο
421 1327 597 1366 PRIMA.
621 1341 690 1354 σ-
712 1311 907 1380 Spiritu
931 1309 1026 1364 Dei
1054 1310 1247 1364 diverso
1269 1309 1416 1363 modo
1443 1309 1726 1379 aﬂiciuntur

235 1405 484 1474 praplietre.
511 1403 783 1472 Prop/retin
799 1403 972 1456 habitu
989 1413 1246 1473 perpetuo,
1283 1410 1330 1454 et
1349 1400 1533 1467 a/I'ectu
1556 1410 1726 1455 trans-

234 1496 382 1548 itoria.
413 1492 636 1564 Spiritus
671 1493 768 1546 Dei
807 1499 915 1546 sine
941 1494 1284 1552 additamenta
1313 1493 1725 1564 intelligitur'bo-

234 1603 333 1638 nus.
363 1585 436 1638 Αη
463 1586 634 1638 eodem
657 1585 858 1638 nomine
886 1585 1240 1655 intelligendus
1278 1584 1501 1654 Spiritus
1525 1595 1727 1638 sanctus

237 1673 364 1728 l'utri
389 1683 432 1728 et
461 1672 598 1726 Filio
623 1674 1082 1728 consubstantialis.
1109 1674 1330 1744 Spiritus
1367 1673 1460 1726 Dei
1491 1673 1543 1726 in
1572 1672 1730 1728 Sat'u's

233 1764 371 1811 bonus
397 1767 438 1810 et
471 1756 635 1809 malus
667 1758 935 1828 quomodo.
976 1757 1104 1812 Satil
1142 1773 1437 1827 persequens
1484 1755 1729 1811 Doridem

235 1849 392 1916 spiritu
413 1849 705 1917 prapltetico
731 1859 773 1902 ct
797 1851 924 1902 (tono
950 1858 1226 1918 correptus.
1258 1849 1473 1904 Munera
1499 1851 1730 1920 qutedam

239 1939 435 2007 Spiritus
473 1939 633 1993 sancti
670 1939 844 1992 haberi
881 1941 989 1994 sine
1020 1940 1279 1994 clmritate.
1328 1939 1453 1996 Sine
1488 1940 1731 1997 charitate

237 2047 420 2083 ntuncra
443 2031 543 2082 alia
563 2031 791 2100 Spiritus
810 2033 970 2084 sancti
983 2031 1111 2085 n'ltil
1129 2041 1354 2101 prosunt.
1375 2034 1448 2088 An
1467 2034 1730 2104 prapltetia

239 2123 450 2175 habeatur
468 2126 575 2174 s'nc
605 2123 865 2176 clmrihte.
896 2121 1170 2176 llwreticos
1199 2134 1241 2178 et
1267 2123 1605 2179 schismaticos
1634 2125 1726 2179 Ita-

240 2215 334 2267 ltcre
349 2215 442 2266 alia
459 2216 591 2268 dona
611 2214 843 2285 Spiritus
867 2217 1028 2269 sancti
1055 2228 1234 2286 printer
1262 2218 1576 2273 eltaritatem.
1604 2219 1730 2290 Spi-

241 2305 343 2356 ritus
366 2306 518 2359 ntalus
542 2323 636 2359 cur
667 2307 832 2359 dictus
856 2307 1062 2376 spiritus
1085 2307 1311 2362 Domini.

243 2396 282 2448 l.
300 2397 350 2449 Et
370 2397 590 2465 primum
615 2398 828 2467 quidem
845 2399 984 2468 quod
1003 2399 1070 2454 de
1087 2401 1260 2470 primo
1273 2400 1574 2472 Regnorum
1599 2404 1734 2460 libro

190 2485 346 2554 iussisti
368 2500 415 2542 ut
436 2504 792 2559 expoacrem,
821 2492 1087 2561 quomodo
1116 2492 1313 2548 dictum
1331 2496 1420 2561 sit,
1452 2495 1517 2550 Et
1540 2498 1732 2551 insiluit

197 2582 352 2646 spiritus
394 2583 602 2638 Domini
645 2585 695 2638 in
738 2585 1005 2640 Smilcum
1039 2587 1161 2642 alibi
1208 2589 1385 2655 dicat,
1419 2587 1485 2642 Ει
1526 2591 1732 2659 spiritus

205 2669 358 2726 Domini
391 2674 548 2730 malus
603 2677 655 2730 in
700 2676 832 2731 sunt
869 2677 918 2747 (I
964 2676 1090 2749 Reg.
1140 2695 1260 2747 va,
1300 2681 1421 2752 M).
1469 2682 1542 2737 ltn
1587 2684 1730 2740 enim

204 2765 395 2834 scriptum
414 2778 491 2823 est
524 2787 536 2825 :
574 2769 642 2822 Et
674 2772 862 2839 factum
885 2781 956 2822 est
983 2788 1096 2825 cum
1134 2784 1432 2830 converteret
1472 2777 1732 2832 humerum

201 2869 326 2918 suam,
345 2870 388 2909 ut
403 2860 490 2913 iret
511 2877 541 2911 α
561 2860 800 2924 Samuel,
824 2864 1062 2915 convertit
1086 2863 1218 2919 Deus
1236 2867 1289 2920 in
1314 2867 1444 2922 Saftl
1462 2885 1549 2922 cor
1568 2868 1730 2937 aliud,

196 2952 232 2994 sl
252 2959 447 3001 venerunt
474 2951 652 3003 omnia
689 2953 833 3022 signa
861 2953 951 3010 illa
981 2956 1062 3008 die
1091 2973 1111 3010 :
1154 2967 1198 3011 et
1229 2960 1356 3013 venit
1396 2960 1513 3013 inde
1541 2961 1591 3014 in
1629 2961 1735 3015 col-

195 3036 284 3104 lem,
306 3048 345 3091 et
366 3061 466 3098 ecce
486 3046 677 3100 chorus
702 3050 1059 3118 prophetarum
1079 3051 1131 3104 in
1159 3052 1351 3104 obviam
1376 3053 1452 3107 illi
1476 3096 1489 3117 ,
1536 3064 1580 3108 et
1607 3056 1733 3108 insi-

192 3131 263 3185 luit
283 3135 325 3188 in
347 3136 477 3191 illum
505 3140 718 3208 spiritus
746 3140 852 3203 Dei,
883 3152 929 3196 et
958 3143 1269 3214 prophetarit
1296 3145 1347 3199 in
1376 3146 1540 3199 medio
1564 3163 1735 3201 eorum

192 3221 342 3292 (ld.x,
363 3230 408 3293 9,
441 3230 564 3300 10).
601 3231 926 3286 Praedixerat
943 3235 1083 3288 enim
1108 3235 1221 3289 haec
1246 3236 1316 3290 illi
1339 3235 1549 3291 Samuel
1573 3279 1588 3304 ,
1611 3253 1731 3292 cmn

189 3330 286 3368 eum
307 3320 468 3384 jussus
496 3324 760 3377 Unxisset.
796 3324 858 3376 Et
889 3323 988 3378 hoc
1008 3324 1220 3394 quidem
1249 3341 1354 3380 non
1385 3337 1509 3396 pttto
1540 3327 1734 3384 habere

188 3408 349 3479 aliquid
372 3417 694 3483 quaestionis.
724 3415 952 3486 Spiritus
967 3418 1109 3470 enim
1133 3419 1221 3473 ubi
1242 3419 1354 3472 vult
1374 3419 1536 3490 spirat
1553 3419 1730 3489 (Joan.

191 3513 261 3565 tu,
296 3502 390 3573 8):
421 3516 469 3559 et
509 3507 758 3577 spiritum
802 3509 1097 3578 prophetizn
1143 3509 1404 3565 nullarum
1439 3513 1733 3568 animarum

191 3601 335 3659 potest
355 3597 614 3652 maculare
641 3606 935 3652 contactus.
961 3599 1184 3668 Attingit
1216 3602 1356 3655 enim
1389 3603 1582 3671 ubique
1610 3619 1732 3673 pro-

190 3689 288 3748 pter
303 3697 434 3740 suam
465 3687 777 3742 munditiam
803 3687 956 3760 (Sap.
982 3705 1072 3753 vn,
1097 3689 1212 3762 24).
1235 3691 1414 3746 Afficit
1433 3702 1606 3748 autem
1631 3710 1735 3749 non

191 3785 345 3830 omnes
371 3777 549 3832 eodem
581 3779 760 3843 modo,
781 3779 872 3834 scd
902 3781 1034 3833 alios
1060 3779 1607 3850 perinformationem
1630 3785 1738 3855 spi-

191 3861 300 3917 ritus
323 3869 619 3924 earumdem
649 3869 957 3936 hominum,
990 3873 1075 3926 ubi
1099 3888 1274 3928 rerum
1308 3873 1738 3932 demonstrantur

193 3953 435 4025 imagines;
464 3960 599 4014 alios
628 3976 722 4031 per
747 3960 974 4017 fructum
994 3964 1188 4018 mentis
1213 3965 1278 4019 ad
1302 3966 1733 4036 intelligentiam;

192 4046 299 4099 alios
319 4058 520 4122 utraque
546 4053 894 4124 inspiratione
913 4072 928 4120 ;
946 4055 1077 4110 alios
1103 4057 1262 4112 etiam
1286 4059 1603 4114 nescientes.
1631 4059 1737 4116 Sed

193 4149 269 4204 per
299 4140 710 4200 informationem
756 4147 971 4216 Splt'illls
1013 4147 1222 4202 duobus
1263 4149 1478 4206 modis:
1512 4164 1602 4206 aut
1647 4169 1740 4223 per

194 4231 449 4300 somnium,
496 4238 633 4291 sicut
677 4254 784 4290 non
823 4238 992 4291 solum
1042 4239 1278 4310 plerique
1325 4243 1528 4306 sancti,
1559 4243 1652 4298 sed
1687 4255 1740 4300 ct

197 4314 371 4374 Pharao
413 4333 464 4378 et
510 4325 1003 4381 Nabuchodonosor
1056 4344 1149 4382 rex
1199 4329 1329 4384 vidit
1383 4332 1525 4400 quod
1581 4348 1740 4388 nemo

197 4425 348 4466 eorum
383 4415 672 4486 intelligere
712 4418 941 4486 valebat,
984 4420 1076 4476 sed
1107 4431 1280 4476 tamen
1309 4422 1490 4479 videre
1520 4433 1741 4494 uterque

199 4512 402 4570 potuerat
424 4508 572 4579 (Gen.
599 4526 708 4576 xu,
729 4520 776 4564 et
797 4509 931 4564 Dan.
958 4513 1098 4582 tt—tv)
1125 4530 1138 4565 :
1170 4524 1258 4566 aut
1289 4530 1380 4582 per
1399 4513 1738 4570 demonstra-

201 4594 362 4652 tionem
386 4600 433 4654 in
463 4604 674 4665 ecstasi,
703 4603 842 4673 quod
869 4605 1103 4658 nonnulli
1135 4605 1305 4659 Latini
1331 4615 1600 4676 stuporem
1623 4609 1637 4639 ¹
1659 4609 1743 4663 in-

203 4693 544 4757 terpretantur;
590 4695 783 4748 mirum
835 4695 878 4747 si
911 4695 1154 4765 proprie,
1201 4696 1294 4749 sed
1334 4697 1503 4752 vicine
1543 4708 1740 4765 tamen,

205 4787 300 4829 cum
321 4781 380 4834 sit
403 4787 587 4839 mentis
606 4785 852 4838 alienatio
871 4800 899 4838 a
926 4786 1166 4840 sensibus
1177 4787 1434 4855 corporis,
1455 4798 1508 4842 ut
1529 4788 1744 4859 spiritus

207 4863 397 4926 hominis
413 4874 586 4929 divino
617 4875 805 4945 spiritu
833 4885 1132 4944 assumptus
1157 4876 1426 4945 capiendis
1467 4888 1623 4948 atque
1666 4879 1746 4932 in-

208 4963 382 5017 tuendis
417 4965 723 5036 imaginibus
763 4975 948 5029 vocet;
989 4967 1124 5021 sicut
1165 4966 1368 5021 Danieli
1405 4969 1743 5024 demonstra-

209 5047 296 5094 tum
321 5055 394 5100 est
416 5051 547 5118 quod
577 5065 681 5105 non
711 5051 1056 5121 intclligebat,
1090 5059 1144 5105 et
1167 5052 1321 5107 Petro
1351 5053 1476 5108 illud
1499 5069 1593 5109 vas
1621 5055 1746 5110 sub-

209 5133 391 5192 missum
416 5139 478 5194 de
501 5142 634 5197 ccelo
662 5150 890 5212 quatuor
912 5142 1063 5196 lineis
1084 5144 1104 5174 '
1123 5143 1256 5212 (Act.
1287 5159 1320 5198 ιι
1341 5185 1355 5211 ,
1390 5143 1512 5214 ll):
1545 5161 1665 5200 nam
1692 5156 1746 5200 et

210 5220 303 5290 ipse
326 5229 436 5298 quid
468 5230 551 5287 illa
583 5232 967 5289 demonstratio
991 5234 1239 5305 figuraret
1269 5245 1450 5306 postea
1477 5240 1740 5308 cognovit.

211 5308 294 5366 Per
309 5315 522 5390 fructum,
536 5312 712 5380 autem
755 5325 946 5380 mentis
976 5323 1040 5378 ad
1074 5325 1467 5396 intelligentiam
1495 5344 1600 5382 uno
1625 5344 1743 5383 mo-

213 5403 282 5472 (10,
301 5424 405 5466 eum
424 5412 531 5472 haec
553 5417 660 5488 ipsa
682 5405 800 5490 qua:
816 5417 1249 5474 demonstrantur
1275 5421 1593 5492 imaginibus
1617 5422 1741 5493 quid

217 5497 468 5568 significent
505 5518 557 5564 et
595 5525 700 5581 quo
747 5512 1044 5579 pertineant
1077 5513 1371 5582 revehitur;
1401 5530 1520 5585 qua:
1546 5515 1743 5572 certior

415 5603 531 5664 Μετ’
550 5613 784 5664 Wa"-

267 5652 286 5723 ξ
304 5657 366 5723 sic
384 5652 529 5723 tit-meti
541 5652 591 5723 ili
607 5670 713 5713 Uss.
739 5671 794 5714 At
818 5663 952 5722 editi,
978 5663 1152 5716 linteis.

265 5715 326 5776 (α)
355 5715 492 5773 Forte.
514 5715 723 5788 ditt-tum,
753 5723 848 5786 vel,
883 5715 1168 5789 praeteribit.

3309 277 3410 335 150

1825 386 2100 456 prophetia
2129 397 2229 452 est;
2251 405 2370 442 nam
2399 390 2567 462 magis
2592 392 2758 461 ipsam
2797 403 2948 449 vocat
2978 395 3262 465 Apostolus
3287 415 3410 469 pro-

1825 477 2058 546 phetiam
2093 478 2144 548 (Ι
2174 481 2289 533 Cor.
2317 495 2430 541 xui.
2463 482 2527 556 2)
2565 502 2580 538 :
2607 484 2744 539 sicut
2771 485 2967 556 Joseph
2999 491 3187 543 meruit
3216 490 3410 546 intelli-

1821 584 1965 639 gere,
1993 572 2133 640 quod
2167 573 2371 628 Pharao
2396 591 2498 630 non
2521 578 2621 631 nisi
2643 577 2855 633 videre‘
2877 595 2891 644 ;
2915 590 2968 633 et
2988 581 3166 635 Daniel
3197 585 3413 653 exponit

1824 660 1954 729 regi,
1986 661 2124 730 quod
2149 662 2234 716 ille
2258 665 2426 718 cernit
2452 676 2504 718 et
2530 668 2718 721 nescit.
2747 667 2878 722 Cum
2908 685 3034 723 vero
3059 671 3126 723 ita
3158 687 3306 727 mens
3332 674 3412 727 af-

1825 749 2016 816 ficitur,
2053 762 2106 806 ut
2135 769 2236 808 non
2261 770 2438 808 rerum
2468 756 2726 828 imagines
2755 762 3099 828 coniecturali
3136 768 3407 820 examina-

1825 845 1966 898 tione
1991 846 2266 915 intelligat,
2295 847 2389 902 sed
2419 864 2504 903 res
2527 850 2667 918 ipsas
2693 851 2978 920 intueatur,
3008 856 3145 910 sicut
3169 857 3418 928 intelligi-

1825 941 1912 987 tur
1937 935 2192 1004 sapientia
2232 946 2279 991 et
2306 938 2509 1006 justitia
2555 943 2833 1012 omnisque
2873 944 3320 1003 incommutabilis
3361 958 3418 1005 et

1824 1021 2000 1077 divina
2041 1026 2268 1094 species,
2318 1027 2383 1081 ad
2427 1029 2758 1098 prephetiam
2803 1033 2871 1088 de
2900 1051 3001 1103 qua
3038 1053 3176 1091 nunc
3208 1039 3417 1107 agimus

1826 1125 1932 1167 non
1979 1115 2232 1183 pertinet.
2273 1114 2507 1188 Utroque
2533 1131 2709 1174 autem
2737 1137 2955 1178 munere
2985 1127 3275 1197 pr0phetia:
3314 1127 3416 1182 do-

1827 1215 2020 1259 nantur
2045 1205 2097 1259 hi
2121 1207 2209 1274 qui
2237 1217 2290 1261 et
2315 1223 2490 1262 rerum
2521 1209 2772 1280 imagines
2813 1214 2864 1266 in
2890 1215 3078 1283 spiritu
3116 1217 3328 1281 vident,
3360 1227 3415 1273 ct

1826 1296 1951 1366 quid
1987 1298 2195 1352 Valeant
2233 1299 2390 1354 simul
2437 1301 2750 1372 intelligunt,
2799 1315 2889 1358 aut
2930 1318 3078 1362 certe
3123 1312 3417 1366 manifestis

1827 1385 2182 1442 locutionibus
2213 1389 2261 1442 in
2290 1389 2401 1459 ipsa
2422 1391 2876 1450 demonstratione
2906 1397 3276 1466 informantur,
3299 1403 3418 1456 sic-

1830 1487 1887 1531 ut
1938 1477 1990 1533 in
2045 1481 2364 1550 Apocalypsi
2407 1482 2648 1551 quaedam
2694 1495 3049 1555 exponuntur.
3100 1489 3415 1548 Nescientes

1827 1580 2005 1625 autem
2036 1570 2200 1626 afficit
2232 1575 2521 1643 prophetia:
2558 1577 2775 1646 spiritus
2799 1619 2813 1640 ,
2854 1580 2988 1634 sicut
3032 1583 3256 1650 Caiphas
3293 1601 3414 1641 cum

1829 1671 1973 1714 eSset
2004 1662 2237 1730 pontifex
2280 1663 2613 1733 prophetarit
2637 1666 2704 1720 de
2734 1667 2955 1723 Domino
2979 1671 3120 1740 quod
3145 1675 3443 1742 expediret-

1831 1765 1993 1805 unum
2013 1753 2144 1806 mori
2164 1769 2258 1822 pro
2281 1763 2387 1807 tota
2414 1766 2570 1824 gente
2595 1755 2769 1826 (latnt.
2797 1775 2868 1823 xt,
2893 1762 2984 1828 49,
3003 1762 3115 1834 50),
3137 1779 3256 1819 cum
3274 1767 3417 1823 aliud

1831 1843 1882 1897 in
1904 1843 2076 1897 verbis
2087 1859 2204 1914 qua:
2221 1844 2426 1900 dicebat
2441 1849 2760 1914 attenderet;
2778 1866 2897 1921 quae
2914 1868 3015 1906 non
3035 1868 3132 1908 sea
3146 1871 3204 1911 se
3216 1856 3330 1924 ipso
3347 1858 3421 1913 di-

1830 1949 1958 1991 cere
1990 1937 2276 1992 nesciebat.
2307 1938 2591 1994 Abundant
2611 1941 2660 1995 in
2684 1945 2880 1998 sanctis
2900 1944 3070 2001 Libris
3085 1950 3350 2018 exempla;
3367 1960 3422 2006 et

1833 2041 1919 2081 res
1935 2026 2223 2096 prudentia!
2243 2038 2344 2083 tua:
2358 2030 2659 2086 notissimas
2671 2033 2877 2104 loquor.
2891 2035 3006 2090 Non
3019 2039 3157 2092 enim
3172 2039 3269 2095 ista
3287 2041 3421 2097 dicis

1831 2133 1895 2173 ex
1921 2133 2025 2186 me,
2044 2119 2136 2174 sed
2161 2120 2210 2173 in
2231 2121 2308 2176 eis
2331 2137 2414 2176 me
2433 2126 2795 2192 percontando
2813 2127 3080 2196 probas,et
3098 2145 3422 2200 cognoscere

1831 2210 2054 2278 cupiens
2083 2211 2445 2280 proficientem
2467 2254 2482 2276 ,
2511 2223 2566 2268 et
2588 2217 2858 2286 corrigere
2889 2231 3103 2287 paratus
3127 2233 3419 2280 errantem.

1832 2299 1944 2354 Hoc
1970 2311 2146 2356 autem
2181 2302 2363 2367 verbo,
2394 2303 2534 2374 quod
2564 2305 2790 2374 positum
2818 2317 2920 2372 est,
2943 2307 3010 2362 Et
3030 2310 3222 2365 insiluit
3241 2313 3292 2366 in
3309 2330 3422 2368 eum

1831 2392 2069 2460 spiritus;
2100 2401 2346 2463 tanquam
2375 2410 2437 2449 ex
2469 2395 2649 2451 abdito
2673 2396 2962 2453 divinitatis
2989 2411 3198 2454 secreto
3226 2418 3423 2472 repen-

1834 2482 1976 2536 tinus
2024 2482 2354 2553 significatur
2403 2484 2630 2540 afflatus.
2691 2487 2888 2542 Horum
2938 2489 3095 2558 igitur
3141 2491 3422 2549 modorum

1833 2586 2064 2641 quonam
2091 2574 2265 2642 potius
2292 2574 2540 2629 affectum
2579 2591 2699 2632 esse
2725 2579 3078 2648 intelligamus
3101 2581 3228 2637 Saul
3247 2624 3262 2650 ,
3295 2584 3425 2641 satis

1833 2673 2052 2731 apparet
2077 2679 2140 2718 ex
2169 2679 2233 2719 eo
2261 2665 2401 2734 quod
2432 2666 2499 2719 ibi
2531 2669 2783 2737 scriptmn
2805 2677 2908 2734 est,
2933 2667 3187 2726 Convertit
3212 2672 3347 2729 Dous
3371 2675 3425 2730 in

1837 2755 1966 2810 Sutil
1995 2771 2082 2808 cor
2109 2756 2272 2809 aliud.
2307 2757 2395 2812 Sic
2425 2758 2566 2812 enim
2597 2760 2753 2813 aliam
2789 2761 2963 2815 cordis
2989 2762 3321 2820 affectionem
3351 2767 3426 2821 si-

1832 2845 2069 2915 gnificat,
2102 2863 2259 2917 quam
2280 2849 2300 2879 '
2331 2848 2691 2903 convertenda
2720 2848 2843 2904 fecit
2870 2851 3008 2907 Deus
3043 2861 3098 2906 ut
3135 2854 3423 2924 imaginum

1834 2940 2243 3010 significantium
2274 2949 2327 2995 et
2358 2940 2808 3012 pra-figurandum
2828 2959 2996 3014 capax
3017 2944 3187 3011 fieret,
3213 2946 3278 3001 ad
3302 2964 3426 3018 pro-

1835 3032 2099 3103 pheticum
2128 3032 2528 3088 divinationem.

1905 3124 1956 3178 Ξ.
1988 3125 2215 3180 Tantum
2248 3137 2424 3181 autem
2451 3126 2612 3183 distat
2639 3127 2777 3184 inter
2813 3129 3146 3200 prOphetiam
3189 3132 3425 3202 prophe-

1838 3223 2031 3281 tarum,
2065 3216 2200 3270 sicut
2227 3215 2411 3281 Isaias,
2443 3217 2581 3272 sicut
2605 3217 2864 3272 .leremias
2887 3261 2902 3285 ,
2933 3231 2988 3275 et
3015 3223 3193 3275 caeteri
3235 3222 3423 3291 hujus-

1837 3307 1977 3361 modi
2007 3306 2256 3373 fuerunt,
2291 3316 2451 3378 atque
2481 3309 2633 3363 istam
2671 3310 3029 3364 transitoriam
3069 3327 3188 3381 qua:
3217 3314 3268 3366 in
3297 3313 3424 3368 Saul

1835 3398 2114 3467 apparuit,
2148 3407 2401 3468 quantum
2451 3399 2618 3454 distat
2660 3401 2795 3454 inter
2817 3401 3080 3471 loquelam
3111 3403 3421 3468 humanam,

1834 3505 1954 3544 cum
1996 3490 2281 3560 loquuntur
2315 3492 2575 3556 homines,
2603 3503 2656 3546 et
2693 3509 2814 3548 cum
2841 3493 3028 3549 eadem
3063 3495 3266 3565 loquela
3297 3512 3424 3565 pro.

1842 3590 1960 3650 pter
1987 3583 2344 3645 necessarium
2377 3585 2667 3654 prodigium
2697 3586 2841 3639 asina
2871 3585 3042 3640 locuta
3088 3596 3190 3650 est,
3238 3588 3289 3642 in
3319 3604 3424 3658 qua

1838 3673 2060 3728 sedebat
2089 3674 2300 3727 Balaam
2333 3674 2588 3745 propheta
2620 3676 2636 3745 (
2671 3675 2831 3730 Num.
2863 3693 2975 3730 xxtt
2995 3717 3009 3741 ,
3040 3677 3110 3732 28
3133 3677 3175 3749 ).
3207 3679 3426 3750 Accepit

1839 3765 1980 3820 enim
2013 3765 2113 3820 hoc
2143 3765 2207 3819 ad
2248 3777 2456 3836 tempus
2502 3767 2628 3821 illud
2657 3767 2957 3836 jumentum
2978 3811 2995 3836 ,
3024 3779 3080 3824 ut
3113 3771 3249 3825 Deus
3278 3771 3421 3840 quod

1838 3866 2098 3912 statuerat
2126 3857 2538 3920 demonstraret,
2573 3873 2678 3912 non
2706 3867 2760 3913 ut
2793 3859 2973 3914 habitu
3008 3871 3263 3931 perpetuo
3288 3863 3427 3918 inter

1840 3947 2084 4002 homines
2113 3948 2279 4004 bestia
2313 3949 2638 4020 loqueretur.
2665 3952 2767 4004 Aut
2794 3951 2838 4004 si
2864 3951 2964 4006 hoc
2993 3953 3291 4023 exemplum
3314 3970 3428 4008 ma-

1834 4036 1952 4107 jore
1973 4038 2270 4094 differentia
2298 4049 2562 4094 remotum
2594 4048 2701 4104 est;
2732 4042 2896 4096 nmlto
2930 4043 3103 4096 minus
3125 4044 3424 4099 mirandum

1838 4137 1921 4185 est
1949 4128 2149 4184 homini
2174 4130 2402 4200 reprobo
2427 4131 2603 4185 datam
2637 4131 2797 4186 fuisse
2839 4134 2903 4185 ad
2932 4144 3257 4188 momentum
3289 4147 3424 4190 tem-

1841 4221 1986 4290 poris
2023 4221 2212 4276 affectu
2243 4222 2546 4275 transitorio
2574 4222 2903 4290 prophetiam
2930 4266 2944 4288 ,
2972 4225 3184 4294 quando
3211 4228 3300 4281 ille
3325 4227 3425 4282 de-

1840 4310 2009 4377 derat,
2031 4311 2121 4380 qui
2145 4319 2199 4366 et
2218 4313 2419 4366 asinam
2441 4325 2560 4365 cum
2589 4313 2751 4367 voluit
2773 4313 2910 4384 loqui
2932 4314 3058 4370 fecit
3101 4317 3262 4387 Magis
3280 4319 3425 4374 enim

1841 4401 2003 4455 distat
2048 4417 2206 4471 pecus
2235 4403 2302 4456 ab
2349 4402 2601 4465 homine.
2652 4420 2812 4474 quam
2864 4405 3024 4461 homo
3056 4409 3310 4478 reprobus
3356 4411 3424 4464 ab

1842 4493 2049 4560 electis,
2081 4493 2171 4548 sed
2205 4502 2377 4549 tamen
2413 4494 2734 4550 hominibus.
2761 4495 2876 4550 Non
2907 4498 3047 4552 enim
3074 4500 3117 4552 si
3145 4500 3424 4568 quisquam

1843 4587 2037 4642 dixerit
2063 4586 2259 4657 aliquid
2289 4587 2429 4657 quod
2459 4588 2524 4642 ad
2555 4590 2868 4658 sapientiam
2896 4590 3141 4660 pertinet,
3173 4594 3426 4648 Continuo

1844 4679 2056 4746 sapiens
2094 4678 2477 4734 existimandus
2503 4688 2603 4734 est.
2652 4679 2740 4733 Sic
2768 4697 2865 4735 nec
2890 4681 3166 4751 quisquam
3186 4723 3202 4747 ,
3254 4684 3297 4739 si
3331 4686 3428 4740 ali-

1844 4771 2054 4842 quando
2097 4771 2524 4841 prophetavcrit,
2551 4772 2659 4841 jam
2705 4773 2841 4827 inter
2866 4775 3154 4844 prophetas
3180 4793 3430 4833 numera-

1845 4864 1987 4920 bitur
2016 4882 2029 4916 :
2059 4880 2180 4920 cum
2212 4874 2264 4919 et
2297 4866 2550 4918 Dominus
2591 4865 2640 4918 in
2665 4865 2958 4935 Evangelio
2997 4867 3140 4923 dicat
3167 4871 3427 4939 quosdam

1844 4973 1963 5014 cum
1994 4957 2186 5029 gaudio
2213 4957 2431 5012 verbum
2477 4959 2755 5029 excipere,
2795 4970 2849 5014 et
2869 4961 3067 5017 radicis
3093 4963 3428 5018 altitudinem

1846 5065 1950 5102 non
1987 5048 2218 5114 habere,
2258 5049 2354 5104 sed
2399 5064 2520 5104 esse
2565 5051 2881 5120 temporales
2915 5051 3142 5122 (Matth.
3176 5069 3270 5108 χιιι
3292 5096 3307 5119 ,
3335 5054 3427 5118 20,

1843 5138 1964 5206 21).
2001 5137 2226 5208 Ideoque
2270 5140 2406 5194 sicut
2434 5155 2766 5209 consequens
2801 5143 2999 5197 indicat
3027 5145 3202 5210 lectio,
3235 5146 3428 5203 factum

1845 5241 1926 5288 est
1952 5233 2001 5286 in
2033 5232 2358 5302 parabolam,
2379 5233 2441 5289 Si
2464 5243 2510 5287 et
2538 5233 2668 5288 Saul
2688 5235 2817 5288 inter
2837 5236 3106 5306 praplietas
3120 5236 3140 5268 ³
3165 5235 3209 5307 (Ι
3228 5236 3426 5307 Reg.x,

1848 5321 1982 5397 ηρ
2035 5323 2146 5379 Hoc
2177 5325 2337 5394 igitur
2363 5325 2542 5380 mirari
2583 5326 2887 5382 desinamus
2909 5368 2924 5392 ,
2963 5343 3082 5383 cum
3114 5328 3164 5382 in
3197 5327 3427 5383 homini-

1847 5414 1944 5470 bus
1981 5423 2201 5486 apparet
2235 5416 2489 5470 divinitus
2527 5417 2748 5488 aliquid,
2790 5432 3014 5489 quorum
3056 5419 3137 5474 vel
3178 5417 3428 5475 meritum

1908 5551 1925 5582 ί
1950 5557 2090 5608 t.ov.,
2132 5549 2260 5615 quod
2287 5550 2496 5615 ΔΡιιανγιο
2541 5563 2657 5615 ηοη,
2679 5551 2828 5615 potuit
2872 5550 2967 5615 nisi
2998 5550 3178 5615 videre.
3215 5559 3272 5604 At
3306 5553 3430 5607 editi

1842 5610 1923 5676 ain
1966 5618 2134 5676 etiuss.
2145 5610 2246 5676 non
2287 5611 2493 5676 habent,
2529 5610 2716 5676 potuit;
2746 5613 2859 5675 quia
2889 5611 3198 5674 subauditur,
3231 5619 3428 5669 meruit.

1905 5675 1926 5736 ξ
1951 5672 2085 5732 Fditi,
2102 5672 2232 5736 quia.
2259 5675 2402 5736 cuius
2424 5671 2538 5736 loco
2551 5671 2846 5736 siss._._’mt'am

1911 5687 1926 5705 -
1952 5687 2085 5732 mm,
2102 5687 2232 5736 quso.
2259 5687 2402 5782 aqua
2427 5687 2531 5744 loco
2551 5687 2676 5743 stss._.
2703 5687 2846 5733 quam

1911 5735 1932 5767 ⁸
1965 5740 2028 5784 tta
2054 5739 2158 5782 Ias.
2185 5741 2236 5784 Αι
2259 5734 2320 5782 od
2341 5736 2394 5793 ιι,
2419 5745 2488 5783 ste
2513 5740 2558 5784 st
2581 5732 2695 5789 sani
2714 5740 2837 5785 tam
2855 5731 3105 5789 prophetas
3129 5734 3151 5788 Ρ
