3996 6282
555 303 655 362 131

550 419 637 474 vel
677 416 912 473 habitum
950 411 1195 479 excedit,
1235 427 1357 467 cum
1396 410 1533 466 forte
1559 409 1671 464 vult
1702 409 1840 464 Deus
1869 406 2145 476 cujusdam

551 507 953 582 signiﬁcationis
977 506 1142 577 gratia
1170 505 1274 561 tale
1304 502 1514 574 aliquid
1527 500 1903 557 demonstrari.

622 602 677 659 ὅ.
726 600 781 656 Si
829 609 1006 654 autem
1047 596 1151 652 hoc
1194 605 1404 663 movet,
1432 592 1572 665 quod
1610 601 1793 662 postea
1829 589 1957 646 Saitl
1999 587 2142 644 malo

550 694 739 765 spiritu
768 691 1047 749 invadente
1073 689 1457 761 prmiocabatur
1477 730 1492 755 ,
1532 687 1623 758 qui
1676 686 1822 755 prius
1848 683 2140 754 prophetia:

550 783 793 853 spiritum
836 789 1146 851 acceperat;
1197 792 1369 849 neque
1399 778 1497 831 hoc
1525 774 1823 829 mirandum
1872 781 1976 829 est.
2007 771 2137 827 lllud

550 874 694 929 enim
721 872 916 927 factum
942 879 1113 926 estex
1139 867 1533 938 diSpensatione
1552 864 1746 933 aliquid
1773 861 2106 933 signiﬁcandi
2123 903 2139 928 ,

551 965 657 1022 hoc
698 980 764 1021 ex
813 962 1004 1020 merito
1044 959 1363 1016 vindicandi.
1402 957 1511 1013 Nec
1539 970 1754 1011 movere
1803 969 1901 1009 nos
1943 953 2141 1009 debent

550 1057 669 1113 haec
711 1054 1024 1112 alternantia
1055 1053 1105 1106 in
1131 1052 1308 1105 animo
1354 1049 1619 1114 humano,
1650 1046 1752 1102 hoc
1787 1053 1871 1101 est
1912 1045 1963 1099 in
1988 1059 2139 1100 crea-

552 1159 670 1204 tura
701 1147 972 1212 mutabili;
1002 1142 1298 1215 praesertim
1338 1157 1403 1197 eo
1431 1150 1672 1211 tempore
1700 1155 1807 1210 quo
1855 1154 1984 1194 caro
2021 1152 2139 1193 cor-

549 1241 816 1311 ruptibilis
863 1237 1207 1307 mortalisque
1256 1244 1517 1305 portatur.
1552 1234 1631 1287 An
1670 1248 1779 1287 non
1819 1231 2057 1286 videmus
2084 1230 2137 1285 in

550 1331 669 1401 ipso
713 1329 871 1384 Petro
891 1370 905 1392 ,
938 1335 1193 1398 quantum
1226 1324 1421 1380 indicat
1464 1321 1839 1393 Evangelium,
1871 1320 2139 1378 exstitisse

548 1427 750 1474 tantam
790 1416 1180 1473 confessionem
1200 1458 1214 1481 ,
1255 1424 1315 1470 ut
1340 1415 1523 1469 audire
1562 1413 1847 1478 meruerit,
1875 1410 2060 1466 Beatus
2085 1427 2140 1466 es

550 1509 733 1566 Simon
771 1507 876 1562 Bar
909 1506 1081 1575 Iona,
1115 1507 1231 1576 quia
1260 1522 1361 1559 non
1388 1504 1621 1560 reuelauit
1661 1502 1749 1556 tibi
1787 1519 1906 1556 caro
1934 1512 1983 1556 et
2011 1519 2135 1555 san-

547 1600 661 1673 guis
681 1641 697 1665 ,
725 1599 814 1654 sed
857 1597 1014 1652 Pater
1041 1613 1182 1651 meus
1225 1595 1312 1665 qui
1354 1596 1405 1648 in
1444 1594 1581 1649 cazlis
1606 1603 1717 1647 est:
1746 1603 1799 1648 et
1838 1593 1993 1664 paulo
2019 1600 2139 1663 post

547 1700 657 1747 tam
677 1689 961 1746 carnaliter
989 1704 1109 1743 eum
1159 1686 1228 1742 de
1257 1685 1465 1740 Domini
1514 1684 1759 1754 passione
1788 1683 2019 1737 sensisse
2041 1725 2056 1748 ,
2079 1691 2138 1737 ut

547 1785 726 1841 statim
775 1782 1037 1848 audierit,
1075 1776 1217 1834 Vade
1259 1788 1368 1849 post
1417 1793 1526 1842 me,
1565 1775 1798 1839 Satana,
1840 1772 2137 1829 scandalum

547 1877 673 1933 mihi
697 1891 781 1942 es;
808 1892 910 1929 non
938 1874 1071 1929 enim
1094 1874 1231 1943 sapis
1251 1886 1364 1943 qua:
1401 1869 1493 1923 Dei
1531 1877 1683 1935 sunt,
1713 1866 1801 1922 sed
1837 1882 1952 1938 qua
1974 1865 2139 1920 Itami-

548 1985 671 2024 num
699 1966 915 2039 (Matth.
943 1982 1029 2021 xvt
1048 2007 1062 2031 ,
1092 1964 1189 2029 17,
1218 1961 1347 2035 23)?
1370 1961 1436 2015 Et
1466 1962 1687 2015 fortasse
1716 1960 1731 1990 ¹
1758 1958 2029 2029 aliquanto
2058 1958 2139 2012 in-

550 2058 718 2114 terius
760 2055 1175 2125 intelligentibus
1203 2061 1405 2108 tantum
1435 2052 1576 2105 valet
1600 2051 1665 2105 ad
1690 2053 1797 2104 visa
1829 2049 1915 2105 illa
1946 2050 2139 2105 mentis

550 2149 669 2206 base
693 2147 1009 2212 ditTerentia,
1028 2161 1130 2217 qna
1146 2145 1337 2200 Petrus
1354 2144 1526 2215 primo
1558 2142 1816 2197 intellexit
1847 2141 1956 2196 Deo
1980 2140 2139 2196 Patre

549 2240 842 2305 revelante,
861 2237 1002 2308 quod
1020 2234 1187 2291 Filius
1208 2236 1299 2290 Dei
1316 2242 1458 2290 esset
1482 2233 1725 2289 Christus
1743 2274 1759 2297 ,
1790 2242 1844 2287 et
1869 2242 2051 2304 postea
2071 2248 2137 2289 ne

550 2340 853 2388 moreretur
871 2330 1133 2409 extimuit;
1151 2339 1405 2401 quantum
1426 2329 1562 2384 valet
1580 2329 1644 2384 ad
1663 2327 2030 2398 distinguenda
2061 2327 2140 2382 vi-

551 2438 631 2486 sa,
660 2438 777 2494 qum
803 2422 856 2477 in
896 2422 1084 2493 spiritu
1111 2420 1339 2475 hominis
1371 2421 1598 2475 alienata
1628 2428 1807 2474 mente
1830 2418 2138 2489 imaginarie

551 2514 705 2579 ﬁunt,
734 2514 986 2570 revelatio
1014 2512 1304 2584 prophetite
1328 2528 1430 2583 qua
1459 2512 1631 2583 primo
1656 2510 1864 2565 alllatus
1884 2509 2134 2577 estSat'tl,

551 2613 610 2662 et
645 2603 952 2662 commixtio
997 2602 1212 2674 spiritus
1237 2603 1364 2657 mali
1409 2618 1514 2674 quo
1553 2612 1735 2673 postea
1778 2600 2132 2671 premebatur.

621 2699 677 2753 4.
709 2697 958 2752 Jamvero
987 2694 1117 2750 illud
1139 2735 1154 2761 ,
1181 2693 1320 2764 quod
1348 2696 1507 2749 etiam
1538 2694 1709 2748 malus
1737 2692 2032 2764 appellatus
2055 2700 2138 2748 est

549 2788 768 2859 Spiritus
793 2787 1027 2853 Domini,
1054 2787 1132 2841 sic
1156 2786 1481 2857 intelligitur,
1514 2785 1779 2856 quomodo
1806 2786 2002 2841 dictum
2031 2794 2134 2853 est,

550 2881 758 2937 Domini
787 2891 857 2935 est
903 2892 1036 2936 terra
1081 2879 1252 2951 (Psal.
1295 2895 1463 2945 χχιιι,
1502 2881 1557 2951 1)
1584 2898 1598 2934 :
1624 2889 1871 2950 tanquam
1896 2889 2138 2934 creatura

552 2981 607 3028 et
645 2973 697 3027 in
726 2973 843 3042 ejus
869 2972 1037 3042 posita
1066 2979 1345 3040 potestate.
1375 2970 1479 3024 Aut
1506 2971 1547 3024 si
1575 2980 1853 3041 propterea
1880 2985 1983 3024 non
2009 2984 2141 3024 con-

550 3063 695 3134 gruit
719 3062 819 3117 hoc
862 3061 1146 3117 locutionis
1187 3060 1528 3131 exemplum,
1583 3063 1704 3131 quia
1735 3067 1875 3115 terra
1921 3077 2028 3115 non
2057 3069 2141 3116 est

553 3157 727 3223 mala;
760 3157 934 3213 omnis
958 3157 1102 3212 enim
1133 3166 1377 3211 creatura
1410 3156 1502 3211 Dei
1547 3155 1683 3210 bona
1721 3164 1803 3211 est
1834 3153 1875 3228 (Ι
1903 3154 2031 3217 Tim,
2063 3170 2136 3220 tv,

552 3248 609 3321 ι)
642 3265 656 3303 :
686 3248 818 3305 illud
846 3257 1135 3319 congruat,
1167 3247 1308 3318 quod
1351 3247 1466 3318 ipse
1497 3244 1622 3302 Saul
1647 3247 1756 3318 jam
1797 3245 2056 3316 reprobus
2085 3252 2141 3301 et

559 3341 817 3397 scelestus
869 3348 1028 3409 atque
1071 3339 1308 3409 ingratus
1363 3347 1547 3393 sancto
1590 3337 1783 3401 David,
1831 3346 2140 3408 persecutor

554 3431 716 3487 etiam
744 3430 893 3500 ejus,
937 3444 1057 3485 cum
1085 3428 1393 3483 suavissima:
1445 3427 1654 3482 invidiae
1683 3428 1882 3483 lacibus
1907 3428 2139 3499 agitare-

556 3531 676 3591 tur,
706 3532 883 3577 tamen
907 3520 1082 3575 adhuc
1126 3519 1369 3576 Christus
1401 3520 1608 3574 Domini
1660 3519 1971 3586 dicebatur;
2002 3519 2140 3574 sicut

554 3630 679 3671 eum
726 3613 1012 3686 appellavit
1061 3612 1175 3684 ipse
1222 3612 1420 3679 David,
1453 3627 1573 3668 cum
1617 3611 1905 3668 vindicavit
1933 3612 2137 3667 exstin-

553 3714 698 3760 ctum
726 3704 792 3777 (ll
824 3705 953 3776 Reg.
986 3719 1040 3772 ι,
1083 3704 1185 3771 14,
1224 3705 1336 3774 15).
1369 3703 1476 3760 Sed
1521 3705 1687 3775 magis
1715 3706 1945 3771 arbitror
1988 3705 2139 3759 mali-

554 3811 716 3867 gnum
756 3795 998 3865 spiritum
1026 3810 1056 3850 a
1094 3809 1202 3865 quo
1244 3795 1533 3852 vexabatur
1577 3795 1731 3860 Sat'tl,
1779 3796 1899 3850 ideo
1937 3795 2135 3851 dictum

554 3886 798 3958 spiritum
823 3885 1066 3950 Domini,
1100 3884 1242 3956 quod
1287 3885 1497 3941 occulto
1546 3885 1752 3942 Domini
1776 3885 1977 3955 judicio
2001 3886 2137 3942 Saft-

553 3979 659 4035 lem
684 3978 927 4033 vexabat.
952 3976 1130 4033 Utitur
1155 3977 1295 4033 enim
1324 3978 1463 4033 Deus
1484 3979 1738 4033 ministris
1759 3980 1918 4034 etiam
1934 3978 2137 4049 spiriti-

551 4069 654 4126 bus
680 4069 873 4125 malis‘
893 4067 962 4123 ad
997 4068 1285 4124 vindictam
1328 4069 1607 4137 malorum,
1638 4070 1720 4126 vel
1768 4070 1834 4125 ad
1878 4070 2137 4127 bonorum

553 4162 954 4234 probationem;
1019 4162 1126 4218 alio
1185 4161 1345 4217 modo
1402 4162 1470 4217 ad
1515 4163 1656 4218 illam
1717 4179 1859 4229 rem,
1913 4165 2020 4220 alio
2070 4158 2138 4220 ad

553 4257 732 4312 istam.
760 4256 1013 4325 Quamvis
1038 4256 1179 4310 enim
1210 4255 1333 4310 inde
1358 4258 1428 4310 sit
1469 4255 1695 4327 quisque
1718 4259 1980 4329 malignus
2025 4260 2136 4329 spi-

552 4348 689 4404 ritus
714 4347 756 4412 ',
802 4348 924 4417 quia
969 4346 1111 4400 mala
1147 4347 1418 4401 voluntate
1462 4363 1656 4403 nocere
1697 4352 1928 4419 appetit;
1958 4359 2135 4405 tamen

555 4435 782 4495 nocendi
823 4443 1141 4507 potestatem
1162 4450 1267 4490 non
1314 4436 1526 4505 accipit,
1558 4437 1658 4491 nisi
1688 4439 1754 4491 ab
1779 4439 1872 4493 illo
1910 4440 2008 4494 sub
2031 4456 2137 4510 quo

557 4537 682 4584 sunt
709 4528 886 4583 omnia
915 4526 1078 4581 certis
1102 4532 1155 4580 et
1184 4526 1340 4595 justis
1383 4527 1692 4581 meritorum
1719 4528 1965 4597 gradibus
1987 4531 2136 4585 ordi-

559 4628 703 4674 nata.
741 4619 876 4685 Quia
918 4617 1057 4673 sicut
1085 4631 1191 4671 non
1220 4626 1303 4671 est
1343 4618 1481 4671 maia
1532 4619 1777 4674 voluntas
1802 4636 1833 4675 a
1860 4621 2002 4687 Deo,
2059 4623 2138 4679 sic

560 4724 666 4765 non
700 4717 782 4764 est
810 4716 1043 4778 potestas
1073 4707 1174 4761 nisi
1200 4722 1231 4761 a
1256 4708 1365 4763 Deo
1396 4706 1568 4781 (Rom.
1619 4725 1712 4763 xm
1732 4751 1746 4775 ,
1778 4710 1854 4781 1).
1886 4711 2137 4780 Quamvis

555 4799 699 4854 enim
728 4798 798 4853 sit
845 4798 899 4852 in
935 4799 1193 4868 cujusque
1221 4807 1480 4868 potestate
1528 4799 1654 4869 quid
1704 4801 1861 4869 velit,
1894 4820 1999 4858 non
2054 4814 2140 4861 est.

559 4900 737 4944 tamen
792 4889 842 4942 in
871 4888 1126 4959 cujusque
1165 4897 1425 4959 potestate
1467 4892 1591 4960 quid
1637 4894 1805 4965 possit
1834 4896 1917 4950 vel
1963 4896 2137 4954 facere

556 4982 802 5050 cuiquam
831 4979 914 5035 vel
940 4995 970 5033 a
995 4995 1258 5051 quoquam
1283 4981 1409 5050 pati.
1445 4982 1575 5037 Nam
1605 4994 1660 5039 et
1690 4985 1801 5055 ipse
1825 4986 1992 5043 Filius
2017 4989 2137 5043 uni-

555 5087 651 5128 cus
681 5072 774 5127 Dei
797 5086 1052 5144 passurus
1077 5072 1143 5127 ad
1177 5080 1384 5142 tempus
1421 5073 1689 5131 humiliter
1717 5077 1915 5134 homini
1950 5094 2137 5149 super-

557 5164 624 5219 be
666 5164 904 5236 loquenti
940 5174 994 5220 et
1022 5165 1216 5221 dicenti
1242 5166 1380 5236 quod
1404 5178 1715 5237 potestatem
1742 5171 1961 5229 haberet
1995 5176 2136 5231 occi-

556 5257 719 5312 dendi
769 5271 889 5311 eum
915 5257 998 5313 vel
1025 5256 1322 5313 dimittendi
1353 5276 1367 5313 :
1400 5257 1519 5313 Non
1558 5261 1797 5331 haberes,
1852 5264 2055 5336 inquit,
2083 5266 2137 5322 in

557 5367 636 5404 me
664 5358 988 5420 potestatem,
1030 5349 1129 5403 nisi
1156 5350 1274 5404 data
1299 5349 1389 5405 tibi
1412 5362 1535 5408 esset
1564 5353 1774 5425 desuper
1803 5356 1977 5428 (Joan.
2011 5375 2094 5413 xtx
2115 5401 2131 5429 ,

560 5442 672 5513 11).
702 5441 950 5497 Diabolus
976 5443 1135 5498 etiam
1163 5442 1346 5499 volens
1369 5458 1563 5501 nocere
1582 5447 1726 5517 justo
1752 5451 1869 5507 viro
1892 5451 2009 5518 Job,
2036 5468 2133 5508 no-

628 5555 643 5586 ι
672 5561 721 5603 tn
747 5554 1079 5618 antiquissimo
1099 5557 1379 5610 Corbeiensl
1401 5565 1564 5620 Ms.,et
1584 5561 1699 5624 fors.

624 5617 642 5647 ι
673 5613 860 5669 Aliquot
882 5626 1005 5669 uss"
1032 5618 1308 5669 inmundis.

624 5628 642 5647 -
673 5628 860 5678 Aliquot
882 5628 1005 5677 mss,
1032 5628 1308 5671 umnundts.

558 5677 651 5790 1ιὲ
672 5684 811 5738 Lov.,
844 5680 1047 5744 Spiritus
1095 5680 1301 5733 Domini.
1347 5681 1526 5744 Abest,
1572 5684 1787 5748 Domini,
1823 5689 1884 5739 ab
1917 5693 1988 5738 Er.
2025 5698 2076 5743 et
2106 5704 2133 5742 a

1123 298 1208 354 DE
1250 295 1559 353 DIVEBSIS
1596 293 2114 364 QUrESTIONlBUS
2149 293 2243 350 AD
2282 294 2781 370 SlMPLlClA-NUM,
2843 302 2899 359 S.
2943 266 3309 362 AUGUSTlNi

3766 306 3850 368 1ΰῖ

2258 412 2412 466 cendi
2457 413 2671 484 quidem
2720 415 2967 472 voluntas
3006 416 3218 473 diabolo
3256 428 3379 474 erat
3409 419 3453 483 ί,
3487 416 3590 473 sed
3635 425 3847 478 tamcna

2253 501 2480 560 Domino
2510 505 2618 561 Deo
2657 517 2971 577 potestatem
3020 509 3263 580 petebat,
3298 510 3533 577 dicens,
3569 511 3714 568 Mitte
3751 532 3847 570 tua-

2254 612 2373 650 num
2402 606 2540 651 tuam
2563 638 2578 665 ,
2610 609 2657 653 et
2685 607 2833 671 tange
2852 617 3054 656 carnem
3078 602 3187 673 ejus
3214 600 3335 675 (Job
3365 619 3406 659 ιι
3429 645 3446 670 ,
3476 602 3537 674 5)
3579 621 3594 658 :
3626 610 3846 675 quamvis

2251 683 2355 740 hoc
2404 696 2584 754 esset,
2631 689 2677 744 si
2723 690 3154 759 permitteretur,
3204 692 3317 762 ipse
3365 691 3646 750 facturus.
3694 694 3842 764 Ipsam

2249 778 2391 831 enim
2431 779 2835 848 permissionem
2876 780 3090 851 petebat
3129 780 3232 837 hoc
3277 781 3484 846 modo,
3546 792 3604 837 et
3650 798 3844 840 manum

2250 867 2461 924 Domini
2514 871 2818 941 appellabat
2875 873 3189 943 permissam
3242 889 3272 928 a
3336 875 3586 929 Domino
3647 890 3841 931 manum

2248 973 2429 1022 suam.
2460 960 2512 1014 id
2538 970 2618 1015 est
2637 1003 2652 1028 ,
2687 962 2856 1031 ipsam
2882 971 3199 1032 potestatem
3225 980 3388 1035 quam
3437 965 3668 1021 volebat
3718 969 3842 1022 acci-

2249 1067 2395 1123 pere.
2418 1051 2516 1107 Cui
2545 1056 2792 1125 congruit
2816 1055 2941 1110 illud
2974 1056 3023 1110 in
3056 1057 3375 1127 Evangelio,
3411 1058 3567 1129 quod
3603 1059 3842 1115 Dominus

2246 1144 2522 1214 discipulis
2551 1145 2659 1211 ait,
2697 1145 2812 1200 Hac
2841 1157 2986 1201 nocte
3011 1150 3278 1217 postulavit
3302 1162 3526 1206 satanas
3557 1168 3741 1207 vexare
3771 1169 3843 1207 eos

2245 1236 2374 1290 sicut
2403 1237 2624 1290 triticum
2646 1232 2795 1310 (Luc.
2826 1253 2938 1292 xxn
2957 1279 2973 1303 ,
3001 1239 3117 1310 51).
3150 1239 3331 1294 Dictus
3360 1250 3446 1294 est
3481 1255 3618 1311 ergo
3644 1242 3841 1311 spiritus

2250 1325 2343 1379 Dei
2379 1326 2586 1390 malus,
2634 1328 2736 1381 hoc
2774 1336 2858 1382 est
2908 1328 3152 1383 minister
3198 1329 3293 1383 Dei
3341 1329 3413 1384 ad
3460 1328 3767 1386 faciendum
3796 1331 3839 1387 in

2244 1415 2373 1472 Sat'tl
2396 1418 2416 1449 ’
2442 1417 2584 1488 quod
2622 1434 2743 1473 eum
2776 1419 2881 1489 pati
2908 1418 3073 1490 jndex
3106 1421 3679 1490 omnipotentissimus
3706 1423 3839 1494 judi-

2242 1508 2419 1563 cabat.
2469 1508 2729 1576 Quoniam
2782 1510 3002 1581 spiritus
3058 1509 3146 1565 ille
3204 1510 3491 1566 voluntate
3534 1527 3644 1583 qua
3687 1514 3838 1569 malus

2243 1608 2380 1666 erat,
2412 1615 2517 1655 non
2545 1608 2661 1655 erat
2692 1601 2784 1656 Dei
2812 1618 2824 1657 :
2854 1611 3097 1656 creatura
3130 1617 3256 1657 vero
3286 1618 3390 1673 qua
3424 1603 3689 1658 conditus
3716 1616 3834 1670 erat,

2245 1700 2300 1747 et
2350 1700 2610 1762 potestate
2654 1708 2815 1765 quam
2872 1709 2979 1749 non
3024 1710 3152 1760 sua,
3202 1693 3297 1750 sed
3345 1695 3572 1750 Domini
3614 1698 3832 1751 onminm

2245 1784 2493 1855 tequitate
2525 1794 2836 1855 acceperat,
2872 1785 2962 1840 Dei
2996 1793 3130 1840 erat.
3157 1785 3329 1840 Verba
3355 1787 3529 1841 etiam
3562 1787 3675 1856 ipsa
3706 1785 3835 1842 Scri-

2246 1885 2518 1946 pturarum
2544 1876 2614 1930 ita
2637 1890 2696 1931 se
2723 1875 2920 1931 habent
2951 1894 2962 1929 :
2994 1876 3061 1930 Et
3082 1876 3334 1947 perrexit,
3359 1878 3563 1948 inquit,
3616 1878 3827 1941 Samuel,

2243 1977 2290 2021 et
2314 1968 2436 2022 abiit
2464 1968 2515 2021 in
2543 1967 2835 2034 Ramatha;
2860 1975 2907 2021 et
2930 1968 3146 2038 spiritus
3175 1967 3384 2021 Domini
3410 1970 3626 2023 recessit
3642 1986 3674 2021 a
3698 1966 3826 2033 Sail,

2241 2067 2290 2113 ct
2328 2057 2704 2130 comprehendit
2731 2074 2850 2113 eum
2886 2057 3097 2129 spiritus
3135 2058 3393 2128 malignus
3415 2075 3450 2112 α
3476 2056 3704 2113 Domino
3729 2057 3767 2123 ³,
3791 2064 3831 2111 ιι

2242 2146 2523 2216 ειιΙῙοεαὺαι
2547 2164 2681 2203 eum.
2708 2147 2777 2202 Et
2801 2148 3039 2202 dixerunt
3074 2150 3217 2218 pueri
3255 2148 3390 2203 Sari!
3429 2149 3504 2202 ad
3530 2166 3648 2204 eum
3670 2165 3689 2203 :
3716 2147 3833 2202 Ecce

2247 2239 2473 2310 Spiritus
2500 2239 2708 2294 Domini
2755 2240 3009 2311 malignus
3036 2237 3257 2306 su/focat
3283 2249 3331 2293 te
3360 2239 3405 2312 (l
3436 2240 3573 2311 Reg.
3597 2255 3716 2305 XVI,
3750 2239 3827 2293 l3-

2246 2332 2362 2403 15).
2407 2332 2516 2387 Hoc
2546 2332 2707 2402 igitur
2738 2346 2768 2384 a
2814 2331 2994 2401 pueris
3031 2330 3147 2401 ejus
3172 2331 3448 2402 quomodo
3498 2332 3575 2387 sit
3608 2331 3826 2392 dictum.

2244 2423 2453 2494 spiritus
2503 2421 2711 2476 Domini
2753 2422 3039 2494 malignus,
3072 2423 3349 2493 superiora
3396 2422 3568 2478 verba
3618 2423 3827 2478 indicant

2244 2515 2507 2570 narrantis
2528 2514 2818 2584 Scripturte
2839 2523 2893 2569 et
2906 2513 3156 2581 dicentis,
3172 2513 3399 2585 Spiritus
3415 2516 3676 2587 malignus
3694 2531 3723 2567 a
3741 2514 3827 2568 Do-

2246 2608 2403 2662 mino.
2432 2605 2740 2663 Secundum
2768 2606 2909 2661 enim
2941 2604 3044 2660 hoc
3069 2604 3278 2659 Domini
3301 2604 3343 2671 ’⁸,
3373 2606 3521 2676 quod
3548 2623 3580 2659 a
3610 2603 3821 2659 Domino.

2244 2696 2379 2767 Quia
2408 2713 2507 2767 per
2530 2712 2589 2752 se
2612 2698 2786 2769 ipsum
2818 2696 2955 2752 velle
2979 2710 3172 2751 nocere
3194 2694 3457 2761 habebat,
3493 2694 3547 2750 id
3573 2703 3656 2751 est
3673 2737 3686 2760 ,
3707 2708 3822 2769 cont-

2244 2789 2578 2861 prehendere
2628 2790 2789 2855 Saiil;
2815 2804 2972 2859 posse
3022 2796 3200 2844 autem
3254 2804 3360 2843 non
3418 2787 3686 2853 habebat,
3736 2784 3819 2840 nisi

2246 2897 2458 2937 summa
2479 2882 2687 2950 justitia
2714 2882 2999 2936 sineretur.
3016 2880 3073 2936 Si
3086 2880 3226 2936 enim
3251 2880 3398 2950 juste
3425 2880 3663 2935 vindicat
3678 2878 3818 2942 Deus,

2244 2973 2688 3045 quemadmodum
2716 2973 2829 3043 ipse
2848 2972 2977 3028 dicit
3000 2971 3311 3042 Apostolus,
3340 2985 3468 3025 cum
3493 2969 3653 3025 tradit
3680 2967 3818 3022 homi-

2245 3080 2342 3121 nes
2388 3066 2440 3120 in
2470 3064 2929 3133 concupiscentias
2974 3063 3153 3119 cordis
3194 3078 3380 3118 eorum
3415 3062 3598 3132 (Rom.
3626 3077 3674 3125 ι,
3706 3057 3815 3120 2t);

2245 3170 2351 3211 non
2379 3154 2570 3209 mirum
2620 3155 2665 3210 si
2704 3153 3048 3209 nihilominus
3073 3153 3215 3223 juste
3240 3152 3522 3208 vindicans
3552 3150 3705 3206 tradit
3737 3161 3815 3203 eos

2243 3247 2405 3302 etiam
2436 3245 2490 3300 in
2522 3246 2983 3315 concupiscentias
3009 3246 3234 3300 aliorum
3278 3260 3480 3300 nocere
3526 3245 3812 3306 volentium,

2243 3351 2337 3393 sua
2364 3351 2576 3406 semper
2604 3336 3021 3391 incommutabili
3042 3336 3290 3406 aequitate
3313 3347 3554 3391 servata.

2314 3428 2369 3484 5.
2400 3427 2945 3483 Animadvertendum
2993 3441 3121 3482 sane
3166 3435 3283 3493 est,
3314 3442 3437 3483 cum
3470 3428 3813 3483 additamenta

2244 3518 2377 3585 dici,
2424 3520 2631 3591 spiritus
2697 3519 2795 3573 Dei
2838 3519 3023 3573 malus.
3066 3517 3199 3573 Cum
3249 3530 3430 3575 autem
3471 3515 3812 3574 tantummodo

2245 3610 2470 3676 dicitur,
2514 3611 2729 3681 spiritus
2768 3608 2899 3676 Dei,
2944 3610 3157 3665 etiamsi
3188 3626 3295 3665 non
3344 3611 3574 3666 addatur
3626 3610 3807 3671 bonus,

2243 3718 2311 3759 ex
2340 3702 2441 3758 hoc
2461 3702 2771 3773 intelligitur
2796 3703 2989 3759 bonus.
3013 3701 3167 3759 Unde
3197 3714 3424 3774 apparet
3452 3704 3647 3759 bonum
3672 3698 3806 3771 spiri-

2245 3802 2355 3848 tum
2398 3793 2688 3849 secundum
2743 3794 3128 3859 substantiam,
3159 3795 3358 3849 malum
3405 3804 3586 3850 autem
3635 3797 3806 3848 secun-

2242 3883 2369 3939 dum
2401 3884 2751 3939 ministerium
2781 3884 2885 3940 dici
2908 3885 3155 3955 spiritum
3186 3884 3301 3940 Dei.
3326 3885 3638 3956 Quanquam
3659 3878 3802 3953 qureri

2241 3975 2419 4031 adhuc
2439 3977 2607 4047 possit
2627 3983 2803 4031 utrum
2829 3990 2952 4031 cum
2982 3977 3200 4047 spiritus
3216 3976 3312 4032 Dei
3339 3977 3554 4043 dicitur,
3573 3986 3622 4032 et
3642 3990 3700 4029 ex
3720 3971 3803 4025 hoc

2244 4067 2360 4138 ipso
2374 4066 2483 4138 jam
2503 4109 2517 4133 ,
2558 4067 2657 4122 etsi
2696 4067 2826 4122 nihil
2870 4066 3126 4135 addatur,
3156 4067 3481 4140 intelligitur
3510 4070 3702 4133 bonus,
3731 4064 3803 4118 ille

2244 4158 2569 4229 intelligatur
2597 4157 2685 4228 qui
2711 4166 2791 4213 est
2821 4159 2874 4212 in
2903 4157 3162 4214 Trinitate
3181 4158 3656 4215 consubstantialis
3683 4151 3800 4209 Patri

2242 4261 2296 4306 et
2321 4251 2456 4306 Filio
2480 4249 2710 4321 Spiritus
2761 4258 3007 4320 sanctus,
3039 4250 3109 4306 de
3129 4267 3235 4321 quo
3260 4251 3490 4320 dicitur,
3532 4248 3628 4307 Ubi
3659 4254 3801 4300 autem

2244 4341 2470 4411 Spiritus
2494 4340 2737 4406 Domini,
2765 4341 2833 4394 ibi
2875 4340 3075 4395 libertas
3105 4340 3170 4409 (ll
3200 4340 3316 4395 Cor.
3358 4357 3451 4408 ιιι,
3487 4341 3603 4413 17);
3630 4347 3680 4394 et
3718 4335 3798 4389 ite-

2242 4447 2358 4487 rum
2380 4473 2395 4496 ,
2430 4430 2482 4485 Ν
2485 4432 2590 4486 abis
2618 4441 2786 4486 autent
2814 4432 3048 4486 reuelauit
3074 4430 3213 4486 Deus
3237 4448 3327 4503 per
3351 4432 3601 4503 Spiritum
3636 4441 3796 4487 suum;

2242 4530 2297 4578 et
2324 4522 2484 4587 illud,
2515 4522 2604 4578 Sic
2629 4532 2675 4577 et
2706 4539 2819 4594 qua:
2842 4522 2939 4577 Dei
2982 4532 3096 4578 sunt
3115 4566 3129 4590 ,
3166 4540 3311 4578 nemo
3348 4526 3439 4579 scit
3466 4523 3563 4579 nisi
3600 4520 3795 4592 Spiritu:

2242 4614 2340 4670 Dei
2369 4613 2546 4687 (lCor.
2578 4632 2644 4685 ιι,
2672 4616 2769 4685 lo,
2803 4615 2917 4687 11).
2946 4618 3010 4671 Et
3038 4618 3221 4673 multis
3245 4618 3377 4674 locis
3400 4618 3503 4675 hoc
3542 4615 3691 4673 modo
3729 4609 3794 4665 di-

2241 4707 2379 4762 citur
2415 4705 2643 4777 Spiritus
2686 4706 2815 4775 Dei,
2844 4717 2897 4762 et
2941 4707 3256 4779 intelligitur
3293 4709 3522 4780 Spiritus
3564 4714 3788 4764 sanctus,

2242 4798 2450 4853 etiamsi
2476 4814 2581 4853 non
2612 4798 2837 4853 addatur
2869 4800 3156 4869 :quoniam
3184 4816 3245 4855 ea
3289 4817 3409 4872 quae
3438 4801 3789 4856 circumStant,

2243 4890 2372 4944 satis
2401 4887 2635 4943 indicant
2671 4888 2739 4944 de
2787 4903 2895 4959 quo
2938 4889 3173 4956 dicatur;
3218 4891 3291 4946 ita
3322 4901 3380 4946 ut
3415 4886 3684 4962 aliquando
3709 4894 3789 4936 nec

2243 4980 2337 5035 Dei
2374 4979 2632 5048 addatur,
2659 4987 2713 5035 et
2753 4980 3076 5051 intelligatur
3124 4991 3303 5037 tamen
3350 4982 3437 5037 ille
3474 4982 3686 5053 Spiritus
3713 4970 3788 5028 Dei

2244 5072 2604 5142 principaliter
2647 5080 2886 5127 sanctus.
2933 5072 3065 5127 Nam
3095 5086 3254 5145 quem
3297 5075 3459 5131 alium
3498 5077 3786 5130 commemo-

2242 5171 2356 5228 rat,
2401 5161 2489 5216 ubi
2519 5159 2677 5229 dicit,
2723 5161 2844 5234 Ipse
2871 5161 3096 5232 Spiritus
3126 5166 3462 5220 testimonium
3503 5165 3586 5218 dat
3609 5153 3783 5231 spiritui

2242 5263 2412 5308 nostra
2432 5292 2448 5317 ,
2481 5253 2599 5321 quia
2627 5269 2803 5307 sumus
2837 5253 2935 5323 ﬁlii
2961 5252 3091 5321 Dei;
3122 5265 3194 5322 et,
3225 5253 3346 5328 Ipse
3369 5257 3587 5329 Spiritus
3607 5252 3783 5323 adjuvat

2306 5452 2323 5484 ί
2348 5456 2420 5499 Fr.
2439 5462 2493 5499 ac
2516 5455 2619 5499 tres
2639 5456 2769 5509 Mss,
2788 5447 3023 5501 voluntate
3040 5448 3259 5501 diabolus
3278 5456 3398 5502 erat.

2303 5514 2325 5545 i
2357 5512 2503 5570 Editi,
2537 5512 2601 5561 ad
2634 5501 2907 5573 faciendum
2938 5512 3117 5562 malum
3148 5513 3199 5563 in
3228 5501 3373 5563 Sciit.
3406 5512 3570 5568 Abest,
3601 5501 3776 5556 malum

2246 5583 2273 5619 a
2568 5631 2698 5708 libri,
2715 5632 2912 5704 spiritus
2925 5633 3135 5708 maiust:
3438 5695 3449 5708 .

2243 5694 2326 5809 tu:
2345 5681 3508 5805 semesaﬁa‘tafmaa‘bmo
3547 5681 3773 5742 metm
