3996 6282
143 376 224 432 ,εδ
1404 357 1602 412 Linea
1644 360 1678 414 εξ

1787 359 2020 416 L'»NDUS.

143 483 436 556 inﬁrmitatem
483 488 706 534 nostram
743 477 914 553 (Rom.
955 492 1068 542 vin,
1104 474 1190 539 16,
1237 472 1367 543 26);
1418 482 1490 535 et,
1539 470 1666 525 Ηιιτ

141 576 279 632 omnia
317 580 537 641 operatur
580 588 714 624 unus
761 582 907 639 atque
947 570 1080 622 idem
1139 565 1384 636 Spiritus,
1443 564 1668 617 dividens

139 666 306 738 singula
327 662 609 730 unicuique‘
658 672 804 731 prout
834 661 971 725 vult;
1003 669 1076 721 et,
1121 658 1400 711 Divisiones
1429 655 1668 708 donatio-

132 773 230 810 num
249 763 368 819 sunt,
392 751 520 805 idem
554 763 724 804 autem
765 751 988 820 Spiritus
1016 749 1063 820 (I
1093 746 1208 803 Car.
1244 763 1336 814 xu,
1367 748 1454 814 il,
1487 747 1581 817 4)?
1609 746 1666 800 In

132 847 198 901 his
221 844 342 898 enim
361 842 600 896 omnibus
625 843 918 902 sententiis,
947 856 1045 894 nec
1079 839 1190 904 Dei,
1217 854 1314 893 nec
1344 847 1560 892 sanctus
1586 844 1670 892 est

130 939 345 998 additum,
370 943 420 989 et
445 943 620 988 tamen
653 934 764 1001 ipse
791 932 1120 1000 intelligitur.
1149 929 1255 984 Sed
1287 930 1464 983 nescio
1487 937 1665 983 utrum

131 1029 369 1085 manifesto
395 1027 572 1097 aliquo
598 1025 843 1092 exemplo
871 1024 1081 1093 probari
1113 1022 1298 1092 possit,
1330 1021 1528 1075 alicubi
1557 1023 1667 1089 spi-

129 1124 260 1177 ritum
286 1119 367 1174 Dei
397 1117 594 1172 dictant
637 1117 752 1170 sine
781 1115 1166 1179 additamento,
1193 1113 1278 1165 ubi
1320 1112 1554 1181 Spiritus
1584 1111 1670 1166 ille

128 1218 305 1267 siuctus
328 1224 426 1262 non
464 1207 811 1276 signiﬁcetur,
839 1205 930 1260 sed
973 1205 1168 1273 aliquis
1207 1204 1450 1273 quamvis
1477 1202 1665 1267 bonus,

129 1311 305 1357 creatus
345 1311 512 1354 tamen
558 1307 617 1352 et
661 1298 924 1352 conditus.
967 1296 1095 1362 ρυω
1141 1296 1481 1364 proferuntur
1526 1295 1669 1347 enim

127 1394 256 1448 dubia
274 1400 405 1455 sunt,
424 1400 476 1446 et
500 1390 740 1458 indigent
756 1389 980 1442 clariore
998 1387 1350 1451 documento;
1386 1387 1520 1439 sicut
1543 1384 1668 1438 illud

127 1483 242 1553 quod
269 1482 509 1552 scriptum
547 1489 655 1547 est,
699 1479 926 1549 Spiritus
956 1477 1050 1531 Dei
1075 1477 1482 1547 super-ferebatur
1521 1493 1671 1545 super

123 1575 304 1645 aquam”
331 1571 474 1641 (Gen.
497 1588 535 1636 ι,
558 1571 616 1640 2)
633 1612 642 1622 .
662 1570 792 1625 Nam
814 1579 868 1625 et
891 1571 958 1623 ibi
981 1569 1237 1638 Spiritum
1260 1577 1501 1622 sanctum
1529 1568 1666 1621 acci-

128 1682 231 1735 pere
253 1664 368 1735 quid
387 1663 660 1732 impediat.
693 1678 798 1717 non
824 1662 1061 1716 invenio.
1094 1661 1224 1715 Cum
1246 1661 1386 1714 enim
1416 1674 1668 1728 aquarum

127 1755 306 1811 nomine
348 1756 431 1809 illa
478 1755 727 1808 materies
775 1753 1075 1807 insinuetur
1123 1749 1419 1816 informis“,
1458 1765 1576 1818 qum
1605 1749 1672 1804 de

128 1847 262 1903 nihilo
287 1845 412 1900 facta
449 1855 550 1910 est,
582 1843 725 1899 unde
751 1844 928 1896 omnia
971 1843 1193 1906 tierent;
1245 1840 1372 1910 quid
1422 1839 1673 1910 prohibet

131 1937 382 2006 intelligere
405 1936 662 2005 Spiritum
696 1943 936 1988 sanctum
963 1932 1284 1996 Conditoris,
1318 1931 1456 2000 quod
1481 1946 1668 1999 snper-

133 2028 355 2083 lercbatur
378 2026 496 2081 huic
529 2026 789 2090 materim,
821 2039 926 2078 non
957 2023 1192 2078 locorum
1222 2022 1475 2092 gradibus
1505 2022 1672 2075 inter-

130 2120 346 2188 vallisque
378 2118 691 2186 spatiorum,
725 2115 866 2185 quod
906 2128 1236 2184 nequaquam
1267 2113 1334 2168 de
1360 2113 1467 2166 ulla
1498 2127 1557 2166 re
1587 2112 1672 2165 in-

133 2225 343 2280 corporea
381 2219 523 2264 recte
564 2208 783 2272 dicitur,
825 2207 919 2261 sed
950 2207 1263 2261 excellentia
1304 2215 1358 2259 et
1387 2204 1672 2259 eminentia

134 2300 401 2355 dominantis
428 2314 592 2368 super
631 2299 810 2353 omnia
841 2297 1152 2364 voluntatis,
1184 2306 1241 2349 ut
1265 2296 1441 2351 omnia
1473 2295 1674 2350 conde-

139 2391 317 2446 rentur?
338 2391 636 2444 Prmsertim
660 2404 780 2443 cum
809 2404 869 2443 ea
902 2389 1118 2451 locutio,
1137 2388 1274 2442 sicut
1296 2387 1503 2440 illarum
1533 2385 1676 2442 Scri~

144 2493 363 2551 ptumum
387 2499 498 2537 mos
515 2491 622 2548 est,
641 2483 801 2536 etiam
826 2480 1193 2550 pr0plteticum
1220 2480 1469 2550 quiddam
1499 2489 1671 2546 sonet,

145 2573 500 2644 mysteriumque
540 2574 708 2628 futuri
760 2573 1100 2641 Baptismatis
1124 2587 1188 2626 ex
1224 2587 1356 2642 aqua
1384 2582 1439 2627 et
1474 2571 1674 2642 Spiritu

147 2673 287 2717 sancto
317 2665 554 2718 nascituri
585 2663 772 2734 pepuli
805 2661 1162 2732 praetiguret‘.
1203 2661 1319 2716 Non
1366 2677 1494 2732 ergo
1537 2663 1675 2732 cogit

149 2753 256 2822 quod
290 2753 459 2808 dictum
513 2763 642 2819 est,
698 2751 764 2805 Et
815 2753 1042 2819 Spiritus
1105 2752 1204 2807 Dei
1265 2753 1676 2824 superferebatur

149 2860 264 2913 super
293 2862 470 2914 aquam,
501 2846 661 2900 illutn
711 2845 1008 2915 intelligere
1048 2845 1318 2914 spiritum,
1355 2847 1493 2900 sient
1534 2863 1673 2900 non-

150 2935 244 2989 nulli
265 2938 580 3008 Vulunt,qno
608 2935 788 2990 mundi
820 2936 987 2990 moles
1016 2937 1261 2990 universa
1287 2937 1384 2991 ista
1415 2951 1674 3006 corporea

142 3025 250 3080 velut
271 3029 542 3094 animatur,
575 3028 643 3082 ad
673 3029 1026 3083 ministerium
1070 3043 1404 3102 quorumque
1452 3031 1677 3101 gignen-

141 3116 260 3182 tium,
294 3129 341 3172 et
378 3119 429 3173 in
465 3134 568 3174 sua
616 3118 797 3187 specie
841 3119 1278 3172 continendarum
1322 3122 1678 3190 corporalium

137 3219 466 3266 creaturarum.
497 3210 763 3267 Creatura
808 3219 890 3264 est
929 3211 1069 3264 enim
1115 3209 1374 3280 quidquid
1423 3221 1505 3266 est
1552 3213 1676 3266 tale.

136 3296 240 3353 lllud
261 3301 400 3356 etiam
430 3301 578 3372 quod
614 3301 872 3370 scriptum
906 3308 1008 3364 est,
1053 3300 1306 3367 Quoniam
1329 3302 1552 3371 Spiritus
1575 3303 1682 3358 Do-

137 3389 233 3442 mini
258 3393 443 3460 replevit
467 3393 645 3447 orbem
685 3401 935 3445 terrarum
964 3391 1118 3460 (Sap.
1153 3407 1192 3459 ι,
1236 3393 1314 3461 7),
1347 3409 1451 3447 non
1491 3394 1683 3450 desunt

137 3479 206 3545 qui
230 3481 450 3537 eumdem
498 3483 749 3552 spiritum
779 3482 946 3537 velint
973 3483 1163 3553 accipi,
1210 3483 1526 3540 invisibilem
1575 3488 1682 3540 sci-

138 3569 235 3626 licet
268 3585 556 3630 creaturam
600 3583 790 3628 cuncta
838 3573 1066 3628 visibilia
1123 3575 1407 3629 universali
1455 3577 1682 3646 quadam

138 3665 484 3733 conspiratione
537 3674 871 3736 vegetantem
925 3675 1083 3736 atque
1138 3667 1525 3722 continentem.
1577 3669 1682 3723 Sed

143 3766 284 3823 neque
323 3757 404 3813 hic
427 3757 589 3812 video
630 3755 756 3826 quid
807 3756 1063 3825 impediat
1107 3757 1400 3827 intelligere
1428 3757 1683 3829 Spiritum

139 3857 362 3916 sanctum,
385 3865 509 3905 cum
541 3849 656 3919 ipse
683 3849 824 3904 Deus
851 3847 992 3902 dicat
1019 3849 1158 3918 apud
1206 3851 1542 3920 prophetam,
1575 3849 1686 3906 Coe—

143 3935 226 3989 ltnn
249 3948 287 3992 et
325 3949 502 3995 terram
568 3955 662 4011 ego
711 3939 896 4010 impleo
947 3937 1156 4009 (lcrem.
1205 3956 1353 4008 mu,
1407 3941 1524 4012 24).
1569 3941 1683 3998 Non

141 4031 256 4086 enim
294 4033 398 4090 sine
425 4049 529 4090 suo
554 4031 756 4104 Spiritu
781 4040 966 4086 sancto
995 4031 1180 4101 implet
1223 4033 1360 4087 Deus
1399 4035 1593 4088 coelum
1634 4043 1688 4089 et

147 4126 324 4176 terram.
345 4125 478 4193 Quid
524 4139 657 4194 ergo
687 4123 880 4177 mirum
921 4123 965 4177 si
992 4122 1061 4177 de
1103 4122 1302 4192 Spiritu
1347 4135 1530 4179 sancto
1571 4125 1686 4195 ejus

144 4208 312 4266 dictum
341 4225 447 4280 est,
494 4214 724 4286 Repleuit
769 4213 940 4268 orbem
989 4216 1278 4269 terrarum?
1329 4216 1499 4271 Aliter
1544 4219 1684 4272 enim

148 4304 286 4371 replet
309 4307 706 4373 sanetitlcando,
752 4307 892 4362 sicut
931 4306 997 4362 de
1035 4306 1307 4377 Stephano
1337 4307 1551 4375 dicitur,
1581 4309 1687 4363 Re-

151 4393 278 4460 plcm
303 4409 369 4452 est
416 4398 622 4469 Spiritu
670 4408 842 4452 sancto
869 4397 1008 4469 (Act.
1043 4413 1113 4464 γι,
1151 4399 1205 4465 5,
1242 4405 1289 4451 et
1330 4415 1421 4464 vn,
1458 4399 1584 4471 55);
1635 4409 1689 4454 et

151 4483 202 4538 de
237 4490 421 4545 caeteris
469 4489 705 4544 talibus:
747 4489 900 4544 aliter
945 4504 1072 4560 ergo
1113 4490 1282 4559 replet
1327 4489 1689 4546 sanctiﬁcante

153 4576 332 4645 gratia“,
384 4580 523 4635 sicut
578 4578 836 4649 quosdam
897 4589 1155 4645 sanctos;
1201 4579 1358 4633 aliter
1407 4589 1690 4636 attestante

154 4675 279 4736 atque
295 4672 564 4726 ordinante
593 4671 930 4739 praesentia“,
953 4670 1088 4724 sicut
1112 4670 1307 4724 omnia.
1335 4669 1688 4736 Quamobrem

157 4759 301 4813 nescio
331 4771 501 4817 utrum
540 4770 690 4816 certo
716 4760 893 4830 aliquo
929 4760 1251 4815 documento
1296 4760 1686 4830 Scripturarum

158 4848 292 4913 possit
323 4852 542 4918 ostendi,
606 4865 728 4906 cum
776 4851 891 4906 sine
938 4851 1046 4904 ullo
1097 4850 1452 4905 additamenta
1499 4851 1692 4918 dicitur

210 5001 467 5073 1liditicum
483 5003 703 5067 Vulgata,
722 5001 941 5073 ungulis.
972 5007 1025 5050 At
1048 5003 1499 5073 vetustissimuspts.
1519 5004 1692 5073 corbe-

164 5059 284 5110 iensis
299 5066 559 5138 ,unieuique
574 5059 735 5137 Squed
752 5059 943 5138 plenius
957 5064 1221 5132 respondet
1232 5076 1391 5138 ετξςο
1402 5063 1503 5138 illia
1517 5059 1689 5138 ecastr).

168 5133 329 5191 pro_quo
341 5125 638 5191 Augusuuus'
663 5125 923 5184 interdum,
942 5125 1140 5188 propria
1163 5125 1434 5189 unicuique.
1458 5127 1529 5176 sic
1551 5128 1690 5188 intra,

154 5184 307 5296 .m'7sic
325 5257 420 5299 uss.
449 5251 587 5313 juxta
611 5261 823 5313 graecum
859 5253 988 5296 Lxx.
1028 5253 1081 5296 At
1115 5245 1250 5309 editi,
1278 5247 1516 5310 ferebatur
1548 5263 1693 5314 super

166 5314 536 5436 Tcorbeiensis
587 5379 638 5422 et
682 5371 930 5420 Vaticanus
986 5377 1089 5420 Mss.
1111 5404 1126 5430 ,
1169 5369 1492 5420 insinuaretur
1539 5372 1691 5435 infor-

323 5499 421 5563 Mss.
443 5494 560 5563 aditi
590 5507 728 5552 vero,
765 5492 1017 5566 quoddam.
1030 5498 1160 5542 sonet
1191 5491 1601 5566 mysteriumguo
1624 5496 1696 5566 fu:

170 5549 245 5598 turi
258 5553 542 5619 _6aptisnwtis
561 5569 626 5606 ex
657 5549 788 5616 aquti
803 5560 849 5604 et
872 5552 1052 5619 Spiritu
1083 5549 1262 5604 sancto"
1277 5549 1510 5606 noscitari
1524 5549 1692 5619 populi

171 5611 564 5686 P’?ﬁ9'i'9re~tur-
1049 5681 1059 5686 _
1271 5676 1326 5686 ._
1491 5676 1520 5686 _.

218 5673 323 5743 {sic
356 5683 456 5727 uss.
506 5686 560 5728 Αι
602 5675 748 5737 editi,
793 5674 934 5729 aliter
977 5681 1136 5727 autem
1177 5676 1326 5741 replet
1366 5675 1693 5741 sanctiﬁcante

172 5739 308 5794 graia.

222 5793 238 5823 '
255 5802 333 5846 Sex
353 5804 476 5861 Mss,
495 5797 813 5864 prtescietuia.

1777 473 1994 542 spiritus
2024 473 2114 527 Dei
2154 475 2236 530 vel
2264 477 2480 553 Spiritus
2513 477 2739 544 Domini,
2771 477 2965 549 aliquid
2995 481 3132 535 aliud
3164 482 3369 553 signiti-

1776 563 1882 617 cari
1920 579 2076 633 quam
2109 565 2360 634 Spiritum
2390 547 2650 623 saiictum.
2681 568 2787 624 Sed
2816 547 2912 624 etsi
2945 580 3025 625 est
3051 571 3184 626 forte
3211 547 3360 643 quod

1777 654 1828 708 in
1861 658 2142 724 priesentia
2187 673 2293 712 non
2322 668 2585 728 occurrat,
2619 661 2747 716 illud
2793 671 2938 717 certe
2980 663 3209 719 arbitror
3253 680 3363 723 non

1774 752 1979 801 temere
2007 747 2132 814 dici,
2162 751 2368 818 quoties
2397 751 2447 803 in
2484 753 2682 806 sanctis
2720 753 2943 822 eloquiis
2971 769 3364 811 commemora-

1775 844 1862 890 tur
1889 838 2104 906 spiritus
2128 839 2244 906 Dei,
2275 855 2445 910 neque
2472 841 2682 896 additur
2710 843 2928 912 aliquid,
2953 845 3065 899 sive
3097 845 3186 901 ille
3221 846 3367 903 Patri

1775 934 1829 979 et
1853 926 1987 979 Filio
2013 930 2477 984 consubstantialis
2523 931 2750 999 Spiritus
2788 943 3019 1002 sanctus,
3051 937 3162 990 sive
3189 937 3366 1007 aliqua

1775 1027 2015 1071 creatura
2067 1019 2346 1075 invisibilis
2390 1023 2729 1092 intelligatur,
2775 1024 2973 1078 malum
3028 1035 3202 1081 tamen
3258 1045 3362 1084 non

1775 1123 1931 1176 posse
1971 1110 2213 1180 intelligi,
2245 1112 2344 1166 nisi
2375 1113 2601 1168 addatur
2629 1115 2786 1170 etiam
2834 1117 3022 1170 malus.
3057 1118 3193 1172 Malo
3220 1122 3362 1176 enim

1773 1199 1895 1267 quia
1929 1200 2062 1255 bene
2092 1201 2256 1256 utitur
2285 1203 2420 1257 Deus
2452 1204 2517 1258 ad
2548 1205 2897 1260 ministerium
2927 1208 3108 1275 iudicii
3137 1212 3237 1276 sui,
3266 1228 3364 1282 ap-

1775 1291 2002 1358 pellatur
2034 1295 2192 1348 ctiam
2221 1296 2334 1364 ipse
2364 1297 2583 1366 spiritus
2613 1298 2726 1365 Dei,
2774 1299 2838 1353 ad
2875 1301 3157 1356 vindictam
3191 1305 3365 1358 malo-
3430 1345 3437 1356 .

1774 1395 1889 1434 rum
1920 1391 1973 1434 et
1998 1382 2330 1452 disciplinam
2359 1387 2440 1439 vel
2465 1387 2829 1456 probationem
2862 1389 3142 1444 bonorum.

1846 1471 1898 1525 6.
1940 1471 2048 1525 Nec
2091 1473 2214 1526 illud
2257 1491 2470 1530 movere
2503 1477 2612 1546 jam
2657 1494 2752 1533 nos
2798 1479 2975 1547 debet,
3009 1482 3145 1550 quod
3179 1494 3361 1552 postea

1775 1560 2030 1629 scriptum
2060 1573 2162 1629 est,
2197 1565 2442 1620 eumdem
2488 1566 2702 1622 Saﬁlem
2747 1570 2931 1638 spiritu
2981 1572 3070 1627 Dei
3113 1589 3274 1642 super
3303 1591 3362 1632 sc

1774 1649 1913 1705 facto
1941 1653 2308 1721 prophetasse,
2334 1658 2601 1725 quomodo
2623 1670 2740 1728 post
2767 1660 2960 1715 bonum
2988 1664 3231 1732 spiritum
3255 1666 3363 1736 spi-

1776 1741 1908 1795 ritus
1933 1744 2122 1807 malns,
2151 1753 2204 1798 et
2235 1741 2442 1801 rursum
2473 1758 2594 1818 post
2625 1751 2820 1804 malum
2853 1751 3043 1806 bonus.
3077 1754 3187 1808 Hoc
3217 1757 3359 1810 enim

1777 1830 1855 1897 ﬁt,
1881 1849 1984 1886 non
2012 1836 2362 1892 mutabilitate
2385 1837 2613 1907 Spiritus
2631 1842 2818 1908 sancti,
2843 1844 2933 1912 qui
2960 1855 3037 1898 cst
3061 1846 3360 1901 incommu-

1778 1921 1952 1976 tabilis
1977 1939 2096 1978 cum
2131 1925 2289 1982 Patre
2317 1937 2370 1982 et
2397 1929 2552 1994 Filio,
2577 1933 2668 1985 sed
2694 1933 3043 1990 mutabilitate
3072 1937 3234 1991 animi
3258 1938 3360 1993 bu-

1779 2014 1943 2079 mani,
1981 2015 2086 2070 Deo
2114 2029 2302 2074 cuncta
2333 2020 2702 2088 distribuente,
2738 2024 2847 2079 sive
2869 2026 3023 2079 malis
3050 2042 3146 2096 pro
3169 2029 3362 2084 merito

1777 2105 2132 2162 damnationis
2153 2111 2235 2164 vel
2257 2113 2662 2181 emendationis,
2688 2116 2803 2170 sive
2822 2117 2972 2172 bonis
2995 2135 3090 2188 pro
3121 2120 3364 2191 largitate

1775 2201 1959 2268 gratia:
1986 2215 2116 2255 sum.
2147 2203 2460 2275 Quanquam
2481 2207 2645 2261 videri
2667 2210 2831 2277 possit
2853 2210 3011 2264 etiam
3043 2211 3180 2266 idem
3202 2213 3363 2269 fuisse

1777 2291 1870 2347 Dei
1897 2294 2112 2362 spiritus
2155 2312 2367 2367 semper
2411 2299 2460 2353 in
2506 2299 2661 2366 Saﬁl;
2696 2303 2864 2357 malus
2893 2315 3066 2359 autem
3095 2306 3189 2373 illi,
3221 2307 3362 2378 quod

1777 2383 1891 2451 ejus
1919 2379 2248 2441 sanctilalis‘
2287 2403 2450 2458 capax
2477 2405 2582 2462 non
2614 2401 2774 2446 esset.
2819 2393 2921 2448 Sed
2955 2410 3057 2448 non
3090 2407 3234 2452 recte
3263 2397 3364 2452 hoc

1778 2474 2004 2529 videtur.
2023 2477 2208 2532 Tutior
2222 2487 2304 2533 est
2319 2480 2458 2533 enim
2475 2480 2566 2536 ille
2585 2497 2773 2537 sensus
2791 2493 2843 2538 ct
2861 2486 3053 2552 verior,
3072 2497 3125 2541 ut.
3139 2503 3233 2558 pro
3249 2505 3366 2543 mu-

1781 2566 2035 2628 tabilitate
2061 2568 2356 2624 affectionis
2388 2572 2633 2626 humana:
2659 2571 2888 2643 Spiritus
2914 2577 3003 2630 Dei
3029 2578 3196 2632 bonus
3229 2578 3366 2635 bene

1779 2655 1996 2720 ailiciat,
2030 2659 2109 2712 vel
2128 2660 2192 2712 ad
2221 2663 2576 2730 pr0pbetiam,
2597 2664 2677 2717 vel
2701 2664 2764 2717 ad
2784 2681 2916 2733 opus
2935 2668 3364 2735 quodlibctaliud

1781 2747 1832 2801 in
1855 2763 2076 2803 munere
2098 2749 2306 2816 divino;
2340 2751 2537 2805 ofﬁciat
2565 2761 2738 2808 autem
2767 2756 3110 2818 malusmale,
3131 2759 3218 2827 qui
3244 2776 3368 2829 pro-

1781 2845 1898 2907 pter
1923 2837 2274 2892 ministerium
2302 2839 2494 2894 divina:
2515 2843 2778 2911 aequitatis
2797 2846 2972 2898 omnia
3000 2846 3366 2905 distribuentis

1781 2936 1835 2982 et
1855 2929 2101 2982 omnibus
2132 2937 2275 2985 recte
2305 2932 2503 2986 utentis
2544 2933 2734 2988 dicitur
2762 2944 2811 2988 et
2840 2935 2954 3004 ipse
2984 2938 3199 3006 spiritus
3234 2941 3323 2996 Dei
3349 2957 3364 2994 :

1783 3019 2074 3088 prteserlim
2098 3020 2216 3088 quia
2245 3019 2443 3075 dictum
2467 3032 2568 3086 est,
2594 3022 2813 3078 Recessit
2834 3025 2894 3079 ab
2922 3043 2976 3079 eo
3008 3028 3231 3099 Spiritus
3253 3031 3363 3097 Dei,

1783 3117 1830 3162 et
1858 3111 2232 3181 comprehendit
2254 3129 2364 3166 eum
2384 3113 2592 3179 spiritus
2614 3115 2864 3186 malignus
2886 3134 2916 3169 α
2945 3116 3183 3172 Domino.
3211 3120 3369 3176 Nullo

1783 3202 1923 3256 enim
1953 3212 2107 3272 pacto
2127 3213 2304 3273 potest
2329 3204 2466 3259 idem
2487 3206 2649 3260 videri
2674 3209 2956 3263 recessisse
2981 3219 3033 3264 et
3063 3216 3367 3282 apprehen-

1784 3291 1945 3347 disse.
1981 3294 2149 3348 Porro
2178 3304 2352 3350 autem
2381 3297 2432 3350 in
2463 3299 2730 3352 nonnullis
2760 3303 3173 3372 exemplaribus,
3211 3314 3264 3360 et
3290 3307 3369 3362 eis

1785 3384 2014 3438 maxime
2040 3400 2157 3454 quae
2201 3384 2267 3440 de
2307 3387 2484 3457 lingua
2525 3388 2734 3443 bebrrca
2762 3390 2828 3444 ad
2855 3393 3074 3446 verbum
3120 3393 3368 3450 videntur

1784 3489 2055 3543 expressa,
2087 3476 2351 3531 invenitur
2373 3478 2598 3547 Spiritus
2630 3481 2723 3536 Dci
2752 3482 2866 3538 sine
2892 3484 3249 3542 additamcnto
3269 3505 3367 3559 po-

1785 3566 1950 3631 situs;
1981 3577 2034 3620 et
2061 3567 2370 3638 intelligitur
2391 3570 2560 3624 malus
2581 3587 2645 3626 ex
2669 3587 2732 3626 eo
2752 3575 2888 3642 quod
2911 3577 3196 3645 arripiebat
3218 3579 3365 3647 Sam,

1787 3663 1841 3710 et
1869 3657 2135 3711 reficiebat
2164 3675 2284 3712 cum
2314 3661 2479 3715 David
2527 3663 2788 3732 tangendo
2833 3666 3108 3722 citharam.
3157 3670 3371 3727 Manife-

1790 3756 1927 3802 stum
1955 3758 2039 3804 est
2063 3758 2261 3815 tamen,
2297 3751 2416 3807 ideo
2445 3767 2547 3808 non
2577 3755 2812 3809 additum
2843 3759 3035 3825 malus,
3062 3762 3182 3830 quia
3206 3765 3368 3833 paulo

1789 3842 2035 3910 superius
2061 3843 2172 3911 jam
2202 3843 2400 3898 dictum
2429 3853 2562 3909 erat,
2592 3856 2644 3901 et
2673 3847 2739 3902 de
2767 3849 3036 3905 vicinitate
3077 3852 3367 3923 Scriptura:

1789 3933 2055 3987 subaudiri
2083 3943 2136 3988 et
2164 3934 2380 4006 intelligi
2423 3947 2649 4006 poterat.
2698 3939 2771 3995 lta
2803 3943 2943 3995 enim
2977 3943 3028 3998 in
3063 3945 3367 4014 hujus-modi

1790 4025 2182 4094 exemplaribus
2235 4027 2455 4097 legitur:
2486 4027 2658 4098 Igitur
2699 4033 3112 4104 quandocumque
3163 4040 3372 4106 spiritus

1791 4113 1994 4167 Domini
2043 4116 2318 4185 arripiebat
2365 4116 2517 4185 Sciit,
2575 4120 2777 4172 tollebat
2816 4121 2982 4175 Dauid
3032 4127 3278 4180 cit/raram
3323 4140 3372 4182 et

1792 4206 2094 4274 percutiebat
2148 4223 2300 4260 uzanu
2359 4224 2453 4261 sua
2482 4250 2496 4273 ,
2529 4215 2600 4262 'et
2657 4210 3034 4281 refocillabatur
3095 4214 3226 4270 Sail!
3247 4258 3261 4283 ,
3325 4229 3373 4272 et

1793 4293 1946 4348 terius
1992 4294 2242 4349 habebat:
2268 4298 2520 4351 recedebat
2565 4299 2694 4351 enim
2730 4300 2789 4353 ab
2832 4317 2888 4354 eo
2933 4305 3140 4374 spiritus
3184 4307 3369 4363 malus.

1790 4382 1914 4440 Sive
1953 4400 2080 4455 ergo
2119 4385 2258 4454 quod
2309 4387 2395 4443 bic
2443 4404 2546 4442 non
2593 4397 2676 4444 est
2713 4390 2934 4458 dictum,
2983 4394 3199 4463 spiritus
3240 4399 3368 4466 Dei;

1791 4477 1886 4532 sed
1937 4478 2323 4546 tantummodo,
2379 4479 2597 4549 spiritus
2649 4483 2850 4538 malus:
2887 4485 3026 4555 quod
3081 4488 3149 4540 ibi
3195 4491 3372 4546 minus

1792 4570 1991 4624 dictum
2039 4580 2174 4636 erat,
2223 4579 2468 4641 tanquam
2517 4573 2778 4627 redditum
2825 4586 3062 4644 apparet,
3097 4578 3208 4633 sive
3246 4584 3368 4650 quia

1793 4661 2036 4729 superius
2079 4661 2147 4714 ita
2199 4662 2423 4731 positum
2462 4675 2609 4728 erat,
2665 4665 2729 4718 Et
2779 4667 3012 4720 dixerunt
3058 4671 3185 4723 servi
3242 4672 3376 4728 Saiil

1793 4752 1860 4804 ad
1905 4767 2021 4805 eum
2059 4767 2076 4805 :
2114 4750 2244 4805 Ecce
2291 4755 2498 4824 spiritus
2536 4753 2634 4808 Dei
2682 4758 2845 4810 malus
2889 4761 3110 4830 exagitat
3152 4772 3233 4827 te;
3275 4767 3373 4834 ju-

1795 4841 1904 4895 beat
1924 4843 2156 4896 dominus
2186 4853 2372 4908 uoster,
2404 4854 2450 4897 et
2477 4847 2604 4899 servi
2630 4848 2704 4898 tui
2724 4849 2810 4916 qui
2835 4865 3004 4902 coram
3029 4863 3074 4905 te
3099 4865 3215 4907 sunt
3236 4873 3372 4923 quee-

1795 4943 1904 4986 rcnt
1933 4935 2183 4987 hominem
2208 4936 2443 4987 scientem
2470 4937 2685 5004 psallere
2729 4939 2941 5003 cit/tam,
2975 4953 3027 4994 ut
3050 4945 3252 5012 quando
3291 4964 3372 4999 ar-

1795 5027 2003 5097 ripuerit
2029 5036 2076 5079 te
2101 5027 2309 5095 spiritus
2335 5025 2431 5080 Dei
2456 5027 2640 5091 malus,
2670 5031 2857 5098 psallat
2897 5050 3048 5086 manu
3089 5052 3198 5102 sua,
3231 5048 3274 5091 et
3296 5041 3369 5091 le-

1795 5123 1902 5175 vius
1933 5126 2064 5191 feras
2091 5120 2132 5189 (Ι
2154 5121 2281 5191 Reg.
2309 5137 2414 5186 xw,
2435 5122 2522 5186 25,
2544 5123 2630 5187 15,
2665 5123 2777 5194 l6);
2809 5141 2911 5179 non
2939 5143 3071 5196 Opus
3097 5141 3229 5192 erat,
3249 5148 3369 5186 cum

1798 5227 2006 5265 rursum
2037 5212 2319 5277 diceretur,
2353 5213 2766 5284 quandocumque
2791 5217 2997 5286 spiritus
3029 5217 3125 5272 Dei
3162 5223 3375 5291 arripie-

1798 5303 1879 5357 bat
1907 5302 2058 5368 Saul,
2084 5303 2280 5357 addere
2307 5305 2521 5368 malum,
2553 5307 2674 5374 quia
2697 5317 2879 5360 notum
2904 5318 3017 5361 erat
3037 5309 3102 5364 de
3124 5327 3228 5379 quo
3253 5323 3375 5365 tunc

1799 5397 2082 5451 diceretur.

1871 5491 1922 5543 7.
1968 5489 2342 5543 Verumtamen
2392 5489 2480 5543 illa
2529 5491 2750 5559 quaestio
2799 5495 2967 5560 major
3009 5503 3117 5556 est,
3169 5503 3218 5549 et
3267 5511 3370 5550 non

1801 5580 2102 5634 transitoria
2130 5579 2292 5632 animi
2325 5580 2616 5635 intentione
2637 5582 2896 5646 rimanda,
2925 5584 3062 5652 quod
3100 5599 3218 5638 cum
3247 5585 3374 5640 Saul

1803 5677 2212 5741 persequeretur
2259 5670 2420 5723 David
2469 5672 2828 5738 innocentem,
2873 5673 3055 5740 plenus
3104 5674 3296 5730 invidia
3325 5686 3378 5733 et

1870 5805 1885 5835 ¹
1917 5810 2117 5852 veteres
2137 5799 2262 5859 libri,
2288 5807 2484 5849 sancte:
2511 5800 2637 5850 forte.
2659 5813 2762 5862 pro,
2785 5803 2938 5856 sancti
