3996 6282
578 222 680 280 133

572 337 741 392 livore
767 348 1012 396 vesanus,
1058 335 1219 402 {actus
1246 343 1319 387 est
1357 347 1509 402 super
1547 348 1660 385 eum
1701 331 1924 400 Spiritus
1959 329 2076 394 Dei,
2108 337 2153 381 et

569 425 858 484 ambulabat
878 423 1184 495 ingrediens,
1211 432 1258 477 et
1284 421 1635 493 prop/relabat.
1665 420 1780 476 Non
1807 422 1949 476 enim
1979 428 2154 490 potest

571 516 660 574 hic
689 517 788 572 nisi
818 517 1034 586 spiritus
1061 519 1228 570 bonus
1255 515 1496 584 intelligi,
1528 530 1624 583 per
1648 529 1806 585 quem
1834 515 2004 569 sancti
2022 513 2155 568 Pro-

571 610 749 683 pheta:
789 608 1086 663 futurarum
1116 623 1289 662 rerum
1321 607 1575 677 imagines
1601 615 1655 662 et
1691 607 1800 660 visa
1825 606 2151 669 cernebant;

571 718 680 760 non
711 718 868 758 ex-eo
898 712 1099 757 tantum
1140 701 1261 772 quia
1303 699 1502 754 dictum
1534 709 1634 764 est,
1679 698 1746 752 Et
1783 697 2152 769 praphetabat:

573 809 696 848 nam
724 793 776 847 in
801 792 1193 862 exemplaribus
1230 805 1349 860 qua:
1374 797 1584 842 suntex
1614 787 1848 849 hebrazo,
1892 787 1992 840 hoc
2022 800 2155 855 quo-

569 899 676 956 que
705 884 971 938 invenitur
993 880 1277 950 despiritu
1321 879 1462 933 malo
1491 878 1690 932 dictum
1736 876 1829 942 ita,
1863 873 1988 928 Post
2018 875 2153 927 diem

565 984 735 1030 autem
751 975 963 1029 alterum
985 973 1162 1026 invasit
1182 971 1390 1041 spiritus
1407 967 1498 1022 Dei
1515 969 1676 1022 malus
1694 967 1846 1032 Sail,
1870 976 1915 1020 et
1932 964 2152 1036 praplte-

565 1067 704 1120 tabat
729 1067 781 1120 in
811 1064 972 1118 medio
988 1064 1167 1116 domus
1189 1077 1295 1114 sua:
1319 1060 1361 1129 (l
1393 1059 1517 1130 Reg.
1545 1075 1697 1125 xvtu,
1725 1058 1838 1128 10).
1863 1059 1928 1112 Ει
1953 1057 2006 1112 in
2027 1057 2145 1110 aliis

569 1156 868 1212 divinarum
907 1155 1299 1220 Scripturarum
1344 1152 1475 1206 locis
1521 1165 1665 1220 saepe
1709 1149 1974 1203 invenitur
2011 1146 2152 1218 quod

573 1246 846 1317 prophetia
875 1259 980 1298 non
1013 1253 1216 1297 tantum
1245 1242 1403 1305 bona,
1433 1240 1526 1295 sed
1571 1251 1626 1295 et
1667 1239 1801 1294 mala
1833 1239 2070 1304 dicatur;
2098 1248 2154 1293 ct

569 1335 843 1407 propheta:
861 1333 988 1388 dicti
1013 1344 1137 1387 sunt
1166 1332 1363 1386 Baalim
1388 1330 1474 1403 (Ill
1501 1329 1626 1400 Reg.
1651 1346 1798 1393 xvm,
1827 1329 1913 1397 19,
1935 1328 2026 1395 22,
2058 1329 2148 1394 25,

568 1426 690 1498 40);
735 1435 789 1480 et
827 1425 1204 1494 exprobratum
1244 1432 1328 1478 est
1361 1420 1678 1492 quibusdam
1708 1421 1830 1490 quia
1859 1421 2151 1490 propheta-

568 1518 696 1574 bant
725 1517 777 1572 in
805 1516 930 1572 Baal
960 1514 1172 1588 (Jerem.
1202 1529 1258 1578 ιι,
1285 1515 1364 1583 8).
1398 1512 1512 1568 Non
1542 1527 1671 1583 ergo
1705 1526 1925 1566 necesse
1955 1522 2038 1566 est
2064 1512 2149 1565 in-

569 1607 736 1678 telligi
765 1615 1043 1677 propterea
1062 1606 1258 1660 bonum
1277 1604 1542 1673 spiritum,
1573 1603 1664 1672 qui
1691 1599 1865 1656 factus
1888 1610 1971 1656 est
1991 1617 2152 1671 super

566 1699 693 1756 Saul
721 1707 926 1769 postea,
951 1696 1074 1766 quia
1100 1696 1301 1750 dictum
1324 1704 1425 1760 est,
1453 1705 1499 1748 et
1523 1691 1811 1748 ambulabat
1841 1694 2144 1764 ingrediens,

563 1800 612 1846 et
637 1788 1002 1860 prophetabat:
1028 1788 1121 1843 sed
1143 1789 1264 1857 quia
1287 1787 1402 1840 sine
1419 1785 1779 1839 additamento
1801 1786 2027 1854 positum
2045 1794 2144 1851 est,

565 1881 636 1936 Et
665 1886 830 1953 factus
855 1880 1006 1934 etiam
1031 1888 1104 1933 est
1129 1894 1280 1947 super
1320 1893 1435 1931 eum
1465 1875 1687 1946 Spiritus
1719 1875 1829 1930 Dei.
1862 1875 1976 1930 Non
2006 1875 2148 1930 enim

566 1973 707 2031 sicut
733 1973 785 2026 iu
815 1971 910 2026 illo
941 1971 1059 2025 loco
1083 1969 1280 2024 dictum
1307 1977 1423 2022 erat
1445 1982 1628 2037 supra,
1671 1967 1893 2036 Spiritus
1923 1966 2015 2020 Dei
2037 1983 2148 2020 ma-

565 2063 678 2127 lus;
707 2071 766 2117 ut
794 2078 859 2116 ex
888 2060 988 2116 hoc
1017 2071 1197 2132 posset
1221 2059 1380 2113 etiam
1405 2059 1457 2113 in
1483 2057 1930 2128 causeqneutihus
1957 2057 2149 2112 subau-

566 2153 703 2208 diri:
737 2153 865 2223 quin
895 2152 1002 2206 imo
1027 2150 1302 2220 superiora
1329 2149 1495 2219 magis
1526 2149 1795 2219 magisque
1832 2157 2150 2203 attestautur

564 2245 716 2301 illum
743 2244 987 2314 spiritum
1010 2241 1104 2296 Dci
1125 2243 1318 2296 bonum
1338 2239 1500 2294 luisse
1525 2248 1578 2294 et
1606 2255 1728 2295 vere
1759 2239 2144 2310 propheticum.

567 2336 735 2394 David
764 2335 906 2392 enim
932 2343 1186 2390 eratcum
1228 2333 1498 2399 Samuele,
1528 2341 1582 2387 et
1609 2333 1751 2387 misit
1777 2334 1901 2388 Saul
1933 2334 2148 2387 nuntios

565 2429 658 2499 qui
700 2425 1166 2498 apprelzeuderent
1209 2424 1392 2479 David.
1442 2423 1665 2489 QuanJo
1707 2433 1883 2478 autem
1934 2421 2147 2478 Samuel

566 2529 682 2577 erat
711 2521 849 2575 inter
879 2520 1165 2590 prophetas
1191 2529 1244 2574 et
1285 2530 1482 2574 castum
1512 2516 1910 2588 prephetarum,
1939 2519 2028 2588 qui
2057 2519 2148 2573 illo

565 2621 806 2682 tempore
836 2611 1243 2681 prophetabant,
1269 2609 1436 2664 nuntii
1465 2609 1553 2678 qui
1584 2609 1734 2662 missi
1756 2619 1898 2673 sunt,
1928 2617 2147 2679 accepto

559 2701 751 2758 eodem
796 2702 983 2772 spiritu
1035 2701 1506 2771 prOphctaverunt,
1551 2699 1834 2768 mi-sisque
1880 2699 1998 2752 aliis
2045 2698 2148 2754 hoc

561 2793 804 2862 contigit,
836 2803 891 2848 et
919 2792 1092 2846 tertiis
1133 2789 1510 2845 nihilominus:
1545 2798 1727 2856 postea
1769 2804 1889 2842 cum
1938 2797 1991 2842 et
2034 2787 2146 2856 ipse

563 2881 694 2937 Saftl
715 2880 968 2946 venisset,
1001 2883 1166 2950 factus
1191 2889 1263 2933 est
1291 2881 1439 2933 etiam
1465 2895 1613 2948 super
1635 2895 1746 2931 eum
1780 2877 2004 2948 Spiritus
2028 2877 2143 2944 Dei,

564 2982 611 3026 et
636 2970 924 3025 ambulabat
948 2971 1252 3038 ingrediens,
1277 2979 1321 3022 et
1348 2968 1693 3038 praphetabat.
1723 2969 1855 3021 Cum
1897 2968 2037 3022 enim
2067 2968 2148 3023 di-

564 3063 721 3129 citur,
756 3062 946 3116 Factus
969 3073 1038 3116 est
1065 3063 1215 3115 etiam
1231 3078 1383 3131 super
1403 3062 1541 3130 ipsos
1571 3061 1795 3131 Spiritus
1816 3061 1929 3126 Dei,
1953 3071 1998 3115 et
2024 3079 2145 3132 pro-

565 3152 836 3225 phetaban't
862 3163 908 3206 ct
937 3153 1066 3223 ipsi;
1099 3151 1238 3206 idem
1280 3150 1462 3220 utique
1505 3160 1620 3205 erat
1647 3152 1884 3220 spiritus,
1916 3152 2003 3219 qui
2032 3160 2147 3207 erat

563 3247 619 3301 in
643 3244 936 3316 prOphctis,
966 3246 1102 3299 inter
1123 3258 1255 3314 quos
1277 3253 1330 3298 et
1354 3243 1567 3298 Samuel
1585 3244 1831 3298 inventus
1851 3255 1931 3300 est
1951 3244 1990 3317 (Ι
2017 3246 2140 3316 Reg.

565 3353 678 3404 xix,
703 3337 932 3406 20-25):
965 3351 1031 3390 ex
1062 3335 1163 3388 hoc
1190 3336 1366 3405 itaque
1393 3349 1613 3389 necesse
1646 3345 1728 3389 est
1754 3336 1973 3407 intelligi
1998 3338 2142 3392 illum

565 3428 812 3498 spiritum
838 3425 1056 3480 bonum.
1078 3425 1251 3495 Atque
1275 3425 1394 3480 idco
1412 3426 1635 3496 qumstio
1661 3425 1944 3496 diligenter
1970 3428 2146 3484 discu-

566 3517 744 3574 tienda
770 3528 870 3585 est,
903 3516 1170 3587 quomodo
1214 3526 1269 3572 et
1309 3517 1382 3571 illi
1426 3532 1548 3572 cum
1591 3519 1739 3572 missi
1764 3528 1941 3574 essent
1967 3521 2032 3575 ad
2064 3528 2144 3575 te-

566 3609 800 3666 nendum
850 3608 1118 3663 hominem
1167 3616 1221 3662 et
1268 3608 1334 3662 ad
1381 3623 1567 3664 necem
1613 3609 2001 3677 adducendum,
2054 3611 2144 3666 tali

565 3701 754 3772 spiritu
778 3699 919 3755 affici
950 3710 1282 3766 meruerunt,
1331 3710 1385 3755 et
1427 3701 1553 3756 sunt
1604 3702 1716 3772 ipse
1764 3705 1853 3774 qui
1903 3705 2141 3772 miserat,

565 3790 785 3846 veniens
811 3799 863 3845 et
890 3789 1022 3860 ipse,
1069 3798 1120 3844 et
1165 3793 1480 3859 sanguinem
1524 3790 1861 3848 innocentem
1900 3809 2144 3865 qumrens

566 3878 859 3947 eﬂ'undere,
906 3879 1152 3950 accipere
1191 3880 1388 3934 meruit
1430 3879 1577 3935 illum
1622 3882 1888 3953 Spiritum,
1934 3895 1987 3941 et
2016 3901 2142 3956 pro-

565 3970 807 4045 phetare.

637 4066 692 4121 8.
732 4065 828 4121 Hic
846 4064 1092 4120 nimirum
1115 4066 1344 4122 occurrit
1370 4066 1520 4136 illud,
1552 4068 1692 4140 quod
1722 4071 1989 4140 apostolus
2006 4073 2143 4129 Pau-

567 4157 648 4214 lus
663 4157 993 4228 apertissime
1010 4158 1246 4227 exponit,
1269 4173 1328 4213 su
1337 4160 1749 4228 pereminentem
1769 4163 1905 4217 viam
1922 4163 2139 4220 demon~

563 4257 739 4303 strans
761 4265 774 4301 :
799 4247 859 4302 Si
888 4247 1073 4318 linguis
1099 4247 1358 4301 hominum
1388 4249 1585 4319 loquar,
1626 4251 1815 4320 inquit,
1848 4262 1892 4306 et
1920 4255 2142 4327 Angelo-

565 4355 699 4404 rttm,
731 4340 1025 4393 charitalem
1053 4350 1219 4392 autem
1249 4356 1348 4394 non
1392 4340 1622 4406 habeam,
1674 4343 1838 4411 factus
1865 4362 1978 4399 sum
2010 4347 2140 4403 velut

562 4439 890 4487 atramentum
915 4445 1120 4495 sonans,
1161 4439 1245 4482 aut
1286 4431 1570 4500 cymbalum
1596 4434 1830 4488 tinniens.
1873 4436 1938 4490 Et
1965 4439 2008 4492 si
2045 4440 2141 4493 ha-

564 4523 714 4576 buero
735 4519 1050 4592 prophetiam
1067 4519 1106 4583 ί,
1130 4528 1176 4572 et
1192 4520 1349 4573 sciero
1367 4522 1533 4574 omnia
1549 4536 1859 4578 sacramenta
1879 4537 1926 4581 et
1946 4545 2141 4585 carnem

564 4612 844 4677 scientiam,
885 4618 931 4664 et
971 4610 1014 4664 si
1058 4609 1278 4664 habuero
1309 4626 1504 4664 omnem
1550 4613 1723 4680 ﬁdem,
1753 4616 1822 4669 ita
1857 4627 1912 4671 ut
1951 4631 2140 4677 montes

565 4706 886 4772 transferam,
913 4701 1203 4754 charitalem
1246 4709 1538 4756 autemnon
1581 4704 1807 4770 habeant,
1856 4710 1983 4763 nihil
2005 4727 2136 4767 sum.

565 4791 633 4847 Et
659 4792 703 4846 si
727 4791 1022 4846 distribuero
1048 4807 1242 4844 onmem
1271 4792 1596 4846 substantiam
1627 4811 1807 4862 meam,
1838 4809 1883 4852 et
1911 4803 1954 4853 si
1984 4804 2142 4856 tradi-

563 4884 686 4938 dero
724 4898 906 4952 corpus
947 4898 1111 4934 meum
1141 4893 1194 4934 ut
1240 4882 1466 4949 ardeam,
1513 4887 1804 4942 charitalem
1843 4901 2010 4946 autem
2041 4912 2140 4949 non

565 4971 796 5040 habeam,
828 4970 955 5024 nihil
996 4971 1118 5024 mihi
1146 4971 1364 5042 prodest.
1397 4973 1514 5042 Quo
1555 4977 1604 5030 iu
1648 4977 1763 5032 loco
1803 4983 2137 5039 manifestum

563 5074 648 5121 est
675 5079 798 5120 eum
845 5078 1063 5119 munera
1113 5065 1200 5118 illa
1248 5080 1716 5136 commemorasse,
1763 5087 1882 5141 qua:
1914 5073 2140 5142 Spiritus

566 5157 735 5212 sancti
760 5155 1106 5210 divisionibus
1129 5157 1341 5222 dantur,
1375 5159 1509 5213 sicut
1540 5162 1784 5230 superius
1820 5164 1978 5218 dicit:
2014 5165 2142 5220 Uni-

561 5248 740 5320 cuique
763 5258 930 5301 autent
959 5247 1110 5301 datur
1140 5250 1475 5320 manifestatio
1502 5251 1726 5321 Spiritus
1751 5255 1818 5307 ad
1843 5257 2138 5323 utilitatem;

562 5341 654 5396 alii
695 5341 891 5410 quidem
937 5356 1023 5410 per
1054 5340 1303 5411 Spiritum
1349 5342 1502 5396 datur
1530 5361 1690 5400 sermo
1729 5348 2022 5415 sapientiaz;
2050 5353 2141 5406 alii

559 5447 722 5487 sermo
747 5431 964 5486 scientia:
988 5431 1262 5486 secundum
1289 5432 1518 5486 eumdem
1559 5433 1840 5503 Spiritum;
1871 5439 2015 5492 alteri
2048 5458 2139 5495 au-

625 5569 642 5598 ι
663 5573 793 5637 nov"
815 5567 935 5637 etsi
968 5566 1178 5618 habuero
1210 5566 1506 5631 prophetiam
1523 5579 1724 5620 omnem.
1748 5569 1909 5635 Abest,
1933 5585 2136 5637 munem,

561 5628 623 5675 ab
649 5628 789 5677 editis
802 5628 907 5678 aliis
930 5637 980 5680 et
1000 5637 1102 5678 νίς.

1117 217 1202 272 ΒΕ
1245 213 1548 272 θιγειιειδ
1585 209 2105 284 ΩΠᾹΞΪΙΟΝΙΒΠΞ
2148 209 2238 264 AD
2281 209 2781 282 SIMPLICIANUM,
2822 218 2878 274 S.
2924 217 3289 276 AUCUSTlNI
3738 229 3830 285 tu

2269 339 2365 386 tem
2401 333 2525 401 ﬁdes
2550 336 2601 388 in
2625 337 2798 390 eodem
2830 338 3059 409 Spiritu;
3100 344 3190 396 alii
3215 344 3419 399 donatio
3449 349 3755 404 curationum
3779 351 3825 406 in

2263 435 2368 474 uno
2393 422 2624 491 Spiritu;
2650 426 2740 480 alii
2778 432 3093 498 operationes
3123 433 3380 496 virtutum,
3423 436 3515 490 alii
3559 443 3823 507 praphetia,

2262 509 2352 564 alii
2399 513 2696 583 dijudicatio
2743 519 3053 586 spirituum,
3105 524 3251 578 alteri
3299 541 3480 596 genera
3533 529 3824 596 linguarum.

2265 600 2449 657 Omnia
2478 616 2645 660 autem
2673 607 2782 661 lucc
2809 622 3048 677 operatur
3075 629 3203 667 unus
3229 627 3378 684 atque
3418 618 3550 670 idem
3596 620 3824 689 Spiritus,

2259 691 2487 748 dividens
2522 698 2728 766 propria
2759 700 3025 770 unicuique
3068 714 3216 770 prout
3254 705 3378 758 vult.
3413 705 3556 762 Satis
3583 723 3702 779 ergo
3737 727 3827 781 apo

2261 793 2409 852 paret
2429 784 2565 840 inter
2581 787 2718 841 dona
2744 788 2971 858 Spiritus
2987 795 3152 847 sancti
3175 809 3295 849 esse
3315 798 3661 866 prophetiam.
3679 816 3826 870 quam

2260 882 2438 931 tamen
2466 877 2509 931 si
2531 879 2650 948 quis
2676 879 2888 943 haheat,
2914 891 2966 936 ct
2995 883 3308 939 charitatem
3337 903 3439 940 non
3469 887 3676 955 habeat,
3704 891 3826 948 nihil

2259 976 2359 1022 est.
2405 967 2480 1022 Ex
2524 984 2631 1039 quo
2663 970 2976 1042 intelligitur
3005 973 3118 1028 fieri
3161 991 3320 1045 posse
3349 985 3406 1032 ιιι
3439 978 3650 1047 quidam
3675 981 3825 1037 etiam

2258 1057 2459 1130 indigni
2499 1061 2604 1116 vita
2641 1071 2839 1116 aeterna
2885 1080 3153 1136 regnoilue
3181 1068 3463 1135 castorum,
3493 1083 3830 1142 aspergantur

2260 1159 2436 1205 tamen
2464 1153 2777 1221 quibusdam
2800 1154 3028 1225 Spiritus
3053 1159 3220 1212 sancti
3255 1162 3566 1214 muneribus
3603 1178 3705 1215 non
3736 1162 3823 1216 ha-

2257 1236 2444 1294 bentes
2484 1241 2816 1307 eharitatem,
2859 1245 2975 1299 sine
3015 1262 3116 1316 qua
3158 1247 3246 1302 illa
3292 1265 3510 1304 munera
3555 1267 3656 1306 non
3706 1253 3828 1309 nihil

2255 1336 2404 1395 sunt,
2421 1329 2515 1384 sed
2544 1331 2675 1385 nihil
2700 1332 2780 1387 eis
2799 1343 3040 1402 prosunt.
3063 1335 3344 1405 Pmphetia
3365 1338 3561 1408 quippe
3581 1340 3694 1394 sine
3710 1340 3829 1395 chao

2255 1418 2436 1484 ritate,
2469 1420 2606 1475 sicut
2631 1423 2741 1491 jam
2769 1423 3189 1480 demonstratum
3231 1436 3334 1493 est,
3367 1443 3474 1482 non
3508 1431 3748 1499 perducit
3768 1432 3828 1487 ad

2256 1525 2477 1581 regnum
2513 1512 2637 1566 Dei:
2664 1513 2898 1569 eharitas
2923 1531 3048 1570 vero
3073 1517 3189 1572 sine
3217 1518 3489 1590 prophetia
3507 1522 3682 1591 utique
3714 1537 3829 1592 per-

2255 1601 2417 1656 ducit.
2471 1602 2603 1657 Cum
2656 1605 2798 1660 enim
2842 1606 3067 1676 loquens
3111 1606 3178 1664 de
3220 1611 3474 1665 membris
3507 1609 3707 1667 Christi
3736 1613 3821 1677 ait,

2255 1692 2523 1762 Numquid
2548 1712 2720 1751 omnes
2748 1699 3003 1767 apostoli?
3045 1701 3288 1771 numquid
3326 1717 3499 1756 onmes
3541 1704 3829 1775 prophetia?

2253 1781 2615 1841 indubitanter
2638 1789 2868 1843 ostendit
2905 1790 3064 1844 etiam
3095 1806 3218 1845 eum
3252 1793 3341 1862 qui
3374 1792 3706 1862 prophetiam
3733 1810 3826 1851 non

2254 1875 2430 1943 habet,
2462 1893 2619 1949 posse
2649 1879 2700 1934 in
2721 1881 2976 1936 membris
3004 1882 3201 1939 Christi
3239 1886 3540 1940 numerari:
3565 1887 3654 1942 ubi
3682 1904 3824 1958 quem

2253 1968 2428 2022 locum
2470 1970 2710 2038 haberet,
2751 1972 2794 2026 si
2836 1972 3170 2041 charitalem,
3223 1977 3339 2031 sine
3387 1993 3488 2048 qua
3520 1976 3685 2032 homo
3709 1979 3825 2034 nihll

2253 2071 2354 2125 est,
2405 2077 2510 2116 non
2556 2061 2810 2118 haberet?
2856 2063 3007 2121 Nullo
3045 2077 3221 2122 autem
3272 2068 3432 2124 modo
3488 2069 3561 2124 ita
3601 2070 3822 2138 diceret,

2253 2150 2464 2220 quando
2487 2151 2554 2206 de
2583 2153 2836 2208 membris
2863 2155 3053 2224 agebat
3080 2157 3274 2226 quibus
3302 2156 3501 2212 Christi
3529 2173 3726 2229 corpus
3745 2160 3824 2214 im-

2254 2241 2447 2311 pletur,
2479 2241 2744 2313 Numquid
2766 2259 2954 2299 omnes
2976 2245 3174 2301 habent
3198 2245 3546 2302 charitatem?
3576 2249 3820 2318 quemad-

2217 2374 2219 2376 -
2253 2331 2467 2386 modum
2489 2333 2640 2397 dixit,
2663 2333 2928 2405 Numquid
2943 2351 3115 2390 onmes
3132 2337 3383 2407 apostoli?
3403 2339 3650 2408 numquid
3669 2356 3824 2394 omnes

2253 2422 2546 2493 praphette?
2594 2425 2838 2493 numquid
2875 2441 3046 2479 omnes
3090 2428 3340 2482 virtutes?
3377 2428 3623 2498 numquid
3669 2445 3823 2484 omnes

2252 2513 2387 2566 dona
2410 2514 2590 2568 habent
2614 2516 2929 2569 curationum
2958 2516 3000 2587 (l
3031 2516 3148 2571 Cor.
3184 2532 3282 2584 xu,
3311 2519 3465 2583 7-H,
3493 2518 3716 2587 29,1111,
3745 2520 3821 2592 3)?

2250 2617 2304 2662 et
2323 2615 2515 2662 caetera
2548 2607 2636 2676 huj
2646 2607 2875 2664 usmodi.

2322 2697 2376 2751 9.
2416 2697 2521 2753 Sed
2548 2697 2677 2753 dicit
2700 2698 2889 2768 aliquis
2919 2713 3077 2768 posse
3104 2698 3317 2770 quidem
3343 2699 3459 2755 ﬁeri
3499 2709 3558 2755 ut
3598 2700 3819 2772 prephe-

2253 2789 2377 2842 tiam
2424 2790 2650 2859 quisque
2679 2805 2784 2843 non
2827 2789 3036 2853 habeat,
3081 2800 3134 2846 et
3168 2800 3345 2845 tamen
3377 2789 3571 2846 habeat
3609 2790 3822 2846 charita-

2251 2887 2380 2942 tem,
2412 2888 2570 2948 atque
2592 2880 2711 2934 ideo
2731 2879 2928 2934 Christi
2955 2880 3214 2936 membris
3249 2891 3634 2938 aunumeratus
3666 2882 3818 2938 inhie-

2249 2979 2364 3025 reat
2387 2989 2400 3022 :
2423 2971 2516 3026 sed
2535 2970 2649 3026 ﬁeri
2673 2986 2778 3026 non
2803 2985 2960 3041 posse
2989 2981 3043 3026 ut
3073 2971 3405 3042 prophetiam
3421 2971 3636 3040 habeat,
3658 2984 3712 3029 et
3729 2989 3818 3030 non

2251 3060 2442 3116 habeat
2466 3064 2812 3127 cbaritatem;
2845 3063 2972 3116 nihil
2999 3062 3143 3117 enim
3174 3071 3256 3117 est
3282 3062 3441 3116 homo
3473 3063 3680 3119 habens
3707 3080 3819 3134 pro-

2251 3151 2483 3221 phetiam
2510 3153 2626 3207 sine
2667 3153 2945 3207 charitale.
2988 3151 3063 3206 lla
3106 3151 3353 3220 fortasse,
3381 3153 3818 3222 quemadmodum

2250 3256 2533 3312 possumus
2559 3242 2756 3310 dicere,
2787 3243 2918 3297 nihil
2948 3257 3068 3298 esse
3099 3244 3370 3300 hominem
3397 3243 3686 3301 habentem
3711 3245 3819 3302 aui-

2249 3349 2390 3388 mam
2417 3335 2531 3389 sine
2556 3343 2764 3390 mente:
2795 3351 2900 3389 non
2940 3336 3060 3404 quia
3089 3344 3266 3405 potest
3291 3336 3516 3392 inveniri
3547 3337 3711 3393 homo
3737 3337 3816 3407 qui

2249 3433 2482 3480 mentem
2512 3440 2617 3480 non
2646 3425 2836 3481 habeat
2872 3425 3072 3480 habens
3097 3427 3357 3493 animum;
3409 3426 3501 3482 sed
3540 3428 3668 3497 quia
3696 3427 3814 3483 nihil

2247 3523 2409 3580 esset.
2437 3516 2482 3570 si
2511 3516 2731 3570 inveniri
2758 3525 2957 3585 posset.
2985 3516 3072 3572 Sic
3092 3517 3251 3571 etiam
3274 3515 3376 3571 dici
3404 3525 3596 3587 potest,
3623 3517 3684 3573 Si
3702 3532 3812 3572 cor-

2249 3619 2348 3675 pus
2377 3607 2596 3677 liguram
2624 3606 2834 3674 habeat,
2867 3607 3102 3663 colorem
3128 3623 3234 3663 non
3260 3607 3472 3676 habeat,
3518 3608 3690 3666 rideri
3719 3624 3813 3665 nos

2250 3704 2456 3766 potest:
2479 3711 2585 3752 non
2614 3698 2735 3768 quia
2766 3707 2848 3753 est
2872 3713 3066 3769 corpus
3086 3701 3172 3754 cui
3201 3699 3340 3755 desit
3364 3701 3540 3767 color;
3582 3701 3680 3756 sed
3705 3701 3813 3773 quia

2248 3787 2292 3843 si
2323 3797 2488 3855 esset,
2510 3790 2654 3844 cerui
2683 3804 2786 3844 non
2807 3799 3004 3859 posset.
3029 3791 3102 3844 lta
3129 3790 3352 3846 fortasse
3370 3789 3568 3846 dictum
3589 3801 3673 3846 est
3689 3788 3813 3862 quod

2247 3879 2293 3933 si
2319 3879 2440 3949 quis
2469 3879 2660 3935 habeat
2685 3879 3036 3950 prOphetiam,
3061 3890 3116 3938 et
3141 3881 3451 3937 charitalem
3482 3899 3588 3938 non
3611 3884 3810 3949 habeat,

2248 3970 2380 4026 nihil
2407 3982 2520 4026 est:
2545 3987 2649 4026 non
2677 3972 2798 4042 quia
2827 3982 2998 4042 potest
3027 3975 3077 4028 in
3104 3989 3367 4045 quoquam
3393 3991 3516 4032 esse
3542 3977 3809 4049 prophetis

2249 4060 2366 4117 sine
2391 4060 2682 4126 charitate;
2717 4061 2812 4117 sed
2841 4063 2961 4132 quia
2990 4064 3034 4117 si
3061 4073 3239 4129 esset,
3287 4064 3539 4135 prodesse
3567 4083 3675 4123 non
3707 4081 3814 4138 pos-

2249 4159 2349 4207 set.
2377 4151 2522 4220 Opus
2540 4160 2622 4206 est
2647 4151 2805 4221 igitur
2831 4151 2900 4206 ad
2929 4151 3238 4208 solvendam
3267 4154 3419 4208 istam
3443 4157 3802 4226 qttmstionem,

2249 4251 2308 4297 ut
2327 4242 2668 4297 ostendamus
2683 4243 2912 4312 aliquem
2935 4245 3217 4314 reprobum
3241 4246 3341 4301 hoc
3359 4246 3556 4303 donum
3579 4248 3810 4302 habuisse

2250 4333 2542 4403 praphetia:
2575 4351 2587 4386 :
2620 4332 2761 4402 quod
2793 4334 2836 4387 si
2860 4335 3126 4388 nemiuem
3165 4334 3560 4405 inveniremus,
3593 4338 3696 4394 hoc
3723 4337 3808 4391 isto

2249 4425 2362 4493 ipse
2390 4421 2517 4480 Saul
2546 4425 2679 4478 satis
2707 4424 3032 4479 ostenderet.
3073 4424 3178 4481 Sed
3212 4436 3386 4482 tamen
3419 4428 3508 4484 ille
3533 4429 3692 4484 etiam
3722 4427 3810 4483 Ba-

2247 4515 2386 4570 laam
2429 4515 2686 4584 reprobus
2726 4525 2977 4586 apparet;
3013 4532 3117 4572 non
3160 4519 3300 4573 enim
3344 4535 3464 4576 eum
3506 4530 3645 4578 tacet
3681 4518 3808 4577 Serio

2248 4616 2398 4676 plura
2427 4605 2606 4660 divino
2625 4605 2822 4675 judicio
2847 4621 2968 4662 esse
2995 4607 3301 4664 damnatum
3331 4628 3346 4663 :
3387 4620 3442 4666 et
3478 4621 3653 4669 tamen
3693 4627 3803 4683 pro-

2247 4697 2479 4769 phetiam
2524 4697 2780 4762 habebat;
2819 4706 2874 4752 et
2911 4701 3030 4768 quia
3072 4699 3302 4756 Charitas
3327 4703 3375 4757 ei
3415 4701 3618 4768 deerat,
3652 4706 3806 4758 inerat

2247 4789 2489 4843 voluntas
2516 4788 2860 4844 maledicendi
2889 4789 3284 4859 p0pnlolsrael,
3314 4808 3474 4860 quam
3504 4794 3672 4850 hostis
3699 4807 3806 4863 pre;

2248 4873 2322 4936 tio
2346 4890 2762 4949 comparaverat,
2789 4882 2876 4948 qui
2903 4897 3022 4935 cum
3049 4881 3113 4935 ad
3145 4883 3562 4940 maledicendum
3582 4883 3804 4940 mercede

2247 4972 2604 5036 conduxerat;
2633 4971 2772 5025 dono
2801 4980 2976 5026 tamen
3007 4972 3099 5026 illo
3129 4974 3500 5043 prephetandi,
3529 4992 3631 5046 quo
3645 4990 3787 5044 asper

2247 5064 2486 5134 gebatur,
2527 5063 2874 5118 benedicebat
2901 5065 3100 5118 invitus
3141 5064 3330 5136 (Num.
3377 5072 3684 5139 χιιι-χχιι).
3712 5067 3802 5121 Nec

2247 5155 2409 5208 verba
2440 5154 2526 5206 illa
2556 5169 2738 5222 parum
2783 5162 3101 5209 attestautur
3145 5156 3266 5209 huic
3295 5160 3593 5226 sementim,
3621 5174 3729 5227 qua:
3756 5157 3798 5209 in

2249 5244 2535 5314 Evangelio
2555 5243 2748 5312 scripta
2770 5254 2910 5307 sunt,
2942 5245 3135 5300 multus
3155 5246 3390 5301 dicturos
3412 5249 3460 5302 in
3480 5249 3565 5302 illa
3583 5250 3683 5314 die,
3704 5247 3798 5301 Do-

2248 5336 2401 5400 mine,
2427 5333 2651 5398 Domine,
2677 5334 2730 5386 in
2751 5336 3046 5389 nominetuo
3062 5337 3470 5394 manducavimus
3487 5351 3534 5393 et
3550 5337 3794 5403 bibimus‘,

2249 5434 2295 5476 et
2317 5423 2366 5475 in
2389 5423 2588 5477 nomine
2608 5432 2694 5476 tuo
2716 5425 3142 5494 prophetavimus,
3167 5436 3212 5481 et
3246 5427 3298 5480 in
3325 5429 3525 5484 nomine
3556 5440 3637 5484 lue
3658 5430 3796 5482 rirtsto

2313 5536 2328 5567 ι
2354 5535 2492 5594 Editi,
2516 5548 2676 5586 coram
2695 5541 2742 5586 te
2763 5536 3171 5589 manducan’nuts.
3197 5547 3250 5590 At
3273 5546 3399 5596 Mss.
3437 5540 3489 5591 in
3522 5539 3698 5591 nomine
3725 5544 3796 5588 tuo

2247 5596 2670 5656 manducarimus;
2692 5610 2789 5661 quo
2802 5599 2943 5648 modo
2979 5607 3132 5649 :ostea
3151 5611 3214 5649 Au
3287 5605 3442 5656 stinus,
3459 5605 3505 5654 in
3528 5602 3644 5654 libro
3654 5601 3795 5651 deca-

2254 5659 2539 5709 teehizandis
2564 5659 2784 5709 Rudibus.
2808 5671 2909 5709 can.
2939 5614 3016 5709 Si}.
3043 5669 3093 5709 et
3116 5615 3404 5709 alihfusaene-

2254 5659 2539 5709 teehizandis
2564 5659 2784 5722 Rudibus,
2808 5671 2909 5722 cap.
2939 5659 3016 5724 εὖ,
3043 5669 3093 5712 et
3116 5659 3404 5728 aliitfsape.
