3996 6282
172 301 253 359 {Si
1440 288 1640 343 LIBER
1672 284 2041 342 SECUNDUS.

160 426 223 469 tes
246 410 417 465 multas
441 410 641 479 fecimus
669 422 686 460 :
726 406 915 476 quibus
959 415 1130 459 tamen
1164 402 1401 457 dicturus
1443 411 1543 465 est,
1578 400 1700 454 Non

160 503 259 556 uoci
277 514 382 561 ros;
409 498 617 552 recedite
643 514 675 549 a
703 513 797 561 me,
831 495 1049 565 operarii
1073 493 1349 565 iniquitatis
1378 492 1586 563 (Matth.
1607 508 1698 557 vn,

156 594 231 652 22.
259 591 360 658 25).
391 589 501 641 Non
533 586 667 641 enim
684 601 776 641 eos
802 584 1121 639 mentientes
1150 594 1394 653 putamus
1421 583 1518 636 ista
1540 581 1702 636 dictu-

157 698 230 735 ros
252 682 301 734 in
322 680 406 732 illo
430 678 645 747 judicio,
692 676 778 730 ubi
812 674 987 728 nullus
1014 675 1115 729 erit
1154 672 1367 727 fallendi
1411 673 1577 737 locus,
1611 680 1703 726 aut

157 775 293 827 ullam
337 785 516 824 vocem
558 768 734 821 talium
786 766 1034 837 legimus,
1066 764 1376 826 dicentium,
1414 763 1702 817 Dileximus

156 876 212 920 te.
250 863 493 918 Poterunt
522 876 642 930 ergo
670 859 872 925 dicere,
906 857 972 911 In
1014 857 1214 911 nomine
1254 865 1341 910 tuo
1385 854 1704 926 prop/letavi-

155 976 268 1022 mus,
294 972 404 1011 cum
439 955 548 1008 sint
570 953 796 1022 improbi
836 960 889 1006 et
918 949 1164 1017 reprobi:
1190 965 1293 1004 non
1326 957 1502 1002 autem
1549 956 1703 1016 pote-

154 1058 258 1104 runt
282 1048 469 1113 dicere,
496 1045 843 1099 Dilectionem
884 1057 1044 1112 quam
1084 1040 1367 1107 mandasti,
1412 1039 1698 1093 tenuimus.

153 1142 264 1197 Nam
289 1140 330 1193 si
351 1138 581 1202 dicent‘,
608 1151 713 1190 non
742 1136 820 1189 eis
850 1133 1279 1203 respondebitur,
1315 1132 1433 1185 Non
1460 1132 1575 1185 novi
1595 1148 1699 1186 vos.

152 1231 206 1285 In
234 1232 318 1283 hoc
377 1230 519 1283 enim
560 1236 903 1297 cognoscetur,
946 1226 1130 1293 inquit,
1175 1225 1291 1293 quia
1329 1224 1565 1292 discipuli
1608 1223 1704 1277 mei
1732 1256 1743 1265 -

152 1322 267 1385 estis,
287 1320 326 1373 si
345 1335 427 1371 vos
451 1318 656 1371 invicem
678 1316 903 1386 diligatis
925 1315 1100 1387 (Joan.
1135 1331 1247 1379 xm,
1276 1314 1388 1384 55).

214 1410 289 1465 10.
316 1408 623 1477 Exemplum
666 1406 844 1475 itaque
873 1405 1031 1473 hujus
1058 1405 1187 1459 Saul
1213 1399 1418 1458 resistit
1457 1404 1700 1474 superbis

154 1500 388 1555 nonnullis
432 1497 734 1561 luereticis,
766 1496 855 1565 qui
895 1494 1090 1563 aliquid
1122 1495 1244 1547 boni
1288 1494 1354 1547 de
1394 1494 1701 1548 muneribus

152 1590 292 1642 sancti
319 1587 541 1656 Spiritus
587 1594 781 1655 negant
810 1599 967 1652 posse
1012 1583 1125 1638 dari
1152 1584 1229 1637 eis
1263 1584 1351 1652 qui
1390 1582 1456 1637 ad
1501 1590 1699 1636 sortem

154 1690 419 1736 sancton
462 1696 568 1732 non
608 1678 875 1747 pertinent
908 1695 920 1730 :
952 1691 1070 1731 cum
1120 1675 1196 1729 eis
1241 1674 1465 1728 dicimus
1504 1673 1701 1728 habere

154 1772 253 1826 illos
280 1786 422 1840 posse
449 1780 840 1824 sacramentum
867 1768 1121 1839 Baptismi
1138 1810 1153 1834 ,
1194 1767 1334 1837 quod
1366 1783 1485 1822 cum
1511 1767 1577 1821 ad
1600 1768 1703 1821 Ec-

154 1864 334 1918 clesiam
362 1861 676 1916 catholicam
696 1860 946 1925 veniunt,
976 1876 1083 1913 non
1109 1868 1190 1913 est
1219 1859 1270 1912 in
1300 1859 1377 1913 eis
1406 1859 1513 1913 ullo
1541 1858 1700 1915 modo

156 1954 445 2019 violandum,
485 1961 579 2006 aut
623 1952 771 2022 quasi
815 1966 922 2004 non
967 1950 1196 2005 habeant
1228 1948 1571 2013 tradendum;
1604 1949 1700 2003 sed

156 2057 301 2101 tamen
320 2060 406 2100 eos
428 2060 532 2099 non
562 2044 685 2098 ideo
723 2043 878 2097 saluti
907 2041 1103 2097 debere
1128 2041 1418 2103 conlidere,
1444 2041 1564 2110 quia
1595 2056 1700 2095 non

157 2136 471 2206 improbamus
517 2135 663 2205 quod
708 2136 825 2189 illos
869 2133 1137 2203 accepisse
1188 2132 1560 2196 concedimus;
1606 2131 1700 2185 sed

159 2240 364 2298 oportere
387 2241 716 2296 cognoscere
743 2224 958 2277 unitatis
996 2224 1307 2277 societatem
1342 2222 1551 2276 vinculo
1572 2221 1698 2275 cha-

161 2319 297 2373 ritatis
322 2318 598 2372 ineundam
621 2358 635 2381 ,
681 2315 795 2369 sine
834 2330 936 2385 qua
972 2315 1187 2368 omnino
1217 2313 1469 2384 quidquid
1506 2314 1701 2369 habere

164 2410 400 2476 potuerint,
426 2409 675 2479 quamvis
712 2422 806 2476 per
832 2422 890 2461 se
929 2413 1170 2461 sanctum
1215 2421 1277 2459 ac
1306 2405 1660 2460 venerandum
1682 2446 1697 2471 ,

168 2501 241 2567 ipsi
267 2511 415 2553 tamen
445 2499 583 2553 nihil
622 2507 777 2563 sunt,
811 2506 955 2551 tanto
1000 2497 1323 2567 indigniores
1362 2496 1535 2551 effecti
1582 2498 1701 2550 vita:

172 2602 337 2645 telorum
360 2591 575 2660 praemio
593 2633 608 2657 ,
640 2597 839 2659 quanto
859 2590 962 2645 illis
988 2588 1142 2643 donis
1172 2604 1274 2642 non
1293 2589 1427 2643 bene
1446 2589 1523 2641 usi
1553 2596 1697 2655 sunt,

176 2696 270 2750 qua:
301 2682 343 2735 in
378 2682 468 2735 hac
511 2682 627 2735 vita
653 2723 668 2747 ,
691 2696 810 2750 qua:
861 2680 1164 2735 transitoria
1211 2680 1335 2733 est’
1358 2687 1696 2747 acceperunt.

177 2769 265 2825 Non
299 2780 441 2825 autem
496 2771 641 2826 bene
691 2771 870 2835 utitur,
917 2770 1017 2824 nisi
1060 2770 1325 2834 charitas;
1371 2777 1425 2823 et
1470 2768 1701 2822 charitas

176 2862 307 2915 omnia
334 2864 503 2916 tolerat
532 2861 584 2933 (ι
614 2860 731 2915 Cor.
770 2876 897 2924 xm,
928 2860 1006 2930 7),
1036 2869 1193 2929 atque
1220 2859 1338 2913 ideo
1369 2873 1471 2912 non
1509 2856 1699 2911 scindit

171 2953 406 3019 unitatem,
436 2954 594 3023 cujus
621 2953 733 3022 ipsa
777 2962 858 3006 est
899 2951 1242 3005 fortissimum
1272 2950 1559 3005 vinculum.
1584 2948 1701 3004 Non

167 3043 274 3095 enim
299 3053 344 3097 et
370 3059 549 3098 servus
584 3043 671 3096 ille
709 3058 812 3095 non
844 3040 1050 3110 accepit
1075 3041 1358 3105 talentum,
1387 3048 1477 3093 aut
1505 3039 1701 3109 aliquid

161 3133 273 3187 aliud
305 3136 604 3205 intelligitur
638 3135 892 3189 talentum
922 3147 1079 3202 quam
1123 3147 1318 3186 munus
1361 3130 1572 3201 aliquod
1599 3132 1702 3184 uti-

162 3240 243 3293 que
279 3225 495 3280 divinum
531 3245 543 3279 :
584 3224 678 3280 sed
701 3265 715 3291 ,
753 3224 851 3290 Qui
876 3225 1052 3289 habet,
1085 3223 1284 3276 dabitur
1312 3223 1393 3288 ei;
1418 3224 1502 3293 qui
1534 3233 1703 3276 autent

162 3330 241 3367 non
263 3316 409 3381 habet,
430 3327 473 3370 et
498 3316 637 3386 quod
659 3315 803 3369 habet
829 3319 1084 3385 auferetur
1132 3315 1195 3368 ab
1222 3331 1279 3368 eo
1333 3314 1543 3385 (Matth.
1567 3330 1700 3379 xxv,

162 3404 253 3475 29).
279 3406 413 3473 Quod
462 3424 570 3463 non
619 3408 778 3461 habet
802 3405 995 3460 auferri
1038 3420 1142 3459 non
1183 3414 1391 3474 potest;
1437 3406 1531 3460 sed
1559 3406 1703 3460 aliud

164 3510 246 3548 non
270 3495 444 3563 habet,
470 3508 527 3551 ut
545 3497 740 3551 merito
765 3496 1032 3550 auferatur
1074 3496 1215 3565 quod
1239 3495 1398 3551 habet
1424 3513 1437 3549 :
1468 3512 1573 3550 non
1604 3496 1701 3549 ha-

164 3582 235 3637 bet
271 3586 559 3642 charitatcm
610 3586 829 3653 utendi,
873 3595 929 3640 ut
964 3584 1233 3640 auferatur
1279 3586 1533 3656 quidquid
1561 3585 1703 3641 aliud

164 3674 322 3741 habet,
346 3679 478 3747 quod
508 3680 627 3733 sine
657 3678 913 3733 charitate
944 3693 1047 3731 non
1068 3676 1307 3747 prodest.

222 3766 294 3821 11.
321 3767 426 3822 Non
447 3770 604 3840 igitur
644 3768 835 3822 mirum
882 3778 994 3832 est,
1026 3782 1203 3837 regem
1234 3767 1356 3823 Saﬁl
1387 3775 1440 3822 et
1474 3782 1541 3823 eo
1572 3776 1705 3822 tem-

164 3870 270 3923 pore
290 3873 383 3926 quo
408 3860 635 3927 primum
663 3868 851 3911 unctus
880 3865 988 3922 cst,
1014 3858 1282 3927 accepisse
1310 3858 1553 3927 Spiritum
1581 3874 1703 3927 pro-

165 3946 409 4016 phetandi,
437 3960 488 4005 et
534 3957 719 4020 postea
770 3963 888 4002 cum
938 3957 1081 4003 esset
1122 3958 1341 4018 propter
1390 3948 1701 4004 inobedien~

167 4037 266 4089 tiam
296 4040 593 4108 reprobatus
611 4081 626 4105 ,
654 4038 937 4093 recedente
964 4038 1032 4093 ab
1065 4054 1129 4093 eo
1155 4039 1344 4109 spiritu
1373 4040 1582 4095 Domini
1611 4056 1699 4096 ar-

165 4137 337 4195 reptum
380 4144 492 4183 esse
542 4130 775 4199 maligno
812 4130 998 4198 spiritu
1038 4143 1068 4182 a
1109 4129 1377 4184 Domino:
1411 4129 1499 4198 qui
1544 4131 1701 4184 etiam

166 4217 345 4282 spiritus
372 4219 574 4273 Domini
605 4220 899 4289 appellatus
928 4228 1010 4273 est
1047 4231 1263 4289 propter
1310 4220 1698 4286 ministerium;

168 4306 265 4373 quia
289 4310 515 4364 omnibus
554 4311 713 4364 etiam
755 4310 1025 4379 spiritibus
1068 4311 1222 4365 malis
1245 4311 1378 4366 bene
1408 4313 1572 4365 utitur
1594 4312 1699 4364 Do-

168 4396 344 4463 minus,
384 4402 463 4456 vel
513 4402 580 4455 ad
626 4401 1020 4455 damnationem
1068 4402 1453 4470 quorumdam,
1506 4403 1589 4456 vel
1634 4401 1699 4456 ad

167 4488 567 4559 emendationem,
598 4493 679 4546 vel
710 4492 775 4546 ad
799 4493 1164 4561 probationem
1197 4510 1209 4545 :
1244 4502 1296 4547 et
1324 4495 1563 4562 quamvis
1593 4509 1696 4548 non

169 4578 224 4631 sit
244 4582 513 4651 malignitas
538 4601 567 4637 a
598 4584 853 4647 Domino,
888 4599 991 4637 non
1022 4592 1104 4638 est
1133 4592 1307 4637 tamen
1337 4592 1569 4655 potestas
1596 4586 1696 4640 nisi

170 4684 193 4718 ει
216 4670 304 4725 Deo
330 4673 489 4745 (Rom.
529 4692 656 4740 xm,
686 4674 758 4745 1).
794 4676 1077 4744 Dictusque
1109 4682 1190 4729 est
1215 4676 1373 4728 etiam
1404 4689 1562 4743 sopor
1591 4676 1698 4728 Do-

174 4759 273 4811 mini
296 4804 307 4825 ,
334 4766 415 4832 qui
439 4778 784 4835 occupaverat
805 4766 997 4818 milites
1023 4764 1260 4834 ejusdem
1285 4765 1430 4830 Sani,
1454 4779 1571 4818 cum
1594 4765 1699 4819 Da-

174 4847 240 4899 vid
262 4850 439 4908 hastam
466 4866 517 4910 et
545 4856 800 4927 scyphum
828 4855 1175 4910 abstulisscta
1194 4854 1364 4923 capite
1389 4854 1699 4908 dormientis

175 4935 341 5011 “Reg.
369 4960 519 5011 xxvi,
553 4946 637 5018 12)
673 4964 687 5000 τ
716 4962 821 5000 non
865 4946 986 5016 quia
1018 4952 1143 4998 tunc
1186 4960 1345 5013 sopor
1388 4944 1437 4997 in
1476 4944 1699 4998 Domino

174 5040 291 5095 erat,
318 5044 369 5087 ut
405 5040 510 5106 ipse
536 5039 821 5104 dormiret;
850 5038 943 5093 sed
974 5037 1093 5106 quia
1124 5036 1210 5091 ille
1247 5050 1425 5106 50por,
1453 5038 1541 5106 qui
1573 5044 1697 5090 tunc

176 5114 378 5178 homines
411 5129 861 5197 apprehenderat,
894 5138 1022 5182 nutu
1070 5127 1162 5181 Dei
1212 5134 1325 5181 erat
1367 5125 1598 5191 infusus,
1632 5141 1698 5179 ne

177 5206 309 5267 David
344 5220 470 5271 servi
505 5220 613 5289 ejus
642 5222 663 5253 ³
694 5222 747 5275 in
799 5235 865 5276 eo
907 5221 1027 5276 loco
1070 5218 1351 5289 praesentia
1394 5218 1693 5275 sentiretur.

227 5384 582 5474 1353.35???
602 5401 796 5474 EF:le

231 5446 466 5535 unus
631 5456 999 5535 ’ΚαῖιέἔὲἪίδίέ

209 5509 449 5590 ἶ
474 5509 619 5590 pavit!
634 5524 681 5590 _et
702 5530 945 5590 servarunt
965 5519 1086 5590 qui.
1104 5524 1161 5590 at
1180 5524 1309 5590 Mss.2
1323 5530 1386 5584 ne
1404 5515 1559 5567 David
1570 5516 1699 5590 servi

181 5574 379 5648 9:31-???
382 5574 751 5648 ἑξε.¹θειςηᾱιιω,
782 5591 841 5648 ηεξ
862 5574 1129 5648 _Dav'id___e_t
1182 5574 1306 5629 servi
1340 5578 1476 5648 ejus;
1514 5578 1700 5648 scilicet

182 5632 305 5701 [$19.5
322 5632 478 5701 Qbisai,
502 5632 581 5699 (ᾖιὶ
601 5652 712 5701 cum
735 5632 875 5689 David
896 5641 956 5689 ad
975 5641 1080 5690 saiil
1104 5643 1154 5690 in
1179 5649 1334 5690 castra
1355 5632 1695 5701 descenderat,

187 5694 237 5733 ex
249 5685 316 5739 lib.
336 5693 354 5742 t
380 5685 506 5759 Regi,
520 5685 624 5761 esp;
639 5685 872 5760 96,—7.6:

380 5776 588 5840 qucr.
630 5785 901 5842 Aunusr.
955 5785 1057 5843 Vl.

3288 297 3394 357 Q38

1806 397 1989 467 Neque
2017 398 2142 452 illud
2181 399 2368 453 mirum
2399 410 2479 455 est
2500 443 2512 467 ,
2545 418 2755 458 rursum
2803 405 3047 462 eumdem
3079 406 3205 463 Sail!
3233 424 3395 467 acce-

1812 488 1953 557 pisse
1979 489 2221 558 spiritum
2250 490 2560 560 prophetize,
2591 508 2709 547 cum
2731 506 3140 565 persequeretur
3166 499 3392 568 justum,

1811 592 1865 638 et
1889 598 2010 638 eum
2056 583 2539 652 comprehensurus
2568 594 2623 640 et
2662 596 2943 641 necaturus
2968 590 3201 645 venisset
3226 591 3276 645 in
3310 593 3392 647 lo-

1812 687 1933 727 cum
1960 673 2046 728 ubt
2077 682 2191 727 erat
2224 675 2564 744 congregatio
2594 676 2988 745 prophetarum.
3021 677 3109 734 Sic
3143 682 3284 735 enim
3309 698 3397 737 sa-

1811 764 1876 817 tis
1905 764 2323 819 dcmonstratum
2366 775 2449 821 est
2490 769 2755 822 neminem
2785 768 2852 824 de
2896 770 2983 823 tali
3029 787 3250 827 munere
3281 773 3391 842 jam

1810 870 2052 911 securum
2077 871 2197 912 esse
2223 857 2438 924 debere,
2464 869 2712 929 tanquam
2743 861 2810 915 sit
2837 862 3237 932 acceptissimus
3259 864 3390 933 Deo,
3418 902 3421 903 ν

1810 948 1853 1001 si
1882 963 1985 1002 non
2012 948 2202 1004 habeat
2231 950 2542 1005 charitatcm
2561 969 2573 1004 :
2593 951 3018 1022 quandoquidem
3045 954 3173 1008 illud
3195 955 3390 1010 donum

1809 1050 1863 1095 et
1891 1042 2032 1097 Sauli
2061 1042 2172 1097 dari
2210 1044 2412 1113 potuit,
2442 1053 2662 1114 propter
2688 1060 2940 1099 arcanum
2989 1046 3201 1115 quidem
3231 1048 3395 1104 alicu-

1804 1131 1892 1201 jus
1913 1136 2259 1200 sacramenti;
2304 1135 2397 1190 sed
2441 1146 2615 1191 tamen
2648 1137 2760 1190 dari
2791 1138 2959 1205 potuit
2990 1138 3272 1206 reprobato
3294 1181 3310 1207 ,
3339 1150 3395 1196 et

1809 1222 2006 1289 invido,
2040 1234 2092 1278 et
2122 1226 2346 1295 ingrato,
2379 1234 2431 1279 et
2468 1226 2709 1282 reddenti
2746 1228 2882 1281 mala
2916 1244 3008 1296 pro
3033 1228 3218 1295 bonis,
3246 1239 3300 1285 et
3327 1246 3395 1287 ne

1809 1323 1929 1383 post
1968 1314 2135 1384 ipsam
2174 1316 2387 1386 quidem
2413 1317 2777 1386 acceptiuncm
2826 1318 3041 1387 Spiritus
3073 1331 3313 1376 correcto
3339 1322 3392 1376 in

1808 1404 1997 1458 melius
2022 1414 2179 1473 atque
2200 1415 2417 1459 mutato.
3058 1394 3098 1428 "

1807 1492 2023 1559 QU.£S'r.
2054 1494 2114 1548 Il.
2144 1526 2214 1534 —
2240 1496 2319 1549 De
2339 1496 2446 1550 Deo
2476 1497 2606 1550 nihil
2633 1498 2841 1568 dignum
2870 1498 3071 1553 dicitur.
3103 1499 3388 1559 Prwscien-

1878 1585 1948 1637 tia
1976 1602 2040 1638 an
2071 1588 2274 1655 prOprie
2308 1588 2372 1642 sit
2412 1588 2464 1641 in
2500 1587 2622 1641 Deo.
2657 1588 2880 1643 Scientia
2918 1589 3059 1660 quid,
3098 1599 3143 1645 et
3180 1609 3395 1662 quomo-

1878 1675 1943 1728 do
1992 1677 2044 1729 in
2088 1676 2215 1729 Deo.
2276 1676 2402 1741 Ira,
2454 1678 2826 1745 misericordia,
2877 1690 2923 1732 et
2969 1680 3105 1735 zelus
3155 1681 3253 1736 Dei
3287 1700 3389 1754 quo

1877 1782 2025 1820 sensu
2059 1768 2259 1821 dicitur.
2307 1767 2473 1822 Rebus
2523 1768 2704 1823 divinis
2756 1770 2995 1824 vocabula
3034 1771 3256 1827 humana
3295 1775 3390 1828 tri-

1876 1858 2125 1924 buuntur,
2158 1859 2247 1913 sed
2306 1859 2373 1912 ibi
2423 1861 2625 1915 remotis
2677 1861 3135 1933 imperfectionibus
3192 1864 3390 1920 intelli-

1878 1947 2061 2017 genda.
2092 1947 2356 2018 Sapientia
2390 1959 2435 2003 et
2464 1950 2669 2003 scientia
2694 1950 2827 2003 unde
2849 1950 3106 2017 cli/ferunt.
3138 1953 3393 2010 Paenitere

1878 2038 2128 2107 quomodo
2168 2040 2395 2092 convenit
2436 2038 2562 2093 Deo.
2614 2039 2915 2095 Paenitentia
2953 2052 3000 2095 et
3027 2042 3164 2099 zelus
3190 2062 3280 2099 cur
3296 2048 3395 2101 mi-

1878 2144 1973 2180 nus
2024 2128 2287 2183 videantur
2319 2129 2422 2183 Deo
2450 2123 2723 2201 congruere
2762 2148 2911 2201 quam
2944 2135 3257 2202 prwscieutia
3277 2177 3290 2203 ,
3313 2138 3394 2190 ira

1879 2227 1925 2272 et
1952 2220 2157 2272 similia.

1880 2313 1930 2364 1.
1956 2311 2085 2380 Age,
2105 2311 2214 2380 jam
2250 2312 2525 2367 videamus
2566 2313 2833 2382 quomodo
2861 2313 3058 2369 dictum
3088 2317 3155 2372 sit
3174 2358 3189 2381 ,
3216 2315 3395 2372 Paeni-

1808 2409 1874 2453 tet
1894 2401 2115 2471 mequod
2129 2403 2468 2456 constituerim
2488 2419 2651 2473 regem
2668 2402 2798 2457 Saiil
2813 2403 2852 2474 (1
2868 2405 2995 2476 Reg.
3014 2408 3136 2473 xv,1
3148 2406 3222 2476 1).
3239 2408 3395 2477 Qua:-

1808 2491 1882 2545 ris
1912 2494 2076 2555 enim,
2108 2506 2213 2545 non
2252 2492 2430 2561 utique
2470 2493 2521 2546 in
2572 2493 2755 2547 talium
2799 2495 3080 2549 verborum
3120 2497 3396 2552 intellectu

1808 2579 1953 2634 rudis
1973 2620 1987 2644 ,
2012 2580 2107 2634 sed
2150 2580 2453 2634 rudimenta
2483 2581 2766 2649 explorans
2810 2598 2925 2637 mea
2976 2593 3194 2651 paterno
3217 2586 3394 2641 studio

1807 2681 1860 2725 et
1888 2671 2115 2740 benigna
2145 2686 2272 2725 cura
2296 2712 2310 2735 ,
2357 2671 2622 2740 quomodo
2666 2673 2919 2740 paeniteat
2955 2674 3155 2743 aliquid
3186 2675 3352 2729 Deum
3373 2718 3388 2743 ,

1810 2760 1860 2814 in
1889 2775 1993 2830 quo
2014 2761 2081 2814 sit
2122 2761 2295 2815 onmis
2337 2762 2691 2830 pra‘scicntia.
2716 2764 2828 2833 Ego
2857 2778 2983 2818 vero
3006 2805 3020 2829 ,
3052 2780 3173 2819 cum
3198 2766 3299 2822 hoc
3326 2767 3397 2824 de

1811 2850 1921 2904 Deo
1947 2850 2162 2917 dicitur,
2193 2850 2465 2920 indignum
2494 2850 2694 2919 aliquid
2737 2851 2841 2906 dici
2885 2852 3192 2921 arbitrarer,
3218 2856 3265 2910 si
3293 2856 3395 2910 ali-

1811 2941 1935 3011 quid
1967 2940 2182 3010 dignum
2214 2941 2541 2995 inveniretur
2564 2940 2703 3010 quod
2735 2941 2800 2995 de
2826 2942 2917 2997 illo
2946 2942 3229 2999 diceretur.
3263 2947 3395 3003 Cum

1810 3047 1937 3088 vero
1959 3034 2119 3087 verba
2144 3032 2340 3099 omnia,
2360 3032 2550 3101 quibus
2571 3031 2801 3085 humana
2813 3032 3076 3103 colloquia
3102 3050 3395 3092 conserun-

1813 3133 1898 3179 tur
1922 3126 1937 3156 ¹
1959 3167 1975 3193 ,
2008 3124 2149 3180 illius
2177 3124 2497 3193 sempiterna
2525 3124 2693 3179 virtus
2716 3130 2771 3179 et
2798 3123 3044 3180 divinitas
3076 3128 3393 3185 mirabiliter

1809 3226 1967 3287 atque
2009 3216 2376 3270 incunctanter
2415 3216 2665 3283 excedat,
2694 3217 2947 3287 quidquid
2984 3218 3051 3273 de
3081 3219 3170 3273 illo
3202 3223 3392 3275 huma-

1810 3312 1951 3366 niter
1979 3310 2205 3375 dicitur,
2239 3309 2381 3379 quod
2412 3309 2569 3363 etiam
2602 3308 2907 3365 hominibus
2953 3312 3286 3381 aspernabile
3314 3313 3392 3368 τίς

1811 3398 2020 3465 deatur,
2048 3398 2161 3467 ipsa
2188 3397 2415 3451 humana
2444 3396 2760 3452 admonetur
2785 3398 3086 3464 inﬁrmitas,
3115 3401 3276 3458 etiam
3304 3401 3393 3457 illa

1810 3506 1928 3562 quae
1954 3500 2308 3561 congruenter
2355 3490 2407 3544 in
2455 3488 2741 3560 Scripturis
2784 3492 2978 3546 sanctis
3015 3492 3080 3547 de
3124 3493 3232 3548 Deo
3256 3493 3395 3551 dicta

1811 3583 2100 3647 existimat,
2123 3581 2363 3634 humanae
2390 3581 2667 3649 capacitati
2682 3581 2886 3650 aptiora
2914 3596 3033 3636 esse
3069 3597 3227 3651 quam
3256 3583 3396 3638 divi~

1812 3688 1894 3726 na:
1925 3671 2274 3734 sublimitati;
2301 3685 2361 3724 ac
2388 3685 2482 3738 per
2510 3672 2609 3724 hoc
2630 3670 2788 3725 etiam
2819 3670 2934 3740 ipsa
2964 3673 3388 3730 transcendenda

1809 3778 1929 3818 esse
1974 3762 2285 3818 sereniore”
2332 3761 2641 3829 intellectu,
2684 3762 2821 3817 sicut
2875 3762 2973 3817 ista
3022 3764 3394 3836 qualicumque

1813 3860 2116 3907 transcensu
2144 3859 2286 3905 sunt.

1879 3944 1936 3997 2.
1990 3942 2118 4009 Quis
2172 3950 2255 3996 est
2304 3940 2446 3995 enim
2494 3941 2805 4009 hominum,
2857 3942 2942 3997 cui
2996 3959 3102 3998 non
3144 3955 3393 4003 occurrat

1812 4035 1863 4088 in
1891 4035 1996 4086 Deo
2020 4041 2207 4086 cuncta
2238 4032 2581 4101 praesciente,
2604 4032 2966 4099 pcenitentiam
2989 4048 3110 4088 esse
3136 4050 3242 4089 non
3266 4051 3391 4104 pos-

1808 4123 1899 4177 se?
1926 4123 1994 4175 Et
2013 4131 2156 4177 certe
2180 4131 2353 4175 tamen
2387 4122 2499 4175 lucc
2528 4121 2633 4175 duo
2660 4121 2821 4175 verba
2840 4130 2982 4186 sunt,
3004 4125 3312 4191 paenitentia
3332 4137 3389 4181 et

1812 4212 2162 4283 praescientia,
2193 4225 2421 4280 quorum
2444 4211 2564 4278 quia
2596 4224 2756 4263 unum
2784 4224 3078 4279 congruere
3117 4212 3389 4268 credimus

1810 4304 1941 4368 Deo,
1973 4301 2024 4355 id
2051 4310 2132 4356 est
2154 4301 2538 4369 prmscieritianr
2562 4341 2575 4364 ,
2610 4314 2863 4370 negamus
2891 4301 2943 4354 in
2976 4316 3040 4355 eo
3071 4316 3189 4356 esse
3210 4304 3385 4373 paeni-

1811 4393 2045 4447 tentiam.
2065 4391 2197 4446 Cum
2224 4406 2350 4445 vero
2374 4390 2508 4444 alius
2539 4390 2819 4460 liquidiore
2843 4391 3267 4448 consideratione
3284 4395 3386 4452 ista

1808 4490 2139 4553 pertractans
2162 4524 2177 4549 ,
2208 4481 2476 4550 quaesierit
2503 4481 2949 4550 quemadmodum
2990 4483 3074 4537 vel
3100 4485 3213 4553 ipsa
3240 4499 3382 4555 prae-

1808 4574 2028 4628 scientia
2062 4575 2169 4628 Deo
2185 4583 2439 4643 congruat
2461 4613 2476 4637 ,
2501 4582 2554 4627 et
2578 4573 2839 4628 invenerit
2864 4573 3019 4642 hujus
3042 4576 3202 4630 etiam
3230 4578 3380 4634 verbi

1807 4666 2077 4720 notionem
2115 4666 2253 4719 illius
2284 4664 2531 4719 inell‘abili
2560 4664 2832 4717 divinitate
2853 4664 3007 4733 longe
3032 4664 3244 4736 lateque
3287 4682 3380 4724 su-

1808 4756 2014 4825 perari;
2045 4771 2149 4809 non
2180 4755 2404 4808 miratur
2430 4763 2711 4821 utrumque
2743 4752 2810 4807 de
2839 4754 2929 4806 illo
2962 4764 3181 4824 propter
3206 4756 3377 4814 homi-

1808 4862 1902 4901 nes
1934 4847 2034 4901 dici
2084 4845 2355 4913 potuisse,
2385 4843 2451 4897 de
2494 4858 2599 4912 quo
2642 4851 2923 4912 utrumque
2968 4854 3185 4914 propter
3208 4847 3381 4916 ipsum

1808 4937 2091 5005 incongrue
2121 4936 2402 4989 diceretur.
2430 4933 2565 5001 Quid
2591 4943 2673 4988 est
2716 4934 2858 4988 enim
2889 4936 3216 5004 przescientia
3241 4979 3256 5004 ,
3281 4939 3382 4995 nisi

1806 5030 2023 5083 scientia
2073 5025 2411 5081 futurorum?
2437 5024 2573 5091 Quid
2620 5033 2798 5079 autem
2849 5025 3080 5081 futurum
3118 5038 3201 5083 est
3227 5029 3339 5086 Deo
3363 5072 3379 5096 ,

1806 5120 1893 5188 qui
1922 5119 2096 5173 omnia
2144 5116 2539 5186 supergreditur
2580 5116 2935 5185 tempora?Si
2976 5118 3117 5173 enim
3160 5120 3381 5176 scientia

1806 5211 1901 5266 Dei
1949 5225 2034 5265 res
2084 5210 2225 5279 ipsas
2255 5207 2413 5263 habet
2434 5209 2472 5274 ί,
2500 5223 2605 5262 non
2632 5215 2755 5262 sunt
2790 5208 2837 5263 ei
2867 5206 3057 5264 futura:
3079 5250 3094 5277 ,
3115 5210 3208 5266 sed
3240 5227 3381 5282 prac-

1869 5432 1885 5464 ³
1910 5433 1983 5481 Sic
2004 5438 2108 5479 Mss.
2124 5428 2243 5491 Editi
2265 5435 2447 5491 autem,
2472 5428 2776 5491 conferuntur
2793 5438 2811 5476 :
2827 5434 2880 5478 et
2899 5425 3018 5476 infra
3043 5425 3144 5475 loco
3162 5423 3379 5475 humani-

1805 5499 1906 5553 ων,
1926 5488 2489 5556 ᾑλῠβῂβηὶ,1ιιιῃιηηίιαδ.
2559 5488 2568 5491 -
2649 5550 2660 5556 _
3023 5546 3033 5556 .

1869 5550 1961 5603 "tu
1985 5553 2144 5611 editis,
2167 5550 2388 5611 saniore;
2421 5564 2507 5614 pro
2528 5562 2624 5614 quo
2648 5550 2695 5597 in
2717 5558 2857 5614 _MSS.,_
2875 5550 3131 5598 sereniore.

1870 5618 1888 5648 ί
1912 5615 1984 5664 sic
2004 5619 2109 5663 Mss.
2131 5605 2346 5673 excepto
2362 5605 2459 5673 un'o
2477 5624 2507 5660 e
2524 5605 2757 5673 vaticanis
2779 5605 2860 5671 qui
2881 5621 2991 5659 cum
3013 5615 3126 5657 ante
3151 5606 3291 5658 eclitis
3311 5605 3379 5658 fe-

1806 5677 1963 5737 rebat,
1984 5689 2032 5726 tu
2051 5672 2249 5725 amentia
2268 5671 2347 5723 res
2370 5672 2499 5735 ipsas
2519 5671 2670 5721 habet.

2845 5774 3095 5854 (02'an
