3996 6282
548 315 649 373 139

545 433 745 491 sentes;
780 438 840 479 ac
877 437 972 493 p'r
1001 420 1104 477 hoc
1146 436 1250 476 non
1274 421 1387 492 jam
1418 418 1772 491 praeseicntia,
1798 417 1893 473 sed
1922 427 2125 473 tantum

546 515 767 571 scientia
792 513 899 569 dici
934 520 1128 582 potest.
1156 511 1214 567 Si
1243 519 1421 566 autem
1457 510 1597 564 sicut
1624 511 1675 563 in
1704 509 1891 564 ordine
1923 518 2130 579 tempo-

546 606 737 661 ralium
752 613 1141 672 creaturarum,
1164 602 1236 657 ita
1252 601 1452 671 etapud
1475 616 1596 656 eum
1616 599 1848 654 nondum
1865 607 1988 654 sunt
2014 613 2134 670 quas

547 696 724 750 futura
771 705 925 761 sunt,
955 693 1049 748 sed
1096 708 1157 748 ea
1198 692 1458 763 praavenit
1505 690 1744 755 sciendo;
1776 689 1858 745 bis
1899 703 2027 760 ergo
2071 702 2134 744 ea

548 789 742 849 sentit,
777 799 884 839 uno
911 783 1121 854 quidem
1150 783 1311 838 modo
1349 783 1642 839 secundum
1668 782 1965 836 futurorum
2000 796 2134 851 prte-

551 876 850 940 scicntiam,
879 875 1049 929 altero
1078 889 1204 929 vero
1247 873 1536 928 secundum
1577 873 1918 944 praesentium
1962 871 2136 926 scien-

552 966 702 1020 tiam.
771 964 983 1035 Aliquid
1033 980 1160 1034 ergo
1208 964 1577 1034 temporaliter
1632 962 1838 1018 accedit
1899 962 2137 1018 scientias

553 1055 648 1111 Dei
676 1056 736 1124 ¹;
779 1055 923 1131 quod
970 1054 1408 1127 absurdissimum
1453 1062 1611 1125 atque
1641 1052 1979 1110 falsissimum
2033 1062 2134 1108 est.

554 1147 669 1204 Nec
694 1147 836 1207 enim
867 1155 1042 1218 potest
1070 1162 1189 1216 qua:
1222 1154 1444 1200 ventura
1489 1144 1773 1217 prtenoscit
1814 1158 1974 1199 nosse
2015 1157 2137 1198 cum

496 1294 503 1301 _
554 1241 840 1305 venerint;
867 1237 970 1293 nisi
994 1237 1076 1292 bis
1110 1237 1485 1292 inuotescant'
1504 1278 1520 1303 ,
1550 1244 1602 1291 et
1632 1234 2014 1306 prznnoscendo
2040 1250 2137 1288 an-

559 1339 770 1401 tequam
801 1330 936 1413 situ,
966 1338 1019 1383 et
1046 1328 1419 1398 cognoscendo
1444 1343 1562 1382 eum
1584 1326 1695 1396 jam
1726 1334 1866 1380 sunt.
1896 1325 1971 1380 lta
1997 1324 2055 1378 lit
2084 1332 2142 1379 ut

563 1418 584 1494 (
598 1420 738 1492 quod
767 1421 923 1491 longe
964 1435 994 1472 a
1036 1418 1261 1475 veritate
1304 1420 1570 1473 seclusum
1614 1416 1734 1489 est)
1783 1417 2142 1489 temporaliter

554 1511 754 1583 aliquid
798 1509 1016 1566 accedat
1062 1508 1298 1565 scientia:
1348 1509 1479 1576 Dei,
1521 1522 1641 1563 cum
1683 1507 1994 1578 temporalia
2023 1521 2142 1577 qure

558 1603 914 1675 przcsciuntur
965 1602 1124 1657 etiam
1178 1600 1458 1671 prmscntia
1506 1600 1844 1667 sentiuntur,
1875 1613 1992 1668 qua:
2036 1611 2142 1651 non

557 1692 924 1749 sentiebantur
950 1701 1236 1761 antequam
1253 1689 1464 1755 ﬁerent,
1482 1688 1575 1744 sed
1610 1689 1979 1743 tantummodo
2004 1702 2138 1756 pra:-

557 1785 881 1842 seiebantur.
927 1785 987 1840 Si
1030 1798 1156 1838 vero
1181 1783 1341 1838 etiam
1389 1797 1511 1837 cum
1543 1782 1821 1848 venerint,
1852 1794 1971 1851 qum
2002 1794 2141 1850 prte-

558 1875 867 1931 sciebantur
911 1888 1031 1929 esse
1058 1883 1300 1938 ventura,
1330 1870 1461 1925 nihil
1493 1870 1616 1926 novi
1645 1870 1864 1926 accedet
1906 1868 2144 1925 scientia:

561 1969 691 2037 Dei,
723 1966 819 2025 sed
852 1967 1088 2023 manebit
1140 1965 1229 2020 illa
1271 1964 1599 2035 prmscientia
1642 1963 1779 2019 sicut
1824 1970 1939 2017 erat
1985 1960 2144 2016 etiam

563 2061 869 2132 priusquam
916 2058 1161 2113 venirent
1205 2072 1327 2127 quae
1381 2055 1828 2127 praesciebantur;
1879 2051 2147 2124 quomodo

557 2152 669 2223 jam
716 2150 1049 2221 praeseientia
1098 2148 1339 2214 dicetur,
1371 2144 1583 2217 quando
1618 2160 1725 2200 non
1751 2153 1834 2200 est
1859 2157 2037 2199 rerum
2065 2141 2152 2197 fu-

564 2251 802 2307 terarum
822 2241 847 2296 ἲ
870 2240 990 2297 Jam
1018 2240 1161 2297 enim
1200 2237 1482 2309 praisentia
1511 2245 1638 2292 sunt
1677 2252 1795 2306 quae
1820 2235 1997 2289 futura
2026 2248 2147 2289 cer-

564 2330 761 2400 nebat,
791 2339 847 2388 et
885 2331 1042 2403 paulo
1076 2337 1202 2401 post
1227 2336 1384 2383 erunt
1422 2327 1707 2398 praeterita.
1754 2325 2149 2380 Prtcteritarum

565 2432 744 2480 autem
782 2438 961 2479 rerum
984 2462 999 2490 ,
1025 2421 1162 2476 sicut
1201 2419 1541 2490 prtesentium
1564 2458 1583 2486 ,
1615 2417 1760 2472 nullo
1799 2415 1958 2471 modo
1981 2423 2153 2486 potest

565 2518 671 2574 dici
702 2515 1055 2590 praescientia.
1078 2512 1300 2569 Reditur
1327 2526 1458 2584 ergo
1481 2511 1546 2566 ad
1574 2510 1648 2578 id,
1675 2520 1733 2571 ut
1751 2510 1842 2564 fiat
1868 2508 2025 2564 rebus
2040 2508 2150 2579 jam

567 2606 919 2679 praesentibus
962 2602 1357 2673 scientia,quae
1395 2601 1595 2657 eisdem
1638 2600 1798 2656 rebus
1822 2599 2012 2654 futuris
2039 2606 2155 2654 erat

565 2696 898 2770 tumscientia
927 2704 1019 2751 :et
1058 2708 1179 2750 cum
1213 2709 1275 2748 ca
1302 2708 1422 2763 quae
1450 2689 1786 2763 prmscientia
1816 2698 1928 2745 erat
1966 2689 2111 2760 prius
2133 2728 2150 2757 ,

566 2798 749 2860 postea
780 2787 998 2846 scientia
1025 2786 1117 2842 ttat
1154 2786 1207 2842 in
1238 2785 1367 2852 Deo,
1386 2783 1615 2839 admittit
1654 2781 2054 2844 mutabilitatem
2101 2789 2155 2836 et

568 2879 876 2952 temporalis
892 2888 993 2944 est;
1010 2892 1129 2931 cum
1161 2875 1232 2931 sit
1256 2875 1418 2941 Deus,
1441 2873 1529 2944 qui
1557 2887 1686 2928 vere
1700 2884 2010 2940 summeque
2037 2878 2119 2924 est
2137 2909 2152 2935 ,

567 2987 670 3028 nec
698 2971 805 3026 ulla
842 2985 911 3026 ex
944 2980 1097 3041 parte
1130 2966 1398 3023 mutabilis
1423 3004 1438 3031 ,
1477 2979 1578 3023 nec
1618 2964 1726 3018 ullo
1774 2972 1917 3017 motu
1958 2962 2157 3017 novitio

569 3060 898 3136 temporalis.
917 3060 1097 3115 Placet
1124 3072 1253 3133 ergo
1278 3068 1338 3111 ut
1365 3070 1472 3111 non
1500 3053 1738 3109 dicamus
1769 3052 2156 3125 praescientiarn

569 3150 665 3210 Dei
690 3193 705 3218 ,
733 3149 827 3207 sed
871 3147 1236 3211 tantummodo
1272 3145 1550 3201 scientiam
1583 3158 1923 3214 :quazramus
1967 3151 2021 3198 et
2056 3142 2159 3198 hoc

569 3241 860 3315 quomodo.
890 3239 1007 3298 Non
1032 3239 1175 3295 enim
1207 3237 1483 3297 scientiam
1520 3234 1755 3291 solemus
1783 3233 1960 3289 dicere
1990 3234 2040 3288 in
2065 3247 2134 3288 no

570 3326 676 3400 bis,
703 3330 807 3388 nisi
828 3344 950 3386 cum
971 3342 1128 3387 sensa
1153 3336 1209 3389 et
1231 3326 1500 3382 intellecta
1540 3316 1798 3381 memoria
1828 3323 2156 3390 retinemus;

570 3437 694 3487 cum
719 3419 1059 3484 meminimus
1083 3416 1282 3488 aliquid
1306 3416 1539 3472 sensisse
1560 3429 1658 3470 nos
1686 3413 1771 3469 vel
1797 3413 2121 3468 intellexisse
2138 3450 2157 3480 ,

576 3526 635 3573 ut
662 3515 717 3576 id
737 3528 858 3572 cum
880 3513 1127 3570 volumus
1145 3511 1464 3569 recolamus.
1496 3507 1650 3579 Quod
1673 3508 1716 3565 si
1742 3507 1812 3563 ita
1843 3509 1895 3562 in
1921 3507 2029 3562 Deo
2054 3515 2156 3574 ρει,

573 3621 631 3669 ut
659 3607 830 3689 possit
877 3606 1091 3681 preprie
1132 3604 1278 3673 .dici,
1311 3603 1561 3676 intelligit
1585 3611 1641 3659 et
1680 3601 1970 3667 i..tellexit,
2002 3602 2163 3655 sentit

573 3711 633 3758 et
656 3700 858 3767 sensit;
885 3698 1117 3754 admittit
1158 3706 1399 3769 tempus,
1444 3706 1499 3751 et
1544 3694 1781 3764 subrepit
1820 3692 2162 3751 nihilominus

574 3793 666 3847 illa
712 3789 1067 3853 mutabilitas,
1111 3802 1231 3858 qua:
1261 3788 1415 3858 longe
1457 3801 1488 3841 a
1520 3785 1613 3840 Dei
1659 3784 1952 3840 substantia
1982 3797 2158 3838 remo.

574 3881 747 3938 venda
775 3888 878 3937 est.
919 3879 987 3935 Et
1026 3888 1209 3935 tamen
1245 3888 1301 3933 et
1327 3877 1429 3933 scit
1472 3877 1609 3931 Deus
1634 3916 1649 3941 ,
1679 3882 1731 3931 et
1769 3875 1982 3945 pnescit
2024 3874 2164 3928 Deus

577 3974 831 4032 inen‘abili
858 3972 1020 4039 modo
1051 3989 1065 4029 :
1092 3971 1172 4028 sic
1200 3984 1323 4026 eum
1347 3979 1402 4025 et
1440 3968 1659 4040 pmnitet
1699 3965 1950 4021 ineffabili
1982 3965 2159 4025 modo,

579 4069 711 4125 Cum
736 4067 879 4133 enim
906 4063 1126 4122 scientia
1151 4063 1244 4121 Dei
1268 4061 1426 4137 longe
1449 4061 1607 4117 distet
1634 4060 1699 4115 ab
1726 4058 1956 4114 humana
1987 4056 2164 4115 scien-

577 4163 674 4230 tia,
703 4161 776 4223 ita
814 4168 872 4224 ut
912 4156 1179 4224 irridenda
1221 4156 1291 4217 sit
1309 4153 1670 4227 comparatio,
1713 4164 1937 4225 utraque
1988 4162 2163 4206 tamen

579 4253 803 4313 scientia
828 4261 1088 4313 vocatur:
1116 4258 1170 4311 et
1209 4247 1327 4306 bam
1372 4248 1587 4319 quidem
1627 4247 1859 4305 humana
1903 4244 2021 4299 talis
2048 4255 2161 4308 est,

578 4356 641 4414 ω
663 4347 805 4409 dicat
844 4344 910 4405 dc
937 4344 1025 4401 illa
1057 4341 1345 4421 Apostolus
1386 4343 1549 4396 etiam
1573 4381 1589 4407 ,
1624 4338 1852 4394 Scientia
1880 4337 2164 4392 destruetur

581 4439 629 4510 (ι
655 4437 773 4501 Cor.
803 4450 917 4516 xm,
938 4434 1018 4504 8);
1036 4433 1175 4514 quod
1202 4432 1351 4493 nullo
1377 4431 1536 4493 modo
1566 4438 1710 4492 recte
1737 4429 1803 4483 de
1827 4428 2046 4485 scientia
2071 4426 2165 4491 Dei

583 4531 688 4593 dici
712 4536 909 4609 potest.
940 4526 1030 4593 Sic
1058 4533 1113 4587 et
1131 4525 1213 4583 ira
1233 4522 1465 4581 hominis
1494 4521 1699 4583 turbida
1728 4529 1809 4576 est
1837 4528 1891 4575 et
1911 4534 2016 4573 non
2051 4519 2167 4573 sine

583 4622 820 4686 cruciatu
845 4619 1008 4683 animi
1035 4636 1046 4670 :
1068 4618 1149 4677 ira
1173 4630 1303 4677 vero
1321 4615 1440 4683 Dei,
1453 4614 1521 4670 de
1537 4628 1639 4684 qua
1656 4613 1849 4670 dicitur
1864 4613 1914 4667 in
1928 4613 2171 4684 Evange-

588 4716 680 4781 lio,
696 4712 801 4771 Sed
815 4712 894 4773 ira
912 4710 1007 4773 Dei
1035 4717 1201 4771 manet
1222 4725 1375 4781 super
1399 4723 1512 4765 eum
1524 4706 1579 4777 (J
1587 4723 1703 4761 oau.
1729 4722 1806 4768 ut,
1827 4705 1944 4777 56);
1959 4714 2013 4760 et
2028 4707 2167 4777 Apo-

588 4809 777 4871 stOIus,
810 4803 1074 4863 Raetiam:
1093 4802 1225 4857 euim
1245 4801 1325 4861 ira
1348 4798 1439 4857 Dei
1465 4798 1526 4853 de
1544 4798 1667 4853 cazlo
1683 4814 1833 4867 super
1860 4814 2054 4855 omnem
2072 4799 2170 4852 im-

588 4902 823 4969 pietatem
860 4891 1045 4966 (liam.
1076 4889 1286 4967 1,18);
1316 4890 1409 4947 illo
1455 4889 1511 4945 in
1560 4889 1935 4959 tranquillitate
1972 4889 2169 4960 jugiter

568 4969 858 5051 lmauente,
873 4983 925 5043 in
954 4991 1198 5042 creatura
1226 4980 1435 5037 subdita
1450 4989 1667 5037 exercet
1686 4980 1982 5035 admirabili
2005 4982 2168 5061 tequi-

545 5088 700 5141 .taue
740 5074 1047 5147 vindictam.
1074 5071 1438 5135 Misericordia
1481 5086 1691 5147 quoque
1738 5070 1968 5128 hominis
2009 5072 2168 5131 habet

592 5167 902 5231 nonnullam
926 5164 1102 5239 cordis
1126 5162 1416 5233 miseriam,
1441 5161 1583 5219 unde
1621 5162 1779 5219 etiam
1806 5162 1861 5216 in
1885 5163 2042 5223 latina
2066 5162 2169 5219 lin-

593 5272 690 5327 gua
727 5271 920 5315 nomen
956 5256 1195 5327 accepit:
1227 5270 1347 5310 nam
1378 5254 1500 5308 inde
1529 5261 1612 5309 est
1645 5255 1803 5309 etiam
1829 5293 1842 5316 ,
1875 5252 2015 5322 quod
2062 5268 2167 5307 non

592 5351 763 5406 solum
790 5347 1019 5421 gaudere
1041 5361 1161 5402 cum
1186 5344 1557 5418 gaudentibus,
1584 5342 1677 5398 sed
1703 5343 1861 5396 etiam
1890 5341 2018 5396 ﬂere
2045 5356 2166 5396 cum

593 5442 845 5500 ﬂentibus
870 5440 1112 5497 hortatur
1125 5433 1542 5509 ApostolusUd.
1574 5449 1671 5501 ιιι,
1693 5432 1802 5504 l5).
1828 5432 1956 5502 Quis
1992 5441 2169 5495 autem

662 5598 680 5631 ι
706 5603 833 5654 ω,
856 5591 1039 5646 accidit
1054 5588 1267 5645 mare
1415 5596 1470 5641 Et
1492 5587 1616 5640 infra
1640 5588 1841 5648 habent,
1858 5586 2067 5653 accidat,
2082 5604 2170 5643 acr

597 5657 760 5718 cillet;
782 5651 906 5718 meo,
927 5653 1143 5718 accedat,
1171 5651 1384 5718 accedet.

661 5711 754 5768 ἠιιὶ
772 5711 936 5771 codice
959 5711 1284 5767 venistissimo
1302 5711 1599 5774 corbeiensi,
1617 5712 1894 5763 iratotescat.

1113 308 1200 364 DE
1241 305 1548 364 DlVERSlS
1584 303 2097 373 QU.~EST|ONIBUS
2136 304 2225 359 AD
2264 302 2770 374 SIMPLICIANUM,
2810 307 2866 364 S.
2908 307 3283 366 AUGUSTlNl

3716 318 3811 376 no

2240 430 2372 471 sano
2412 417 2587 488 capite
2613 418 2841 489 dixerit,
2874 421 2980 476 ulla
3016 423 3227 479 miseria
3264 426 3406 496 tangi
3432 426 3596 483 Deum
3616 430 3640 484 ἲ
3661 447 3809 503 quem

2240 515 2417 564 tamen
2444 509 2637 580 ubique
2676 509 2948 583 Scriptura
2984 513 3384 577 misericordem
3425 532 3546 574 esse
3580 529 3810 579 testatur.

2241 599 2317 656 lta
2344 602 2513 657 zelum
2541 601 2832 658 humanum
2860 620 2963 659 non
3014 606 3131 671 sine
3169 615 3320 676 peste
3368 608 3555 665 livoris
3580 612 3813 685 intelligi-

2242 704 2365 747 mus
2387 707 2401 747 :
2421 692 2680 757 zelantem
2707 708 2836 749 vero
2859 694 3025 750 Deum
3049 710 3155 751 non
3183 697 3251 751 ita
3268 739 3284 765 ,
3313 698 3409 763 sed
3431 699 3619 756 eodem
3643 704 3811 772 verbo,

2243 796 2351 837 non
2379 781 2570 837 eodem
2602 782 2779 839 modo.

2312 873 2365 928 '5.
2394 871 2633 944 Longum
2660 885 2744 931 est
2767 868 3076 945 percurrere
3103 887 3294 932 cratera
3315 921 3330 946 ,
3355 888 3411 935 et
3435 890 3561 935 sunt
3580 881 3813 940 innume-

2241 964 2428 1021 rabilia
2458 966 2650 1036 quibus
2674 965 2972 1022 ostenditur
2989 969 3156 1023 multa
3178 969 3352 1025 divina
3385 971 3575 1028 iisdem
3603 975 3819 1030 nomini-

2242 1052 2341 1109 bus
2365 1056 2623 1125 appellari
2649 1057 2839 1127 quibus
2883 1056 3111 1114 humana
3133 1101 3149 1128 ,
3174 1075 3295 1127 eum
3321 1060 3719 1133 incomparabili
3741 1067 3821 1123 di-

2243 1147 2492 1202 versitate
2516 1146 2755 1217 sejuncta
2784 1148 2887 1204 sint
2913 1165 3044 1205 :nec
3073 1158 3252 1207 tamen
3284 1152 3477 1210 frustra
3500 1154 3687 1211 eadem
3712 1169 3823 1214 sunt

2243 1238 2401 1293 rebus
2424 1241 2659 1310 utrisque
2686 1239 2851 1295 indita
2880 1241 3134 1307 voeabula
3155 1284 3171 1311 ,
3204 1244 3304 1299 nisi
3329 1245 3452 1315 quia
3478 1245 3592 1309 lucc
3625 1249 3824 1318 cognita

2244 1345 2363 1400 quas
2386 1330 2437 1385 in
2485 1331 2791 1401 quotidiana
2831 1333 3216 1399 consuetudine
3259 1347 3559 1407 versantur,
3591 1349 3649 1401 et
3677 1356 3827 1412 cxpe-

2245 1420 2488 1475 rimentis
2512 1421 2879 1478 usitatiorihus
2915 1424 3285 1495 innotescunt,
3318 1429 3629 1484 nonnullam
3671 1432 3732 1485 ad
3754 1433 3828 1487 in-

2247 1511 2528 1587 telligenda
2588 1512 2677 1566 illa
2723 1513 2968 1579 sublimia
3016 1515 3256 1585 prtebent
3302 1518 3462 1573 viam.
3512 1520 3652 1581 Cum
3700 1523 3826 1578 enim

2246 1599 2528 1673 dempsere
2547 1601 2614 1657 de
2630 1601 2861 1658 humana
2882 1605 3103 1660 scientia
3134 1608 3560 1677 mutabilitatem,
3582 1620 3639 1666 et
3670 1620 3830 1667 trans-

2249 1689 2354 1744 itus
2378 1690 2636 1761 quosdam
2668 1706 2698 1745 a
2744 1692 3066 1763 cogitatione
3084 1693 3141 1757 in
3166 1682 3576 1767 cogitationem.
3605 1715 3727 1756 cum
3752 1718 3831 1757 re-

2248 1779 2492 1847 colimus,
2520 1788 2579 1835 ut
2606 1796 2890 1839 cernamus
2929 1784 3110 1840 animo
3150 1787 3294 1857 quod
3333 1787 3385 1842 in
3438 1791 3686 1846 contuitu
3726 1791 3831 1862 ejus

2251 1870 2410 1940 paulo
2435 1880 2559 1927 ante
2607 1888 2711 1927 non
2760 1882 2913 1942 erat,
2944 1883 3103 1945 atque
3142 1876 3213 1931 ita
3263 1877 3331 1934 de
3370 1888 3522 1949 parte
3548 1881 3601 1935 in
3637 1891 3828 1952 partem

2249 1963 2454 2018 crebris
2496 1964 2960 2043 recordationibus
2995 1969 3363 2040 transilimus;
3396 1972 3534 2029 unde
3576 1975 3738 2030 etiam
3771 1991 3829 2032 ex

2253 2063 2404 2125 parte
2430 2054 2559 2112 dicit
2583 2071 2702 2112 esse
2726 2058 3017 2128 Apostolus
3058 2071 3294 2117 nostram
3322 2066 3598 2121 scientiam
3627 2066 3691 2140 (l
3721 2068 3827 2124 Cor.

2252 2161 2343 2200 xm
2370 2187 2385 2214 ,
2416 2145 2474 2219 9)
2509 2160 2668 2202 :cum
2711 2162 2839 2219 ergo
2885 2148 3001 2205 haec
3062 2160 3253 2209 cuncta
3297 2153 3602 2223 detraxero,
3647 2165 3705 2213 et
3760 2173 3836 2214 re-

2253 2236 2460 2307 liquero
2503 2237 2669 2292 solam
2717 2239 3051 2296 vivacitatem
3121 2251 3284 2300 certae
3345 2252 3505 2317 atque
3559 2248 3834 2305 inconcus-

2253 2343 2327 2384 sa:
2357 2328 2593 2384 veritatis
2647 2346 2749 2385 una
2803 2341 2961 2403 atque
3014 2343 3213 2390 :eterna
3242 2339 3696 2410 contemplatione
3715 2358 3835 2397 cutt-

2254 2427 2337 2473 cta
2377 2418 2857 2488 lustrantis’;imo
2898 2439 3004 2477 non
3042 2424 3347 2495 reliquero,
3398 2444 3503 2484 non
3557 2432 3705 2486 enim
3749 2432 3835 2493 ba-

2255 2508 2344 2565 bet
2388 2508 2490 2565 hoc
2535 2510 2767 2567 humana
2826 2513 3081 2585 scicntia,
3134 2518 3231 2573 sed
3292 2534 3390 2589 pro
3458 2522 3666 2579 viribus
3716 2525 3835 2597 cogi-

2219 2609 2469 2666 -tavero;
2528 2601 2828 2658 insinuatur
2873 2604 3007 2660 mihi
3075 2614 3364 2679 utcumque
3437 2612 3663 2672 scicntia
3710 2614 3833 2670 Dei:

2255 2692 2396 2763 quod
2442 2700 2618 2748 tamen
2668 2709 2900 2764 nomen,
2943 2712 3009 2751 ex
3070 2712 3137 2753 eo
3185 2699 3329 2770 quod
3386 2702 3605 2759 sciendo
3656 2704 3838 2777 aliquid

2258 2801 2364 2843 non
2385 2785 2514 2841 latet
2542 2786 2811 2843 hominem
2835 2828 2851 2855 ,
2882 2790 3053 2861 potuit
3076 2805 3196 2847 esse
3242 2793 3322 2853 rei
3352 2794 3566 2867 utrique
3610 2811 3841 2852 commu-

2257 2891 2345 2932 ne.
2367 2880 2677 2947 Quanquam
2700 2885 2755 2932 et
2782 2877 2835 2932 in
2884 2878 3013 2948 ipsis
3036 2878 3339 2937 hominibus
3385 2885 3522 2940 solet
3558 2884 3788 2941 discerni
3809 2901 3835 2942 ι

2258 2968 2517 3039 sapientia
2545 2969 2798 3038 scientia,
2829 2977 2886 3025 ut
2913 2970 3073 3026 etiam
3101 2972 3390 3043 Apostolus
3410 2974 3570 3043 dicit,
3600 2976 3709 3031 Alii
3734 2976 3839 3049 qui-

2260 3061 2374 3116 dem
2424 3078 2513 3131 per
2542 3060 2794 3132 Spiritum
2833 3061 2986 3116 datur
3023 3079 3187 3117 sermo
3222 3065 3514 3136 sapientite,
3565 3069 3659 3122 alii
3689 3085 3838 3127 sermo

2260 3152 2483 3207 scienth
2524 3152 2796 3206 secundant
2856 3152 3084 3217 eumdem
3127 3153 3382 3233 Spiritum
3422 3155 3557 3226 (Id.
3613 3175 3726 3227 xu,
3752 3156 3838 3233 8):

2262 3242 2316 3297 in
2347 3242 2458 3298 Deo
2486 3251 2663 3296 autem
2691 3242 2939 3305 nimirum
2963 3257 3066 3297 non
3088 3254 3212 3299 sunt
3239 3244 3353 3311 huic
3373 3244 3479 3301 duo
3498 3287 3513 3315 ,
3544 3248 3640 3303 sed
3669 3264 3838 3313 unum.

2262 3331 2332 3387 Et
2351 3333 2405 3385 in
2434 3331 2739 3386 hominibus
2764 3331 2977 3403 quidem
3020 3332 3134 3389 haec
3158 3335 3227 3389 ita
3252 3336 3482 3397 discerni
3513 3339 3842 3409 probabiliter

2263 3424 2472 3491 solent,
2503 3430 2560 3477 ut
2579 3422 2838 3497 sapientia
2870 3423 3134 3492 pertineat
3168 3424 3237 3480 ad
3262 3426 3588 3483 intellectum
3618 3437 3839 3486 aeterno-

2264 3529 2383 3577 rum
2398 3555 2414 3581 ,
2444 3512 2663 3568 scientia
2692 3528 2820 3568 vero
2845 3511 2910 3568 ad
2930 3528 2992 3569 ea
3014 3530 3133 3586 qua:
3157 3517 3403 3572 sensibus
3428 3520 3671 3590 corporis
3696 3536 3842 3597 expe-

2265 3604 2450 3660 rimur.
2495 3603 2602 3659 Sed
2650 3604 2774 3660 licet
2814 3605 2948 3660 alius
2989 3606 3146 3661 aliam
3186 3607 3534 3665 differentiam
3582 3612 3838 3682 proferat,

2264 3697 2366 3751 nisi
2409 3705 2586 3750 tamen
2630 3695 2839 3751 diversa
2868 3706 3081 3764 essent,
3114 3714 3219 3753 non
3251 3700 3329 3759 sic
3371 3702 3438 3758 ab
3465 3702 3726 3773 Apostolo
3749 3705 3840 3761 dis-

2266 3787 2652 3858 tinguereutur.
2682 3787 2834 3854 Quod
2868 3802 2999 3843 sane
3036 3789 3083 3843 si
3127 3790 3197 3843 ita
3224 3800 3340 3859 est,
3366 3801 3424 3846 ut
3448 3808 3644 3851 nomen
3676 3797 3839 3852 scien-

2266 3879 2352 3934 tia:
2372 3880 2531 3934 rebus
2558 3894 2690 3949 quas
2712 3895 2808 3951 per
2833 3895 3023 3935 sensus
3043 3883 3284 3953 corporis
3309 3886 3615 3963 experimur
3633 3930 3649 3955 ,
3682 3889 3836 3960 depuo

2267 3979 2433 4026 latum
2458 3970 2559 4039 sit;
2600 3971 2742 4025 nulla
2769 3980 2852 4026 est
2896 3973 3114 4029 omnino
3155 3976 3378 4031 scientia
3405 3977 3515 4032 Dei.
3556 3976 3673 4034 Non
3705 3980 3832 4036 enim

2268 4059 2408 4116 Deus
2436 4075 2529 4131 per
2555 4074 2614 4116 se
2652 4061 2827 4131 ipsum
2857 4078 2922 4117 ex
2954 4077 3178 4135 corpore
3206 4074 3261 4120 et
3286 4067 3462 4123 anima
3489 4079 3723 4139 constat,
3747 4070 3838 4126 sic-

2267 4161 2323 4208 ut
2352 4151 2531 4209 homo.
2600 4152 2707 4208 Sed
2752 4154 2940 4209 melius
2995 4154 3189 4211 dicitur
3222 4157 3377 4212 aliam
3423 4175 3542 4217 esse
3576 4163 3836 4227 scientiam

2268 4242 2363 4300 Dei
2384 4286 2397 4310 ,
2427 4254 2482 4300 et
2510 4259 2615 4300 nou
2645 4245 2883 4316 ejusdem
2903 4247 3114 4317 generis
3134 4289 3150 4315 ,
3178 4249 3330 4318 cujus
3359 4250 3457 4306 ista
3487 4262 3570 4309 εει
3597 4268 3719 4323 quae
3755 4254 3839 4308 ho-

2267 4336 2476 4413 minum
2503 4334 2697 4391 dicitur
2728 4354 2742 4390 :
2776 4337 2910 4391 sicut
2936 4337 3094 4393 etiam
3124 4337 3350 4410 idipsum
3379 4341 3518 4413 quod
3546 4342 3693 4400 Deus
3720 4344 3837 4399 dici-

2271 4434 2393 4495 tur,
2450 4427 2607 4499 longe
2641 4426 2781 4481 aliud
2809 4436 2920 4492 est,
2956 4444 3113 4499 quam
3161 4432 3609 4507 quemadmodum
3652 4436 3836 4491 dictum

2269 4526 2352 4573 est
2379 4517 2500 4589 quia
2544 4518 2676 4571 stetit
2708 4519 2761 4571 in
2806 4533 3064 4590 synagoga
3109 4518 3317 4574 deorum
3343 4521 3511 4592 (Psal.
3537 4541 3738 4593 Lxut,
3768 4524 3830 4595 Ι).

2270 4606 2471 4665 Tamen
2511 4606 2577 4660 ad
2607 4622 2712 4661 non
2740 4607 2908 4663 latere
2935 4624 3147 4680 quoquo
3171 4610 3330 4665 modo
3360 4613 3588 4682 pertinet
3613 4630 3837 4673 commu-

2272 4697 2466 4753 nicatio
2506 4699 2618 4769 ipsa
2662 4699 2927 4759 vocabuli.
2959 4701 3052 4757 Sic
3094 4703 3252 4758 etiam
3283 4704 3349 4759 de
3379 4705 3455 4759 ira
3494 4705 3727 4766 hominis
3762 4708 3838 4763 deo

2273 4788 2427 4845 traho
2456 4789 2817 4844 turbulentum
2842 4801 3043 4847 motum
3065 4833 3080 4858 ,
3124 4802 3181 4846 ut
3206 4804 3478 4859 remaneat
3508 4797 3753 4853 vindictae
3772 4796 3835 4851 vi-

2273 4894 2398 4953 gor;
2429 4889 2591 4949 atque
2618 4880 2688 4933 ita
2741 4888 3025 4953 utcumque
3065 4896 3287 4953 assurgo
3335 4885 3390 4941 in
3430 4887 3672 4942 notitiam
3712 4887 3836 4944 illius

2272 4986 2390 5043 quae
2433 4973 2727 5041 appellatur
2754 4972 2831 5031 ira
2874 4973 2989 5029 Dei.
3022 4972 3153 5035 Item
3193 4974 3261 5031 de
3288 4977 3653 5035 misericordia
3691 4981 3735 5036 si
3759 4994 3837 5034 au-

2274 5061 2415 5118 feras
2433 5064 2857 5133 compassionem
2877 5106 2893 5131 ,
2916 5080 3036 5120 cum
3062 5081 3128 5121 eo
3163 5083 3317 5137 quem
3362 5055 3632 5127 mise'raris
3650 5114 3665 5133 .
3692 5050 3837 5144 parti-

2277 5153 2465 5224 cipatae
2488 5155 2715 5212 miseriae
2739 5156 2782 5221 ¹,
2800 5164 2859 5209 ut
2885 5169 3157 5213 remaneat
3179 5160 3455 5233 tranquilla
3485 5161 3695 5221 bonitas
3724 5161 3830 5217 sub

2278 5242 2523 5299 veniendi
2560 5251 2615 5299 et
2655 5259 2686 5298 a
2736 5244 2946 5300 miseria
2994 5245 3283 5313 liberandi,
3331 5248 3630 5306 insinuatur
3666 5252 3836 5307 divinae

2277 5335 2655 5391 misericordia:
2690 5337 3088 5408 qualiscumque
3124 5338 3377 5411 cognitio.
3420 5340 3605 5403 Zelum
3649 5354 3836 5415 quoque

2279 5426 2370 5481 Dei
2412 5440 2519 5481 non
2558 5425 2896 5495 repudiemus
2923 5435 2979 5482 et
3019 5442 3401 5500 aspernantur,
3443 5448 3566 5489 ctua
3600 5418 3832 5504 scriptum

2338 5601 2358 5672 ξ
2381 5600 2454 5672 _Sic
2476 5600 2703 5672 praecipui
2725 5607 2834 5652 Mss.
2854 5607 2907 5672 _At
2931 5601 3070 5664 editi,
3087 5602 3426 5672 collustrans.

2333 5663 2366 5739 ,1
2379 5668 2440 5739 ΞΡ,
2450 5664 2801 5739 gessissem
2822 5663 2946 5739 etes
2971 5663 3113 5739 mem
3150 5666 3443 5733 "eam,
3468 5669 3832 5739 ρωιιτίραειισα

2277 5724 2487 5774 miseria:
2514 5733 2793 5786 :corrupte,
2817 5724 2885 5774 uti
2912 5724 3065 5788 liquet
3091 5740 3153 5777 ex
3174 5737 3277 5779 Mss.
