3996 6282
169 302 245 357 ill
1439 281 1641 339 LIBER
1680 279 2051 338 SECUNDUS.

163 407 423 463 invenimus
451 404 467 437 ι
510 402 647 459 :sed
677 399 977 457 auferamus
1018 397 1085 453 de
1114 396 1348 452 humano
1395 397 1510 452 zelo
1552 396 1704 466 palli-

160 502 263 557 dam
305 497 466 553 tabem
508 494 743 560 doloris,
795 500 850 547 et
904 489 1197 545 morbidam
1252 487 1700 557 perturbationem

158 590 327 653 animi;
352 593 725 654 remaneatque
769 581 895 636 illud
924 580 1095 636 solum
1119 578 1409 649 judicium,
1442 592 1548 648 quo
1577 590 1702 633 cor-

157 684 305 755 ruptio
354 678 607 735 castitatis
658 674 915 745 impunita
962 688 1083 727 esse
1129 686 1233 725 non
1261 669 1481 733 sinitur,
1534 677 1589 724 et
1617 682 1705 722 as-

156 775 389 845 surgimus
428 778 483 824 ut
535 766 854 837 incipiamus
899 765 1076 833 aliquo
1103 762 1262 817 modo
1300 775 1491 831 capere
1528 759 1701 814 zelum

156 867 250 922 Dei.

211 959 257 1010 4.
292 955 617 1023 Quapropter
645 965 762 1004 cum
784 947 1010 1017 legimus
1034 945 1195 1002 etiam
1222 944 1389 999 Deum
1411 944 1698 1007 dicentem,

157 1049 340 1104 Punitet
358 1059 462 1107 me;
499 1042 903 1097 consideremus
925 1037 1067 1109 quod
1096 1051 1217 1092 esse
1245 1037 1413 1091 soleat
1440 1035 1492 1090 in
1526 1034 1702 1089 homi-

156 1140 285 1193 nibus
308 1149 432 1205 opus
456 1131 768 1203 paenitendi.
801 1131 991 1184 Procul
1030 1127 1194 1183 dubio
1225 1126 1489 1196 reperitur
1518 1125 1703 1179 volun-

153 1238 219 1282 tas
240 1223 493 1280 mutandi’
523 1240 538 1275 :
572 1221 670 1275 sed
699 1222 751 1275 in
777 1219 996 1275 homine
1030 1232 1153 1273 cum
1183 1217 1370 1271 dolore
1396 1216 1556 1271 animi
1589 1224 1699 1281 est;

155 1314 455 1388 reprehendit
482 1314 629 1369 enim
660 1313 709 1367 in
734 1326 793 1366 se
830 1310 970 1381 quod
999 1318 1198 1364 temere
1224 1308 1443 1364 fecerat.
1477 1306 1701 1360 Aufera-

154 1424 251 1463 mns
272 1422 389 1476 ergo
408 1407 529 1471 ista,
550 1420 673 1473 quae
693 1402 763 1459 de
786 1402 1016 1459 humana
1040 1399 1347 1455 infirmitate
1370 1409 1525 1468 atque
1555 1399 1703 1467 igno-

154 1500 295 1554 rantia
320 1498 549 1561 veniunt,
582 1503 640 1549 et
665 1503 938 1549 remaneat
964 1492 1137 1547 solum
1159 1491 1295 1547 velle
1320 1499 1378 1545 ut
1401 1506 1507 1544 non
1534 1490 1606 1544 ita
1633 1489 1701 1543 sit

155 1588 337 1658 aliquid,
364 1584 816 1657 quemadmodum
857 1592 972 1639 erat
1002 1583 1115 1638 :sie
1155 1590 1331 1652 potest
1371 1581 1701 1650 aliquantum

158 1680 351 1735 intimari
386 1679 550 1734 menti
588 1688 808 1742 nostras,
838 1691 939 1747 qua
985 1675 1167 1746 regula
1211 1674 1534 1743 intelligatur
1558 1671 1700 1743 quod

157 1774 343 1843 pmnitet
372 1773 554 1825 Deum.
582 1768 718 1824 Cum
756 1770 898 1823 enim
928 1768 1187 1838 pmnitere
1216 1767 1429 1834 dicitur,
1459 1766 1569 1820 vult
1597 1780 1701 1820 non

156 1880 255 1920 esse
274 1862 476 1932 aliquid,
506 1862 645 1917 sicut
673 1860 873 1915 fecerat
892 1869 949 1913 ut
968 1868 1111 1914 esset
1138 1875 1151 1911 ε
1177 1857 1272 1913 sed
1299 1866 1476 1911 tamen
1502 1864 1701 1910 etcum

159 1956 214 2009 ita
232 1962 373 2018 esset,
404 1953 469 2006 ita
497 1966 619 2007 esse
650 1950 914 2016 debebat;
954 1957 1009 2003 et
1035 1964 1156 2004 cum
1202 1948 1273 2001 ita
1312 1962 1433 2001 esse
1456 1946 1565 2015 jam
1595 1960 1700 1999 non

160 2048 331 2108 sinitur,
358 2045 460 2115 jam
487 2058 592 2098 non
620 2042 784 2098 debet
826 2042 897 2096 ita
940 2054 1078 2107 esse,
1109 2048 1366 2110 perpetuo
1392 2037 1619 2108 quodam
1649 2044 1704 2093 et

162 2136 403 2205 tranquillo
429 2134 699 2204 aequitatis
738 2132 960 2202 judicio,
1003 2146 1109 2201 quo
1140 2130 1281 2185 Deus
1308 2135 1498 2183 cuncta
1527 2136 1702 2181 muta-

162 2225 261 2281 bilia
285 2224 694 2280 incommutabili
724 2223 995 2279 voluntate
1023 2220 1277 2291 diSponit.

219 2316 263 2371 5.
298 2315 390 2371 Sed
427 2315 682 2384 quoniam
736 2312 1123 2383 praescientiam
1163 2318 1218 2365 et
1259 2309 1533 2365 scientiam
1578 2323 1699 2364 cum

166 2404 290 2461 laude
335 2406 558 2460 solemus
626 2404 685 2458 in
747 2402 1050 2458 hominibus
1106 2400 1411 2470 appellare,
1466 2400 1704 2469 iramque

172 2497 302 2565 ipsam
325 2498 447 2552 solet
478 2497 778 2551 humanum
808 2508 978 2565 genus
1017 2493 1071 2547 in
1113 2491 1318 2563 magnis
1350 2490 1703 2562 potestatibus

174 2589 347 2642 timere'
374 2590 541 2659 potius
564 2602 732 2657 quam
766 2583 1180 2655 reprehendere,
1225 2588 1585 2650 congruenter
1610 2595 1705 2649 pu-

181 2686 313 2731 tamus
328 2680 425 2732 talia
450 2678 555 2732 dici
580 2678 654 2733 dc
682 2677 810 2732 Deo.
835 2676 935 2742 Qui
957 2684 1136 2729 autem
1162 2674 1317 2737 zelat,
1346 2682 1399 2727 et
1420 2687 1578 2742 quem
1603 2671 1701 2725 ali-

182 2768 277 2837 quid
300 2771 503 2838 ptmitet,
545 2769 804 2839 quoniam
850 2768 932 2821 vel
968 2766 1172 2836 culpari
1220 2765 1380 2830 solet,
1411 2763 1503 2817 vel
1552 2765 1604 2817 in
1644 2779 1703 2818 sc

181 2859 340 2927 culpam
380 2860 672 2929 corrigere,
721 2866 884 2927 atque
940 2856 1059 2911 ideo
1106 2871 1231 2911 cum
1284 2853 1703 2924 reprehensione

177 2948 249 3002 ista
276 2950 331 3004 de
364 2950 667 3005 hominibus
694 2949 831 3014 dici;
860 2956 1144 3018 prapterea
1178 2956 1376 3012 movet,
1408 2960 1529 3000 cum
1571 2945 1705 3015 legi-

175 3035 269 3093 mus'
281 3056 381 3095 esse
405 3043 601 3111 aliquid
632 3042 690 3094 in
722 3041 831 3094 Deo
859 3040 1142 3109 ejusmodi.
1171 3038 1279 3095 Sed
1310 3038 1402 3092 illa
1432 3037 1704 3106 Scriptura

170 3132 371 3186 omnibus
387 3134 693 3197 consulens,
729 3140 1005 3201 prepterea
1035 3131 1203 3200 magis
1228 3138 1280 3184 et
1309 3130 1408 3184 ista
1434 3130 1605 3200 ponit,
1640 3143 1706 3183 ue

169 3220 239 3275 illa
263 3238 363 3290 qua:
402 3225 610 3292 placent
655 3221 735 3276 sic
763 3222 1125 3291 intelligantur
1163 3220 1216 3274 in
1260 3221 1393 3287 Deo,
1437 3218 1706 3290 quomodo

169 3323 511 3369 consueverunt
546 3316 601 3369 in
635 3313 940 3368 hominibus
987 3312 1230 3382 intelligi.
1274 3312 1377 3365 Per
1416 3312 1534 3365 haec
1564 3311 1704 3366 enim

169 3419 262 3471 qua:
281 3405 561 3474 diSplicent,
585 3420 710 3460 cum
733 3419 796 3459 ea
824 3419 928 3459 non
950 3402 1208 3458 audemus
1236 3402 1314 3457 sic
1334 3402 1631 3469 intelligere
1654 3402 1705 3456 in

171 3494 275 3560 Deo,
308 3504 357 3549 ut
399 3496 747 3552 inveniuntur
786 3493 839 3548 in
869 3493 1107 3559 homine,
1137 3492 1392 3546 discimus
1429 3491 1587 3546 etiam
1617 3491 1707 3545 illa

172 3583 232 3637 sic
255 3601 492 3653 qumrere,
520 3601 644 3656 qua:
674 3595 797 3654 apta
826 3597 945 3649 esse
978 3590 1139 3652 atque
1164 3581 1532 3636 convenientia
1561 3589 1711 3650 puta-

171 3671 341 3731 bamus.
365 3674 489 3731 Nam
514 3676 557 3731 si
583 3684 867 3744 propterea
891 3687 996 3737 non
1022 3682 1105 3727 est
1132 3671 1264 3726 illud
1289 3671 1358 3726 de
1390 3671 1499 3725 Deo
1526 3670 1710 3725 dicen—

171 3758 290 3826 dum,
313 3763 425 3833 quia
455 3765 505 3819 in
543 3765 764 3819 homine
786 3763 1063 3832 displicet;
1097 3776 1203 3817 non
1237 3761 1477 3816 dicamus
1502 3762 1707 3815 incom-

172 3854 432 3908 mutabilem
459 3856 647 3921 Deum,
678 3854 800 3925 quia
823 3854 891 3909 de
931 3852 1234 3907 [nominibus
1258 3866 1380 3907 cum
1416 3852 1710 3921 repreheno

173 3942 295 3997 sione
335 3943 518 3999 dictum
580 3953 703 4008 est,
753 3940 874 3997 Non
918 3943 1052 3999 enim
1109 3950 1182 3996 est
1231 3942 1334 3997 illis
1389 3942 1711 3996 commutatio

176 4030 314 4101 (Ptol.
348 4036 580 4107 uv,20).
631 4035 762 4090 Item
800 4042 924 4089 sunt
970 4033 1211 4103 quaedam
1238 4048 1358 4103 quae
1401 4034 1455 4088 in
1496 4033 1713 4089 homine

177 4121 413 4191 laudabilia
454 4138 598 4195 sunt,
655 4128 709 4183 in
745 4127 854 4185 Deo
904 4132 1082 4182 autem
1132 4140 1251 4182 esse
1296 4141 1403 4182 non
1443 4136 1662 4196 possunt
1696 4146 1708 4181 :

177 4215 287 4271 sicut
320 4220 494 4288 pudor,
540 4218 686 4291 quod
726 4226 944 4279 :etatum
988 4216 1301 4273 viridiorum
1338 4232 1586 4287 magnum
1630 4225 1715 4273 est

178 4316 500 4373 ornamentum
529 4328 543 4363 :
576 4310 717 4364 sicut
751 4308 907 4371 timor
935 4307 1051 4373 Dei,
1092 4322 1198 4369 non
1236 4308 1376 4362 enim
1423 4315 1622 4367 tantum
1661 4308 1711 4362 in

180 4398 406 4454 veteribus
437 4401 607 4456 Libris
633 4398 895 4465 laudatur,
924 4398 1018 4454 sed
1060 4398 1348 4470 Apostolus
1375 4397 1533 4459 etiam
1562 4398 1707 4463 dicit,

184 4479 463 4555 Paﬁcierttes
494 4490 940 4558 sanctiﬁcationem
973 4489 1026 4543 in
1050 4489 1227 4544 timore
1256 4487 1351 4544 Dei
1376 4487 1442 4560 (ll
1469 4488 1585 4542 Cor.
1617 4505 1710 4555 vn,

186 4572 353 4647 inqui
374 4580 545 4650 utique
576 4582 632 4645 in
662 4581 770 4637 Deo
808 4579 983 4634 nullus
1019 4586 1121 4634 est.
1150 4578 1300 4634 Sicut
1325 4592 1451 4648 ergo
1470 4578 1711 4648 quaedam

189 4663 427 4724 laudabilia
467 4672 742 4726 hominum
778 4685 883 4725 non
926 4678 1073 4735 recte
1100 4669 1345 4727 dicuntur
1380 4670 1432 4723 in
1462 4670 1608 4735 Deo;
1638 4670 1714 4725 sic

160 4759 385 4824 'qudam
424 4763 700 4833 culpabilia
741 4762 1014 4816 hominum
1060 4770 1204 4815 recte
1251 4760 1617 4830 intelliguntur
1660 4776 1713 4815 ιιι

192 4844 279 4903 Deo
302 4868 313 4903 :
337 4868 431 4907 non
457 4855 523 4909 ita
554 4863 614 4909 ut
642 4855 691 4908 in
720 4852 1043 4917 hominibus,
1075 4851 1170 4907 sed
1192 4852 1459 4906 vocabulis
1489 4860 1716 4906 tantum-

193 4938 323 4991 modo
342 4944 717 5011 communibus,
745 4943 899 5012 longe
936 4943 1035 4995 alia
1060 4943 1268 5007 ratione
1297 4951 1351 4996 ct
1379 4942 1555 4996 modo.
1584 4942 1713 4995 Nam

194 5028 320 5091 ραυιο
345 5043 453 5099 post
471 5034 604 5097 idem
636 5033 872 5098 Samuel,
903 5034 986 5087 cui
1013 5032 1219 5086 dixerat
1240 5032 1514 5098 Dominus,
1546 5031 1719 5089 Paeni-

195 5124 253 5169 tet
279 5128 481 5193 mequod
507 5127 844 5185 constituerim
868 5140 1033 5196 regem
1074 5124 1223 5191 Sunii,
1252 5124 1350 5195 ipsi
1376 5124 1520 5181 Sauli
1551 5126 1623 5179 ait
1653 5126 1718 5180 de

198 5203 304 5281 Deo,
349 5211 577 5277 Quoniam
617 5233 717 5271 non
756 5224 830 5269 est
872 5216 998 5269 sicut
1027 5214 1196 5281 homo,
1245 5224 1298 5267 ut
1333 5216 1563 5283 paznitcat
1606 5232 1718 5269 eum

201 5296 364 5374 (18⁸9.
390 5321 471 5377 xv,
506 5308 598 5381 29)
638 5326 651 5361 :
682 5308 772 5377 ubi
816 5306 1065 5371 videlicet
1102 5308 1231 5365 satis
1273 5306 1505 5362 ostendit
1558 5308 1716 5362 etiam

250 5430 1348 5506 {ge_n-.etm_si_rtxtss.att.ov.,invmiqmtls-
1461 5499 1473 5506 ,
1570 5497 1631 5506 ..

254 5492 388 5545 ‘Editi
416 5513 432 5561 ξ
460 5502 817 5552 considerantis
832 5498 974 5561 ~quid
1001 5492 1115 5561 fesse
1144 5496 1308 5561 solem.
1357 5506 1410 5561 In
1452 5497 1718 5561 hominibus

207 5561 298 5660 ginis
323 5558 554 5664 gemendi
576 5568 663 5618 est,
689 5572 795 5607 cum
844 5555 1010 5618 procul
1046 5555 1190 5610 dubio
1228 5558 1465 5621 reperitur
1510 5559 1720 5609 t'olmtlts

246 5626 268 5657 li
287 5629 334 5661 tm
367 5632 396 5664 1.

246 5626 396 5666 διισιιιαι.

258 5677 275 5704 ⁸
292 5682 396 5739 Νη
417 5683 627 5730 tranare.

3294 292 3396 346 ΗΞ

1812 409 1932 448 cum
1964 395 2102 447 Deus
2130 393 2276 463 dicit,
2315 395 2523 451 Pazm'tet
2562 416 2673 466 me;
2717 414 2820 457 non
2853 402 3086 462 humano
3124 421 3274 465 more
3298 424 3393 464 ac;

1806 486 2108 555 cipieudum
2148 503 2284 553 esse,
2319 491 2457 546 sicut
2492 492 2601 561 jam
2631 503 2885 563 quantum
2913 497 3177 556 valuimus
3204 500 3392 572 dispu-

1808 580 2054 634 tavimus.

1806 668 2021 739 Qus-251'.
2063 671 2148 726 ΙΙΙ.
2186 703 2257 714 -
2284 673 2495 730 Samuel
2529 692 2618 746 per
2653 678 2995 748 pytltonissam
3027 684 3222 737 evocari
3256 700 3388 753 quo-

1880 762 2028 816 modo
2066 764 2300 833 potuerit.
2339 764 2591 819 Samuelis
2630 766 2758 835 forte
2799 768 3099 837 phantasma
3124 772 3241 842 fuit,
3286 790 3383 826 mm

1872 852 2102 923 spiritus.
2128 852 2393 909 Da’ntones
2412 855 2663 924 quomodo
2694 858 2862 911 norint
2890 859 3089 928 futura.

1877 943 1931 998 1.
1971 942 2101 998 Item
2132 946 2327 1014 quaeris
2367 954 2544 1001 utrum
2573 947 2794 1018 Spiritus
2819 949 3124 1008 immundus
3156 952 3246 1026 qui
3276 964 3391 1009 erat

1806 1034 1861 1090 in
1887 1034 2218 1108 pythonissa,
2249 1040 2476 1106 potuerit
2500 1054 2658 1111 agere
2685 1049 2741 1096 ut
2761 1040 2975 1099 Samuel
3004 1059 3035 1099 a
3059 1044 3220 1101 Saﬁle
3244 1046 3391 1102 vide-

1805 1134 1953 1180 retur
1988 1136 2041 1182 et
2062 1127 2365 1197 loqueretur
2381 1144 2500 1184 cum
2528 1145 2595 1186 eo
2623 1131 2666 1203 (ἰ
2688 1130 2815 1203 Reg.
2850 1150 3034 1203 xxvm,
3063 1135 3247 1207 7-19).
3278 1136 3386 1192 Sed

1807 1216 1974 1270 multo
1998 1216 2217 1286 majoris
2236 1218 2480 1273 miraculi
2500 1228 2583 1275 est
2609 1220 2748 1290 quod
2771 1223 2883 1292 ipse
2909 1232 3120 1280 satanas
3138 1225 3389 1297 princeps

1805 1306 2042 1361 omnium
2089 1308 2484 1363 immundorum
2529 1310 2812 1381 spirituum
2855 1314 3026 1385 potuit
3073 1314 3217 1387 loqui
3264 1332 3387 1372 cum

1805 1397 1936 1465 Deo,
1994 1406 2048 1453 et
2087 1407 2269 1470 petere
2322 1400 2629 1457 tentandum
2673 1403 2776 1459 Job
2807 1394 3164 1474 justissim‘hm
3214 1406 3389 1462 virum

1809 1486 1947 1557 (Job.
1992 1506 2030 1556 ι,
2068 1489 2315 1564 ii):qui
2367 1493 2525 1548 etiam
2573 1495 2856 1551 tentandos
2908 1498 3195 1569 Apostolos
3240 1500 3393 1570 petiit

1806 1579 1955 1653 (Luc.
1987 1597 2116 1649 χχιι,
2144 1582 2256 1655 5i).
2288 1584 2395 1639 Aut
2422 1585 2467 1639 si
2489 1584 2594 1643 hoc
2633 1602 2740 1642 non
2775 1587 2896 1644 ideo
2931 1588 3092 1647 habet
3116 1590 3388 1648 difficilem

1804 1674 2174 1742 quaestionem,
2205 1676 2325 1746 quia
2364 1692 2460 1746 per
2485 1693 2644 1749 quam
2683 1679 2913 1736 voluerit
2952 1689 3276 1752 creaturam,
3300 1685 3389 1743 cui

1803 1762 2031 1818 voluerit
2064 1773 2344 1832 creaturaz,
2376 1767 2569 1837 ubique
2610 1783 2850 1838 praesens
2888 1771 3089 1827 veritas
3128 1772 3387 1845 loquitur,

1806 1867 1905 1908 nec
1944 1862 2226 1926 propterea
2268 1856 2445 1927 magni
2478 1858 2654 1913 meriti
2698 1868 2784 1915 est
2811 1860 2896 1915 cui
2936 1860 3175 1933 loquitur
3206 1864 3387 1920 Deus:

1806 1943 2029 2000 interest
2064 1946 2210 2002 enim
2239 1947 2365 2017 quid
2396 1948 2675 2018 loquatur;
2697 1951 2820 2021 quia
2847 1961 2898 2007 et
2930 1951 3222 2023 imperator
3253 1956 3393 2011 mul-

1808 2034 1874 2089 tis
1894 2035 2265 2092 innocentibus
2293 2052 2401 2093 non
2427 2039 2683 2110 loquitur,
2710 2041 2904 2111 quibus
2927 2043 3394 2113 providentissime

1805 2125 2036 2180 consulit
2056 2126 2122 2181 ad
2150 2127 2413 2193 salutem;
2440 2137 2497 2183 et
2523 2143 2644 2184 cum
2674 2132 2854 2186 multis
2881 2134 3198 2190 nocentibus
3219 2135 3395 2207 loqui-

1807 2224 1912 2284 tur,
1941 2230 2073 2287 quos
2096 2216 2249 2288 jubet
2273 2218 2501 2274 interfici
2531 2221 2614 2275 :si
2640 2236 2768 2293 ergo
2789 2222 2914 2279 hinc
2942 2234 3221 2296 propterea
3246 2228 3392 2283 nulla

1806 2306 2030 2374 quaestio
2072 2316 2183 2373 est;
2220 2309 2364 2364 nulla
2411 2310 2481 2365 sit
2516 2313 2744 2381 quaestio
2780 2315 3051 2384 quomodo
3090 2317 3252 2373 etiam
3293 2319 3395 2374 im-

1806 2394 2037 2451 mundus
2064 2396 2283 2466 Spiritus
2308 2413 2429 2455 cum
2445 2400 2620 2455 anima
2642 2403 2810 2458 sancti
2835 2404 2935 2459 viri
2959 2405 3104 2476 loqui
3137 2408 3393 2477 potuerit.

1807 2486 2068 2543 Omnibus
2102 2489 2247 2545 enim
2280 2492 2479 2547 sanctis
2522 2493 2664 2548 Deus
2706 2504 2919 2551 creator
2959 2506 3013 2553 et
3038 2498 3398 2557 sanctificator

1807 2575 1963 2647 longe
1986 2578 2170 2648 utique
2212 2580 2383 2649 major
2409 2591 2509 2636 est.
2542 2582 2694 2651 Quod
2724 2584 2768 2638 si
2797 2585 2898 2641 hoc
2935 2596 3135 2655 movet,
3161 2590 3305 2660 quod
3328 2591 3395 2647 li-

1807 2666 1979 2722 cuerit
2007 2668 2240 2738 maligno
2261 2669 2469 2738 spiritui
2496 2674 2729 2727 excitare
2754 2675 2988 2730 animam
3009 2676 3159 2746 justi,
3192 2688 3246 2733 et
3274 2688 3395 2736 tau-

1806 2771 1964 2827 quam
1995 2757 2062 2813 de
2098 2759 2292 2814 abditis
2328 2769 2657 2816 mortuorum
2705 2765 3055 2834 receptaculis
3092 2771 3394 2839 evocare‘;

1808 2860 1987 2903 nonne
2012 2848 2182 2919 magis
2222 2849 2522 2904 mirandum
2558 2863 2640 2907 est
2668 2854 2809 2921 quod
2838 2863 3051 2912 satanas
3078 2857 3253 2929 ipsum
3286 2860 3394 2916 Do-

1808 2937 2010 2992 minum
2052 2941 2339 3009 assumpsit
2364 2949 2421 2995 et
2460 2943 2735 2998 constituit
2775 2959 2941 3015 super
2965 2948 3181 3017 pinnam
3209 2952 3394 3021 templi

1811 3027 2023 3101 (Matth.
2067 3046 2153 3097 tv,
2200 3031 2297 3103 5)?
2337 3033 2584 3101 Quolibet
2620 3036 2762 3090 enim
2824 3037 2983 3094 modo
3033 3039 3256 3109 fecerit,
3303 3042 3396 3099 ille

1809 3118 1969 3174 etiam
2005 3120 2196 3176 modus
2221 3137 2329 3191 quo
2358 3123 2592 3180 Samueli
2638 3126 2831 3181 factum
2858 3136 2941 3183 est
2970 3139 3027 3184 ut
3050 3132 3396 3199 excitaretur.

1810 3211 2056 3269 similiter
2081 3214 2229 3269 latet.
2261 3215 2372 3270 Nisi
2410 3215 2545 3271 forte
2584 3218 2701 3286 quis
2737 3218 2929 3274 dixerit
2958 3220 3250 3278 faciliorem
3284 3224 3398 3279 dia-

1816 3301 1938 3359 bolo
1966 3302 2135 3361 fuisse
2164 3305 2429 3362 licentiam
2456 3307 2522 3362 ad
2545 3308 2826 3364 Dominum
2853 3311 3030 3366 vivum
3061 3313 3204 3370 unde
3233 3315 3400 3371 voluit

1811 3396 2208 3462 assumendum,
2248 3406 2303 3453 et
2341 3397 2431 3453 ubi
2465 3400 2634 3455 voluit
2660 3402 3115 3469 constituendum,
3146 3420 3304 3476 quam
3328 3408 3399 3463 ad

1809 3483 2072 3542 Samuelis
2119 3486 2351 3543 defuncti
2388 3489 2633 3559 spiritum
2674 3506 2704 3545 a
2754 3493 2864 3548 suis
2906 3494 3122 3550 sedibus
3166 3497 3401 3553 excitan-

1811 3575 1959 3632 dum.
1999 3575 2151 3645 Quod
2193 3577 2239 3632 si
2266 3577 2395 3633 illud
2437 3578 2491 3634 in
2520 3580 2813 3651 Evangelio
2856 3598 2954 3639 nos
2982 3584 3103 3641 ideo
3141 3602 3247 3642 non
3276 3603 3402 3658 per-

1766 3692 1769 3699 -
1814 3665 2009 3733 turbat,
2037 3667 2159 3737 quia
2184 3668 2441 3725 Dominus
2475 3671 2641 3725 voluit
2668 3679 2829 3742 atque
2864 3674 3106 3742 permisit
3144 3676 3286 3731 nulla
3312 3677 3396 3733 di-

1814 3757 2108 3813 minutione
2132 3772 2242 3814 sum
2268 3760 2548 3829 potestatis
2589 3769 2644 3816 et
2682 3760 2971 3818 divinitatis
3001 3764 3053 3821 id
3081 3765 3231 3833 ﬁeri;
3260 3767 3403 3823 sicut

1814 3848 1882 3903 ah
1907 3848 2035 3920 ipsis
2061 3847 2281 3915 ludatis,
2299 3864 2601 3921 quanquam
2626 3853 2899 3923 perversis
2927 3862 3085 3925 atque
3113 3856 3401 3914 immundis

1815 3952 1869 3999 et
1890 3942 2025 4003 facta
2055 3943 2251 4000 diaboli
2276 3943 2614 4012 facientibus,
2637 3954 2692 4000 et
2721 3944 2892 4002 teneri
2919 3961 2998 4013 se,
3030 3958 3085 4004 et
3109 3949 3318 4018 vinciri,
3346 3964 3402 4007 et

1815 4032 1984 4101 illudi,
2015 4042 2071 4089 et
2095 4033 2331 4105 crucifigi
2365 4043 2525 4105 atque
2564 4035 2789 4091 interfici
2821 4051 3010 4106 passus
3033 4048 3115 4094 est
3142 4053 3159 4095 :
3185 4056 3292 4095 non
3317 4051 3401 4096 est

1815 4122 2102 4178 absurdum
2119 4124 2340 4179 credere
2363 4140 2429 4179 ex
2457 4125 2635 4195 aliqua
2659 4124 3062 4195 dispensatione
3089 4128 3283 4185 divinae
3306 4146 3401 4185 vo-

1817 4215 2032 4271 luntatis
2062 4216 2379 4286 permissum
2419 4214 2605 4284 fuisse,
2635 4225 2697 4272 ut
2724 4232 2833 4272 non
2871 4217 3070 4275 invitus
3094 4235 3196 4277 nec
3224 4220 3400 4277 domi-

1816 4313 1977 4361 nante
2011 4315 2171 4377 atque
2212 4306 2528 4378 subjugante
2566 4307 2769 4379 magica
2790 4309 3055 4379 potentia,
3086 4310 3183 4367 sed
3214 4312 3399 4368 volens

1815 4405 1977 4467 atque
2000 4397 2375 4467 obtemperans
2400 4398 2625 4454 occulta:
2646 4398 3033 4470 dispensationi
3054 4402 3171 4468 Dei,
3199 4419 3319 4475 qua:
3346 4414 3401 4460 et

1818 4484 2181 4557 pythonissam
2211 4486 2356 4542 illam
2380 4497 2433 4544 et
2459 4487 2674 4545 Saftlem
2694 4489 2914 4557 latebat,
2940 4492 3270 4548 consentiret
3292 4495 3403 4564 spi-

1817 4576 1951 4633 ritus
1974 4576 2254 4646 Prophetaa
2275 4578 2448 4634 sancti
2478 4593 2537 4634 se
2561 4579 2773 4635 ostendi
2798 4581 3101 4653 aspectibus
3123 4584 3285 4654 regis,
3313 4583 3401 4640 di-

1815 4665 1939 4720 vina
1984 4681 2107 4721 eum
2142 4668 2404 4723 sententia
2454 4682 2827 4737 percussurus.
2879 4670 2987 4727 Cur
3035 4672 3180 4728 enim
3221 4673 3398 4731 anima

1818 4754 1943 4811 boni
1970 4755 2220 4825 hominis,
2249 4774 2281 4813 a
2308 4758 2463 4813 malis
2490 4758 2626 4815 vivis
2657 4769 2878 4817 evocata
2906 4761 2953 4817 si
2982 4764 3208 4833 venerit,
3236 4768 3399 4822 amit-

1819 4856 1935 4903 tere
1960 4847 2202 4903 videatur
2228 4848 2537 4919 dignitatem
2566 4865 2751 4916 suam;
2796 4867 2918 4908 cum
2944 4861 2998 4910 et
3023 4855 3128 4911 vivi
3168 4858 3400 4927 plerum-

1821 4954 1925 5010 que
1948 4939 2073 4994 boni
2109 4941 2279 4995 vocati
2308 4940 2373 4994 ad
2406 4940 2574 4995 malos
2597 4942 2832 5012 veniant,
2879 4953 2934 5001 et
2965 4955 3125 5016 agant
3162 4963 3282 5004 cum
3322 4954 3401 5005 eis

1820 5030 1962 5099 quod
1991 5028 2224 5084 ofﬁcium
2253 5031 2486 5099 postulat
2523 5034 2809 5102 azquitatis,
2853 5045 3067 5093 servato
3108 5046 3271 5110 atque
3314 5042 3400 5096 in-

1822 5134 2080 5173 concusso
2117 5118 2312 5175 decore
2347 5121 2553 5177 virtutis
2595 5138 2727 5191 suae,
2772 5134 2826 5181 et
2867 5128 3077 5183 illorum
3124 5130 3267 5186 vitiis
3306 5149 3402 5202 pro

1824 5224 2000 5264 rerum
2029 5211 2363 5277 praesentium
2381 5212 2465 5267 vel
2492 5229 2589 5268 usu
2610 5216 2693 5270 vel
2715 5220 3033 5276 necessitate
3061 5223 3332 5277 tractatis?

1892 5300 1950 5355 2.
1988 5300 2295 5372 Quanquam
2324 5301 2375 5356 in
2405 5304 2504 5359 hoc
2526 5305 2660 5358 facto
2691 5314 2867 5376 potest
2894 5322 3015 5364 esse
3038 5311 3176 5367 alius
3194 5310 3403 5368 facilior

1824 5392 1995 5447 exitus
2019 5401 2071 5446 et
2097 5392 2395 5462 expeditior
2426 5394 2749 5465 intellectus,
2790 5408 2849 5463 ut
2873 5416 2979 5461 non
3000 5417 3126 5463 vere
3153 5403 3395 5472 spiritum

1824 5483 2084 5539 Samuelis
2107 5486 2394 5541 excitatum
2432 5502 2463 5542 a
2505 5490 2687 5560 requie
2729 5506 2823 5546 sua
2846 5493 3149 5562 credamus,
3177 5494 3271 5551 sed
3299 5495 3401 5555 ali-

2100 5640 2338 5692 reuocare.
2377 5638 2429 5685 At
2466 5641 2592 5696 ιω..
2616 5645 2813 5691 mare
2848 5644 2869 5685 :
2907 5641 2959 5687 et
2989 5636 3060 5688 sic
3096 5638 3146 5691 in
3184 5634 3308 5695 libro
3341 5642 3404 5694 ad
