3996 6282
564 342 668 403 MK

561 455 704 528 quod
739 454 1071 527 phantasma,
1121 462 1176 508 et
1215 450 1579 521 imaginariam
1625 446 1925 501 illusionem
1953 437 2151 497 diaboli

561 543 1045 602 machinationibus
1086 542 1299 608 factam,
1354 554 1511 610 quam
1556 545 1838 608 propterea
1880 531 2151 600 Scriptum

564 635 779 690 nomine
817 632 1080 689 Samuelis
1117 632 1372 703 appellat,
1409 630 1532 700 quia
1571 628 1747 684 solent
1784 625 2041 695 imagines
2066 635 2152 676 re-

562 743 680 783 rum
727 741 910 782 carum
955 724 1258 780 nominibus
1300 720 1578 792 appellari,
1623 733 1845 790 quarum
1893 713 2150 785 imagines

561 829 707 875 sunt.
737 818 884 875 Sicut
917 818 1095 873 omnia
1121 832 1240 887 qua:
1271 816 1558 886 pinguntur
1597 821 1757 881 atque
1784 809 2054 879 fmguntur
2082 821 2148 860 ex

492 949 499 955 ι
561 911 738 982 aliqua
783 909 1006 964 materie
1049 907 1247 961 metalli
1288 914 1382 960 aut
1418 903 1566 975 ligni,
1608 903 1689 957 vel
1729 899 1987 970 cujusque
2030 895 2147 951 ‘rei

561 1010 700 1071 apta:
727 1001 793 1056 ad
825 1015 987 1070 Opera
1017 996 1338 1067 hujusmodi,
1368 1008 1592 1065 qua-que
1628 992 1791 1048 etiam
1826 990 2069 1043 videntur
2096 987 2148 1040 in

560 1092 786 1157 somnis,
814 1098 874 1145 et
894 1103 1097 1144 omnes
1128 1090 1238 1142 fere
1260 1086 1548 1157 imagines,
1580 1098 1764 1139 earum
1808 1095 1984 1136 rerum
2013 1093 2147 1148 qua-

560 1198 679 1237 rum
709 1166 963 1251 imagines
993 1188 1136 1245 sunt,
1163 1177 1418 1248 appellari
1452 1174 1756 1231 nominibus
1784 1173 1980 1228 solent.
2017 1170 2148 1238 Quis

558 1282 643 1330 est
671 1273 811 1329 enim
837 1271 925 1342 qni
966 1269 1238 1325 hominem
1287 1269 1485 1339 pictum
1514 1266 1720 1322 dubitet
1756 1277 1945 1318 voeare
1978 1259 2148 1314 homi-

559 1364 723 1419 nem?
762 1360 1203 1431 Quandoquidem
1249 1370 1303 1415 et
1343 1357 1673 1429 singulorum
1717 1367 2045 1424 quorumque
2071 1350 2149 1420 pi-

556 1466 763 1511 cturam
799 1470 921 1510 cum
968 1453 1276 1523 aspicimus,
1315 1450 1532 1521 propria
1575 1460 1788 1518 quoque
1825 1443 2039 1499 nomina
2069 1441 2151 1496 in-

562 1544 1250 1604 cunctanteradbibemus:
1284 1542 1430 1596 velut
1462 1556 1584 1596 cum
1622 1539 1890 1593 intuentes
1916 1533 2147 1589 tabulam

556 1648 649 1695 aut
671 1638 946 1709 parietem,
977 1635 1228 1701 dicimus,
1260 1632 1353 1688 llie
1378 1630 1568 1687 Cicero
1594 1638 1695 1695 est,
1727 1627 1817 1683 ille
1845 1623 2146 1690 Sallustius,

558 1731 648 1785 ille
691 1727 951 1792 Achilles,
1010 1725 1101 1779 ille
1146 1724 1364 1788 flector,
1413 1722 1515 1775 hoc
1559 1719 1755 1773 flumen
1800 1714 2017 1780 Simois,
2058 1712 2150 1767 illa

557 1823 757 1890 Roma;
808 1835 930 1875 cum
969 1817 1110 1872 aliud
1145 1816 1277 1870 nihil
1318 1814 1425 1869 sint
1460 1828 1616 1883 quam
1664 1811 1820 1881 picta:
1868 1807 2147 1878 imagines.

558 1914 713 1971 Unde
754 1894 1045 1969 Cberubim
1086 1926 1206 1966 cum
1248 1909 1355 1963 sint
1387 1908 1637 1961 caelestes
1677 1911 1982 1974 potestates,
2027 1900 2151 1955 ficta

560 2018 737 2061 tamen
766 2007 786 2035 ’
824 2020 887 2060 ex
921 2002 1157 2067 metallo,
1189 2000 1331 2070 quod
1362 1997 1641 2068 imperavit
1672 1996 1834 2062 Deus,
1874 2009 2036 2064 super
2060 2008 2148 2047 ar-

560 2114 679 2153 cam
709 2096 1055 2170 Testamcnti,
1086 2109 1290 2163 magna:
1327 2091 1406 2145 rei
1438 2087 1799 2160 signiﬁcanda:
1826 2086 2013 2158 gratia,
2042 2097 2149 2138 non

561 2188 707 2243 aliud
737 2202 895 2258 quam
932 2185 1223 2240 Cherubin)
1261 2183 1347 2236 illa
1386 2196 1598 2252 quoque
1633 2178 1882 2249 figmenta
1910 2176 2147 2231 vocitan-

562 2290 649 2335 tur
686 2278 881 2352 (Exod.
910 2292 1044 2343 xxv,
1080 2276 1193 2347 18).
1237 2275 1366 2329 Item
1407 2272 1647 2343 quisquis
1688 2269 1833 2324 videt
1860 2266 2147 2331 somnium,

562 2388 670 2426 non
700 2371 850 2434 dicit,
886 2368 1002 2423 Vidi
1033 2368 1314 2437 imaginem
1357 2363 1636 2434 Augustini
1672 2370 1762 2416 aut
1788 2357 2147 2430 Simplicium;

562 2462 678 2529 sed,
730 2461 850 2516 V’idi
896 2460 1249 2531 Augustinum
1300 2464 1394 2511 aut
1436 2455 1840 2527 Simplicianum
1870 2470 1883 2506 :
1913 2467 2034 2507 cum
2085 2466 2150 2506 eo

565 2565 806 2624 tempore
847 2552 989 2622 quod
1037 2551 1142 2605 tale
1179 2549 1377 2620 aliquid
1408 2550 1556 2614 vidit,
1603 2562 1701 2602 nos
1745 2547 2110 2617 ignoraremus
2126 2561 2148 2610 .;

562 2660 730 2715 usque
754 2645 889 2701 adeo
931 2641 1273 2698 manifestum
1303 2650 1409 2707 εει,
1452 2655 1558 2694 non
1586 2640 1730 2710 ipsos
1757 2637 2023 2701 homines,
2055 2635 2151 2690 sed

562 2735 823 2806 imagines
843 2748 1031 2789 eorum
1063 2732 1249 2787 iideri.
1286 2732 1349 2785 Et
1387 2729 1595 2785 Pharao
1623 2729 1796 2799 Spicas
1825 2744 1883 2783 se
1913 2727 2045 2782 dixit
2074 2726 2153 2781 vi-

562 2828 704 2883 disse
730 2828 781 2881 iu
813 2826 1016 2881 somnis
1042 2832 1096 2879 et
1117 2825 1280 2880 boves
1302 2822 1453 2896 (Gen.
1479 2838 1586 2885 xu,
1614 2819 1821 2891 17-28),
1848 2836 1952 2874 non
1975 2818 2151 2889 spica-

563 2932 681 2972 rum
727 2925 820 2971 aut
860 2916 1018 2970 boum
1068 2915 1347 2985 imagines.
1397 2911 1453 2968 Si
1502 2912 1659 2982 igitur
1702 2911 1903 2980 liquido
1944 2915 2155 2963 constat

563 3006 871 3062 nominibus
899 3021 1083 3061 earum
1115 3019 1292 3059 rerum
1322 3018 1544 3073 quarum
1574 3001 1830 3071 imagines
1862 3008 2003 3063 sunt,
2032 3012 2151 3054 eas-

564 3097 689 3153 dem
729 3095 987 3166 imagines
1015 3094 1309 3164 appellari;
1353 3107 1461 3147 non
1501 3090 1692 3146 mirum
1723 3088 1974 3159 estquod
2010 3087 2154 3143 Scri-

566 3197 721 3260 ptura
742 3187 872 3244 dicit
899 3186 1205 3243 Samuelem
1236 3185 1426 3250 visum,
1456 3181 1662 3238 etiamsi
1688 3179 1827 3235 forte
1852 3180 2027 3250 imago
2054 3177 2152 3234 Sa-

565 3283 758 3339 muelis
792 3281 1057 3352 apparuit,
1086 3278 1515 3333 machinamento
1548 3274 1664 3345 ejus
1691 3273 1780 3344 qui
1821 3271 2158 3342 transfigurat

568 3390 626 3430 se
648 3374 790 3429 velut
812 3372 1065 3442 angelum
1092 3370 1245 3434 lucis,
1284 3378 1341 3424 et
1382 3367 1654 3422 ministros
1684 3378 1810 3420 suos
1824 3363 1975 3420 velut
2003 3363 2159 3418 iniui-

570 3477 714 3523 stros
728 3464 950 3535 justitia:
976 3462 1045 3531 (ll
1067 3460 1184 3517 Cor.
1214 3477 1288 3527 ιι,
1315 3459 1402 3525 Η,
1437 3458 1547 3528 15).

640 3559 694 3612 5.
737 3556 986 3615 Jamvero
1018 3553 1062 3608 si
1090 3551 1221 3607 illud
1263 3558 1464 3613 movet,
1492 3547 1760 3619 quomodo
1789 3554 1844 3603 et
1871 3561 1899 3601 a
1928 3545 2160 3616 maligno

571 3651 762 3720 spiritu
788 3646 935 3704 Sauli
963 3660 1093 3701 vera
1113 3642 1373 3715 praedicta
1403 3648 1556 3705 sunt;
1599 3646 1778 3709 potest
1802 3648 1861 3693 et
1892 3636 2020 3692 illud
2056 3636 2159 3691 mi-

573 3758 692 3800 rum
715 3739 904 3807 videri,
932 3736 1201 3809 quomodo
1226 3735 1500 3791 daemones
1541 3732 1856 3803 agnoverint
1890 3730 2160 3785 Christum

575 3834 788 3905 (Matth.
813 3847 907 3888 vni
926 3873 943 3898 ,
972 3830 1089 3900 29),
1121 3844 1280 3900 quem
1301 3825 1471 3883 ,ιιιόωί
1492 3841 1597 3881 non
1622 3823 1996 3895 agnoscebant.
2028 3821 2162 3878 Cum

576 3925 721 3980 enim
748 3924 865 3977 vult
899 3921 1040 3975 Deus
1064 3920 1226 3974 etiam
1252 3932 1352 3988 per
1390 3916 1602 3971 infimos
1641 3913 1983 3984 infernosque
2009 3913 2166 3983 spiri-

577 4028 664 4071 tus
704 4013 935 4082 aliquem
979 4026 1103 4065 vera
1151 4022 1499 4079 cegnoscere,
1547 4005 1856 4075 temporalia
1910 4005 2167 4060 duntaxat

577 4114 738 4177 atque
763 4104 831 4160 ad
859 4104 1017 4159 istam
1042 4099 1415 4156 mortalitatem
1447 4098 1783 4167 pertinentia,
1808 4096 1958 4151 facile
1982 4104 2083 4160 est,
2110 4102 2168 4150 et

578 4212 686 4254 non
724 4197 1096 4265 incongruum,
1132 4200 1189 4246 ut
1215 4190 1552 4260 omnipotens
1581 4196 1636 4243 et
1666 4187 1843 4257 justus
1877 4185 1944 4241 ad
1976 4199 2185 4241 eorum.

580 4301 817 4356 pinnam,
847 4284 1039 4354 quibus
1065 4282 1166 4338 ista
1192 4279 1581 4350 prmdicuntnr,
1614 4286 1673 4331 ut
1702 4277 1896 4332 malum
1923 4274 2063 4345 quod
2089 4274 2168 4330 eis

581 4375 878 4451 impendet,
917 4384 1204 4443 antequam
1234 4371 1412 4426 veniat
1455 4368 1836 4439 praznoscendo
1879 4367 2164 4438 patiantur,

582 4469 796 4527 ecculm
824 4473 1082 4536 apparatu
1111 4463 1526 4518 ministeriorum
1549 4461 1570 4492 ³
1595 4477 1811 4517 suorum
1853 4461 2012 4516 etiam
2055 4460 2167 4527 spi-

585 4562 775 4618 ritibus
798 4558 992 4619 talibus
1020 4553 1222 4625 aliquid
1251 4553 1589 4608 divinationis
1617 4553 1904 4623 impertiat,
1936 4560 1995 4605 ut
2028 4549 2169 4620 quod

586 4651 812 4707 audiunt
833 4649 901 4704 ab
926 4646 1161 4717 Angelis,
1195 4646 1546 4715 praenuntient
1583 4644 1908 4700 hominibus.
1941 4643 2168 4697 Tantum

586 4751 766 4798 autem
794 4738 1036 4805 audiunt,
1059 4743 1311 4807 quantum
1336 4737 1572 4791 omnium
1606 4735 1858 4791 Dominus
1879 4741 2036 4801 atque
2058 4747 2173 4787 mo-

588 4832 807 4888 derator
834 4828 920 4884 vel
941 4827 1095 4898 jubet
1130 4826 1217 4883 vel
1260 4828 1404 4883 sinit.
1450 4826 1604 4884 Unde
1645 4827 1802 4882 etiam
1833 4823 2049 4894 spiritus
2076 4839 2172 4894 py-

590 4923 807 4979 thonius
844 4919 866 4952 δ
895 4920 949 4977 in
996 4920 1215 4976 Actibus
1256 4921 1631 4991 Apostolorum
1677 4926 1955 4973 attestatur
2006 4917 2171 4971 Paulo

591 5014 853 5085 apostolo,
894 5020 948 5068 et
984 5012 1298 5083 evangelista
1327 5028 1448 5069 esse
1487 5017 1711 5066 conatur
1740 5008 1877 5078 (Act.
1914 5023 2019 5072 xvi,
2054 5005 2168 5078 l7).

593 5109 817 5165 Miscent
844 5113 1023 5162 tamen
1050 5107 1135 5162 isti
1164 5106 1416 5173 fallacias,
1442 5112 1495 5160 et
1520 5116 1705 5158 verum
1729 5099 1866 5170 quod
1895 5114 2052 5155 nosse
2073 5113 2172 5168 pa-

654 5283 672 5316 ¹
696 5280 817 5344 miti
835 5315 851 5341 ν
896 5278 1388 5344 ﬂammatum
1425 5288 1524 5340 quo
1554 5274 1883 5344 Augustinus.
1921 5274 2168 5338 cujusque.

590 5344 718 5411 quod
748 5342 827 5411 hic
838 5335 968 5411 tussi
977 5335 1260 5411 constantetf
1276 5335 1481 5411 habent,
1498 5335 1893 5411 soletusurpare.

631 5394 675 5444 3’
695 5406 998 5458 Corbeiensis
1018 5410 1122 5453 Ms:
1153 5400 1286 5452 L‘nde
1308 5394 1587 5460 cherubim.
1613 5410 1724 5460 cum
1750 5394 1842 5460 sint
1875 5394 2053 5460 caelites
2088 5410 2174 5460 ρο-

589 5473 816 5532 mea.
860 5465 976 5532 ﬁcta
1012 5470 1191 5532 ιαπξεηο
1231 5470 1327 5514 θω-
1352 5468 1432 5532 ,ιιι
1472 5459 1631 5532 sane.
1668 5457 1955 5532 legebatur...
1996 5457 2173 5532 ﬁctis;

592 5518 844 5593 inquibus
851 5518 1002 5593 etiam
1008 5525 1155 5593 paulo
1166 5518 1290 5593 post,
1300 5518 1676 5593 ,(ηΙξενιφίιῃΙὶιιω
1686 5518 1869 5593 quoque
1876 5518 2077 5593 e/ﬁgies;
2093 5523 2174 5571 ubi

726 5598 779 5641 et
799 5590 925 5640 liber
946 5579 1287 5651 ad'nulcit'ium'
1300 5586 1500 5651 habent,
1523 5581 1610 5633 illa
1630 5579 2075 5651 quoqueﬁgiiiéata'.

655 5653 677 5686 ³
699 5651 838 5713 Editi,
860 5649 1215 5715 mysteriorum.
1255 5655 1309 5698 At
1343 5645 1575 5715 potiores_
1592 5643 1720 5703 Μέθη
1736 5643 1745 5645 ἡ
1762 5643 2173 5715 ministeriorum,-

593 5727 691 5781 quo
711 5705 1046 5781 nominefalias
1066 5705 1406 5781 nonnunquam
1428 5705 1794 5781 Angelos.th
1810 5710 2117 5781 Augustinus.
2152 5705 2163 5708 '
2192 5743 2201 5753 .

654 5774 828 5838 ‘Editi,
850 5772 1147 5839 pythonicus.
1172 5766 1438 5831 Mssfvero,
1460 5766 1747 5834 pythonins;
1771 5767 1872 5829 vel,
1886 5766 2138 5833 'pytlzom's.

1129 337 1216 394 DE
1255 333 1567 393 DIVERSIS
1604 320 2119 403 QUrESTIONlBl'S
2154 367 2158 376 .

2285 322 2789 397 SIMPLICIANUM,
2833 328 2890 386 S.
2922 327 3290 388 AUGUSTINI
3750 331 3831 391 Hi

2261 438 2478 507 tuerint,
2508 456 2612 496 non
2627 442 2853 499 docendi
2877 446 3045 516 magis
3066 461 3223 516 quam
3244 443 3558 516 decipiendi
3586 444 3689 501 fine
3713 461 3829 516 pra-

2260 530 2523 586 nuntiant.
2570 533 2638 587 Et
2666 533 2805 617 forte
2840 535 2941 591 hoc
2972 546 3055 592 est
3096 537 3237 607 quod
3266 553 3386 593 cum
3417 538 3513 593 illa
3551 538 3725 609 imago
3747 541 3830 596 Sa-

2258 622 2447 676 muelis
2472 621 2686 679 Saﬁlem
2713 627 3028 696 praidiceret
3054 629 3397 696 moriturum,
3428 630 3573 686 dixit
3590 631 3745 685 etiam
3762 646 3831 688 se-

2254 725 2377 767 cum
2401 712 2637 770 futurum
2669 717 2849 787 :quod
2875 718 3058 789 utique
3086 720 3273 775 falsum
3303 731 3408 776 est.
3445 720 3642 793 Magno
3663 723 3829 795 quippe

2255 801 2536 863 intervallo
2582 815 2699 874 post
2742 816 2968 862 mortem
3021 810 3257 879 separari
3297 809 3476 865 bonos
3519 825 3553 865 a
3607 813 3752 866 malis
3786 814 3828 867 in

2254 894 2550 967 Evangelio
2567 898 2814 969 legimus,
2829 914 2947 954 cum
2966 901 3219 959 Dominus
3238 901 3379 956 inter
3393 901 3690 973 superbum
3704 904 3826 959 illum

2253 987 2491 1055 divitem,
2515 1005 2635 1044 cum
2652 992 2762 1060 jam
2790 992 2928 1061 apud
2956 992 3155 1048 inferos
3184 1003 3453 1049 tormenta
3480 1004 3764 1065 pateretur,
3786 1006 3830 1051 et

2253 1079 2399 1134 illum
2442 1082 2532 1152 qui
2572 1083 2639 1137 ad
2669 1085 2787 1153 ejus
2811 1085 3030 1154 januam
3067 1087 3339 1142 ulcerosus
3381 1087 3622 1157 jaccbat,
3648 1088 3750 1158 jam
3784 1092 3825 1145 in

2253 1174 2436 1241 requie
2461 1174 2829 1240 constitutum,
2872 1191 3121 1247 maguum
3161 1178 3327 1232 chaos
3355 1178 3704 1247 interjectum
3727 1195 3828 1237 esse

2255 1270 2475 1316 testatur
2500 1261 2647 1335 (Luc.
2673 1280 2784 1331 xvr,
2809 1263 2928 1336 26).
2948 1268 3050 1322 Aut
3070 1267 3116 1321 si
3145 1266 3429 1338 propterea
3456 1268 3672 1324 Samuel
3704 1269 3825 1328 Sauli

2252 1353 2401 1421 dixit,
2425 1353 2482 1407 Μ
2485 1372 2623 1409 ecum
2634 1357 2751 1420 eris,
2770 1366 2947 1412 utnon
2963 1358 3030 1414 ad
3051 1361 3408 1430 aequalitatem
3431 1360 3723 1425 felicitatis.
3748 1364 3828 1420 sed

2252 1446 2319 1502 ad
2343 1462 2522 1519 parem
2544 1449 2907 1507 conditionem
2930 1454 3118 1508 mortis
3137 1452 3423 1522 referatur,
3467 1455 3613 1525 quod
3633 1465 3825 1528 uterque

2254 1539 2415 1596 homo
2450 1541 2627 1608 fuerit,
2655 1553 2714 1598 et
2744 1552 2970 1616 uterque
3003 1547 3139 1602 mori
3167 1548 3420 1617 potuerit,
3448 1548 3672 1619 jamque
3702 1564 3827 1604 mor-

2255 1644 2379 1689 tuus
2408 1643 2633 1690 mortem
2675 1639 2797 1692 vivo
2826 1638 3246 1707 przenuntiabat;
3277 1642 3559 1710 perspicit,
3596 1652 3823 1712 quantum

2250 1724 2463 1794 opinor,
2502 1726 2783 1796 prudentia
2829 1737 2936 1794 tua,
2974 1730 3265 1785 secundum
3314 1743 3609 1804 utrumque
3646 1735 3826 1791 intelle-

2253 1827 2395 1872 ctum
2424 1817 2624 1875 habere
2651 1821 2850 1876 exitum
2887 1821 3034 1876 illam
3063 1823 3345 1879 lectionem
3370 1827 3465 1895 qui
3495 1842 3605 1881 non
3633 1828 3698 1882 sit
3720 1842 3823 1883 cou—

2256 1919 2336 1965 tra
2377 1909 2533 1966 fidem
2564 1930 2576 1966 :
2607 1913 2708 1968 nisi
2740 1912 2876 1969 forte
2894 1913 3237 1984 profundiore
3265 1925 3320 1972 et
3349 1919 3725 1988 perplexiore‘
3753 1921 3818 1975 in-

2255 2002 2537 2072 quisitione
2562 2044 2576 2070 ,
2606 2020 2724 2073 quae
2746 2005 2831 2060 vel
2870 2006 3060 2061 virium
3090 2023 3331 2063 mearum
3357 2009 3450 2064 vel
3476 2009 3725 2080 temporis
3743 2026 3821 2066 ex-

2253 2094 2395 2150 cedit
2423 2095 2714 2165 angustias,
2739 2097 3037 2152 inveniatur
3060 2099 3128 2153 ad
3154 2098 3440 2169 liquidum,
3472 2100 3559 2155 vel
3583 2115 3731 2171 posse
3751 2101 3820 2155 vel

2255 2199 2359 2239 non
2387 2200 2546 2254 posse
2574 2186 2805 2242 animam
2851 2187 3154 2255 humanam,
3196 2205 3316 2244 cum
3358 2206 3430 2246 ex
3468 2191 3572 2245 hac
3613 2192 3711 2245 vita
3738 2192 3818 2245 mi-

2255 2279 2503 2347 graverit,
2545 2279 2763 2350 magicis
2798 2281 3122 2336 carminibus
3166 2292 3446 2336 evocatam
3480 2282 3715 2338 vivorum
3737 2298 3817 2352 ap-

2254 2383 2445 2439 parere
2487 2371 2879 2441 conspectibus,
2921 2372 3078 2425 etiam
3121 2373 3362 2442 corporis
3395 2373 3716 2428 lineamenta
3747 2387 3820 2442 ge-

2255 2467 2505 2525 stantem,
2531 2468 2589 2514 ut
2616 2475 2723 2515 non
2753 2461 2925 2515 solum
2953 2460 3120 2516 videri
3145 2461 3336 2527 valeat,
3390 2462 3488 2518 sed
3520 2472 3576 2517 et
3611 2460 3814 2530 agnosci.

2256 2550 2322 2605 Et
2347 2552 2390 2605 si
2420 2559 2617 2621 potest,
2660 2568 2840 2606 utrum
2889 2555 3047 2607 etiam
3083 2552 3211 2623 justi
3250 2554 3456 2620 anima,
3501 2569 3608 2608 non
3635 2551 3816 2623 quidem

2255 2655 2476 2710 cogatur
2505 2642 2723 2712 magicis
2744 2645 2931 2709 sacris,
2955 2644 3050 2699 sed
3078 2644 3323 2714 dignetur
3351 2644 3570 2700 ostendi
3594 2644 3817 2699 occultio-

2257 2734 2405 2788 ribus
2435 2735 2673 2805 imperiis
2703 2749 2927 2791 summa:
2957 2736 3088 2805 legis
3115 2737 3505 2806 obtemperans
3534 2754 3548 2789 :
3578 2746 3637 2791 ut
3659 2737 3699 2790 si
3726 2733 3818 2788 ﬁeri

2257 2839 2363 2878 non
2402 2839 2558 2894 posse
2604 2825 2875 2890 claruerit,
2927 2841 3038 2880 nou
3084 2834 3310 2896 uterque
3351 2841 3551 2882 sensus
3597 2828 3648 2880 iu
3689 2824 3817 2893 hujus

2258 2912 2548 2985 Scriptum
2574 2915 2900 2982 tractatione
2932 2925 3092 2985 atque
3136 2915 3478 2985 expositione
3518 2915 3815 2977 admittatur,

2260 3003 2354 3058 sed
2385 3003 2477 3058 illo
2502 3004 2738 3070 excluso,
2790 3005 3099 3075 imaginaria
3139 3006 3410 3060 simulatio
3435 3005 3695 3062 Samuelis
3720 3002 3813 3057 dia.

2261 3093 2438 3176 bolico
2469 3095 2573 3149 ritu
2601 3094 2740 3150 facta
2775 3096 3117 3166 intelligatur.
3147 3096 3252 3152 Sed
3278 3099 3559 3167 quoniam,
3589 3097 3695 3151 sive
3714 3091 3818 3149 illud

2263 3184 2379 3241 fieri
2418 3186 2604 3255 possit,
2652 3188 2763 3241 sive
2803 3202 2909 3240 non
2949 3187 3137 3256 possit,
3182 3196 3358 3242 tamen
3410 3188 3615 3243 fallacia
3651 3194 3819 3241 satana

2262 3287 2421 3347 atque
2457 3277 2746 3348 imaginum
2773 3277 3190 3332 simulandarum
3212 3278 3413 3332 callida
3446 3277 3679 3349 operatio
3698 3274 3819 3330 deci-

2265 3369 2473 3441 piendis
2515 3370 2762 3425 humanis
2803 3370 3049 3425 sensibus
3088 3371 3435 3428 multiformis
3478 3373 3722 3442 invigilat,
3749 3384 3819 3439 pe-

2263 3458 2521 3516 detentim
2558 3461 2795 3531 quidem,
2823 3463 2926 3515 ne'
2953 3461 3389 3532 inquisitionibus
3431 3460 3820 3534 diligentioribus

2267 3553 2697 3623 praescribamus,
2746 3552 2841 3608 sed
2892 3563 3066 3607 tamen
3117 3554 3293 3624 potius
3344 3556 3703 3610 existimemus
3738 3550 3819 3605 tale

2266 3644 2465 3715 aliquid
2509 3645 2703 3699 factum
2735 3644 2970 3714 maligno
3009 3643 3336 3715 pythonissze
3367 3645 3514 3701 illius
3543 3640 3816 3704 ministerio,

2268 3737 2522 3807 quamdiu
2549 3736 2702 3792 nobis
2730 3735 2931 3806 aliquid
2971 3735 3201 3807 amplius
3226 3736 3536 3808 excogitare
3572 3744 3718 3806 atque
3741 3745 3816 3786 ex-

2267 3828 2465 3899 plicare
2491 3844 2593 3882 non
2619 3827 2794 3882 datur.

2437 3920 2654 3988 Quaesr.
2698 3919 2868 3975 IV.—
2898 3920 3011 3987 Quo
3035 3921 3134 3975 situ
3160 3923 3389 3991 corporis
3423 3918 3680 3977 orandum.

2342 4010 2493 4077 Quod
2519 4019 2694 4065 autem
2717 4010 2931 4081 qumris,
2954 4012 3076 4081 quid
3099 4013 3167 4066 sit
3190 4013 3330 4082 quod
3358 4014 3612 4083 scriptum
3633 4016 3723 4073 est,
3747 4002 3818 4057 In-

2272 4104 2420 4158 trauit
2440 4119 2529 4158 rex
2545 4102 2729 4169 David,
2749 4112 2796 4157 et
2813 4104 2937 4158 sedit
2952 4113 3069 4158 ante
3084 4103 3357 4158 Dominum
3374 4105 3444 4175 (ll
3470 4105 3592 4174 Reg.
3619 4116 3699 4165 vn,
3721 4094 3815 4164 f8):

2272 4195 2397 4267 quid
2426 4194 2570 4250 aliud
2600 4194 2997 4266 intelligendum
3027 4205 3128 4261 est,
3182 4195 3284 4250 nisi
3304 4197 3429 4265 quia
3469 4194 3605 4250 sedit
3641 4191 3688 4245 in
3713 4201 3817 4243 con-

2274 4302 2461 4363 Spectu
2494 4292 2735 4358 Domini;
2781 4292 2893 4346 sive
2923 4290 3011 4345 ubi
3048 4299 3164 4346 erat
3212 4305 3333 4345 arca
3374 4284 3710 4348 Tcstamcnti,
3743 4291 3819 4350 per

2274 4399 2434 4455 quam
2476 4384 2737 4439 sacratior
2768 4391 2821 4438 et
2849 4381 3270 4437 commendatior
3299 4382 3540 4451 quaedam
3579 4368 3816 4448 prmsenlia

2277 4475 2487 4531 Domini
2513 4474 2680 4543 accipi
2707 4462 2909 4543 potest;
2947 4473 3059 4528 sive
3086 4473 3209 4542 quia
3239 4481 3487 4526 oraturus
3515 4467 3666 4533 sedit,
3706 4455 3815 4531 quod

2278 4582 2383 4621 non
2416 4566 2475 4621 fit
2501 4575 2648 4620 recte
2674 4565 2773 4619 nisi
2796 4566 2854 4618 in
2881 4574 3173 4635 conspectu
3202 4563 3317 4629 Dei,
3350 4564 3454 4617 hoc
3474 4570 3553 4618 est
3581 4559 3629 4612 in
3653 4546 3816 4609 intimis

2275 4658 2486 4714 cordis?
2523 4658 2707 4712 Potest
2751 4657 2894 4712 enim
2933 4665 2988 4711 et
3031 4657 3108 4711 sic
3136 4655 3303 4725 accipi
3332 4654 3473 4725 quod
3510 4652 3696 4706 dictum
3737 4647 3813 4699 est.

2278 4762 2395 4807 ante
2424 4751 2733 4814 Dominum;
2764 4749 2852 4813 tibi
2879 4750 3054 4803 nullus
3094 4758 3235 4804 esset
3265 4747 3561 4811 hominum,
3588 4740 3673 4816 qui
3693 4731 3815 4789 audi-

2278 4855 2358 4900 ret
2379 4852 2638 4899 orantem.
2663 4841 2786 4898 Sive
2813 4855 2939 4910 ergo
2962 4850 3178 4910 propter
3192 4854 3368 4895 arcam
3389 4828 3715 4895 Testamenti,
3731 4823 3817 4879 sive

2280 4945 2497 5006 propter
2536 4943 2799 4988 secretum
2845 4933 3022 4987 locum
3061 4941 3322 4987 semotum
3360 4930 3426 4986 ab
3472 4922 3692 4985 arbitris,
3729 4912 3817 4967 sive

2279 5035 2496 5097 propter
2520 5026 2761 5080 intimum
2791 5024 2965 5079 cordis
2987 5023 3072 5077 ubi
3100 5031 3214 5078 erat
3251 5023 3451 5077 orantis
3474 5018 3699 5074 aﬂ‘ectus,
3716 5016 3817 5097 909‘

2281 5095 2559 5174 venienter
2576 5117 2772 5172 dictum
2803 5124 2906 5182 est,
2941 5114 3084 5170 Sedit
3116 5126 3230 5168 ante
3271 5111 3562 5167 Dominum.
3587 5099 3687 5158 Nisi
3708 5095 3817 5150 forte

2286 5207 2427 5279 quod
2452 5208 2646 5263 sedens
2671 5206 2859 5271 oravit,
2893 5205 2993 5261 hoc
3020 5215 3233 5271 movet;
3260 5221 3379 5260 cum
3401 5213 3455 5259 et
3479 5205 3680 5256 sanctus
3704 5185 3815 5279 filias

2282 5277 2384 5358 hoc
2404 5302 2607 5367 fecerit,
2623 5301 2833 5372 quando
2846 5298 3076 5370 pluviam
3094 5296 3296 5353 orando
3308 5290 3601 5367 impetravit
3620 5280 3697 5355 (Ill
3716 5277 3813 5342 Ηίθ-

2282 5410 2429 5463 xvur,
2461 5394 2670 5465 42-45).
2689 5392 2889 5461 Quibus
2903 5390 3252 5445 admonemur
3279 5384 3564 5456 exemplis,
3607 5373 3817 5465 non-£285e

2282 5459 2643 5563 praescriptum
2657 5459 2923 5557 quomodo
2939 5498 3132 5555 corpus
3146 5484 3490 5539 constituatur
3503 5473 3567 5529 ad
3581 5459 3813 5525 orandum.

2346 5649 2362 5717 Ῐ
2386 5645 2583 5717 μίίῖνθε
2594 5648 2722 5701 MSS"
3073 5700 3150 5717 L2-
3183 5712 3238 5717 -_
3266 5706 3351 5717 ..-Δ
3393 5690 3555 5717 ,ναι-η..
3587 5685 3738 5717 ιίιιι-ηω
3760 5667 3810 5717 d0

2343 5710 2364 5740 ³
2386 5685 2772 5763 ίιῖὶῖἷὲῖιῖεἶΓὴΞῘ
2781 5685 3052 5752 restituitur
3073 5700 3153 5763 hic
3177 5712 3241 5749 ex
3266 5706 3375 5763 Mss.
3393 5690 3555 5763 Confer
3587 5685 3739 5735 librum

2284 5752 2401 5821 octo
2416 5752 2991 5826 Dulcitiioua'stionibus,
3016 5763 3066 5814 in
3088 5762 3184 5813 fine
3206 5756 3483 5825 quaestionis
3503 5752 3547 5803 ϐ.
