3988 6406
186 323 278 378 Ηδ
1462 305 1661 360 LIBER
1700 303 2071 360 SECUNDUS.

177 434 288 487 dum
315 431 504 486 animus
525 429 622 485 Deo
651 439 889 495 praesens
914 433 1118 493 peragat
1151 419 1496 476 intentionem
1535 434 1704 472 suam.

175 525 293 578 Nam
317 533 368 577 et
392 531 566 577 stantes
582 532 819 581 oramus,
850 516 984 570 sicut
1001 515 1252 582 scriptum
1274 521 1374 576 est,
1404 510 1711 563 Publicanus

173 624 322 668 autem
349 613 409 666 de
440 611 687 679 longinquo
735 606 898 660 stabat
941 603 1091 672 (Luc.
1137 619 1298 666 xvnt,
1333 602 1458 671 13);
1507 609 1560 654 et
1594 599 1713 653 ﬁxis

171 706 394 776 genibus,
423 704 538 757 sicut
584 701 634 754 in
667 699 890 753 Actibus
919 697 1289 766 Apostolorum
1319 694 1540 763 legimus
1572 691 1709 764 (Act.

171 814 255 862 vn,
287 797 373 861 59,
407 805 452 848 et
476 811 549 855 xv,
579 793 698 861 36);
729 799 784 845 et
809 790 1073 854 sedentes,
1108 789 1242 842 sicut
1273 802 1398 842 ecce
1427 785 1611 852 David,
1656 793 1710 839 et

171 889 315 942 Elias.
365 885 467 938 Nisi
515 891 684 936 autem
744 882 904 936 etiam
948 881 1188 949 jaccntes
1238 893 1550 942 oraremus,
1605 893 1710 931 non

169 980 402 1046 scriptum
429 984 556 1031 esset
587 975 637 1028 in
665 973 912 1027 Psalmis.
947 971 1150 1024 Lavabo
1179 988 1267 1040 per
1294 971 1520 1039 singulas
1546 979 1712 1023 noctes

168 1069 334 1121 lectum
368 1083 549 1130 meum;
588 1066 639 1118 in
668 1063 906 1133 lacryntis
938 1063 1059 1116 meis
1088 1070 1299 1115 stratum
1333 1077 1494 1113 meum
1539 1060 1712 1129 rigabo

169 1156 322 1228 (Psal.
369 1173 436 1222 vi,
468 1158 529 1225 7).
568 1154 701 1210 Cum
733 1155 872 1208 enim
911 1153 1134 1222 quisque
1172 1151 1462 1204 orationem
1499 1151 1708 1219 qumvit,

165 1249 367 1302 collocat
396 1246 634 1308 membra,
663 1245 800 1299 sicut
820 1243 867 1297 ei
890 1242 1182 1297 occurrerit
1203 1241 1595 1295 accommodata
1617 1255 1712 1309 pro

169 1349 390 1407 tempore
452 1337 632 1408 positio
688 1336 962 1405 corporis‘
994 1335 1059 1389 ad
1089 1334 1406 1388 movendum
1452 1334 1708 1387 animum.

165 1428 283 1483 Cum
321 1436 482 1482 autem
532 1443 637 1481 non
692 1425 986 1495 quzcritur,
1027 1424 1122 1478 sed
1175 1424 1399 1478 infertur
1447 1425 1712 1493 appetitus

166 1518 352 1581 orandi,
375 1517 465 1573 hoc
485 1527 581 1582 est,
599 1532 722 1571 eum
749 1515 944 1585 aliquid
964 1522 1182 1583 repente
1211 1515 1356 1569 venit
1383 1513 1434 1567 in
1456 1523 1708 1581 mentem,

167 1623 261 1676 quo
277 1608 575 1676 supplicandi
597 1606 1112 1661 moveaturaﬁ‘ectus
1134 1604 1422 1674 gemitibus
1439 1603 1713 1657 inenarra-

163 1698 352 1765 bilibus,
379 1713 700 1769 quocumque
720 1697 877 1752 modo
901 1697 1160 1752 invenerit
1183 1697 1472 1762 hominem,
1497 1712 1600 1750 non
1629 1706 1712 1751 est

163 1791 320 1860 utique
343 1790 618 1845 diﬂ‘erenda
664 1791 856 1855 oratio,
900 1797 957 1843 ut
993 1803 1293 1859 qumramus
1334 1803 1439 1858 quo
1494 1788 1710 1842 seceda-

161 1896 264 1934 mus
278 1881 315 1947 3,
347 1891 436 1936 aut
467 1882 545 1936 ubi
575 1890 800 1948 stemus,
838 1890 929 1935 aut
959 1880 1044 1934 ubi
1079 1888 1497 1949 prosternamur.
1532 1879 1710 1949 Giguit

163 1972 285 2027 enim
307 1972 400 2026 sibi
427 1973 607 2026 mentis
638 1971 862 2026 intentio
891 1970 1252 2034 solitudinem,
1292 1978 1344 2023 et
1373 1985 1515 2039 stepe
1549 1970 1708 2025 etiam

163 2061 490 2115 obliviscitur’
510 2063 589 2135 vel
610 2062 676 2116 ad
707 2076 866 2131 quam
893 2061 1012 2116 caeli
1042 2070 1266 2130 partem,
1292 2060 1376 2114 vel
1408 2060 1458 2113 in
1486 2075 1588 2130 qua
1616 2076 1708 2130 po-

164 2153 327 2208 sitione
351 2155 576 2223 corporis
607 2153 847 2208 membra
869 2152 992 2206 illud
1017 2162 1222 2222 tempus
1248 2149 1530 2205 invenerit.

166 2242 349 2309 Qussr.
379 2243 507 2297 V.-—
526 2243 593 2298 In
626 2243 774 2298 verba
809 2243 941 2298 Elite
973 2243 1224 2314 querentis
1243 2241 1350 2298 Deo
1367 2242 1430 2294 de
1444 2251 1600 2296 morte
1611 2243 1709 2310 ﬁlii

833 2333 1020 2386 uiduae.

227 2424 273 2476 in
297 2424 454 2478 verbis
472 2431 647 2478 autem
678 2423 819 2478 beati
847 2424 997 2490 Elim,
1041 2424 1230 2493 quibus
1260 2425 1353 2490 ait,
1387 2424 1431 2480 0
1469 2424 1703 2491 Domine,

172 2517 282 2567 testis
319 2516 457 2585 hujus
492 2517 679 2582 ciduw,
717 2532 830 2568 cum
868 2532 967 2583 qua
994 2532 1084 2585 ego
1108 2517 1331 2570 inhabito
1357 2519 1496 2586 apud
1507 2519 1703 2588 ipsum,

177 2613 219 2656 ui
243 2606 349 2659 unde
368 2606 515 2676 fecisti
545 2616 602 2659 ut
629 2605 882 2659 occideres
916 2605 1077 2674 ﬁlium
1100 2608 1244 2675 ejus;
1275 2606 1404 2660 nihil
1444 2615 1703 2674 moveret,

179 2692 216 2760 si
254 2709 352 2747 vera
375 2695 728 2764 pronuntiatio
758 2705 1081 2750 servaretur.
1130 2696 1244 2750 Vox
1276 2706 1358 2750 est
1407 2698 1547 2751 enim
1599 2712 1704 2751 nou

184 2783 396 2838 credentis
419 2785 551 2856 quod
589 2796 696 2840 tam
728 2786 866 2841 male
895 2786 1094 2840 faceret
1124 2786 1264 2840 Deus
1284 2802 1404 2842 cum
1435 2803 1496 2842 ea
1527 2787 1702 2854 vidua,

182 2887 274 2940 quae
297 2883 379 2928 tam
425 2878 506 2944 pie
553 2876 876 2946 Prophetam
935 2884 1264 2945 susceperat,
1315 2892 1378 2931 eo
1407 2879 1703 2946 praesertim

180 2973 369 3034 tempore
389 2985 484 3036 quo
514 2968 586 3022 ibi
611 2977 747 3033 erat,
771 2969 854 3021 cui
881 2969 1170 3037 protulerat
1198 2969 1281 3022 illa
1314 2977 1479 3022 totum
1508 2969 1703 3023 vietum

174 3070 292 3110 suum
317 3068 407 3112 tam
433 3062 682 3131 exiguum
717 3061 767 3114 iu
802 3070 906 3114 tam
954 3076 1140 3130 magna
1179 3069 1233 3114 et
1272 3076 1475 3116 summa
1506 3063 1700 3132 inopia.

171 3146 230 3202 ita
271 3166 376 3220 ergo
413 3152 609 3207 dictum
644 3161 754 3218 est,
787 3168 850 3206 ac
890 3154 931 3206 si
962 3153 1180 3219 diceret,
1219 3152 1262 3206 0
1286 3152 1521 3220 Domine,
1569 3156 1706 3209 testis

168 3239 292 3310 hujus
311 3244 474 3308 ridere,
503 3262 621 3298 cum
647 3261 747 3315 qua
777 3261 867 3314 ego
906 3245 1132 3298 inﬁabito
1173 3244 1315 3315 apud
1349 3245 1533 3315 ipsum,
1580 3254 1705 3301 tune

169 3333 273 3386 male
291 3336 432 3403 fecisti
458 3346 514 3389 ut
554 3337 806 3390 occideres
830 3337 992 3404 [ilium
1014 3337 1164 3406 ejus?
1199 3345 1255 3389 ut
1281 3337 1706 3407 subintelligatur

168 3423 281 3490 quod
308 3427 470 3496 utique
501 3427 762 3481 Dominus
787 3428 935 3481 testis
956 3428 1133 3482 cerdis
1163 3428 1304 3482 illius
1326 3429 1583 3488 mulieris.
1615 3431 1703 3483 ubi

170 3512 344 3569 videbat
365 3526 553 3586 quanta
583 3527 726 3572 esset
747 3521 936 3586 pietas,
966 3517 1105 3572 unde
1121 3519 1463 3573 etiamEliam
1497 3519 1610 3588 ipse
1638 3520 1704 3574 ad

169 3618 260 3658 eam
280 3609 496 3672 miserat,
551 3626 660 3664 non
689 3610 1056 3664 malefacieudi
1085 3626 1244 3665 causa
1296 3605 1704 3668 mortiﬁcaverat

170 3697 301 3753 lilium
325 3701 446 3770 ejus,
470 3703 568 3758 sed
589 3702 870 3757 exhibendi
901 3703 1138 3758 miraculi
1170 3703 1234 3756 ad
1275 3704 1496 3773 gloriam
1529 3705 1704 3761 uomi-

168 3787 234 3841 nis
255 3790 341 3856 sui,
383 3809 484 3861 quo
535 3801 740 3846 tantum
773 3792 1131 3862 Prophetam‘
1170 3803 1222 3848 et
1259 3802 1382 3848 tunc
1410 3794 1707 3849 viventibus

167 3886 211 3931 et
229 3882 422 3947 posteris
444 3882 850 3937 commendaret
889 3901 902 3936 :
934 3884 1070 3937 sicut
1096 3883 1222 3939 dicit
1269 3885 1555 3950 Dominus,
1599 3902 1704 3939 non

166 3966 218 4020 ad
241 3981 440 4027 mortem
468 3982 741 4026 mortuum
773 3972 934 4028 fuisse
962 3973 1238 4038 Lazarum,
1283 3975 1376 4029 sed
1407 3985 1462 4030 ut
1501 3977 1704 4046 gloriﬁ-

167 4070 338 4116 caretur
363 4063 497 4119 Deus
533 4064 583 4116 in
612 4063 748 4116 Filio
776 4079 872 4117 suo
898 4064 1077 4132 (Jean.
1106 4080 1180 4127 xi,
1204 4065 1238 4118 4
1257 4063 1295 4136 ).
1329 4065 1398 4120 Ει
1427 4067 1546 4121 ideo
1572 4083 1705 4122 con-

166 4155 393 4220 sequentia
417 4153 669 4224 probanl,
703 4163 755 4208 et
782 4155 893 4223 ipsa
936 4156 1095 4210 etiam
1125 4155 1311 4209 ﬁducia
1339 4171 1439 4225 qua
1482 4157 1708 4212 credidit

167 4237 297 4308 Elias,
319 4259 412 4299 non
437 4245 634 4299 adhoc
661 4245 1118 4314 illud-contigisse,
1141 4253 1196 4299 ut
1222 4245 1414 4300 acerbo
1441 4247 1580 4300 luctu
1609 4246 1706 4300 ho-

167 4329 277 4398 spita
297 4332 399 4402 ejus
421 4334 750 4403 afﬂigeretur
773 4351 786 4387 ;
809 4333 903 4388 sed
933 4334 1105 4402 potius
1128 4333 1192 4387 ad
1219 4333 1319 4388 hoc
1341 4333 1533 4388 factum
1564 4350 1703 4402 esse,

168 4429 212 4474 ut
232 4422 347 4478 Deus
374 4425 798 4496 magniﬁcentius
843 4425 1148 4479 ostenderet
1177 4425 1348 4479 vidum
1374 4425 1583 4494 qualem
1617 4427 1704 4479 Dei

168 4508 377 4568 famulum
411 4516 760 4585 suscepisset.
801 4515 1048 4585 Sequitur
1089 4515 1380 4585 Scriptura,
1413 4526 1466 4570 et
1495 4517 1618 4572 dicit
1645 4521 1704 4572 δε

170 4597 223 4652 Et
245 4603 484 4675 insuﬂiuvit
521 4622 675 4676 puero
702 4615 794 4670 ter,
824 4617 870 4660 et
894 4607 1138 4660 invocavit
1165 4605 1453 4671 Dominum,
1482 4617 1528 4660 et
1558 4609 1703 4673 dixit,

171 4689 346 4748 Domine
371 4696 501 4751 Deus
532 4713 689 4762 meus,
721 4707 993 4750 revertatur
1019 4713 1150 4749 nunc
1180 4698 1348 4750 anima
1373 4700 1516 4767 pueri
1559 4699 1709 4768 hujus

171 4779 212 4833 in
238 4799 348 4839 eum.
385 4786 447 4841 Et
488 4790 683 4858 factum
721 4797 793 4840 est
822 4788 912 4840 sic.
949 4787 1070 4841 llarc
1097 4803 1224 4855 ergo
1251 4787 1574 4857 deprecatio,
1606 4805 1709 4859 qua

174 4871 293 4936 petiit
315 4874 444 4930 Elias
473 4886 586 4929 tam
619 4876 852 4929 breviter
877 4885 932 4930 et
973 4885 1076 4928 tam
1120 4876 1344 4931 ﬁdenter
1384 4888 1437 4930 ut
1467 4888 1710 4948 resurgat

172 4974 293 5027 puer,
317 4968 431 5022 satis
458 4967 669 5022 indicat
706 4981 811 5036 quo
848 4965 1040 5020 all‘ectu
1082 4967 1220 5021 dicta
1267 4967 1372 5021 sint
1412 4969 1705 5037 superiora.

175 5048 226 5106 Et
247 5053 338 5123 ipsa
366 5061 556 5114 mulier
590 5058 824 5112 ostendit
867 5057 931 5111 ad
978 5058 1081 5112 hoc
1125 5058 1494 5112 mortiﬁcatum
1541 5059 1706 5114 ﬁlium

175 5157 296 5200 suum
322 5149 492 5216 fuisse,
527 5151 594 5204 ad
631 5151 772 5220 quod
801 5151 940 5204 Elias
973 5150 1168 5204 factum
1201 5165 1319 5205 esse
1358 5165 1710 5220 pratsumpse-

227 5256 321 5322 {sic
337 5267 428 5310 uss.
453 5269 512 5309 Αι
535 5260 674 5322 editi,
696 5257 838 5322 positi
857 5258 1086 5322 corporis.

224 5316 241 5346 ³
260 5320 376 5386 illiti,
398 5336 486 5386 quo
510 5316 783 5386 sedermius.
808 5327 862 5369 At
886 5316 1007 5381 uss,
1031 5332 1123 5384 quo
1144 5319 1437 5371 secedamus.
1464 5326 1601 5370 Forte
1624 5321 1710 5372 ad-

203 5377 346 5427 cudum
365 5377 450 5438 hic,
472 5389 520 5433 et
544 5382 627 5432 ubi
646 5383 912 5433 sedemuus.

229 5441 375 5501 fEditi,
395 5443 684 5498 obliviscitur
707 5456 774 5492 se.
804 5446 963 5501 Abest,
989 5455 1057 5501 se,
1078 5455 1104 5491 a
1119 5449 1224 5494 MSS.

227 5498 244 5566 ξ
263 5498 371 5566 Mss,
392 5518 480 5566 qua
499 5511 686 5566 umtunt
705 5498 1005 5566 Prcphetain.

227 5559 475 5626 [Plures'et
505 5564 741 5612 meliores
761 5559 888 5611 Mss:
915 5569 970 5612 Et
991 5562 1100 5613 ideo
1130 5563 1460 5630 consequentia
1490 5562 1708 5626 probant.

186 5622 339 5665 E1!le
352 5625 464 5665 mim
497 5623 681 5665 ﬁducia
721 5635 914 5665 mm.--_-
957 5624 1266 5665 snsmniesrt'
1324 5625 1532 5665 vmrilnr
1586 5623 1708 5665 Scri-

252 5632 339 5674 ιβδα
352 5632 464 5674 enim

186 5633 339 5682 bIIpsa
352 5637 464 5674 enim
493 5633 681 5689 Mucia
721 5635 914 5680 qua.....
957 5633 1266 5688 suscepissrt,
1323 5633 1532 5674 Μαραιω-
1585 5633 1711 5673 Scri-

185 5683 368 5787 zta'ka
385 5684 509 5738 dicit.
550 5691 694 5735 Forte
719 5683 982 5747 legendum
1009 5700 1020 5734 :
1050 5693 1102 5736 Et
1140 5685 1191 5736 id
1233 5691 1561 5750 CO!I:S(?-;ttt‘ttlttl
1602 5698 1711 5748 pro-

240 5754 282 5804 t.,
302 5753 381 5795 etc.

493 5623 681 5689 ﬁducia
719 5635 914 5689 gitana.
957 5623 1291 5689 suscepissrt,”
1323 5623 1532 5674 seauitnr
1585 5623 1713 5673 scri-

3305 317 3404 373 fiﬁ

1821 433 1921 491 rat,
1965 440 2085 478 cum
2116 424 2200 479 illa
2237 425 2396 480 verba
2426 441 2533 482 non
2570 429 2953 498 conﬁrmando,
2990 431 3082 486 sed
3127 433 3402 489 renuendo

1819 517 2206 569 enuntiaverat.
2261 515 2397 570 Cum
2453 519 2592 572 enim
2649 519 2826 573 vivum
2891 520 3180 590 recepisset
3236 522 3400 577 ﬁlium

1819 619 1994 672 suum,
2022 606 2117 672 ait,
2148 604 2281 660 Ecce
2317 608 2522 678 cognovi
2556 609 2793 679 quoniam
2821 609 2970 664 homo
3013 610 3108 666 Dei
3138 629 3188 666 es
3231 624 3314 680 tu,
3357 621 3401 668 et

1818 698 2014 751 verbum
2039 697 2241 752 Domini
2261 700 2312 752 in
2333 716 2418 753 ore
2439 709 2523 753 tuo
2549 701 2880 755 certissimum
2904 703 3002 774 (lll
3024 703 3148 774 Reg.
3172 720 3390 763 xvii-xx.

1816 789 1977 845 2l-2ll
1999 790 2040 861 ).
2069 791 2229 844 Multa
2261 801 2386 845 sunt
2417 801 2592 847 autem
2624 793 2676 846 in
2703 792 3014 862 Scripturis,
3035 810 3154 864 qua:
3182 795 3282 850 nisi
3311 797 3404 852 illo

1819 881 1978 936 modo
2008 883 2440 950 pronuntientur,
2472 883 2523 936 in
2565 885 2884 938 contrariam
2915 885 3232 940 sententiam
3268 887 3404 940 reei-

1817 972 1950 1026 duut
1975 991 1987 1026 :
2017 973 2172 1028 sicuti
2206 982 2305 1037 est,
2341 974 2468 1040 Quis
2493 975 2749 1028 accusabit
2785 975 3022 1030 adversus
3059 977 3236 1031 electos
3276 976 3368 1030 Dei
3380 978 3403 1030 .’

1818 1061 1956 1116 Deus
1985 1063 2068 1133 qui
2106 1064 2354 1133 justiﬁcat
2395 1063 2585 1134 (Rom.
2628 1080 2742 1129 vni,
2781 1066 2911 1134 55),
2959 1067 3002 1119 si
3031 1068 3179 1135 quasi
3207 1068 3400 1121 contir-

1819 1167 1976 1207 mans
2012 1153 2359 1222 respondeas,
2403 1155 2554 1209 vides
2582 1165 2780 1224 quanta
2820 1157 3138 1225 perversitas
3177 1159 3398 1214 oriatur.

1820 1243 1909 1298 Sic
1938 1259 2064 1315 ergo
2093 1245 2542 1314 pronuntiandum
2570 1254 2670 1312 est,
2708 1261 2771 1301 ac
2799 1247 2843 1301 si
2872 1247 3158 1316 diceretur,
3188 1250 3326 1306 Deus
3350 1267 3396 1306 :e

1817 1337 1908 1407 qui
1930 1337 2218 1408 justiﬁeat?
2242 1347 2298 1392 ut
2323 1337 2686 1405 subaudiatur,
2711 1338 2826 1393 Non
2849 1339 3048 1410 utique.
3075 1341 3149 1394 Ac
3177 1357 3272 1411 per
3299 1344 3398 1398 hoc

1815 1437 2054 1497 apertam
2084 1439 2210 1498 puto
2237 1444 2360 1484 esse
2386 1430 2528 1484 illam
2561 1429 2690 1484 Elite
2719 1431 3060 1496 sententiam,
3093 1447 3250 1501 quam
3290 1448 3397 1488 non

1816 1530 2026 1575 servata
2055 1520 2418 1589 pronuntiatio
2447 1519 2674 1575 faciebat
2701 1520 3004 1576 obscuram.

1815 1633 2029 1700 Qumsr.
2059 1632 2140 1688 \‘l.
2165 1663 2237 1674 --
2272 1632 2349 1686 De
2374 1633 2553 1703 spiritu
2576 1634 2822 1688 mendacii
2849 1635 2999 1689 misso
3037 1635 3103 1688 ad
3139 1635 3395 1706 decipien-

2397 1726 2518 1779 dum
2540 1723 2730 1779 Achab.

1889 1837 1964 1892 De
1991 1836 2178 1907 spiritu
2209 1852 2336 1892 vero
2367 1837 2624 1890 mendacii
2645 1839 2686 1902 ¹,
2734 1852 2827 1906 per
2851 1853 3008 1906 quem
3035 1837 3287 1908 deceptus
3314 1850 3395 1895 est

1814 1928 1997 1982 Achab
2046 1927 2150 2000 (Ill
2195 1928 2319 1998 Reg.
2364 1944 2476 1982 xxn
2503 1970 2516 1992 ,
2557 1927 2798 1997 20-25),
2849 1927 2951 1982 hoc
2997 1928 3391 1997 intelligamus,

1812 2019 1952 2088 quod
1986 2019 2094 2088 jam
2135 2020 2377 2088 superius
2417 2019 2546 2072 satis
2583 2026 2764 2088 aperte
2805 2027 3082 2074 tractatum
3122 2020 3392 2076 arbitror:

1815 2109 1981 2163 Deum
2012 2110 2215 2164 scilicet
2241 2109 2654 2178 omnipotentem
2692 2117 2746 2163 et
2765 2108 2966 2178 justum
2996 2109 3394 2165 distributorem

1812 2213 2087 2268 poenarum
2119 2200 2564 2270 prmmiorumque
2589 2214 2684 2268 pro
2711 2199 2934 2264 meritis,
2965 2215 3069 2254 non
3097 2201 3268 2255 solmn
3295 2201 3395 2255 bo-

1813 2291 1896 2344 nis
1917 2299 1969 2344 et
1990 2291 2188 2344 sanctis
2208 2290 2463 2343 ministris
2484 2289 2642 2343 utivad
2666 2304 2825 2359 opera
2847 2304 3100 2360 congrua,
3119 2289 3211 2344 sed
3233 2291 3393 2345 etiam

1812 2379 1966 2434 malis
1987 2379 2052 2433 ad
2077 2395 2234 2449 opera
2258 2379 2445 2449 digna;
2470 2393 2591 2432 cum
2636 2379 2710 2432 illi
2753 2395 2846 2448 pro
2886 2392 2980 2432 sua
3021 2395 3269 2448 perversa
3295 2395 3394 2434 eu-

1814 2468 2031 2538 piditate
2062 2471 2082 2500 ²
2124 2484 2315 2522 nocere
2360 2477 2643 2537 appetant,
2686 2469 2928 2522 sinautur
2966 2477 3142 2523 autem
3190 2479 3391 2524 tantum

1812 2567 2062 2628 quantum
2107 2559 2195 2612 ille
2223 2558 2425 2628 judicat
2448 2600 2461 2620 ,
2495 2559 2582 2626 qui
2613 2559 2790 2612 omnia
2817 2560 2869 2612 in
2897 2575 3143 2614 mensura
3173 2569 3225 2614 et
3256 2577 3390 2630 pon-

1811 2648 1939 2703 dere
1964 2659 2017 2703 et
2044 2664 2264 2701 numero
2292 2648 2524 2716 dispertit
2554 2648 2723 2718 (Sap.
2765 2664 2841 2715 χι,
2868 2648 2929 2702 21
2959 2647 2999 2719 ).
3049 2650 3184 2702 Dixit
3215 2661 3392 2704 autem

1812 2738 1911 2792 hoc
1946 2737 2190 2791 Miclneas
2226 2737 2481 2806 praplieta
2521 2737 2786 2806 quomodo
2823 2738 2924 2791 sibi
2975 2737 3134 2792 fuerit
3162 2739 3389 2793 demon-

1810 2839 2052 2883 stratum.
2098 2827 2315 2883 Occulta
2349 2829 2489 2882 enim
2523 2843 2608 2881 res
2647 2836 2701 2882 et
2743 2828 2899 2882 nimis
2944 2837 3147 2883 secreta
3192 2830 3262 2882 ita
3291 2829 3390 2884 de-

1809 2929 2134 2976 monstratur
2160 2921 2452 2991 preplietis,
2483 2921 2618 2974 sicut
2647 2929 2821 2990 potest
2846 2935 3037 2990 capere
3067 2935 3268 2995 sensus,
3293 2921 3392 2976 huc

1811 3027 2021 3078 manus,
2061 3027 2182 3067 cum
2225 3013 2384 3066 etiam
2415 3027 2592 3065 rerum
2625 3010 2939 3080 imaginibus
2968 3012 3020 3065 in
3064 3011 3392 3068 revelatione

1812 3117 2060 3176 tanquam
2092 3105 2267 3160 verbis
2298 3105 2593 3158 instruitur.
2623 3103 2753 3158 Nam
2783 3103 3048 3173 quomodo
3091 3103 3231 3158 Deus
3277 3105 3394 3159 hare

1810 3207 1949 3268 agat,
1978 3197 2173 3266 ubique
2200 3205 2340 3250 totus
2376 3210 2437 3250 ac
2471 3211 2681 3264 semper
2718 3209 2987 3264 praesens;
3030 3205 3082 3249 et
3123 3196 3391 3264 quomodo

1810 3290 1926 3359 ejus
1955 3290 2250 3359 simplicem
2279 3298 2332 3343 et
2362 3288 2842 3342 incommutabilem
2873 3297 3230 3358 aeternamque
3251 3289 3392 3343 veri-

1811 3390 1971 3437 tatem
2017 3381 2297 3436 consulant
2338 3380 2503 3434 saneti
2527 3380 2735 3450 Angeli,
2768 3395 3057 3450 omnesque
3095 3380 3162 3435 ab
3199 3379 3388 3435 eodem

1813 3475 1921 3529 Deo
1969 3473 2131 3528 creati
2172 3472 2426 3527 sublimes
2469 3479 2523 3526 et
2567 3471 2901 3526 mundissimi
2944 3472 3179 3541 spiritus,
3231 3481 3391 3541 atque

1811 3565 1862 3618 id
1907 3563 2047 3633 quod
2097 3563 2147 3616 in
2185 3577 2250 3617 eo
2299 3562 2621 3630 sempiterne
2660 3562 2862 3630 justum
2891 3562 3090 3627 vident,
3130 3577 3225 3631 pro
3270 3579 3392 3617 con-

1811 3653 2052 3724 gruentia
2102 3667 2280 3707 rerum
2331 3651 2638 3706 inferiorum
2692 3653 3054 3722 temporaliter
3100 3662 3386 3723 peragant:

1812 3743 2080 3815 quomodo
2106 3745 2266 3797 etiam
2296 3743 2427 3812 lapsi
2455 3744 2690 3812 spiritus,
2714 3744 2803 3812 qui
2830 3744 2880 3797 in
2907 3744 3125 3799 veritate
3152 3760 3258 3798 non
3282 3754 3392 3800 stc-

1813 3843 2011 3902 terunt,
2033 3835 2646 3905 propterimmunditiam
2669 3845 2722 3890 et
2749 3836 3107 3891 inﬁrmitatem
3133 3838 3390 3908 concupi-

1811 3926 2134 3980 scentiarum
2168 3934 2224 3980 et
2261 3941 2536 3996 poenarum
2577 3942 2789 3981 suarum
2819 3942 2925 3982 non
2968 3929 3206 3984 valentes
3249 3944 3388 4000 prte-

1811 4028 2018 4074 sentcm
2049 4019 2369 4074 intrinsecus
2397 4019 2636 4074 contueri
2681 4027 2734 4074 et
2777 4021 3055 4076 consulere
3089 4021 3387 4088 veritatem,

1812 4111 1966 4180 signa
1998 4109 2293 4164 forinsecus
2331 4125 2427 4180 per
2471 4117 2770 4164 creaturam
2813 4119 3161 4178 exspectent,
3207 4112 3392 4182 eisque

1813 4207 2128 4254 moveantur
2169 4199 2281 4253 sive
2317 4197 2384 4252 ad
2421 4197 2720 4252 faciendum
2747 4198 2968 4267 aliquid,
3015 4199 3126 4253 sive
3170 4200 3237 4253 ad
3281 4215 3388 4255 non

1812 4270 2142 4352 iaciendum;
2188 4301 2360 4356 quove
2397 4285 2557 4345 modo
2596 4293 2850 4356 cogantur
2880 4293 3078 4340 acterna
3119 4287 3254 4358 lege.
3285 4303 3388 4358 qua

1813 4379 2133 4435 universitas
2176 4376 2400 4447 regitur,
2444 4377 2604 4431 vincti
2645 4384 2804 4446 atque
2850 4377 3142 4442 constricti,
3190 4378 3272 4432 vel
3316 4379 3391 4433 si-

1815 4481 2027 4527 ueutem
2059 4471 2224 4524 Deum
2255 4469 2475 4539 operiri,
2503 4468 2588 4523 vel
2627 4467 2818 4522 cedere
2856 4468 3098 4538 jubenti;
3145 4477 3197 4523 et
3238 4483 3390 4522 com-

1816 4563 1971 4634 plecti
2013 4561 2233 4616 arduum
2254 4603 2268 4622 ,
2301 4569 2354 4616 et
2393 4559 2661 4630 explicare
2695 4559 3060 4630 longissimum
3103 4568 3184 4614 est
3206 4559 3248 4613 ³.
3283 4560 3390 4616 Ve-

1814 4670 1939 4710 reor
1961 4662 2137 4708 autem
2170 4667 2238 4707 ne
2264 4653 2360 4707 ista
2388 4653 2498 4721 ipsa
2526 4667 2642 4721 que
2668 4660 2792 4705 sunt
2819 4666 2848 4704 a
2875 4665 2959 4704 me
2986 4649 3148 4716 dicta,
3190 4660 3246 4706 et
3285 4667 3391 4707 non

1814 4743 2169 4800 satisfecerint
2206 4736 2692 4811 exspectationi,'et
2733 4739 2888 4794 tmdio
2918 4740 3113 4795 fuerint
3139 4741 3385 4811 gravitati

1815 4847 1952 4899 tuae;
1981 4833 2405 4906 quandoquidem
2430 4848 2550 4887 cum
2578 4841 2632 4886 tu
2657 4847 2722 4886 ex
2747 4831 2992 4886 omnibus
3017 4846 3138 4901 qua}
3164 4833 3392 4888 interro-

1813 4927 1944 4998 gasti
1962 4967 1977 4990 ,
2007 4940 2168 4979 unum
2196 4939 2225 4977 a
2255 4939 2342 4978 me
2368 4923 2596 4976 libellum
2624 4922 2760 4977 mitti
2787 4922 2948 4979 velles
2972 4963 2986 4987 ,
3028 4937 3138 4994 ego
3157 4923 3290 4978 duos
3326 4924 3393 4978 li-

1814 5017 1939 5070 bros
1974 5014 2295 5082 eosdemque
2325 5011 2660 5080 longissimos
2689 5011 2844 5079 misi,
2887 5021 2942 5068 et
2974 5011 3210 5067 fortasse
3239 5029 3389 5082 qute-
3435 5011 3439 5028 ’

1814 5104 2073 5162 Stiouibus
2106 5101 2207 5156 tuis
2231 5115 2562 5170 nequaquam
2611 5100 2888 5171 diligenter
2917 5101 3268 5170 expediteque
3298 5116 3386 5157 re-

1880 5259 1900 5323 ξ
1925 5256 2052 5318 Apud
2075 5262 2150 5323 F.r.
2176 5254 2321 5316 Lugd.
2346 5261 2463 5303 ven.
2505 5260 2557 5302 et
2597 5261 2704 5303 Lov.
2731 5255 2933 5323 quaestio
2953 5260 3095 5303 sexta
3118 5267 3212 5323 non
3250 5265 3395 5323 sepa-

1812 5314 2004 5370 ratim'a
2026 5319 2191 5379 quinta
2208 5314 2456 5379 tractatur,
2479 5323 2566 5379 tfro
2590 5330 2603 5366 :
2628 5324 2697 5364 De
2707 5314 2887 5379 spiritu
2914 5327 3024 5364 rero
3045 5314 3398 5379 mendaciule-

1814 5374 2266 5450 gimrsuupliciter,
2291 5386 2360 5450 pe
2382 5376 2554 5439 spiritu
2576 5374 2833 5450 mendacii,
2860 5383 3086 5450 totusque
3113 5375 3254 5450 liber,
3271 5387 3396 5450 eou-

1808 5435 1990 5503 jimctis
2009 5435 2175 5501 quinta
2199 5435 2437 5503 sextaque
2460 5439 2823 5499 quaestionibus,
2849 5435 3065 5498 quiaque
3087 5435 3241 5484 solum
3263 5447 3397 5498 qus:-

1814 5499 1999 5552 stioues
2020 5499 2400 5561 comprehcndit.
2468 5507 2521 5546 Μ.

1880 5565 1900 5592 ²
1924 5563 1995 5609 sic
2018 5569 2120 5609 Mss.
2148 5568 2203 5609 Al.
2227 5561 2362 5618 editi,
2381 5573 2468 5619 pro
2491 5573 2577 5608 sua
2601 5563 2919 5619 perversitate.

1881 5624 1902 5654 ³
1925 5629 1988 5670 tta
2012 5622 2228 5683 melioris
2251 5616 2500 5683 notzetttss.
2529 5616 2643 5668 tidt'ti
2667 5628 2849 5683 autem,
2874 5616 2946 5683 uel
2965 5618 3143 5683 sinente
3168 5622 3395 5683 Deqppe-

1817 5695 1938 5739 mrz,
1964 5682 2035 5730 vel
2059 5691 2231 5730 tutere
2243 5682 2485 5742 jttilt'tti'tc'l
2510 5679 2802 5742 compellenti
2815 5674 3061 5740 {arduum
3083 5681 3126 5726 ct
3148 5674 3396 5738 explicare

1817 5742 2139 5807 longissimum
2159 5755 2244 5792 est.
