  <div class='ocr_page' id='page_1' title='image "/cluster/home/n/w/nwhite01/storage/ocr_20150623/40/uva.x000669811/081.png"; bbox 0 0 3996 6282; ppageno 0'>
   <div class='ocr_carea' id='block_1_1' title="bbox 546 349 3847 426">
    <p class='ocr_par' dir='ltr' id='par_1_1' title="bbox 546 349 3847 426">
     <span class='ocr_line' id='line_1_1' title="bbox 546 349 3847 426; baseline -0.006 -1"><span class='ocrx_word' id='word_1_1' title='bbox 546 371 648 426; x_wconf 78' lang='lat' dir='ltr'><strong>M7</strong></span> <span class='ocrx_word' id='word_1_2' title='bbox 1288 363 1378 418; x_wconf 84' lang='lat' dir='ltr'><strong>DE</strong></span> <span class='ocrx_word' id='word_1_3' title='bbox 1417 361 1596 418; x_wconf 85' lang='lat' dir='ltr'><strong>OCTO</strong></span> <span class='ocrx_word' id='word_1_4' title='bbox 1636 358 1926 416; x_wconf 87' lang='lat' dir='ltr'><strong>DULClTll</strong></span> <span class='ocrx_word' id='word_1_5' title='bbox 1966 354 2508 423; x_wconf 74' lang='lat' dir='ltr'><strong>QUIESTIONIBUS,</strong></span> <span class='ocrx_word' id='word_1_6' title='bbox 2548 354 2604 408; x_wconf 90' lang='lat' dir='ltr'><strong>S.</strong></span> <span class='ocrx_word' id='word_1_7' title='bbox 2645 349 3007 408; x_wconf 81' lang='lat' dir='ltr'><strong>AUGUSTINI</strong></span> <span class='ocrx_word' id='word_1_8' title='bbox 3757 351 3847 405; x_wconf 72' lang='lat' dir='ltr'><strong>HS</strong></span> 
     </span>
    </p>
   </div>
   <div class='ocr_carea' id='block_1_2' title="bbox 546 449 3844 550">
    <p class='ocr_par' dir='ltr' id='par_1_2' title="bbox 546 449 3844 550">
     <span class='ocr_line' id='line_1_2' title="bbox 546 449 3844 550; baseline -0.006 -14"><span class='ocrx_word' id='word_1_9' title='bbox 546 479 762 550; x_wconf 90' lang='lat' dir='ltr'><strong>spondi.</strong></span> <span class='ocrx_word' id='word_1_10' title='bbox 781 477 1135 546; x_wconf 83' lang='lat' dir='ltr'><strong>Quamobrem</strong></span> <span class='ocrx_word' id='word_1_11' title='bbox 1157 491 1342 547; x_wconf 84' lang='lat' dir='ltr'><strong>preces</strong></span> <span class='ocrx_word' id='word_1_12' title='bbox 1370 485 1486 530; x_wconf 88' lang='lat' dir='ltr'><strong>tuas</strong></span> <span class='ocrx_word' id='word_1_13' title='bbox 1510 488 1608 545; x_wconf 91' lang='lat' dir='ltr'><strong>pro</strong></span> <span class='ocrx_word' id='word_1_14' title='bbox 1627 471 1817 529; x_wconf 90' lang='lat' dir='ltr'><strong>erratis</strong></span> <span class='ocrx_word' id='word_1_15' title='bbox 1838 470 1971 526; x_wconf 86' lang='lat' dir='ltr'><strong>meis</strong></span> <span class='ocrx_word' id='word_1_16' title='bbox 1991 469 2133 524; x_wconf 81' lang='lat' dir='ltr'><strong>mul-</strong></span> <span class='ocrx_word' id='word_1_17' title='bbox 2241 481 2404 537; x_wconf 91' lang='lat' dir='ltr'><strong>opere</strong></span> <span class='ocrx_word' id='word_1_18' title='bbox 2443 473 2586 521; x_wconf 85' lang='lat' dir='ltr'><strong>tuam</strong></span> <span class='ocrx_word' id='word_1_19' title='bbox 2629 464 2996 519; x_wconf 86' lang='lat' dir='ltr'><strong>brevissimam</strong></span> <span class='ocrx_word' id='word_1_20' title='bbox 3017 503 3033 529; x_wconf 95' lang='lat'><strong>,</strong></span> <span class='ocrx_word' id='word_1_21' title='bbox 3060 459 3154 516; x_wconf 89' lang='lat' dir='ltr'><strong>scd</strong></span> <span class='ocrx_word' id='word_1_22' title='bbox 3183 457 3578 529; x_wconf 82' lang='lat' dir='ltr'><strong>gravissimam</strong></span> <span class='ocrx_word' id='word_1_23' title='bbox 3625 449 3802 530; x_wconf 77' lang='lat' dir='ltr'><strong>ﬂagito</strong></span> <span class='ocrx_word' id='word_1_24' title='bbox 3830 478 3844 529; x_wconf 88' lang='lat'><strong>;</strong></span> 
     </span>
    </p>
   </div>
   <div class='ocr_carea' id='block_1_3' title="bbox 551 552 3697 642">
    <p class='ocr_par' dir='ltr' id='par_1_3' title="bbox 551 552 3697 642">
     <span class='ocr_line' id='line_1_3' title="bbox 551 552 3697 642; baseline -0.007 -17"><span class='ocrx_word' id='word_1_25' title='bbox 551 582 634 627; x_wconf 82' lang='lat' dir='ltr'><strong>tas</strong></span> <span class='ocrx_word' id='word_1_26' title='bbox 657 571 714 627; x_wconf 90' lang='lat' dir='ltr'><strong>et</strong></span> <span class='ocrx_word' id='word_1_27' title='bbox 741 568 983 626; x_wconf 82' lang='lat' dir='ltr'><strong>assiduas</strong></span> <span class='ocrx_word' id='word_1_28' title='bbox 1018 575 1146 642; x_wconf 89' lang='lat' dir='ltr'><strong>peto</strong></span> <span class='ocrx_word' id='word_1_29' title='bbox 1187 566 1303 623; x_wconf 78' lang='lat' dir='ltr'><strong>ﬁeri</strong></span> <span class='ocrx_word' id='word_1_30' title='bbox 1355 583 1370 622; x_wconf 88' lang='lat'><strong>:</strong></span> <span class='ocrx_word' id='word_1_31' title='bbox 1409 563 1726 621; x_wconf 89' lang='lat' dir='ltr'><strong>sententiam</strong></span> <span class='ocrx_word' id='word_1_32' title='bbox 1767 576 1894 619; x_wconf 78' lang='lat' dir='ltr'><strong>vero</strong></span> <span class='ocrx_word' id='word_1_33' title='bbox 1930 560 1998 616; x_wconf 92' lang='lat' dir='ltr'><strong>de</strong></span> <span class='ocrx_word' id='word_1_34' title='bbox 2032 560 2135 616; x_wconf 90' lang='lat' dir='ltr'><strong>hoc</strong></span> <span class='ocrx_word' id='word_1_35' title='bbox 2242 566 2296 614; x_wconf 88' lang='lat' dir='ltr'><strong>et</strong></span> <span class='ocrx_word' id='word_1_36' title='bbox 2318 557 2442 613; x_wconf 90' lang='lat' dir='ltr'><strong>dum</strong></span> <span class='ocrx_word' id='word_1_37' title='bbox 2465 557 2532 612; x_wconf 85' lang='lat' dir='ltr'><strong>sit</strong></span> <span class='ocrx_word' id='word_1_38' title='bbox 2561 557 2870 623; x_wconf 86' lang='lat' dir='ltr'><strong>verissima,</strong></span> <span class='ocrx_word' id='word_1_39' title='bbox 2897 552 3287 611; x_wconf 84' lang='lat' dir='ltr'><strong>severissimam</strong></span> <span class='ocrx_word' id='word_1_40' title='bbox 3318 565 3429 604; x_wconf 89' lang='lat' dir='ltr'><strong>non</strong></span> <span class='ocrx_word' id='word_1_41' title='bbox 3467 564 3697 604; x_wconf 88' lang='lat' dir='ltr'><strong>recuso.</strong></span> 
     </span>
    </p>
   </div>
   <div class='ocr_carea' id='block_1_4' title="bbox 1703 817 2758 967">
    <p class='ocr_par' dir='ltr' id='par_1_4' title="bbox 1703 817 2758 967">
     <span class='ocr_line' id='line_1_4' title="bbox 1703 817 2758 967; baseline -0.008 0"><span class='ocrx_word' id='word_1_42' title='bbox 1703 817 2758 967; x_wconf 82' lang='lat' dir='ltr'><strong>ADMONITIO</strong></span> 
     </span>
    </p>
   </div>
   <div class='ocr_carea' id='block_1_5' title="bbox 1259 1035 3130 1116">
    <p class='ocr_par' dir='ltr' id='par_1_5' title="bbox 1259 1035 3130 1116">
     <span class='ocr_line' id='line_1_5' title="bbox 1259 1035 3130 1116; baseline -0.006 -4"><span class='ocrx_word' id='word_1_43' title='bbox 1259 1035 1340 1112; x_wconf 78' lang='lat' dir='ltr'><strong>IN</strong></span> <span class='ocrx_word' id='word_1_44' title='bbox 1383 1047 1681 1111; x_wconf 78' lang='lat' dir='ltr'><strong>LIBRUM</strong></span> <span class='ocrx_word' id='word_1_45' title='bbox 1725 1046 1828 1106; x_wconf 88' lang='lat' dir='ltr'><strong>DE</strong></span> <span class='ocrx_word' id='word_1_46' title='bbox 1871 1042 2078 1108; x_wconf 83' lang='lat' dir='ltr'><strong>ocro</strong></span> <span class='ocrx_word' id='word_1_47' title='bbox 2119 1043 2466 1106; x_wconf 88' lang='lat' dir='ltr'><strong>DULClTlI</strong></span> <span class='ocrx_word' id='word_1_48' title='bbox 2508 1042 3130 1116; x_wconf 71' lang='lat' dir='ltr'><strong>QUESTIONIBUS.</strong></span> 
     </span>
    </p>
   </div>
   <div class='ocr_carea' id='block_1_6' title="bbox 2015 1219 2385 1279">
    <p class='ocr_par' dir='ltr' id='par_1_6' title="bbox 2015 1219 2385 1279">
     <span class='ocr_line' id='line_1_6' title="bbox 2015 1219 2385 1279; baseline -0.011 0"><span class='ocrx_word' id='word_1_49' title='bbox 2015 1219 2385 1279; x_wconf 62' lang='lat' dir='ltr'><strong>W89</strong></span> 
     </span>
    </p>
   </div>
   <div class='ocr_carea' id='block_1_7' title="bbox 651 1358 3843 1435">
    <p class='ocr_par' dir='ltr' id='par_1_7' title="bbox 651 1358 3843 1435">
     <span class='ocr_line' id='line_1_7' title="bbox 651 1358 3843 1435; baseline -0.001 -13"><span class='ocrx_word' id='word_1_50' title='bbox 651 1365 728 1422; x_wconf 83' lang='lat' dir='ltr'><strong>De</strong></span> <span class='ocrx_word' id='word_1_51' title='bbox 754 1362 984 1420; x_wconf 89' lang='lat' dir='ltr'><strong>Dulcitio</strong></span> <span class='ocrx_word' id='word_1_52' title='bbox 1011 1363 1273 1435; x_wconf 86' lang='lat' dir='ltr'><strong>primum,</strong></span> <span class='ocrx_word' id='word_1_53' title='bbox 1313 1363 1405 1435; x_wconf 89' lang='lat' dir='ltr'><strong>qui</strong></span> <span class='ocrx_word' id='word_1_54' title='bbox 1441 1363 1563 1420; x_wconf 83' lang='lat' dir='ltr'><strong>libri</strong></span> <span class='ocrx_word' id='word_1_55' title='bbox 1591 1362 1752 1434; x_wconf 81' lang='lat' dir='ltr'><strong>hujus</strong></span> <span class='ocrx_word' id='word_1_56' title='bbox 1775 1362 2044 1420; x_wconf 78' lang='lat' dir='ltr'><strong>scribendi</strong></span> <span class='ocrx_word' id='word_1_57' title='bbox 2069 1370 2438 1432; x_wconf 76' lang='lat' dir='ltr'><strong>argumentum</strong></span> <span class='ocrx_word' id='word_1_58' title='bbox 2471 1361 2770 1432; x_wconf 76' lang='lat' dir='ltr'><strong>Augustino</strong></span> <span class='ocrx_word' id='word_1_59' title='bbox 2795 1358 3047 1429; x_wconf 81' lang='lat' dir='ltr'><strong>praebuit,</strong></span> <span class='ocrx_word' id='word_1_60' title='bbox 3089 1359 3218 1415; x_wconf 85' lang='lat' dir='ltr'><strong>nulli</strong></span> <span class='ocrx_word' id='word_1_61' title='bbox 3247 1359 3572 1416; x_wconf 85' lang='lat' dir='ltr'><strong>dubitamus</strong></span> <span class='ocrx_word' id='word_1_62' title='bbox 3599 1361 3730 1430; x_wconf 89' lang='lat' dir='ltr'><strong>quin</strong></span> <span class='ocrx_word' id='word_1_63' title='bbox 3765 1362 3843 1420; x_wconf 88' lang='lat' dir='ltr'><strong>ille</strong></span> 
     </span>
    </p>
   </div>
   <div class='ocr_carea' id='block_1_8' title="bbox 570 1452 3840 1528">
    <p class='ocr_par' dir='ltr' id='par_1_8' title="bbox 570 1452 3840 1528">
     <span class='ocr_line' id='line_1_8' title="bbox 570 1452 3840 1528; baseline -0.001 -16"><span class='ocrx_word' id='word_1_64' title='bbox 570 1457 686 1528; x_wconf 81' lang='lat' dir='ltr'><strong>ipse</strong></span> <span class='ocrx_word' id='word_1_65' title='bbox 713 1457 784 1512; x_wconf 90' lang='lat' dir='ltr'><strong>sit</strong></span> <span class='ocrx_word' id='word_1_66' title='bbox 808 1456 1049 1512; x_wconf 87' lang='lat' dir='ltr'><strong>tribunus</strong></span> <span class='ocrx_word' id='word_1_67' title='bbox 1073 1463 1127 1511; x_wconf 90' lang='lat' dir='ltr'><strong>et</strong></span> <span class='ocrx_word' id='word_1_68' title='bbox 1156 1455 1395 1511; x_wconf 84' lang='lat' dir='ltr'><strong>notarius</strong></span> <span class='ocrx_word' id='word_1_69' title='bbox 1421 1455 1474 1510; x_wconf 89' lang='lat' dir='ltr'><strong>in</strong></span> <span class='ocrx_word' id='word_1_70' title='bbox 1503 1454 1642 1512; x_wconf 88' lang='lat' dir='ltr'><strong>libro</strong></span> <span class='ocrx_word' id='word_1_71' title='bbox 1663 1455 1701 1510; x_wconf 79' lang='lat'><strong>2</strong></span> <span class='ocrx_word' id='word_1_72' title='bbox 1741 1453 2224 1520; x_wconf 81' lang='lat' dir='ltr'><strong>Retractatiouum,</strong></span> <span class='ocrx_word' id='word_1_73' title='bbox 2261 1468 2380 1524; x_wconf 87' lang='lat' dir='ltr'><strong>cap.</strong></span> <span class='ocrx_word' id='word_1_74' title='bbox 2410 1453 2500 1518; x_wconf 84' lang='lat'><strong>59,</strong></span> <span class='ocrx_word' id='word_1_75' title='bbox 2535 1453 2798 1520; x_wconf 88' lang='lat' dir='ltr'><strong>laudatus,</strong></span> <span class='ocrx_word' id='word_1_76' title='bbox 2827 1452 2917 1522; x_wconf 89' lang='lat' dir='ltr'><strong>qui</strong></span> <span class='ocrx_word' id='word_1_77' title='bbox 2947 1452 3160 1508; x_wconf 87' lang='lat' dir='ltr'><strong>circiter</strong></span> <span class='ocrx_word' id='word_1_78' title='bbox 3197 1468 3397 1508; x_wconf 91' lang='lat' dir='ltr'><strong>annum</strong></span> <span class='ocrx_word' id='word_1_79' title='bbox 3432 1453 3571 1520; x_wconf 63' lang='lat'><strong>420,</strong></span> <span class='ocrx_word' id='word_1_80' title='bbox 3601 1455 3756 1510; x_wconf 86' lang='lat' dir='ltr'><strong>sicuti</strong></span> <span class='ocrx_word' id='word_1_81' title='bbox 3783 1471 3840 1511; x_wconf 81' lang='lat' dir='ltr'><strong>ex</strong></span> 
     </span>
    </p>
   </div>
   <div class='ocr_carea' id='block_1_9' title="bbox 571 1542 3846 1619">
    <p class='ocr_par' dir='ltr' id='par_1_9' title="bbox 571 1542 3846 1619">
     <span class='ocr_line' id='line_1_9' title="bbox 571 1542 3846 1619; baseline -0.001 -14"><span class='ocrx_word' id='word_1_82' title='bbox 571 1548 761 1605; x_wconf 88' lang='lat' dir='ltr'><strong>eodem</strong></span> <span class='ocrx_word' id='word_1_83' title='bbox 789 1549 910 1604; x_wconf 92' lang='lat' dir='ltr'><strong>loco</strong></span> <span class='ocrx_word' id='word_1_84' title='bbox 939 1547 1270 1619; x_wconf 78' lang='lat' dir='ltr'><strong>intelligitur,</strong></span> <span class='ocrx_word' id='word_1_85' title='bbox 1299 1546 1352 1602; x_wconf 91' lang='lat' dir='ltr'><strong>in</strong></span> <span class='ocrx_word' id='word_1_86' title='bbox 1376 1545 1557 1602; x_wconf 80' lang='lat' dir='ltr'><strong>Africa</strong></span> <span class='ocrx_word' id='word_1_87' title='bbox 1586 1545 1812 1618; x_wconf 85' lang='lat' dir='ltr'><strong>agebat,</strong></span> <span class='ocrx_word' id='word_1_88' title='bbox 1841 1545 1980 1602; x_wconf 88' lang='lat' dir='ltr'><strong>datis</strong></span> <span class='ocrx_word' id='word_1_89' title='bbox 2003 1545 2072 1601; x_wconf 88' lang='lat' dir='ltr'><strong>ab</strong></span> <span class='ocrx_word' id='word_1_90' title='bbox 2097 1545 2418 1614; x_wconf 85' lang='lat' dir='ltr'><strong>imperatore</strong></span> <span class='ocrx_word' id='word_1_91' title='bbox 2449 1545 2684 1600; x_wconf 83' lang='lat' dir='ltr'><strong>Honorio</strong></span> <span class='ocrx_word' id='word_1_92' title='bbox 2712 1550 2897 1599; x_wconf 90' lang='lat' dir='ltr'><strong>contra</strong></span> <span class='ocrx_word' id='word_1_93' title='bbox 2925 1542 3227 1599; x_wconf 89' lang='lat' dir='ltr'><strong>Donatistas</strong></span> <span class='ocrx_word' id='word_1_94' title='bbox 3253 1543 3466 1614; x_wconf 75' lang='lat' dir='ltr'><strong>legibus</strong></span> <span class='ocrx_word' id='word_1_95' title='bbox 3493 1546 3846 1614; x_wconf 78' lang='lat' dir='ltr'><strong>exsequendis</strong></span> 
     </span>
    </p>
   </div>
   <div class='ocr_carea' id='block_1_10' title="bbox 570 1635 3839 1713">
    <p class='ocr_par' dir='ltr' id='par_1_10' title="bbox 570 1635 3839 1713">
     <span class='ocr_line' id='line_1_10' title="bbox 570 1635 3839 1713; baseline -0.001 -16"><span class='ocrx_word' id='word_1_96' title='bbox 570 1640 872 1713; x_wconf 67' lang='lat' dir='ltr'><strong>praefectus.</strong></span> <span class='ocrx_word' id='word_1_97' title='bbox 901 1641 984 1696; x_wconf 87' lang='lat' dir='ltr'><strong>Ad</strong></span> <span class='ocrx_word' id='word_1_98' title='bbox 1009 1641 1279 1708; x_wconf 90' lang='lat' dir='ltr'><strong>eumdem,</strong></span> <span class='ocrx_word' id='word_1_99' title='bbox 1309 1656 1431 1699; x_wconf 90' lang='lat' dir='ltr'><strong>cum</strong></span> <span class='ocrx_word' id='word_1_100' title='bbox 1456 1641 1668 1698; x_wconf 90' lang='lat' dir='ltr'><strong>edoceri</strong></span> <span class='ocrx_word' id='word_1_101' title='bbox 1696 1648 1918 1712; x_wconf 88' lang='lat' dir='ltr'><strong>cuperet</strong></span> <span class='ocrx_word' id='word_1_102' title='bbox 1943 1638 2072 1711; x_wconf 89' lang='lat' dir='ltr'><strong>quid</strong></span> <span class='ocrx_word' id='word_1_103' title='bbox 2100 1639 2366 1694; x_wconf 69' lang='lat' dir='ltr'><strong>bzercticis</strong></span> <span class='ocrx_word' id='word_1_104' title='bbox 2393 1639 2499 1693; x_wconf 87' lang='lat' dir='ltr'><strong>illis</strong></span> <span class='ocrx_word' id='word_1_105' title='bbox 2525 1637 2833 1708; x_wconf 82' lang='lat' dir='ltr'><strong>responderi</strong></span> <span class='ocrx_word' id='word_1_106' title='bbox 2863 1644 3172 1713; x_wconf 86' lang='lat' dir='ltr'><strong>oporteret,</strong></span> <span class='ocrx_word' id='word_1_107' title='bbox 3207 1637 3405 1706; x_wconf 86' lang='lat' dir='ltr'><strong>scripta</strong></span> <span class='ocrx_word' id='word_1_108' title='bbox 3437 1635 3545 1692; x_wconf 79' lang='lat' dir='ltr'><strong>fuit</strong></span> <span class='ocrx_word' id='word_1_109' title='bbox 3571 1637 3839 1708; x_wconf 78' lang='lat' dir='ltr'><strong>Augustini</strong></span> 
     </span>
    </p>
   </div>
   <div class='ocr_carea' id='block_1_11' title="bbox 571 1712 3843 1802">
    <p class='ocr_par' dir='ltr' id='par_1_11' title="bbox 571 1712 3843 1802">
     <span class='ocr_line' id='line_1_11' title="bbox 571 1712 3843 1802; baseline -0.001 -15"><span class='ocrx_word' id='word_1_110' title='bbox 571 1712 799 1802; x_wconf 87' lang='lat' dir='ltr'><strong>epistola</strong></span> <span class='ocrx_word' id='word_1_111' title='bbox 823 1729 967 1799; x_wconf 58' lang='grc' dir='ltr'>ποι,</span> <span class='ocrx_word' id='word_1_112' title='bbox 992 1731 1079 1786; x_wconf 93' lang='lat' dir='ltr'><strong>cui</strong></span> <span class='ocrx_word' id='word_1_113' title='bbox 1109 1731 1294 1786; x_wconf 87' lang='lat' dir='ltr'><strong>titulus</strong></span> <span class='ocrx_word' id='word_1_114' title='bbox 1312 1773 1328 1799; x_wconf 95' lang='lat'><strong>,</strong></span> <span class='ocrx_word' id='word_1_115' title='bbox 1365 1749 1386 1784; x_wconf 75' lang='lat' dir='ltr'><strong>t</strong></span> <span class='ocrx_word' id='word_1_116' title='bbox 1413 1731 1639 1786; x_wconf 90' lang='lat' dir='ltr'><strong>Domino</strong></span> <span class='ocrx_word' id='word_1_117' title='bbox 1667 1729 1897 1798; x_wconf 80' lang='lat' dir='ltr'><strong>eximio,</strong></span> <span class='ocrx_word' id='word_1_118' title='bbox 1933 1738 1987 1786; x_wconf 91' lang='lat' dir='ltr'><strong>et</strong></span> <span class='ocrx_word' id='word_1_119' title='bbox 2015 1729 2313 1785; x_wconf 88' lang='lat' dir='ltr'><strong>honorabili</strong></span> <span class='ocrx_word' id='word_1_120' title='bbox 2342 1729 2448 1784; x_wconf 79' lang='lat' dir='ltr'><strong>tilio</strong></span> <span class='ocrx_word' id='word_1_121' title='bbox 2477 1729 2733 1795; x_wconf 88' lang='lat' dir='ltr'><strong>Dulcitio,</strong></span> <span class='ocrx_word' id='word_1_122' title='bbox 2766 1747 2784 1781; x_wconf 76' lang='grc' dir='ltr'><strong><em>ι</em></strong></span> <span class='ocrx_word' id='word_1_123' title='bbox 2820 1725 3126 1798; x_wconf 67' lang='grc' dir='ltr'><strong>ρτωίὶείῑῐιιι.</strong></span> <span class='ocrx_word' id='word_1_124' title='bbox 3159 1712 3520 1783; x_wconf 78' lang='lat' dir='ltr'><strong>Mercatorem</strong></span> <span class='ocrx_word' id='word_1_125' title='bbox 3549 1741 3746 1798; x_wconf 88' lang='lat' dir='ltr'><strong>porro,</strong></span> <span class='ocrx_word' id='word_1_126' title='bbox 3772 1729 3843 1784; x_wconf 85' lang='lat' dir='ltr'><strong>cui</strong></span> 
     </span>
    </p>
   </div>
   <div class='ocr_carea' id='block_1_12' title="bbox 571 1807 3842 1895">
    <p class='ocr_par' dir='ltr' id='par_1_12' title="bbox 571 1807 3842 1895">
     <span class='ocr_line' id='line_1_12' title="bbox 571 1807 3842 1895; baseline -0.002 -15"><span class='ocrx_word' id='word_1_127' title='bbox 571 1839 670 1894; x_wconf 86' lang='lat' dir='ltr'><strong>per</strong></span> <span class='ocrx_word' id='word_1_128' title='bbox 692 1821 944 1879; x_wconf 84' lang='lat' dir='ltr'><strong>Albinum</strong></span> <span class='ocrx_word' id='word_1_129' title='bbox 974 1823 1230 1878; x_wconf 80' lang='lat' dir='ltr'><strong>Romanae</strong></span> <span class='ocrx_word' id='word_1_130' title='bbox 1270 1815 1524 1878; x_wconf 70' lang='lat' dir='ltr'><strong>Ecclesia:</strong></span> <span class='ocrx_word' id='word_1_131' title='bbox 1552 1821 1858 1895; x_wconf 85' lang='lat' dir='ltr'><strong>acolythum</strong></span> <span class='ocrx_word' id='word_1_132' title='bbox 1897 1835 1966 1878; x_wconf 81' lang='lat' dir='ltr'><strong>ex</strong></span> <span class='ocrx_word' id='word_1_133' title='bbox 1995 1807 2174 1876; x_wconf 72' lang='lat' dir='ltr'><strong>Africa</strong></span> <span class='ocrx_word' id='word_1_134' title='bbox 2219 1819 2642 1890; x_wconf 73' lang='lat' dir='ltr'><strong>proficiscentem</strong></span> <span class='ocrx_word' id='word_1_135' title='bbox 2686 1819 2920 1884; x_wconf 85' lang='lat' dir='ltr'><strong>litteras,</strong></span> <span class='ocrx_word' id='word_1_136' title='bbox 2965 1818 3068 1874; x_wconf 88' lang='lat' dir='ltr'><strong>hoc</strong></span> <span class='ocrx_word' id='word_1_137' title='bbox 3103 1817 3156 1872; x_wconf 90' lang='lat' dir='ltr'><strong>in</strong></span> <span class='ocrx_word' id='word_1_138' title='bbox 3197 1833 3360 1887; x_wconf 84' lang='lat' dir='ltr'><strong>opere</strong></span> <span class='ocrx_word' id='word_1_139' title='bbox 3397 1817 3473 1874; x_wconf 90' lang='lat' dir='ltr'><strong>ad</strong></span> <span class='ocrx_word' id='word_1_140' title='bbox 3507 1821 3842 1890; x_wconf 63' lang='lat' dir='ltr'><strong>quaeStionem</strong></span> 
     </span>
    </p>
   </div>
   <div class='ocr_carea' id='block_1_13' title="bbox 571 1907 3843 1986">
    <p class='ocr_par' dir='ltr' id='par_1_13' title="bbox 571 1907 3843 1986">
     <span class='ocr_line' id='line_1_13' title="bbox 571 1907 3843 1986; baseline -0.002 -15"><span class='ocrx_word' id='word_1_141' title='bbox 571 1916 611 1971; x_wconf 77' lang='lat'><strong>3</strong></span> <span class='ocrx_word' id='word_1_142' title='bbox 633 1914 842 1980; x_wconf 87' lang='lat' dir='ltr'><strong>citatas,</strong></span> <span class='ocrx_word' id='word_1_143' title='bbox 869 1915 1018 1970; x_wconf 90' lang='lat' dir='ltr'><strong>misit</strong></span> <span class='ocrx_word' id='word_1_144' title='bbox 1043 1915 1389 1986; x_wconf 84' lang='lat' dir='ltr'><strong>Augustinus,</strong></span> <span class='ocrx_word' id='word_1_145' title='bbox 1422 1914 1648 1969; x_wconf 89' lang='lat' dir='ltr'><strong>Dulcitio</strong></span> <span class='ocrx_word' id='word_1_146' title='bbox 1676 1914 2011 1970; x_wconf 89' lang='lat' dir='ltr'><strong>notissimum</strong></span> <span class='ocrx_word' id='word_1_147' title='bbox 2045 1911 2332 1968; x_wconf 80' lang='lat' dir='ltr'><strong>credebat:</strong></span> <span class='ocrx_word' id='word_1_148' title='bbox 2367 1911 2710 1968; x_wconf 89' lang='lat' dir='ltr'><strong>Laurentium</strong></span> <span class='ocrx_word' id='word_1_149' title='bbox 2741 1926 2870 1965; x_wconf 81' lang='lat' dir='ltr'><strong>vero</strong></span> <span class='ocrx_word' id='word_1_150' title='bbox 2884 1907 2910 1977; x_wconf 73' lang='lat'><strong>,‘</strong></span> <span class='ocrx_word' id='word_1_151' title='bbox 2933 1910 3018 1966; x_wconf 91' lang='lat' dir='ltr'><strong>cui</strong></span> <span class='ocrx_word' id='word_1_152' title='bbox 3044 1909 3195 1965; x_wconf 87' lang='lat' dir='ltr'><strong>urbis</strong></span> <span class='ocrx_word' id='word_1_153' title='bbox 3221 1909 3406 1965; x_wconf 62' lang='lat' dir='ltr'><strong>Romae</strong></span> <span class='ocrx_word' id='word_1_154' title='bbox 3441 1911 3756 1981; x_wconf 82' lang='lat' dir='ltr'><strong>primicerio</strong></span> <span class='ocrx_word' id='word_1_155' title='bbox 3775 1911 3843 1966; x_wconf 88' lang='lat' dir='ltr'><strong>in-</strong></span> 
     </span>
    </p>
   </div>
   <div class='ocr_carea' id='block_1_14' title="bbox 575 1985 3476 2073">
    <p class='ocr_par' dir='ltr' id='par_1_14' title="bbox 575 1985 3476 2073">
     <span class='ocr_line' id='line_1_14' title="bbox 575 1985 3476 2073; baseline -0.002 -9"><span class='ocrx_word' id='word_1_156' title='bbox 575 1992 826 2064; x_wconf 82' lang='lat' dir='ltr'><strong>scribitur</strong></span> <span class='ocrx_word' id='word_1_157' title='bbox 849 2006 1059 2062; x_wconf 90' lang='lat' dir='ltr'><strong>libellus</strong></span> <span class='ocrx_word' id='word_1_158' title='bbox 1085 2005 1256 2061; x_wconf 90' lang='lat' dir='ltr'><strong>dictus</strong></span> <span class='ocrx_word' id='word_1_159' title='bbox 1283 2005 1650 2073; x_wconf 76' lang='lat' dir='ltr'><strong>Encltiridion,</strong></span> <span class='ocrx_word' id='word_1_160' title='bbox 1682 2005 1895 2060; x_wconf 90' lang='lat' dir='ltr'><strong>Dulcitii</strong></span> <span class='ocrx_word' id='word_1_161' title='bbox 1933 2004 2155 2060; x_wconf 80' lang='lat' dir='ltr'><strong>fratrem</strong></span> <span class='ocrx_word' id='word_1_162' title='bbox 2208 2003 2294 2058; x_wconf 87' lang='lat' dir='ltr'><strong>hic</strong></span> <span class='ocrx_word' id='word_1_163' title='bbox 2324 2003 2391 2058; x_wconf 91' lang='lat' dir='ltr'><strong>ad</strong></span> <span class='ocrx_word' id='word_1_164' title='bbox 2419 2003 2764 2073; x_wconf 69' lang='lat' dir='ltr'><strong>qumstionem</strong></span> <span class='ocrx_word' id='word_1_165' title='bbox 2794 2004 2818 2057; x_wconf 79' lang='lat' dir='ltr'><strong>l</strong></span> <span class='ocrx_word' id='word_1_166' title='bbox 2855 2001 3189 2072; x_wconf 83' lang='lat' dir='ltr'><strong>respondens</strong></span> <span class='ocrx_word' id='word_1_167' title='bbox 3211 1985 3476 2071; x_wconf 82' lang='lat' dir='ltr'><strong>appellat.</strong></span> 
     </span>
    </p>
   </div>
   <div class='ocr_carea' id='block_1_15' title="bbox 647 2088 3843 2169">
    <p class='ocr_par' dir='ltr' id='par_1_15' title="bbox 647 2088 3843 2169">
     <span class='ocr_line' id='line_1_15' title="bbox 647 2088 3843 2169; baseline -0.001 -16"><span class='ocrx_word' id='word_1_168' title='bbox 647 2096 763 2153; x_wconf 76' lang='lat' dir='ltr'><strong>1am</strong></span> <span class='ocrx_word' id='word_1_169' title='bbox 788 2096 857 2153; x_wconf 93' lang='lat' dir='ltr'><strong>de</strong></span> <span class='ocrx_word' id='word_1_170' title='bbox 877 2096 1248 2167; x_wconf 82' lang='lat' dir='ltr'><strong>subsequentis</strong></span> <span class='ocrx_word' id='word_1_171' title='bbox 1275 2097 1454 2168; x_wconf 89' lang='lat' dir='ltr'><strong>operis</strong></span> <span class='ocrx_word' id='word_1_172' title='bbox 1477 2099 1654 2161; x_wconf 63' lang='lat' dir='ltr'><strong>aetate,</strong></span> <span class='ocrx_word' id='word_1_173' title='bbox 1683 2095 1734 2150; x_wconf 91' lang='lat' dir='ltr'><strong>id</strong></span> <span class='ocrx_word' id='word_1_174' title='bbox 1761 2094 1980 2151; x_wconf 89' lang='lat' dir='ltr'><strong>omnino</strong></span> <span class='ocrx_word' id='word_1_175' title='bbox 2006 2102 2248 2161; x_wconf 88' lang='lat' dir='ltr'><strong>constat,</strong></span> <span class='ocrx_word' id='word_1_176' title='bbox 2285 2093 2488 2149; x_wconf 91' lang='lat' dir='ltr'><strong>editum</strong></span> <span class='ocrx_word' id='word_1_177' title='bbox 2514 2095 2633 2149; x_wconf 76' lang='lat' dir='ltr'><strong>esSe</strong></span> <span class='ocrx_word' id='word_1_178' title='bbox 2659 2102 2781 2163; x_wconf 84' lang='lat' dir='ltr'><strong>post</strong></span> <span class='ocrx_word' id='word_1_179' title='bbox 2805 2091 3004 2148; x_wconf 84' lang='lat' dir='ltr'><strong>Christi</strong></span> <span class='ocrx_word' id='word_1_180' title='bbox 3043 2106 3240 2146; x_wconf 92' lang='lat' dir='ltr'><strong>annum</strong></span> <span class='ocrx_word' id='word_1_181' title='bbox 3271 2092 3398 2159; x_wconf 78' lang='grc'><strong>419,</strong></span> <span class='ocrx_word' id='word_1_182' title='bbox 3434 2092 3554 2148; x_wconf 89' lang='lat' dir='ltr'><strong>imo</strong></span> <span class='ocrx_word' id='word_1_183' title='bbox 3585 2093 3705 2163; x_wconf 87' lang='lat' dir='ltr'><strong>post</strong></span> <span class='ocrx_word' id='word_1_184' title='bbox 3729 2088 3843 2169; x_wconf 53' lang='lat'><strong>120;</strong></span> 
     </span>
    </p>
   </div>
   <div class='ocr_carea' id='block_1_16' title="bbox 577 2173 3844 2261">
    <p class='ocr_par' dir='ltr' id='par_1_16' title="bbox 577 2173 3844 2261">
     <span class='ocr_line' id='line_1_16' title="bbox 577 2173 3844 2261; baseline -0.001 -17"><span class='ocrx_word' id='word_1_185' title='bbox 577 2189 1008 2261; x_wconf 84' lang='lat' dir='ltr'><strong>quandoquidem</strong></span> <span class='ocrx_word' id='word_1_186' title='bbox 1033 2189 1229 2245; x_wconf 88' lang='lat' dir='ltr'><strong>citatus</strong></span> <span class='ocrx_word' id='word_1_187' title='bbox 1253 2189 1307 2244; x_wconf 88' lang='lat' dir='ltr'><strong>in</strong></span> <span class='ocrx_word' id='word_1_188' title='bbox 1334 2188 1670 2259; x_wconf 73' lang='lat' dir='ltr'><strong>iquaestione</strong></span> <span class='ocrx_word' id='word_1_189' title='bbox 1693 2187 1826 2243; x_wconf 88' lang='lat' dir='ltr'><strong>liber</strong></span> <span class='ocrx_word' id='word_1_190' title='bbox 1838 2185 2182 2242; x_wconf 86' lang='lat' dir='ltr'><strong>Enchiridion</strong></span> <span class='ocrx_word' id='word_1_191' title='bbox 2209 2199 2350 2240; x_wconf 90' lang='lat' dir='ltr'><strong>anno</strong></span> <span class='ocrx_word' id='word_1_192' title='bbox 2396 2185 2495 2257; x_wconf 91' lang='lat' dir='ltr'><strong>(uti</strong></span> <span class='ocrx_word' id='word_1_193' title='bbox 2519 2201 2616 2240; x_wconf 86' lang='lat' dir='ltr'><strong>suo</strong></span> <span class='ocrx_word' id='word_1_194' title='bbox 2641 2186 2832 2241; x_wconf 83' lang='lat' dir='ltr'><strong>dicturi</strong></span> <span class='ocrx_word' id='word_1_195' title='bbox 2861 2201 3046 2243; x_wconf 93' lang='lat' dir='ltr'><strong>sumus</strong></span> <span class='ocrx_word' id='word_1_196' title='bbox 3071 2187 3231 2257; x_wconf 90' lang='lat' dir='ltr'><strong>loco),</strong></span> <span class='ocrx_word' id='word_1_197' title='bbox 3263 2202 3366 2241; x_wconf 88' lang='lat' dir='ltr'><strong>non</strong></span> <span class='ocrx_word' id='word_1_198' title='bbox 3396 2187 3558 2257; x_wconf 90' lang='lat' dir='ltr'><strong>prius</strong></span> <span class='ocrx_word' id='word_1_199' title='bbox 3583 2173 3682 2241; x_wconf 67' lang='grc'><strong>421</strong></span> <span class='ocrx_word' id='word_1_200' title='bbox 3705 2183 3844 2255; x_wconf 85' lang='lat' dir='ltr'><strong>prod-</strong></span> 
     </span>
    </p>
   </div>
   <div class='ocr_carea' id='block_1_17' title="bbox 579 2268 3843 2348">
    <p class='ocr_par' dir='ltr' id='par_1_17' title="bbox 579 2268 3843 2348">
     <span class='ocr_line' id='line_1_17' title="bbox 579 2268 3843 2348; baseline -0.002 -13"><span class='ocrx_word' id='word_1_201' title='bbox 579 2278 662 2336; x_wconf 88' lang='lat' dir='ltr'><strong>iit.</strong></span> <span class='ocrx_word' id='word_1_202' title='bbox 721 2268 879 2334; x_wconf 79' lang='lat' dir='ltr'><strong>Aliud</strong></span> <span class='ocrx_word' id='word_1_203' title='bbox 928 2278 1090 2334; x_wconf 87' lang='lat' dir='ltr'><strong>etiam</strong></span> <span class='ocrx_word' id='word_1_204' title='bbox 1115 2293 1223 2334; x_wconf 90' lang='lat' dir='ltr'><strong>non</strong></span> <span class='ocrx_word' id='word_1_205' title='bbox 1248 2277 1425 2333; x_wconf 85' lang='lat' dir='ltr'><strong>minus</strong></span> <span class='ocrx_word' id='word_1_206' title='bbox 1450 2279 1635 2348; x_wconf 86' lang='lat' dir='ltr'><strong>liquet,</strong></span> <span class='ocrx_word' id='word_1_207' title='bbox 1667 2277 1958 2348; x_wconf 72' lang='lat' dir='ltr'><strong>perlectum</strong></span> <span class='ocrx_word' id='word_1_208' title='bbox 1985 2277 2188 2332; x_wconf 88' lang='lat' dir='ltr'><strong>scilicet</strong></span> <span class='ocrx_word' id='word_1_209' title='bbox 2217 2275 2382 2331; x_wconf 80' lang='lat' dir='ltr'><strong>fuisse</strong></span> <span class='ocrx_word' id='word_1_210' title='bbox 2405 2276 2676 2346; x_wconf 89' lang='lat' dir='ltr'><strong>aliquanto</strong></span> <span class='ocrx_word' id='word_1_211' title='bbox 2704 2285 2830 2332; x_wconf 90' lang='lat' dir='ltr'><strong>ante</strong></span> <span class='ocrx_word' id='word_1_212' title='bbox 2866 2293 3064 2333; x_wconf 90' lang='lat' dir='ltr'><strong>annum</strong></span> <span class='ocrx_word' id='word_1_213' title='bbox 3093 2278 3226 2344; x_wconf 69' lang='lat'><strong>450;</strong></span> <span class='ocrx_word' id='word_1_214' title='bbox 3255 2278 3458 2348; x_wconf 88' lang='lat' dir='ltr'><strong>quippe</strong></span> <span class='ocrx_word' id='word_1_215' title='bbox 3503 2291 3635 2332; x_wconf 86' lang='lat' dir='ltr'><strong>cum</strong></span> <span class='ocrx_word' id='word_1_216' title='bbox 3678 2276 3727 2330; x_wconf 91' lang='lat' dir='ltr'><strong>in</strong></span> <span class='ocrx_word' id='word_1_217' title='bbox 3754 2275 3843 2329; x_wconf 83' lang='lat' dir='ltr'><strong>Re-</strong></span> 
     </span>
    </p>
   </div>
   <div class='ocr_carea' id='block_1_18' title="bbox 582 2354 3842 2446">
    <p class='ocr_par' dir='ltr' id='par_1_18' title="bbox 582 2354 3842 2446">
     <span class='ocr_line' id='line_1_18' title="bbox 582 2354 3842 2446; baseline -0.002 -23"><span class='ocrx_word' id='word_1_218' title='bbox 582 2370 955 2426; x_wconf 87' lang='lat' dir='ltr'><strong>tractationum</strong></span> <span class='ocrx_word' id='word_1_219' title='bbox 984 2369 1135 2425; x_wconf 86' lang='lat' dir='ltr'><strong>libris</strong></span> <span class='ocrx_word' id='word_1_220' title='bbox 1162 2383 1304 2424; x_wconf 87' lang='lat' dir='ltr'><strong>anno</strong></span> <span class='ocrx_word' id='word_1_221' title='bbox 1330 2367 1442 2424; x_wconf 81' lang='lat' dir='ltr'><strong>fere</strong></span> <span class='ocrx_word' id='word_1_222' title='bbox 1469 2354 1572 2423; x_wconf 66' lang='lat'><strong>427</strong></span> <span class='ocrx_word' id='word_1_223' title='bbox 1601 2366 1860 2423; x_wconf 88' lang='lat' dir='ltr'><strong>absolutis</strong></span> <span class='ocrx_word' id='word_1_224' title='bbox 1881 2375 2245 2422; x_wconf 80' lang='lat' dir='ltr'><strong>recensentur.</strong></span> <span class='ocrx_word' id='word_1_225' title='bbox 2271 2365 2608 2435; x_wconf 85' lang='lat' dir='ltr'><strong>Quapropter</strong></span> <span class='ocrx_word' id='word_1_226' title='bbox 2633 2360 3073 2446; x_wconf 37' lang='lat' dir='ltr'><strong>haudoimmerito</strong></span> <span class='ocrx_word' id='word_1_227' title='bbox 3113 2375 3334 2423; x_wconf 87' lang='lat' dir='ltr'><strong>censent</strong></span> <span class='ocrx_word' id='word_1_228' title='bbox 3357 2364 3740 2437; x_wconf 86' lang='lat' dir='ltr'><strong>corrigendam</strong></span> <span class='ocrx_word' id='word_1_229' title='bbox 3773 2364 3842 2419; x_wconf 85' lang='lat' dir='ltr'><strong>hic</strong></span> 
     </span>
    </p>
   </div>
   <div class='ocr_carea' id='block_1_19' title="bbox 582 2457 3840 2530">
    <p class='ocr_par' dir='ltr' id='par_1_19' title="bbox 582 2457 3840 2530">
     <span class='ocr_line' id='line_1_19' title="bbox 582 2457 3840 2530; baseline -0.001 -16"><span class='ocrx_word' id='word_1_230' title='bbox 582 2460 636 2515; x_wconf 91' lang='lat' dir='ltr'><strong>in</strong></span> <span class='ocrx_word' id='word_1_231' title='bbox 658 2459 877 2516; x_wconf 84' lang='lat' dir='ltr'><strong>exordio</strong></span> <span class='ocrx_word' id='word_1_232' title='bbox 901 2459 1264 2530; x_wconf 89' lang='lat' dir='ltr'><strong>consignatam</strong></span> <span class='ocrx_word' id='word_1_233' title='bbox 1291 2458 1526 2529; x_wconf 89' lang='lat' dir='ltr'><strong>(tametsi</strong></span> <span class='ocrx_word' id='word_1_234' title='bbox 1556 2457 1767 2514; x_wconf 89' lang='lat' dir='ltr'><strong>codices</strong></span> <span class='ocrx_word' id='word_1_235' title='bbox 1791 2457 1972 2513; x_wconf 83' lang='lat' dir='ltr'><strong>excusi</strong></span> <span class='ocrx_word' id='word_1_236' title='bbox 1998 2466 2054 2513; x_wconf 88' lang='lat' dir='ltr'><strong>et</strong></span> <span class='ocrx_word' id='word_1_237' title='bbox 2076 2457 2259 2528; x_wconf 88' lang='lat' dir='ltr'><strong>scripti</strong></span> <span class='ocrx_word' id='word_1_238' title='bbox 2288 2457 2530 2512; x_wconf 87' lang='lat' dir='ltr'><strong>eamdem</strong></span> <span class='ocrx_word' id='word_1_239' title='bbox 2553 2469 2740 2513; x_wconf 88' lang='lat' dir='ltr'><strong>omnes</strong></span> <span class='ocrx_word' id='word_1_240' title='bbox 2768 2457 3017 2530; x_wconf 89' lang='lat' dir='ltr'><strong>habeant)</strong></span> <span class='ocrx_word' id='word_1_241' title='bbox 3050 2469 3226 2514; x_wconf 84' lang='lat' dir='ltr'><strong>notam</strong></span> <span class='ocrx_word' id='word_1_242' title='bbox 3247 2459 3558 2525; x_wconf 87' lang='lat' dir='ltr'><strong>Paschatis,</strong></span> <span class='ocrx_word' id='word_1_243' title='bbox 3582 2458 3737 2528; x_wconf 81' lang='lat' dir='ltr'><strong>cujus</strong></span> <span class='ocrx_word' id='word_1_244' title='bbox 3754 2457 3840 2512; x_wconf 87' lang='lat' dir='ltr'><strong>Do-</strong></span> 
     </span>
    </p>
   </div>
   <div class='ocr_carea' id='block_1_20' title="bbox 583 2546 3843 2620">
    <p class='ocr_par' dir='ltr' id='par_1_20' title="bbox 583 2546 3843 2620">
     <span class='ocr_line' id='line_1_20' title="bbox 583 2546 3843 2620; baseline -0.001 -16"><span class='ocrx_word' id='word_1_245' title='bbox 583 2547 836 2604; x_wconf 89' lang='lat' dir='ltr'><strong>minicum</strong></span> <span class='ocrx_word' id='word_1_246' title='bbox 864 2563 932 2604; x_wconf 89' lang='lat' dir='ltr'><strong>eo</strong></span> <span class='ocrx_word' id='word_1_247' title='bbox 956 2562 1097 2603; x_wconf 88' lang='lat' dir='ltr'><strong>anno</strong></span> <span class='ocrx_word' id='word_1_248' title='bbox 1125 2563 1230 2618; x_wconf 91' lang='lat' dir='ltr'><strong>quo</strong></span> <span class='ocrx_word' id='word_1_249' title='bbox 1257 2548 1450 2603; x_wconf 90' lang='lat' dir='ltr'><strong>librum</strong></span> <span class='ocrx_word' id='word_1_250' title='bbox 1481 2547 1622 2603; x_wconf 89' lang='lat' dir='ltr'><strong>hunc</strong></span> <span class='ocrx_word' id='word_1_251' title='bbox 1649 2547 1986 2602; x_wconf 88' lang='lat' dir='ltr'><strong>concinnavit</strong></span> <span class='ocrx_word' id='word_1_252' title='bbox 2011 2546 2357 2618; x_wconf 73' lang='lat' dir='ltr'><strong>Augustinus,</strong></span> <span class='ocrx_word' id='word_1_253' title='bbox 2396 2549 2449 2602; x_wconf 91' lang='lat' dir='ltr'><strong>in</strong></span> <span class='ocrx_word' id='word_1_254' title='bbox 2481 2548 2691 2603; x_wconf 90' lang='lat' dir='ltr'><strong>tertium</strong></span> <span class='ocrx_word' id='word_1_255' title='bbox 2721 2548 2968 2604; x_wconf 88' lang='lat' dir='ltr'><strong>calendas</strong></span> <span class='ocrx_word' id='word_1_256' title='bbox 2993 2551 3174 2620; x_wconf 85' lang='lat' dir='ltr'><strong>aprilis</strong></span> <span class='ocrx_word' id='word_1_257' title='bbox 3198 2549 3454 2607; x_wconf 87' lang='lat' dir='ltr'><strong>incidisse</strong></span> <span class='ocrx_word' id='word_1_258' title='bbox 3484 2549 3686 2606; x_wconf 80' lang='lat' dir='ltr'><strong>ferunt.</strong></span> <span class='ocrx_word' id='word_1_259' title='bbox 3713 2548 3763 2604; x_wconf 90' lang='lat' dir='ltr'><strong>ld</strong></span> <span class='ocrx_word' id='word_1_260' title='bbox 3783 2549 3843 2601; x_wconf 85' lang='lat' dir='ltr'><strong>si-</strong></span> 
     </span>
    </p>
   </div>
   <div class='ocr_carea' id='block_1_21' title="bbox 580 2637 3839 2716">
    <p class='ocr_par' dir='ltr' id='par_1_21' title="bbox 580 2637 3839 2716">
     <span class='ocr_line' id='line_1_21' title="bbox 580 2637 3839 2716; baseline 0.001 -24"><span class='ocrx_word' id='word_1_261' title='bbox 580 2638 794 2708; x_wconf 83' lang='lat' dir='ltr'><strong>quidem</strong></span> <span class='ocrx_word' id='word_1_262' title='bbox 823 2653 917 2708; x_wconf 87' lang='lat' dir='ltr'><strong>per</strong></span> <span class='ocrx_word' id='word_1_263' title='bbox 942 2637 1304 2707; x_wconf 85' lang='lat' dir='ltr'><strong>episcopatum</strong></span> <span class='ocrx_word' id='word_1_264' title='bbox 1335 2638 1617 2709; x_wconf 84' lang='lat' dir='ltr'><strong>Augustini</strong></span> <span class='ocrx_word' id='word_1_265' title='bbox 1658 2654 1763 2695; x_wconf 91' lang='lat' dir='ltr'><strong>non</strong></span> <span class='ocrx_word' id='word_1_266' title='bbox 1793 2640 2014 2710; x_wconf 90' lang='lat' dir='ltr'><strong>contigit</strong></span> <span class='ocrx_word' id='word_1_267' title='bbox 2041 2655 2298 2710; x_wconf 89' lang='lat' dir='ltr'><strong>unquam,</strong></span> <span class='ocrx_word' id='word_1_268' title='bbox 2327 2640 2429 2694; x_wconf 88' lang='lat' dir='ltr'><strong>nisi</strong></span> <span class='ocrx_word' id='word_1_269' title='bbox 2453 2642 2608 2695; x_wconf 88' lang='lat' dir='ltr'><strong>annis</strong></span> <span class='ocrx_word' id='word_1_270' title='bbox 2635 2641 2738 2698; x_wconf 73' lang='grc'><strong>419</strong></span> <span class='ocrx_word' id='word_1_271' title='bbox 2763 2650 2817 2696; x_wconf 94' lang='lat' dir='ltr'><strong>et</strong></span> <span class='ocrx_word' id='word_1_272' title='bbox 2845 2643 2970 2709; x_wconf 77' lang='grc'><strong>450,</strong></span> <span class='ocrx_word' id='word_1_273' title='bbox 2999 2645 3188 2714; x_wconf 89' lang='lat' dir='ltr'><strong>quibus</strong></span> <span class='ocrx_word' id='word_1_274' title='bbox 3216 2644 3354 2705; x_wconf 87' lang='lat' dir='ltr'><strong>istud</strong></span> <span class='ocrx_word' id='word_1_275' title='bbox 3377 2645 3702 2716; x_wconf 88' lang='lat' dir='ltr'><strong>opusculum</strong></span> <span class='ocrx_word' id='word_1_276' title='bbox 3729 2642 3839 2696; x_wconf 85' lang='lat' dir='ltr'><strong>assi-</strong></span> 
     </span>
    </p>
   </div>
   <div class='ocr_carea' id='block_1_22' title="bbox 579 2727 3842 2803">
    <p class='ocr_par' dir='ltr' id='par_1_22' title="bbox 579 2727 3842 2803">
     <span class='ocr_line' id='line_1_22' title="bbox 579 2727 3842 2803; baseline -0.001 -19"><span class='ocrx_word' id='word_1_277' title='bbox 579 2729 730 2799; x_wconf 84' lang='lat' dir='ltr'><strong>gnari</strong></span> <span class='ocrx_word' id='word_1_278' title='bbox 755 2743 861 2784; x_wconf 92' lang='lat' dir='ltr'><strong>non</strong></span> <span class='ocrx_word' id='word_1_279' title='bbox 887 2743 1044 2800; x_wconf 86' lang='lat' dir='ltr'><strong>posse</strong></span> <span class='ocrx_word' id='word_1_280' title='bbox 1064 2729 1218 2785; x_wconf 79' lang='lat' dir='ltr'><strong>facile</strong></span> <span class='ocrx_word' id='word_1_281' title='bbox 1244 2728 1610 2785; x_wconf 89' lang='lat' dir='ltr'><strong>concedimus.</strong></span> <span class='ocrx_word' id='word_1_282' title='bbox 1637 2730 1754 2784; x_wconf 88' lang='lat' dir='ltr'><strong>Erit</strong></span> <span class='ocrx_word' id='word_1_283' title='bbox 1772 2729 1933 2800; x_wconf 87' lang='lat' dir='ltr'><strong>igitur</strong></span> <span class='ocrx_word' id='word_1_284' title='bbox 1957 2745 2053 2799; x_wconf 90' lang='lat' dir='ltr'><strong>pro</strong></span> <span class='ocrx_word' id='word_1_285' title='bbox 2080 2730 2147 2784; x_wconf 90' lang='lat' dir='ltr'><strong>lll</strong></span> <span class='ocrx_word' id='word_1_286' title='bbox 2173 2730 2276 2785; x_wconf 87' lang='lat' dir='ltr'><strong>cal.</strong></span> <span class='ocrx_word' id='word_1_287' title='bbox 2303 2729 2606 2800; x_wconf 89' lang='lat' dir='ltr'><strong>legendum,</strong></span> <span class='ocrx_word' id='word_1_288' title='bbox 2631 2741 2688 2786; x_wconf 90' lang='lat' dir='ltr'><strong>ut</strong></span> <span class='ocrx_word' id='word_1_289' title='bbox 2707 2731 2921 2802; x_wconf 89' lang='lat' dir='ltr'><strong>quidam</strong></span> <span class='ocrx_word' id='word_1_290' title='bbox 2943 2734 3144 2798; x_wconf 80' lang='lat' dir='ltr'><strong>volunt,</strong></span> <span class='ocrx_word' id='word_1_291' title='bbox 3181 2727 3266 2788; x_wconf 80' lang='lat' dir='ltr'><strong>Vll</strong></span> <span class='ocrx_word' id='word_1_292' title='bbox 3287 2735 3392 2788; x_wconf 89' lang='lat' dir='ltr'><strong>cal.</strong></span> <span class='ocrx_word' id='word_1_293' title='bbox 3426 2734 3639 2803; x_wconf 88' lang='lat' dir='ltr'><strong>aprilis,</strong></span> <span class='ocrx_word' id='word_1_294' title='bbox 3665 2740 3716 2786; x_wconf 88' lang='lat' dir='ltr'><strong>ut</strong></span> <span class='ocrx_word' id='word_1_295' title='bbox 3735 2745 3842 2800; x_wconf 87' lang='lat' dir='ltr'><strong>opus</strong></span> 
     </span>
    </p>
   </div>
   <div class='ocr_carea' id='block_1_23' title="bbox 581 2805 3839 2892">
    <p class='ocr_par' dir='ltr' id='par_1_23' title="bbox 581 2805 3839 2892">
     <span class='ocr_line' id='line_1_23' title="bbox 581 2805 3839 2892; baseline 0.001 -17"><span class='ocrx_word' id='word_1_296' title='bbox 581 2819 649 2875; x_wconf 93' lang='lat' dir='ltr'><strong>ad</strong></span> <span class='ocrx_word' id='word_1_297' title='bbox 669 2805 775 2875; x_wconf 65' lang='lat'><strong>422</strong></span> <span class='ocrx_word' id='word_1_298' title='bbox 793 2834 990 2874; x_wconf 90' lang='lat' dir='ltr'><strong>annum</strong></span> <span class='ocrx_word' id='word_1_299' title='bbox 1019 2819 1311 2886; x_wconf 88' lang='lat' dir='ltr'><strong>pertineat;</strong></span> <span class='ocrx_word' id='word_1_300' title='bbox 1343 2828 1434 2874; x_wconf 92' lang='lat' dir='ltr'><strong>aut</strong></span> <span class='ocrx_word' id='word_1_301' title='bbox 1471 2829 1620 2876; x_wconf 91' lang='lat' dir='ltr'><strong>certe</strong></span> <span class='ocrx_word' id='word_1_302' title='bbox 1644 2820 2010 2890; x_wconf 89' lang='lat' dir='ltr'><strong>reponendum</strong></span> <span class='ocrx_word' id='word_1_303' title='bbox 2045 2819 2117 2875; x_wconf 83' lang='lat' dir='ltr'><strong>Xl</strong></span> <span class='ocrx_word' id='word_1_304' title='bbox 2143 2821 2244 2876; x_wconf 90' lang='lat' dir='ltr'><strong>cal.</strong></span> <span class='ocrx_word' id='word_1_305' title='bbox 2277 2822 2478 2891; x_wconf 89' lang='lat' dir='ltr'><strong>aprilis,</strong></span> <span class='ocrx_word' id='word_1_306' title='bbox 2511 2837 2618 2892; x_wconf 91' lang='lat' dir='ltr'><strong>quo</strong></span> <span class='ocrx_word' id='word_1_307' title='bbox 2657 2822 2744 2878; x_wconf 90' lang='lat' dir='ltr'><strong>die</strong></span> <span class='ocrx_word' id='word_1_308' title='bbox 2770 2823 2974 2880; x_wconf 87' lang='lat' dir='ltr'><strong>Pascha</strong></span> <span class='ocrx_word' id='word_1_309' title='bbox 3015 2839 3155 2880; x_wconf 91' lang='lat' dir='ltr'><strong>anno</strong></span> <span class='ocrx_word' id='word_1_310' title='bbox 3180 2825 3284 2881; x_wconf 68' lang='grc'><strong>425</strong></span> <span class='ocrx_word' id='word_1_311' title='bbox 3323 2825 3661 2882; x_wconf 87' lang='lat' dir='ltr'><strong>celebratum</strong></span> <span class='ocrx_word' id='word_1_312' title='bbox 3691 2831 3718 2877; x_wconf 84' lang='lat' dir='ltr'><strong>a</strong></span> <span class='ocrx_word' id='word_1_313' title='bbox 3745 2823 3839 2892; x_wconf 57' lang='lat' dir='ltr'><strong>qui.</strong></span> 
     </span>
    </p>
   </div>
   <div class='ocr_carea' id='block_1_24' title="bbox 581 2909 1885 2968">
    <p class='ocr_par' dir='ltr' id='par_1_24' title="bbox 581 2909 1885 2968">
     <span class='ocr_line' id='line_1_24' title="bbox 581 2909 1885 2968; baseline -0.002 -1"><span class='ocrx_word' id='word_1_314' title='bbox 581 2910 808 2968; x_wconf 87' lang='lat' dir='ltr'><strong>busdam</strong></span> <span class='ocrx_word' id='word_1_315' title='bbox 833 2909 1143 2966; x_wconf 84' lang='lat' dir='ltr'><strong>Latinorum</strong></span> <span class='ocrx_word' id='word_1_316' title='bbox 1168 2909 1334 2966; x_wconf 79' lang='lat' dir='ltr'><strong>fuisse</strong></span> <span class='ocrx_word' id='word_1_317' title='bbox 1359 2911 1548 2966; x_wconf 87' lang='lat' dir='ltr'><strong>asserit</strong></span> <span class='ocrx_word' id='word_1_318' title='bbox 1569 2909 1885 2967; x_wconf 88' lang='lat' dir='ltr'><strong>Buchcrius.</strong></span> 
     </span>
    </p>
   </div>
   <div class='ocr_carea' id='block_1_25' title="bbox 664 3042 3834 3130">
    <p class='ocr_par' dir='ltr' id='par_1_25' title="bbox 664 3042 3834 3130">
     <span class='ocr_line' id='line_1_25' title="bbox 664 3042 3834 3130; baseline 0 -24"><span class='ocrx_word' id='word_1_319' title='bbox 664 3042 750 3106; x_wconf 81' lang='lat' dir='ltr'><strong>In</strong></span> <span class='ocrx_word' id='word_1_320' title='bbox 777 3042 1006 3107; x_wconf 70' lang='lat' dir='ltr'><strong>librum</strong></span> <span class='ocrx_word' id='word_1_321' title='bbox 1032 3045 1109 3108; x_wconf 88' lang='lat' dir='ltr'><strong>de</strong></span> <span class='ocrx_word' id='word_1_322' title='bbox 1138 3047 1284 3107; x_wconf 83' lang='lat' dir='ltr'><strong>octo</strong></span> <span class='ocrx_word' id='word_1_323' title='bbox 1309 3045 1569 3108; x_wconf 86' lang='lat' dir='ltr'><strong>Dulcitii</strong></span> <span class='ocrx_word' id='word_1_324' title='bbox 1602 3045 2102 3124; x_wconf 73' lang='lat' dir='ltr'><strong>Quaestio’nihus,</strong></span> <span class='ocrx_word' id='word_1_325' title='bbox 2133 3049 2272 3112; x_wconf 78' lang='lat' dir='ltr'><strong>uide</strong></span> <span class='ocrx_word' id='word_1_326' title='bbox 2298 3043 2409 3113; x_wconf 76' lang='lat' dir='ltr'><strong>lib.</strong></span> <span class='ocrx_word' id='word_1_327' title='bbox 2431 3049 2503 3124; x_wconf 82' lang='lat'><strong>2,</strong></span> <span class='ocrx_word' id='word_1_328' title='bbox 2538 3068 2673 3130; x_wconf 89' lang='lat' dir='ltr'><strong>cap.</strong></span> <span class='ocrx_word' id='word_1_329' title='bbox 2710 3050 2812 3125; x_wconf 78' lang='lat'><strong>65,</strong></span> <span class='ocrx_word' id='word_1_330' title='bbox 2845 3053 3428 3126; x_wconf 85' lang='lat' dir='ltr'><strong>Retractationum,</strong></span> <span class='ocrx_word' id='word_1_331' title='bbox 3470 3059 3622 3112; x_wconf 87' lang='lat' dir='ltr'><strong>tom.</strong></span> <span class='ocrx_word' id='word_1_332' title='bbox 3653 3051 3708 3122; x_wconf 89' lang='grc'>1,</span> <span class='ocrx_word' id='word_1_333' title='bbox 3740 3047 3834 3109; x_wconf 80' lang='lat' dir='ltr'><strong>col.</strong></span> 
     </span>
    </p>
   </div>
   <div class='ocr_carea' id='block_1_26' title="bbox 586 3146 3157 3233">
    <p class='ocr_par' dir='ltr' id='par_1_26' title="bbox 586 3146 3157 3233">
     <span class='ocr_line' id='line_1_26' title="bbox 586 3146 3157 3233; baseline 0.001 -23"><span class='ocrx_word' id='word_1_334' title='bbox 586 3149 729 3226; x_wconf 76' lang='lat'><strong>656,</strong></span> <span class='ocrx_word' id='word_1_335' title='bbox 761 3169 801 3212; x_wconf 83' lang='grc' dir='ltr'><em>α</em></span> <span class='ocrx_word' id='word_1_336' title='bbox 836 3147 1038 3214; x_wconf 69' lang='lat' dir='ltr'><strong>uerbis</strong></span> <span class='ocrx_word' id='word_1_337' title='bbox 1059 3195 1075 3220; x_wconf 87' lang='lat'><strong>,</strong></span> <span class='ocrx_word' id='word_1_338' title='bbox 1106 3146 1298 3214; x_wconf 85' lang='lat' dir='ltr'><strong>Liber</strong></span> <span class='ocrx_word' id='word_1_339' title='bbox 1325 3163 1519 3231; x_wconf 85' lang='lat' dir='ltr'><strong>quem</strong></span> <span class='ocrx_word' id='word_1_340' title='bbox 1548 3152 1906 3231; x_wconf 73' lang='lat' dir='ltr'><strong>pernotavi,</strong></span> <span class='ocrx_word' id='word_1_341' title='bbox 1938 3162 2130 3233; x_wconf 79' lang='lat' dir='ltr'><strong>usque</strong></span> <span class='ocrx_word' id='word_1_342' title='bbox 2154 3153 2235 3216; x_wconf 88' lang='lat' dir='ltr'><strong>ad</strong></span> <span class='ocrx_word' id='word_1_343' title='bbox 2261 3153 2464 3224; x_wconf 80' lang='lat' dir='ltr'><strong>verba,</strong></span> <span class='ocrx_word' id='word_1_344' title='bbox 2498 3154 2619 3215; x_wconf 90' lang='lat' dir='ltr'><strong>Fili</strong></span> <span class='ocrx_word' id='word_1_345' title='bbox 2646 3154 2904 3216; x_wconf 91' lang='lat' dir='ltr'><strong>Dulciti.</strong></span> <span class='ocrx_word' id='word_1_346' title='bbox 3071 3154 3157 3215; x_wconf 88' lang='lat' dir='ltr'><strong>M.</strong></span> 
     </span>
    </p>
   </div>
   <div class='ocr_carea' id='block_1_27' title="bbox 1117 3406 3583 3667">
    <p class='ocr_par' dir='ltr' id='par_1_27' title="bbox 1117 3406 3583 3667">
     <span class='ocr_line' id='line_1_27' title="bbox 1117 3406 3583 3667; baseline 0.001 -3"><span class='ocrx_word' id='word_1_347' title='bbox 1117 3406 1278 3664; x_wconf 62' lang='grc' dir='ltr'><strong>ὲ.</strong></span> <span class='ocrx_word' id='word_1_348' title='bbox 1357 3510 2179 3662; x_wconf 81' lang='lat' dir='ltr'><strong>AURELII</strong></span> <span class='ocrx_word' id='word_1_349' title='bbox 2253 3491 3350 3667; x_wconf 84' lang='lat' dir='ltr'><strong>AUGUSTINI</strong></span> <span class='ocrx_word' id='word_1_350' title='bbox 3407 3406 3583 3416; x_wconf 32' lang='lat' dir='ltr'><strong>ﬂ</strong></span> 
     </span>
    </p>
   </div>
   <div class='ocr_carea' id='block_1_28' title="bbox 1586 3753 2910 3841">
    <p class='ocr_par' dir='ltr' id='par_1_28' title="bbox 1586 3753 2910 3841">
     <span class='ocr_line' id='line_1_28' title="bbox 1586 3753 2910 3841; baseline 0.004 -5"><span class='ocrx_word' id='word_1_351' title='bbox 1586 3753 2347 3838; x_wconf 86' lang='lat' dir='ltr'><strong>HIPPONENSIS</strong></span> <span class='ocrx_word' id='word_1_352' title='bbox 2381 3753 2910 3841; x_wconf 88' lang='lat' dir='ltr'><strong>EPISCOPI</strong></span> 
     </span>
    </p>
   </div>
   <div class='ocr_carea' id='block_1_29' title="bbox 1845 3939 3458 4078">
    <p class='ocr_par' dir='ltr' id='par_1_29' title="bbox 1845 3939 3458 4078">
     <span class='ocr_line' id='line_1_29' title="bbox 1845 3939 3458 4078; baseline 0.009 -15"><span class='ocrx_word' id='word_1_353' title='bbox 1845 3948 2083 4063; x_wconf 67' lang='grc' dir='ltr'><strong>ως</strong></span> <span class='ocrx_word' id='word_1_354' title='bbox 2160 3939 2618 4065; x_wconf 73' lang='grc' dir='ltr'><strong>θαι-ο</strong></span> <span class='ocrx_word' id='word_1_355' title='bbox 2886 3995 2888 3998; x_wconf 50' lang='grc' dir='ltr'><em>ν</em></span> <span class='ocrx_word' id='word_1_356' title='bbox 3449 4071 3458 4078; x_wconf 82' lang='grc'><em>,</em></span> 
     </span>
    </p>
   </div>
   <div class='ocr_carea' id='block_1_30' title="bbox 992 4165 3500 4357">
    <p class='ocr_par' dir='ltr' id='par_1_30' title="bbox 992 4165 3500 4357">
     <span class='ocr_line' id='line_1_30' title="bbox 992 4165 3500 4357; baseline 0.006 -36"><span class='ocrx_word' id='word_1_357' title='bbox 992 4165 1879 4324; x_wconf 87' lang='lat' dir='ltr'><strong>DULCITII</strong></span> <span class='ocrx_word' id='word_1_358' title='bbox 1969 4165 3500 4357; x_wconf 60' lang='lat' dir='ltr'><strong>QUZESTIONIBUS</strong></span> 
     </span>
    </p>
   </div>
   <div class='ocr_carea' id='block_1_31' title="bbox 1898 4427 2592 4536">
    <p class='ocr_par' dir='ltr' id='par_1_31' title="bbox 1898 4427 2592 4536">
     <span class='ocr_line' id='line_1_31' title="bbox 1898 4427 2592 4536; baseline 0.014 -13"><span class='ocrx_word' id='word_1_359' title='bbox 1898 4436 2173 4530; x_wconf 62' lang='lat' dir='ltr'><strong>“imber</strong></span> <span class='ocrx_word' id='word_1_360' title='bbox 2220 4427 2592 4536; x_wconf 46' lang='grc' dir='ltr'><strong>πῆμα).</strong></span> 
     </span>
    </p>
   </div>
   <div class='ocr_carea' id='block_1_32' title="bbox 602 3349 3806 3419">
    <p class='ocr_par' dir='ltr' id='par_1_32' title="bbox 624 3349 3642 3416">
     <span class='ocr_line' id='line_1_32' title="bbox 624 3349 3642 3414; baseline -0.004 -52"><span class='ocrx_word' id='word_1_361' title='bbox 624 3349 769 3414; x_wconf 63' lang='lat' dir='ltr'><strong>Ii</strong></span> <span class='ocrx_word' id='word_1_362' title='bbox 813 3351 874 3413; x_wconf 68' lang='grc' dir='ltr'><strong>ἰιιι</strong></span> <span class='ocrx_word' id='word_1_363' title='bbox 919 3353 997 3413; x_wconf 70' lang='grc' dir='ltr'><strong>ἰοσαΙ</strong></span> <span class='ocrx_word' id='word_1_364' title='bbox 1026 3349 1110 3364; x_wconf 47' lang='grc' dir='ltr'><strong>η-Διι</strong></span> <span class='ocrx_word' id='word_1_365' title='bbox 1141 3355 1200 3364; x_wconf 64' lang='grc' dir='ltr'><strong>ιον</strong></span> <span class='ocrx_word' id='word_1_366' title='bbox 1241 3351 1291 3374; x_wconf 71' lang='grc' dir='ltr'><strong>ιι.</strong></span> <span class='ocrx_word' id='word_1_367' title='bbox 1348 3355 1354 3359; x_wconf 61' lang='grc' dir='ltr'>ι</span> <span class='ocrx_word' id='word_1_368' title='bbox 1389 3351 1440 3359; x_wconf 72' lang='lat'><strong>~-.</strong></span> <span class='ocrx_word' id='word_1_369' title='bbox 1472 3351 1500 3359; x_wconf 65' lang='grc' dir='ltr'><strong>οι</strong></span> <span class='ocrx_word' id='word_1_370' title='bbox 1683 3353 1690 3358; x_wconf 88' lang='grc'><strong>.</strong></span> <span class='ocrx_word' id='word_1_371' title='bbox 1762 3353 1782 3357; x_wconf 56' lang='grc' dir='ltr'><strong>μ.</strong></span> <span class='ocrx_word' id='word_1_372' title='bbox 1862 3351 1885 3358; x_wconf 78' lang='grc'><strong>..</strong></span> <span class='ocrx_word' id='word_1_373' title='bbox 1944 3353 1948 3359; x_wconf 95' lang='grc'>.</span> <span class='ocrx_word' id='word_1_374' title='bbox 2277 3357 2282 3364; x_wconf 53' lang='grc'>.</span> <span class='ocrx_word' id='word_1_375' title='bbox 2445 3355 2450 3360; x_wconf 32' lang='grc' dir='ltr'><strong>Δ</strong></span> <span class='ocrx_word' id='word_1_376' title='bbox 2801 3353 2805 3356; x_wconf 84' lang='grc'><strong>,</strong></span> <span class='ocrx_word' id='word_1_377' title='bbox 3637 3354 3642 3362; x_wconf 41' lang='grc' dir='ltr'><strong>ε</strong></span> 
     </span>
     <span class='ocr_line' id='line_1_33' title="bbox 3407 3406 3583 3416; baseline 0 0"><span class='ocrx_word' id='word_1_378' title='bbox 3407 3406 3583 3416; x_wconf 44' lang='grc' dir='ltr'><strong><em>ἐ</em></strong></span> 
     </span>
    </p>
   </div>
   <div class='ocr_carea' id='block_1_33' title="bbox 670 4748 3823 4841">
    <p class='ocr_par' dir='ltr' id='par_1_33' title="bbox 670 4748 3823 4841">
     <span class='ocr_line' id='line_1_34' title="bbox 670 4748 3823 4841; baseline 0.001 -33"><span class='ocrx_word' id='word_1_379' title='bbox 670 4752 980 4808; x_wconf 63' lang='lat' dir='ltr'><strong>Primulo.</strong></span> <span class='ocrx_word' id='word_1_380' title='bbox 1005 4750 1269 4841; x_wconf 84' lang='lat' dir='ltr'><strong>Quantum</strong></span> <span class='ocrx_word' id='word_1_381' title='bbox 1291 4748 1420 4804; x_wconf 89' lang='lat' dir='ltr'><strong>mihi</strong></span> <span class='ocrx_word' id='word_1_382' title='bbox 1451 4748 1674 4811; x_wconf 83' lang='lat' dir='ltr'><strong>videtur,</strong></span> <span class='ocrx_word' id='word_1_383' title='bbox 1690 4749 2030 4841; x_wconf 88' lang='lat' dir='ltr'><strong>dilectissime</strong></span> <span class='ocrx_word' id='word_1_384' title='bbox 2054 4753 2070 4783; x_wconf 79' lang='grc'>³</span> <span class='ocrx_word' id='word_1_385' title='bbox 2103 4751 2178 4810; x_wconf 83' lang='lat' dir='ltr'><strong>ﬁli</strong></span> <span class='ocrx_word' id='word_1_386' title='bbox 2293 4761 2448 4817; x_wconf 87' lang='lat' dir='ltr'><strong>tertio</strong></span> <span class='ocrx_word' id='word_1_387' title='bbox 2471 4763 2720 4821; x_wconf 85' lang='lat' dir='ltr'><strong>calendas</strong></span> <span class='ocrx_word' id='word_1_388' title='bbox 2748 4768 2950 4837; x_wconf 86' lang='lat' dir='ltr'><strong>aprilis,</strong></span> <span class='ocrx_word' id='word_1_389' title='bbox 2977 4784 3007 4824; x_wconf 92' lang='lat' dir='ltr'><strong>a</strong></span> <span class='ocrx_word' id='word_1_390' title='bbox 3041 4768 3360 4841; x_wconf 85' lang='lat' dir='ltr'><strong>Carthagine</strong></span> <span class='ocrx_word' id='word_1_391' title='bbox 3393 4763 3524 4832; x_wconf 80' lang='lat' dir='ltr'><strong>mihi</strong></span> <span class='ocrx_word' id='word_1_392' title='bbox 3560 4767 3731 4823; x_wconf 86' lang='lat' dir='ltr'><strong>missas</strong></span> <span class='ocrx_word' id='word_1_393' title='bbox 3756 4759 3823 4815; x_wconf 58' lang='lat' dir='ltr'><strong>lito</strong></span> 
     </span>
    </p>
   </div>
   <div class='ocr_carea' id='block_1_34' title="bbox 601 4840 3818 4930">
    <p class='ocr_par' dir='ltr' id='par_1_34' title="bbox 601 4840 3818 4930">
     <span class='ocr_line' id='line_1_35' title="bbox 601 4840 3818 4930; baseline -0.002 -21"><span class='ocrx_word' id='word_1_394' title='bbox 601 4841 930 4909; x_wconf 72' lang='grc' dir='ltr'><strong>υυιθῖιίοηοη</strong></span> <span class='ocrx_word' id='word_1_395' title='bbox 952 4840 1154 4896; x_wconf 66' lang='lat' dir='ltr'><strong>larda&#39;i</strong></span> <span class='ocrx_word' id='word_1_396' title='bbox 1179 4843 1502 4911; x_wconf 63' lang='lat' dir='ltr'><strong>respondere</strong></span> <span class='ocrx_word' id='word_1_397' title='bbox 1525 4840 2024 4911; x_wconf 52' lang='lat' dir='ltr'><strong>interrogationibus</strong></span> <span class='ocrx_word' id='word_1_398' title='bbox 2054 4843 2176 4898; x_wconf 76' lang='grc' dir='ltr'><strong>ιυῖεο</strong></span> <span class='ocrx_word' id='word_1_399' title='bbox 2292 4863 2432 4910; x_wconf 89' lang='lat' dir='ltr'><strong>teras</strong></span> <span class='ocrx_word' id='word_1_400' title='bbox 2463 4863 2564 4912; x_wconf 72' lang='lat' dir='ltr'><strong>tua:</strong></span> <span class='ocrx_word' id='word_1_401' title='bbox 2583 4857 2881 4915; x_wconf 87' lang='lat' dir='ltr'><strong>dilectionis</strong></span> <span class='ocrx_word' id='word_1_402' title='bbox 2907 4862 3118 4930; x_wconf 74' lang='lat' dir='ltr'><strong>accepi..</strong></span> <span class='ocrx_word' id='word_1_403' title='bbox 3136 4840 3263 4916; x_wconf 79' lang='lat' dir='ltr'><strong>Post</strong></span> <span class='ocrx_word' id='word_1_404' title='bbox 3283 4877 3376 4918; x_wconf 91' lang='lat' dir='ltr'><strong>eos</strong></span> <span class='ocrx_word' id='word_1_405' title='bbox 3399 4873 3571 4916; x_wconf 84' lang='lat' dir='ltr'><strong>autem</strong></span> <span class='ocrx_word' id='word_1_406' title='bbox 3599 4857 3702 4912; x_wconf 89' lang='lat' dir='ltr'><strong>dies</strong></span> <span class='ocrx_word' id='word_1_407' title='bbox 3722 4864 3818 4906; x_wconf 84' lang='lat' dir='ltr'><strong>san-</strong></span> 
     </span>
    </p>
   </div>
   <div class='ocr_carea' id='block_1_35' title="bbox 600 4933 2210 5025">
    <p class='ocr_par' dir='ltr' id='par_1_35' title="bbox 600 4933 2181 5005">
     <span class='ocr_line' id='line_1_36' title="bbox 600 4933 2181 5005; baseline 0 -15"><span class='ocrx_word' id='word_1_408' title='bbox 600 4935 702 4990; x_wconf 87' lang='lat' dir='ltr'><strong>Per</strong></span> <span class='ocrx_word' id='word_1_409' title='bbox 717 4935 920 4991; x_wconf 88' lang='lat' dir='ltr'><strong>Pascha</strong></span> <span class='ocrx_word' id='word_1_410' title='bbox 943 4935 1138 5005; x_wconf 90' lang='lat' dir='ltr'><strong>quippe</strong></span> <span class='ocrx_word' id='word_1_411' title='bbox 1160 4933 1259 4990; x_wconf 86' lang='lat' dir='ltr'><strong>hoc</strong></span> <span class='ocrx_word' id='word_1_412' title='bbox 1275 4949 1435 5003; x_wconf 87' lang='lat' dir='ltr'><strong>anno,</strong></span> <span class='ocrx_word' id='word_1_413' title='bbox 1463 4947 1568 5004; x_wconf 92' lang='lat' dir='ltr'><strong>quo</strong></span> <span class='ocrx_word' id='word_1_414' title='bbox 1589 4933 1927 4990; x_wconf 78' lang='lat' dir='ltr'><strong>Dominicus&#39;</strong></span> <span class='ocrx_word' id='word_1_415' title='bbox 1945 4935 2059 5005; x_wconf 83' lang='lat' dir='ltr'><strong>ejus</strong></span> <span class='ocrx_word' id='word_1_416' title='bbox 2081 4934 2181 4990; x_wconf 80' lang='lat' dir='ltr'><strong>fuit</strong></span> 
     </span>
    </p>
   </div>
   <div class='ocr_carea' id='block_1_36' title="bbox 1845 4933 3820 5025">
    <p class='ocr_par' dir='ltr' id='par_1_36' title="bbox 1845 4934 3820 5025">
     <span class='ocr_line' id='line_1_37' title="bbox 1845 4934 3820 5025; baseline -0.001 -22"><span class='ocrx_word' id='word_1_417' title='bbox 1845 4935 2059 5005; x_wconf 66' lang='lat' dir='ltr'><strong>ls&#39;eiUS</strong></span> <span class='ocrx_word' id='word_1_418' title='bbox 2081 4934 2181 4990; x_wconf 69' lang='grc' dir='ltr'><strong>Γυὶῐ</strong></span> <span class='ocrx_word' id='word_1_419' title='bbox 2299 4957 2414 5004; x_wconf 90' lang='lat' dir='ltr'><strong>ctos</strong></span> <span class='ocrx_word' id='word_1_420' title='bbox 2456 4948 2734 5006; x_wconf 79' lang='lat' dir='ltr'><strong>confeStim</strong></span> <span class='ocrx_word' id='word_1_421' title='bbox 2772 4952 3140 5024; x_wconf 84' lang='lat' dir='ltr'><strong>Carthaginem</strong></span> <span class='ocrx_word' id='word_1_422' title='bbox 3185 4968 3299 5010; x_wconf 90' lang='lat' dir='ltr'><strong>sum</strong></span> <span class='ocrx_word' id='word_1_423' title='bbox 3341 4955 3640 5025; x_wconf 82' lang='lat' dir='ltr'><strong>profectus:</strong></span> <span class='ocrx_word' id='word_1_424' title='bbox 3676 4949 3722 5002; x_wconf 91' lang='lat' dir='ltr'><strong>in</strong></span> <span class='ocrx_word' id='word_1_425' title='bbox 3743 4953 3820 5012; x_wconf 70' lang='lat' dir='ltr'><strong>qua</strong></span> 
     </span>
    </p>
   </div>
   <div class='ocr_carea' id='block_1_37' title="bbox 1830 5056 2649 5096">
    <p class='ocr_par' dir='ltr' id='par_1_37' title="bbox 1830 5056 2649 5096">
     <span class='ocr_line' id='line_1_38' title="bbox 1830 5056 2649 5096; baseline -0.006 -1"><span class='ocrx_word' id='word_1_426' title='bbox 1830 5058 2088 5096; x_wconf 65' lang='lat' dir='ltr'><strong>ADIIONITIO</strong></span> <span class='ocrx_word' id='word_1_427' title='bbox 2120 5061 2193 5094; x_wconf 78' lang='lat' dir='ltr'><strong>PP.</strong></span> <span class='ocrx_word' id='word_1_428' title='bbox 2227 5056 2649 5094; x_wconf 72' lang='lat' dir='ltr'><strong>BBNBDICTINORUM.</strong></span> 
     </span>
    </p>
   </div>
   <div class='ocr_carea' id='block_1_38' title="bbox 661 5113 3817 5186">
    <p class='ocr_par' dir='ltr' id='par_1_38' title="bbox 661 5113 3817 5186">
     <span class='ocr_line' id='line_1_39' title="bbox 661 5113 3817 5186; baseline -0.002 -11"><span class='ocrx_word' id='word_1_429' title='bbox 661 5129 778 5177; x_wconf 81' lang='lat' dir='ltr'><strong>ttuic</strong></span> <span class='ocrx_word' id='word_1_430' title='bbox 792 5128 858 5178; x_wconf 90' lang='lat' dir='ltr'><strong>de</strong></span> <span class='ocrx_word' id='word_1_431' title='bbox 880 5135 989 5179; x_wconf 80' lang='lat' dir='ltr'><strong>octo</strong></span> <span class='ocrx_word' id='word_1_432' title='bbox 1003 5128 1189 5178; x_wconf 90' lang='lat' dir='ltr'><strong>Dulcitii</strong></span> <span class='ocrx_word' id='word_1_433' title='bbox 1206 5129 1554 5186; x_wconf 72' lang='lat' dir='ltr'><strong>Quaestionibus</strong></span> <span class='ocrx_word' id='word_1_434' title='bbox 1571 5126 1872 5177; x_wconf 88' lang='lat' dir='ltr'><strong>emendando</strong></span> <span class='ocrx_word' id='word_1_435' title='bbox 1895 5126 2017 5177; x_wconf 87' lang='lat' dir='ltr'><strong>libro</strong></span> <span class='ocrx_word' id='word_1_436' title='bbox 2033 5127 2232 5176; x_wconf 87' lang='lat' dir='ltr'><strong>adhibiti</strong></span> <span class='ocrx_word' id='word_1_437' title='bbox 2253 5135 2365 5176; x_wconf 90' lang='lat' dir='ltr'><strong>sunt</strong></span> <span class='ocrx_word' id='word_1_438' title='bbox 2383 5133 2581 5175; x_wconf 81' lang='lat' dir='ltr'><strong>veteres</strong></span> <span class='ocrx_word' id='word_1_439' title='bbox 2598 5126 2804 5175; x_wconf 75' lang='lat' dir='ltr'><strong>Vaticani</strong></span> <span class='ocrx_word' id='word_1_440' title='bbox 2833 5133 2935 5177; x_wconf 89' lang='lat' dir='ltr'><strong>tres</strong></span> <span class='ocrx_word' id='word_1_441' title='bbox 2956 5127 3084 5186; x_wconf 90' lang='lat' dir='ltr'><strong>libri,</strong></span> <span class='ocrx_word' id='word_1_442' title='bbox 3107 5130 3427 5180; x_wconf 86' lang='lat' dir='ltr'><strong>Corbeienses</strong></span> <span class='ocrx_word' id='word_1_443' title='bbox 3446 5129 3554 5184; x_wconf 83' lang='lat' dir='ltr'><strong>duo,</strong></span> <span class='ocrx_word' id='word_1_444' title='bbox 3567 5122 3742 5176; x_wconf 83' lang='lat' dir='ltr'><strong>totidem</strong></span> <span class='ocrx_word' id='word_1_445' title='bbox 3761 5113 3817 5160; x_wconf 69' lang='lat' dir='ltr'><strong>Vi-</strong></span> 
     </span>
    </p>
   </div>
   <div class='ocr_carea' id='block_1_39' title="bbox 598 5186 3818 5264">
    <p class='ocr_par' dir='ltr' id='par_1_39' title="bbox 598 5186 3818 5264">
     <span class='ocr_line' id='line_1_40' title="bbox 598 5186 3818 5264; baseline -0.001 -26"><span class='ocrx_word' id='word_1_446' title='bbox 598 5189 788 5264; x_wconf 68' lang='lat' dir='ltr'><strong>ctorini,</strong></span> <span class='ocrx_word' id='word_1_447' title='bbox 811 5190 981 5264; x_wconf 73' lang='lat' dir='ltr'><strong>codex_</strong></span> <span class='ocrx_word' id='word_1_448' title='bbox 991 5189 1192 5264; x_wconf 58' lang='lat' dir='ltr'><strong>Regius,</strong></span> <span class='ocrx_word' id='word_1_449' title='bbox 1202 5189 1504 5264; x_wconf 71' lang='lat' dir='ltr'><strong>sorhonicus,</strong></span> <span class='ocrx_word' id='word_1_450' title='bbox 1523 5187 1848 5264; x_wconf 69' lang='lat' dir='ltr'><strong>Florlaceusis,</strong></span> <span class='ocrx_word' id='word_1_451' title='bbox 1875 5186 2652 5264; x_wconf 47' lang='lat' dir='ltr'><strong>Michaelinus,et_unttimlesim</strong></span> <span class='ocrx_word' id='word_1_452' title='bbox 2675 5188 3025 5264; x_wconf 73' lang='lat' dir='ltr'><strong>laudunensis;</strong></span> <span class='ocrx_word' id='word_1_453' title='bbox 3052 5191 3290 5264; x_wconf 71' lang='lat' dir='ltr'><strong>lectiones</strong></span> <span class='ocrx_word' id='word_1_454' title='bbox 3307 5193 3449 5264; x_wconf 77' lang='lat' dir='ltr'><strong>etiam</strong></span> <span class='ocrx_word' id='word_1_455' title='bbox 3470 5186 3818 5264; x_wconf 38' lang='lat' dir='ltr'><strong>variantcilzgij;</strong></span> 
     </span>
    </p>
   </div>
   <div class='ocr_carea' id='block_1_40' title="bbox 597 5233 3816 5315">
    <p class='ocr_par' dir='ltr' id='par_1_40' title="bbox 597 5233 3816 5315">
     <span class='ocr_line' id='line_1_41' title="bbox 597 5233 3816 5315; baseline -0.002 -17"><span class='ocrx_word' id='word_1_456' title='bbox 597 5233 926 5315; x_wconf 51' lang='lat' dir='ltr'><strong>nissime“;</strong></span> <span class='ocrx_word' id='word_1_457' title='bbox 936 5233 1512 5315; x_wconf 56' lang='lat' dir='ltr'><strong>‘Bsigisg’mggfqniaag</strong></span> <span class='ocrx_word' id='word_1_458' title='bbox 1524 5233 1541 5311; x_wconf 76' lang='grc' dir='ltr'><em>ξ</em></span> <span class='ocrx_word' id='word_1_459' title='bbox 1554 5233 1848 5315; x_wconf 51' lang='lat' dir='ltr'><strong>gestias;</strong></span> <span class='ocrx_word' id='word_1_460' title='bbox 1861 5233 2119 5315; x_wconf 58' lang='lat' dir='ltr'><strong>sarisas;</strong></span> <span class='ocrx_word' id='word_1_461' title='bbox 2126 5233 2240 5298; x_wconf 55' lang='lat' dir='ltr'><strong>ist:</strong></span> <span class='ocrx_word' id='word_1_462' title='bbox 2251 5233 2381 5297; x_wconf 53' lang='lat' dir='ltr'><strong>nn“:</strong></span> <span class='ocrx_word' id='word_1_463' title='bbox 2393 5233 2485 5297; x_wconf 42' lang='lat' dir='ltr'><strong>er:</strong></span> <span class='ocrx_word' id='word_1_464' title='bbox 2497 5233 2557 5299; x_wconf 71' lang='lat' dir='ltr'><strong>et</strong></span> <span class='ocrx_word' id='word_1_465' title='bbox 2575 5233 2692 5298; x_wconf 57' lang='grc' dir='ltr'><strong>ὧν.</strong></span> <span class='ocrx_word' id='word_1_466' title='bbox 2701 5233 2794 5310; x_wconf 67' lang='grc' dir='ltr'><strong>,Ῑᾱ</strong></span> <span class='ocrx_word' id='word_1_467' title='bbox 2804 5233 2892 5300; x_wconf 58' lang='lat' dir='ltr'><strong>esi</strong></span> <span class='ocrx_word' id='word_1_468' title='bbox 2902 5233 3289 5313; x_wconf 42' lang='lat' dir='ltr'><strong>&quot;ignauia:</strong></span> <span class='ocrx_word' id='word_1_469' title='bbox 3309 5233 3580 5315; x_wconf 42' lang='lat' dir='ltr'><strong>rizagran;</strong></span> <span class='ocrx_word' id='word_1_470' title='bbox 3588 5233 3753 5296; x_wconf 77' lang='lat' dir='ltr'><strong>Joannis</strong></span> <span class='ocrx_word' id='word_1_471' title='bbox 3768 5233 3816 5282; x_wconf 71' lang='lat' dir='ltr'><strong>de</strong></span> 
     </span>
    </p>
   </div>
   <div class='ocr_carea' id='block_1_41' title="bbox 599 5264 2210 5375">
    <p class='ocr_par' dir='ltr' id='par_1_41' title="bbox 599 5264 2210 5375">
     <span class='ocr_line' id='line_1_42' title="bbox 599 5264 2210 5311; baseline 0 -13"><span class='ocrx_word' id='word_1_472' title='bbox 599 5264 841 5300; x_wconf 70' lang='lat' dir='ltr'><strong>mensum</strong></span> <span class='ocrx_word' id='word_1_473' title='bbox 863 5264 926 5301; x_wconf 80' lang='lat' dir='ltr'><strong>cx</strong></span> <span class='ocrx_word' id='word_1_474' title='bbox 953 5264 1156 5300; x_wconf 63' lang='lat' dir='ltr'><strong>serviens</strong></span> <span class='ocrx_word' id='word_1_475' title='bbox 1179 5264 1283 5300; x_wconf 73' lang='lat' dir='ltr'><strong>mss.</strong></span> <span class='ocrx_word' id='word_1_476' title='bbox 1339 5264 1539 5311; x_wconf 79' lang='lat' dir='ltr'><strong>uatuor;</strong></span> <span class='ocrx_word' id='word_1_477' title='bbox 1564 5264 1620 5300; x_wconf 88' lang='lat' dir='ltr'><strong>ac</strong></span> <span class='ocrx_word' id='word_1_478' title='bbox 1641 5264 1837 5300; x_wconf 75' lang='lat' dir='ltr'><strong>tandem</strong></span> <span class='ocrx_word' id='word_1_479' title='bbox 1861 5264 2103 5299; x_wconf 81' lang='lat' dir='ltr'><strong>eumenes</strong></span> <span class='ocrx_word' id='word_1_480' title='bbox 2135 5264 2210 5298; x_wconf 81' lang='lat' dir='ltr'><strong>nat</strong></span> 
     </span>
     <span class='ocr_line' id='line_1_43' title="bbox 599 5264 2210 5375; baseline 0.001 -19"><span class='ocrx_word' id='word_1_481' title='bbox 599 5311 884 5372; x_wconf 76' lang='lat' dir='ltr'><strong>Amerbech,</strong></span> <span class='ocrx_word' id='word_1_482' title='bbox 903 5288 1141 5362; x_wconf 49' lang='lat' dir='ltr'><strong>Desidiarii</strong></span> <span class='ocrx_word' id='word_1_483' title='bbox 1162 5264 1354 5373; x_wconf 54' lang='lat' dir='ltr'><strong>Etasnﬂ,</strong></span> <span class='ocrx_word' id='word_1_484' title='bbox 1380 5320 1434 5363; x_wconf 91' lang='lat' dir='ltr'><strong>et</strong></span> <span class='ocrx_word' id='word_1_485' title='bbox 1452 5310 1805 5375; x_wconf 82' lang='lat' dir='ltr'><strong>Theologorum</strong></span> <span class='ocrx_word' id='word_1_486' title='bbox 1831 5310 2210 5359; x_wconf 81' lang='lat' dir='ltr'><strong>Lavaniensium.</strong></span> 
     </span>
    </p>
   </div>
   <div class='ocr_carea' id='block_1_42' title="bbox 678 5382 3745 5476">
    <p class='ocr_par' dir='ltr' id='par_1_42' title="bbox 678 5382 3745 5476">
     <span class='ocr_line' id='line_1_44' title="bbox 678 5382 3745 5476; baseline -0.002 -21"><span class='ocrx_word' id='word_1_487' title='bbox 678 5393 1192 5476; x_wconf 82' lang='lat' dir='ltr'><strong>Comparavt&#39;mus</strong></span> <span class='ocrx_word' id='word_1_488' title='bbox 1205 5404 1511 5476; x_wconf 64' lang='lat' dir='ltr'><strong>praeterea</strong></span> <span class='ocrx_word' id='word_1_489' title='bbox 1538 5409 1636 5457; x_wconf 77' lang='lat' dir='ltr'><strong>cas</strong></span> <span class='ocrx_word' id='word_1_490' title='bbox 1665 5409 1870 5455; x_wconf 80' lang='lat' dir='ltr'><strong>omnes</strong></span> <span class='ocrx_word' id='word_1_491' title='bbox 1898 5390 2196 5457; x_wconf 71' lang='lat' dir='ltr'><strong>editiones</strong></span> <span class='ocrx_word' id='word_1_492' title='bbox 2222 5393 2407 5457; x_wconf 78' lang='lat' dir='ltr'><strong>initio</strong></span> <span class='ocrx_word' id='word_1_493' title='bbox 2443 5395 2610 5458; x_wconf 83' lang='lat' dir='ltr'><strong>Rctr.</strong></span> <span class='ocrx_word' id='word_1_494' title='bbox 2634 5401 2688 5455; x_wconf 82' lang='lat' dir='ltr'><strong>et</strong></span> <span class='ocrx_word' id='word_1_495' title='bbox 2711 5389 3025 5465; x_wconf 84' lang='lat' dir='ltr'><strong>Confess.,</strong></span> <span class='ocrx_word' id='word_1_496' title='bbox 3049 5404 3093 5458; x_wconf 87' lang='lat' dir='ltr'><strong>t.</strong></span> <span class='ocrx_word' id='word_1_497' title='bbox 3131 5396 3187 5469; x_wconf 89' lang='grc'>1,</span> <span class='ocrx_word' id='word_1_498' title='bbox 3213 5391 3589 5458; x_wconf 79' lang='lat' dir='ltr'><strong>memoratas.</strong></span> <span class='ocrx_word' id='word_1_499' title='bbox 3679 5382 3745 5443; x_wconf 79' lang='lat' dir='ltr'><strong>M-</strong></span> 
     </span>
    </p>
   </div>
   <div class='ocr_carea' id='block_1_43' title="bbox 665 5514 1356 5577">
    <p class='ocr_par' dir='ltr' id='par_1_43' title="bbox 665 5514 1356 5577">
     <span class='ocr_line' id='line_1_45' title="bbox 665 5514 1356 5577; baseline 0.006 -15"><span class='ocrx_word' id='word_1_500' title='bbox 665 5516 680 5577; x_wconf 54' lang='grc' dir='ltr'><strong>ε</strong></span> <span class='ocrx_word' id='word_1_501' title='bbox 711 5514 897 5577; x_wconf 77' lang='lat' dir='ltr'><strong>Aliquot</strong></span> <span class='ocrx_word' id='word_1_502' title='bbox 915 5523 1046 5577; x_wconf 68' lang='lat' dir='ltr'><strong>Mss,</strong></span> <span class='ocrx_word' id='word_1_503' title='bbox 1065 5516 1356 5568; x_wconf 71' lang='lat' dir='ltr'><strong>dulcissime.</strong></span> 
     </span>
    </p>
   </div>
   <div class='ocr_carea' id='block_1_44' title="bbox 663 5576 1523 5642">
    <p class='ocr_par' dir='ltr' id='par_1_44' title="bbox 663 5576 1523 5642">
     <span class='ocr_line' id='line_1_46' title="bbox 663 5576 1523 5642; baseline -0.021 1"><span class='ocrx_word' id='word_1_504' title='bbox 663 5576 686 5642; x_wconf 64' lang='lat'><strong>&#39;.</strong></span> <span class='ocrx_word' id='word_1_505' title='bbox 709 5581 760 5642; x_wconf 69' lang='grc' dir='ltr'><strong>ιέι</strong></span> <span class='ocrx_word' id='word_1_506' title='bbox 780 5576 1037 5642; x_wconf 63' lang='grc' dir='ltr'><strong>ρἸβνίείιυβ</strong></span> <span class='ocrx_word' id='word_1_507' title='bbox 1051 5587 1179 5636; x_wconf 73' lang='lat' dir='ltr'><strong>Mss,</strong></span> <span class='ocrx_word' id='word_1_508' title='bbox 1206 5576 1523 5642; x_wconf 53' lang='grc' dir='ltr'><strong>υρῃῄηὶεωηἶ</strong></span> 
     </span>
    </p>
   </div>
   <div class='ocr_carea' id='block_1_45' title="bbox 665 5634 1592 5703">
    <p class='ocr_par' dir='ltr' id='par_1_45' title="bbox 665 5634 1592 5703">
     <span class='ocr_line' id='line_1_47' title="bbox 665 5634 1592 5703; baseline -0.014 -6"><span class='ocrx_word' id='word_1_509' title='bbox 665 5634 741 5697; x_wconf 83' lang='grc' dir='ltr'><strong>(α)</strong></span> <span class='ocrx_word' id='word_1_510' title='bbox 761 5634 972 5703; x_wconf 60' lang='grc' dir='ltr'><strong>ἀπηριαὲ</strong></span> <span class='ocrx_word' id='word_1_511' title='bbox 995 5639 1119 5691; x_wconf 81' lang='lat' dir='ltr'><strong>forte</strong></span> <span class='ocrx_word' id='word_1_512' title='bbox 1141 5634 1219 5690; x_wconf 77' lang='lat' dir='ltr'><strong>an.</strong></span> <span class='ocrx_word' id='word_1_513' title='bbox 1247 5639 1355 5703; x_wconf 71' lang='lat'><strong>422,</strong></span> <span class='ocrx_word' id='word_1_514' title='bbox 1378 5645 1461 5689; x_wconf 87' lang='lat' dir='ltr'><strong>aut</strong></span> <span class='ocrx_word' id='word_1_515' title='bbox 1484 5636 1592 5687; x_wconf 68' lang='lat'><strong>423.</strong></span> 
     </span>
    </p>
   </div>
  </div>
