3996 6282
185 288 268 343 “9
1553 260 1740 313 LIBER

1851 246 1997 315 x’us.
3310 260 3407 314 νο
3462 212 3467 218 .

176 400 360 454 civitate
382 390 507 447 nihil
543 402 629 442 me
655 386 849 441 dictare
874 378 1111 451 permisit
1132 376 1558 444 occupationum,
1590 388 1710 442 quae

178 489 237 543 ibi
273 498 367 539 non
408 486 575 550 potest
601 476 805 538 deesse,
828 470 991 526 nimia
1020 464 1321 522 multitudo.
1354 463 1458 519 Sed
1507 470 1718 532 postca-

175 590 308 647 quam
356 570 470 624 inde
521 578 794 636 regressus
837 575 987 625 sum,
1043 555 1273 628 peractis
1322 552 1460 623 apud
1510 558 1723 607 nostros

174 642 445 734 quindecim
473 656 680 720 diebus,
714 652 800 721 qui
831 665 915 706 me
946 656 1068 720 post
1092 646 1386 701 absentiam
1416 642 1721 697 diuturnam

174 731 339 810 curare
376 749 476 803 alia
505 745 873 813 compulerunt
913 740 1067 812 (nam
1086 746 1204 808 post
1226 743 1334 791 tres
1363 748 1577 789 menses
1604 731 1728 787 red-

177 846 240 899 ire
284 840 562 912 permissus
601 833 787 903 sum);
832 830 1130 885 rescribere
1162 828 1261 880 ista
1308 840 1411 879 non
1440 823 1640 889 distuli,
1673 829 1728 875 et

176 935 258 989 abs
294 941 339 986 te
376 928 550 984 missis
580 923 982 995 quaestionibus,
1012 934 1130 990 qua:
1172 935 1202 973 a
1252 932 1337 972 me
1380 932 1476 986 per
1518 914 1727 969 diversa

177 1023 394 1093 opuscula
451 1034 565 1073 mea
613 1018 724 1087 jam
779 1015 987 1069 fuerant
1036 1018 1487 1083 pertractatm,ex
1525 1005 1727 1061 eisdem

176 1112 414 1184 opusculis
443 1109 669 1164 reddere
700 1105 779 1160 vel
822 1104 1147 1159 solutionem
1178 1099 1261 1153 vel
1290 1105 1434 1153 certe
1462 1096 1727 1165 discepta-

176 1208 346 1259 tionem
374 1216 564 1255 meum.
591 1196 827 1263 Denique
852 1192 977 1247 illud
1012 1188 1402 1252 tantummodo,
1423 1186 1509 1239 ubi
1536 1184 1731 1255 quaeris

176 1308 316 1361 quare
342 1290 533 1346 dixerit
562 1288 822 1342 Dominus
852 1282 1101 1337 nimirum
1136 1279 1386 1350 praescius
1412 1276 1728 1340 futurorum,

178 1380 301 1452 Elegi
330 1379 486 1433 David
525 1375 801 1431 secundum
839 1389 927 1446 cor
971 1386 1139 1425 meum
1170 1366 1267 1440 (Ill
1317 1365 1442 1438 Reg.
1479 1380 1591 1427 vm,
1618 1363 1729 1434 16),

176 1486 279 1529 cum
307 1470 394 1527 ille
432 1469 555 1523 talia
592 1474 647 1522 et
689 1474 835 1521 tanta
864 1459 1212 1527 commiserit,
1240 1458 1327 1512 ubi
1367 1453 1729 1520 tractaverim,

178 1576 224 1623 et
249 1561 499 1635 quomodo
550 1559 601 1615 id
647 1555 1012 1628 exposuerim,
1047 1568 1150 1606 non
1204 1549 1345 1619 potui
1396 1547 1653 1617 reperire,
1680 1552 1734 1599 et

177 1634 325 1711 utrum
352 1655 416 1708 sit
456 1654 507 1706 in
537 1650 718 1720 aliquo
739 1646 876 1703 libro
908 1659 1026 1698 meo
1056 1641 1136 1695 vel
1168 1638 1393 1709 epistola
1422 1635 1622 1691 nescio.
1657 1634 1733 1687 Ac

179 1763 257 1819 per
293 1745 385 1799 hoc
412 1740 662 1812 quoniam
703 1736 834 1791 mihi
864 1733 930 1789 de
970 1734 1071 1787 hoc
1115 1728 1336 1785 intulisti
1368 1741 1515 1779 novae
1546 1724 1732 1792 dispu-

178 1812 363 1891 lationis
391 1830 788 1892 necessitatem,
821 1826 872 1879 in
902 1823 1003 1877 liae
1031 1836 1148 1875 mea
1181 1817 1530 1886 rcscriptione
1567 1814 1618 1868 id
1649 1812 1734 1867 ul-

179 1928 335 1982 timum
364 1923 478 1985 feci,
511 1921 660 1990 prius
692 1916 875 1970 volens
903 1926 967 1968 ea
1009 1918 1204 1981 ponere
1230 1925 1349 1977 quae
1393 1906 1648 1961 habebam
1680 1905 1733 1958 in

180 2016 276 2071 aliis
306 2014 428 2069 meis
456 2007 819 2065 voluminibus
859 2010 1152 2075 praeparata
1178 2019 1190 2053 ε
1221 2007 1278 2053 ιιι
1307 2013 1401 2053 nec
1431 1996 1606 2052 studio
1632 1996 1735 2050 tute

181 2106 437 2163 sanctitatis
482 2100 792 2165 deessetn‘,
843 2095 984 2167 quod
1037 2093 1166 2148 mihi
1214 2101 1297 2148 est
1344 2090 1733 2161 gratissimum;

185 2212 264 2252 nec
282 2197 373 2249 alio
398 2192 556 2248 modo
578 2190 769 2246 eadem
799 2184 981 2243 dicere
1010 2198 1252 2254 cogerer,
1276 2180 1415 2252 quod
1446 2180 1575 2234 mihi
1596 2187 1737 2235 esset

186 2285 642 2346 laboriosissimum,
678 2294 776 2334 nec
799 2288 848 2332 te
877 2278 1051 2347 aliquo
1074 2274 1299 2344 amplius
1324 2271 1616 2342 adjuvaret.

187 2380 396 2447 Quas-no
431 2391 613 2430 ιιιιιιιΑ.
648 2401 721 2413 --
757 2369 835 2424 An
862 2368 1100 2440 baptizati
1117 2374 1399 2436 peccatores
1421 2361 1602 2417 exituri
1638 2360 1737 2415 sint

246 2472 296 2525 de
317 2472 545 2542 gehenna.
590 2466 758 2521 Locus
789 2460 1019 2533 Apostoli
1044 2457 1258 2531 difficilis
1282 2455 1413 2510 male
1436 2452 1735 2509 intellectus.

250 2563 484 2634 Refutatur
512 2559 693 2631 opinio
736 2552 1129 2611 existimantium
1172 2549 1326 2620 ﬁdem
1364 2547 1474 2602 sine
1503 2543 1737 2616 operibus

258 2654 449 2725 prodesse
472 2652 541 2705 ad
573 2650 811 2705 salutent.
842 2645 1007 2700 Locus
1033 2642 1282 2714 Apostoli,
1310 2637 1559 2710 quomodo
1584 2635 1735 2690 intel-

261 2742 466 2813 hgcndus.
489 2740 642 2794 Alius
670 2735 898 2808 Apostoli
921 2734 1061 2787 locus
1089 2735 1280 2804 frustra
1298 2727 1360 2782 ab
1386 2729 1446 2781 iis
1468 2725 1737 2791 adductus,

256 2835 323 2903 qui
354 2834 493 2904 fidem
532 2832 650 2886 sine
693 2826 926 2899 operibus
964 2823 1160 2876 salvare
1196 2820 1394 2874 docent.
1440 2814 1741 2872 Chananteat

252 2926 353 2995 ﬁdes
375 2924 529 2995 qualis
580 2920 791 2977 laudata
818 2927 908 2972 est.
943 2914 1131 2986 Opinio
1169 2908 1524 2985 quorumdam,
1568 2905 1740 2977 ﬁdeles

251 3016 517 3085 baptizatos,
540 3010 868 3080 quantumvis
894 3013 1200 3078 peccatores,
1229 3000 1499 3058 salvandos
1527 3015 1633 3053 esse
1654 3013 1742 3067 per

248 3105 405 3173 ignem.
449 3102 600 3175 Ignis
651 3101 896 3171 cujusque
947 3112 1075 3166 opus
1120 3092 1337 3164 probans
1379 3091 1431 3145 in
1485 3090 1578 3143 hac
1617 3088 1740 3143 vita.

251 3192 559 3267 Purgatorius
589 3194 721 3263 ignis
750 3199 863 3262 post
892 3189 1023 3243 hanc
1049 3188 1221 3241 vitam.

252 3284 295 3341 l.
327 3287 493 3341 Prima
541 3286 725 3353 itaque
769 3278 1061 3352 propositio
1092 3285 1180 3331 tua
1222 3282 1325 3341 est,
1365 3291 1383 3324 ι
1432 3271 1619 3329 Utrum
1648 3270 1743 3324 ali-

197 3379 394 3449 quando,
436 3380 522 3449 qui
560 3384 688 3433 sunt
732 3381 851 3444 post
900 3370 1224 3440 Baptismum
1271 3374 1613 3436 peccatores,
1645 3377 1744 3417 ex-

204 3471 388 3526 eantde
416 3471 679 3539 gehenna.
719 3466 1124 3534 Aliquantorum
1166 3473 1395 3528 namque
1436 3454 1741 3525 superhoc,

202 3562 368 3631 inquis,
404 3560 611 3616 diversa
655 3555 919 3613 sententia
958 3560 1072 3618 est,
1112 3548 1580 3620 respondentium,
1609 3546 1747 3599 sicut

194 3651 416 3719 iustorum
455 3649 767 3720 praemium,
804 3647 875 3700 ita
922 3650 1260 3714 peccatorum
1314 3640 1472 3694 finem
1514 3653 1621 3692 non
1647 3636 1744 3690 ha-

196 3740 302 3797 bere
331 3749 601 3796 tormenta.
640 3740 959 3792 Asseverare
1003 3732 1200 3788 etenim
1232 3729 1450 3799 cupiunt
1496 3736 1600 3781 tam
1628 3741 1746 3795 per-

198 3841 345 3900 petem
380 3832 661 3887 vindictam
715 3841 967 3892 manere,
1004 3839 1161 3895 quam
1218 3821 1516 3892 prtemium.
1547 3817 1747 3886 Quibus

199 3931 357 3978 contra
397 3921 751 3993 pneseribitur
791 3915 1094 3987 evangelica
1147 3913 1234 3968 illa
1294 3909 1581 3976 sententia,
1629 3924 1746 3977 quae

198 4014 276 4079 ait,
313 4013 423 4067 Non
464 4013 580 4066 inde
623 4010 777 4074 eaies,
818 4006 976 4062 donec
1023 4003 1206 4059 reddas
1268 4003 1587 4055 novissimum
1621 4014 1750 4067 qua-

200 4101 396 4157 drantem
436 4102 650 4175 (Matth.
697 4116 748 4167 v,
785 4096 903 4168 26).
950 4096 1205 4165 Superest
1244 4107 1371 4164 ergo
1407 4101 1464 4145 ut
1491 4089 1592 4143 hoc
1626 4087 1748 4142 red-

201 4193 291 4249 dito
325 4196 479 4264 possit
518 4194 687 4248 exire.
732 4188 1014 4244 Credimus
1055 4185 1157 4239 hoc
1200 4193 1253 4239 et
1282 4180 1521 4252 Apostoli
1564 4176 1753 4233 defini-

202 4284 322 4339 tione
353 4284 565 4338 dicentis
592 4324 608 4347 ,
650 4279 769 4352 Ipse
803 4288 969 4331 autem
994 4276 1162 4330 salvus
1186 4274 1299 4337 erit,
1321 4272 1392 4326 sic
1413 4280 1578 4323 tamen
1603 4268 1747 4337 quasi

205 4390 277 4440 per
308 4374 456 4444 ignem
496 4373 546 4445 (l
588 4371 704 4426 Cor.
744 4386 822 4436 ιιι,
858 4366 968 4438 15).
1012 4358 1117 4422 Sed
1155 4364 1404 4434 quoniam
1454 4360 1579 4414 alibi
1617 4358 1747 4427 legi-

206 4480 333 4529 mus,
390 4464 592 4533 inquis,
630 4462 696 4514 Et
751 4476 850 4513 non
902 4456 1130 4527 cognovit
1171 4471 1301 4517 eam,
1345 4451 1501 4505 donec
1562 4448 1754 4520 peperit

206 4550 385 4619 (Matth.
420 4570 456 4618 ι,
482 4552 601 4622 25),
639 4548 778 4621 quod
819 4549 889 4602 ita
920 4543 1256 4615 interpretari
1281 4558 1385 4597 non
1427 4553 1745 4611 possumus;

204 4642 375 4699 idcirco
404 4645 467 4699 de
507 4646 607 4699 hoc
646 4642 885 4711 cupimus
928 4637 1038 4691 fieri
1069 4637 1347 4692 certiores.
1385 4652 1403 4687 ι
1434 4632 1546 4686 lluc
1587 4644 1752 4700 usque

208 4744 279 4789 est
299 4738 570 4806 propositio
599 4745 709 4790 tua.

266 4825 313 4876 Ξ.
347 4826 436 4880 Cui
474 4824 771 4894 respondeo
807 4838 873 4877 ex
921 4821 1056 4875 libro
1095 4833 1236 4885 meo,
1278 4816 1367 4887 qui
1419 4815 1748 4877 inscribitur,

213 4913 267 4967 de
289 4913 404 4970 Fide
443 4925 494 4972 et
517 4915 799 4984 Operibus,
829 4912 919 4967 ubi
950 4911 1015 4966 de
1042 4909 1141 4964 hac
1181 4926 1238 4963 re
1264 4909 1332 4962 ita
1364 4907 1572 4961 locutus
1598 4920 1715 4959 sum
1740 4922 1754 4959 :

220 5020 235 5052 t
272 5003 494 5073 Jacobus,
521 5007 757 5075 inquam,
786 5011 891 5056 tam
920 5002 1267 5055 vehementer
1310 4997 1531 5052 infestus
1559 5004 1641 5050 est
1678 4995 1756 5050 eis

216 5094 286 5161 qui
309 5096 503 5165 sapiunt
532 5095 685 5150 fidem
716 5095 832 5148 sine
853 5090 1105 5161 operibus
1138 5090 1315 5143 valere
1336 5087 1402 5141 ad
1430 5086 1677 5150 salutem,
1699 5094 1756 5138 ut

218 5182 316 5237 illos
349 5186 495 5239 etiam
532 5184 861 5239 daemonibus
898 5189 1189 5251 comparet,
1223 5180 1427 5243 dicens,
1456 5175 1536 5230 Tu
1565 5175 1750 5237 credis,

219 5278 419 5343 quoniam
453 5294 579 5330 unus
611 5288 682 5331 est
718 5275 885 5330 Deus:
912 5274 1034 5336 bene
1076 5273 1234 5344 facis;
1276 5281 1321 5325 et
1360 5270 1612 5323 dwntones
1648 5282 1756 5319 cre-

220 5363 337 5426 dunt,
364 5376 406 5417 et
448 5367 844 5421 contremiscunt.
897 5362 1033 5431 Quid
1079 5361 1315 5426 brevius,
1347 5360 1547 5424 verius,
1589 5357 1754 5411 vehe-

222 5456 417 5512 mentius
441 5454 537 5512 diei
563 5459 748 5527 potuit,
774 5472 895 5512 eum
918 5464 971 5511 et
1000 5454 1052 5509 in
1080 5452 1371 5522 Evangelio
1399 5451 1637 5519 legamus
1658 5447 1759 5501 hoc

222 5541 388 5599 dixisse
413 5544 683 5615 dmmonia,
710 5560 831 5603 cum
861 5543 1132 5599 Christum
1164 5541 1358 5597 Filium
1400 5539 1492 5593 Dei
1531 5538 1757 5592 confite-

225 5636 394 5704 rentur,
434 5642 487 5691 et
524 5636 600 5691 ab‘
632 5634 724 5693 illo
761 5635 1161 5708 eorriperentur
1212 5631 1401 5709 (illam
1450 5646 1487 5699 ι,
1517 5629 1605 5697 Ἡ,
1639 5626 1757 5698 25)›

271 5723 285 5754 ³
319 5724 536 5786 Potiores
556 5728 698 5800 3155.,
728 5733 959 5785 deesset.

1830 371 1970 442 quod
2009 372 2060 427 in
2094 371 2233 425 Petri
2261 369 2596 426 confessione
2626 370 2894 425 laudatum
2934 380 3015 427 est
3054 368 3266 445 (Matth.
3296 390 3407 439 xvt,

1834 460 1919 527 16,
1954 458 2082 531 l7)?
2129 459 2262 526 Quid
2304 459 2546 530 proderit,
2585 461 2659 513 ait
2706 460 2956 527 Jacobus,
3000 461 3185 530 fratres
3214 465 3328 527 mei,
3366 467 3410 519 si

1832 551 1981 620 ﬁdem
2009 551 2143 604 dicat
2168 568 2221 605 se
2263 552 2372 621 quis
2400 549 2598 617 habere,
2630 567 2783 619 opera
2830 562 2997 605 autem
3039 569 3139 607 non
3183 554 3407 610 habeat?

1835 640 2099 710 Numquid
2126 642 2305 711 poterit
2334 642 2461 709 ﬁdes
2490 642 2685 695 salvare
2723 643 2879 696 eum?
2924 642 3263 711 Dicitletiam,
3291 648 3409 713 quia

1833 733 1959 803 fides
1986 734 2095 788 sine
2122 733 2353 803 operibus
2383 742 2578 787 mortua
2608 743 2679 787 est
2713 732 2911 805 (Ιησοὺί
2944 750 3000 803 ιι,
3034 735 3122 802 19,
3174 738 3259 801 14,
3290 738 3407 807 20).

1833 823 2119 894 Quousque
2147 839 2274 893 ergo
2317 823 2587 890 falluntur,
2622 824 2707 893 qui
2745 823 2812 880 de
2841 824 2943 882 fide
2972 836 3181 881 mortua
3206 828 3304 883 sibi
3336 831 3413 882 vi-

1836 922 1943 970 tam
1972 924 2281 985 perpetuam
2316 914 2680 985 pollicentur?

1907 1007 1958 1061 5.
2008 1026 2025 1058 ‹
2060 1007 2396 1077 Quapropter
2422 1005 2703 1077 diligenter
2732 1008 2945 1078 oportet
2972 1007 3246 1064 attendere
3279 1024 3414 1079 quo—

1836 1096 1995 1152 modo
2014 1096 2319 1167 accipienda
2344 1097 2411 1151 sit
2435 1098 2659 1166 apostoli
2682 1097 2829 1151 Pauli
2851 1097 2936 1151 illa
2962 1100 3245 1164 sententia,
3261 1100 3417 1169 plane

1837 1186 1903 1242 ad
1951 1187 2353 1257 intelligendum
2400 1187 2660 1252 difficilis,
2712 1187 2797 1242 ubi
2837 1188 2912 1241 ait
2949 1206 2962 1243 :
3004 1186 3416 1244 Fundamentum

1839 1279 1969 1333 enim
1992 1279 2132 1333 aliud
2156 1295 2299 1332 nemo
2329 1288 2488 1349 potest
2518 1295 2719 1350 ponere,
2739 1288 2920 1348 praeter
2953 1278 3009 1333 id
3030 1278 3167 1350 quod
3198 1281 3418 1350 positum

1838 1378 1931 1434 est,
1959 1370 2093 1440 quod
2120 1377 2194 1423 est
2222 1369 2449 1423 Christus
2486 1369 2653 1423 Jesus.
2693 1369 2753 1424 Si
2789 1369 2899 1438 quis
2941 1378 3109 1423 autem
3136 1372 3417 1442 superwdi-

1839 1460 1956 1530 ﬁcat
1981 1476 2134 1528 super
2158 1458 2539 1531 fundamentum
2560 1460 2672 1524 hoc,
2692 1477 2893 1524 aurum,
2918 1470 3204 1532 argentum,
3223 1461 3422 1533 lapides

1840 1550 2102 1620 pretiosos,
2141 1550 2302 1621 ligna,
2335 1554 2526 1622 fenum,
2566 1551 2824 1619 stipulam,
2860 1552 3253 1623 uniuscujusque
3291 1570 3419 1624 apus

1840 1640 2258 1710 manifestabitur.
2286 1639 2407 1694 Dies
2433 1642 2565 1695 enim
2592 1641 2885 1709 declarabit,
2914 1642 3035 1712 quia
3061 1643 3112 1697 in
3138 1645 3251 1715 igne
3274 1661 3413 1701 reve-

1840 1731 2044 1797 labitur,
2072 1741 2117 1785 et
2144 1732 2534 1802 uniuscujusque
2562 1748 2689 1802 opus
2727 1732 2874 1801 quale
2913 1734 2977 1786 sit
3004 1735 3136 1805 ignis
3167 1736 3417 1803 probabit.

1843 1821 1905 1877 Si
1933 1823 2079 1892 cujus
2123 1839 2251 1893 apus
2290 1822 2549 1889 manserit,
2581 1822 2715 1893 quod
2755 1823 3197 1893 supersedi/ienuit,
3229 1842 3421 1882 merce-

1842 1911 1956 1966 dem
1997 1912 2230 1982 accipiet.
2278 1913 2338 1967 Si
2384 1912 2527 1980 cuius
2574 1921 2739 1966 autem
2785 1929 2913 1981 apus
2950 1915 3148 1981 arserit,
3181 1914 3424 1971 damnum

1843 2003 2100 2075 patietur:
2132 2003 2242 2073 ipse
2282 2012 2448 2057 autem
2477 2004 2644 2057 salvus
2677 2004 2790 2069 erit,
2830 2004 2904 2058 sic
2946 2012 3113 2057 tanton
3149 2008 3295 2076 quasi
3338 2024 3425 2075 per

1842 2095 2006 2167 ignem
2039 2094 2234 2167 (lCor.
2266 2110 2345 2164 ιιι,
2394 2094 2609 2167 11-15).
2653 2095 2803 2162 Quod
2851 2096 3065 2166 quidam
3111 2097 3180 2151 ita
3230 2099 3426 2154 intelli-

1842 2184 2072 2256 gendum
2100 2194 2309 2254 putant,
2338 2194 2396 2239 ut
2428 2185 2505 2239 illi
2533 2184 2816 2240 videantur
2840 2186 3101 2241 aedificare
3132 2202 3295 2257 super
3323 2188 3427 2244 hoc

1843 2273 2273 2341 fundamentum,
2313 2290 2524 2342 aurum,
2567 2273 2865 2345 argentum,
2899 2275 3101 2345 lapides
3141 2278 3424 2346 pretiosos,

1843 2366 1935 2436 qui
1958 2365 2082 2421 fidei
2103 2381 2221 2435 qua:
2247 2366 2300 2420 in
2318 2365 2533 2421 Christo
2554 2376 2654 2430 est,
2678 2365 2816 2421 bona
2844 2381 3007 2435 opera
3028 2366 3318 2437 adjiciunt;
3354 2369 3425 2425 illi

1843 2465 2022 2511 autem
2051 2455 2251 2522 fenum,
2271 2456 2430 2526 ligna,
2454 2456 2725 2525 stipulam,
2744 2457 2973 2527 quicum
2998 2457 3239 2511 eamdem
3269 2458 3425 2514 fidem

1846 2542 2099 2612 habeant,
2119 2548 2256 2602 male
2277 2556 2585 2617 operantur.
2615 2546 2765 2602 Unde
2785 2546 3114 2601 arbitrantur
3143 2563 3239 2618 per
3263 2564 3425 2618 quas-

1845 2635 1967 2691 dam
2010 2652 2194 2707 pmnas
2224 2637 2360 2707 ignis
2380 2652 2473 2691 eos
2500 2652 2654 2706 posse
2679 2638 2892 2707 purgari
2917 2637 2981 2691 ad
3004 2638 3229 2693 salutem
3256 2640 3426 2709 perci-

1845 2726 2094 2796 piendam
2124 2727 2316 2782 merito
2344 2724 2692 2780 fundamenti.

1918 2820 1974 2875 4.
2019 2836 2036 2870 ι
2080 2820 2190 2875 lloc
2215 2819 2258 2873 si
2290 2819 2360 2873 ita
2391 2828 2490 2882 est,
2516 2817 2742 2872 fatemur
2783 2817 2913 2871 istos
2958 2816 3206 2871 laudabili
3249 2819 3426 2874 chari-

1848 2916 1957 2965 tate
1983 2909 2188 2975 conari,
2221 2918 2279 2962 ut
2316 2921 2504 2962 omnes
2535 2905 2818 2961 indiscrete
2856 2905 3201 2960 admittuntur
3229 2907 3295 2961 ad
3327 2908 3426 2961 Ba-

1848 3002 2124 3072 ptismum,
2172 3015 2281 3055 non
2331 2999 2506 3055 solum
2558 2997 2783 3053 adulteri
2834 3006 2888 3053 et
2937 2998 3212 3065 adulterae,
3244 3008 3429 3054 contra

1848 3093 2166 3149 sententiam
2194 3091 2403 3147 Domini
2432 3090 2592 3144 falsas
2623 3090 2835 3159 nuptias
2874 3087 3300 3160 prmtendentes;
3332 3104 3427 3144 ve-

1848 3199 1967 3239 rum
2005 3182 2166 3238 etiam
2199 3181 2423 3251 publica:
2462 3179 2771 3234 meretrices
2809 3179 2862 3232 in
2894 3178 3196 3247 turpissima
3228 3177 3430 3249 profes-

1850 3275 2003 3330 sione
2028 3281 2456 3344 perseverantes,
2473 3284 2604 3340 quas
2629 3278 2775 3325 certe
2803 3270 2964 3324 etiam
2992 3268 3134 3323 nulla
3158 3271 3432 3340 negligen-

1852 3363 2059 3418 tissima
2109 3361 2345 3417 Ecclesia
2401 3359 2683 3415 consuevit
2726 3358 3029 3425 admittere,
3075 3358 3177 3412 nisi
3223 3359 3290 3413 ab
3342 3359 3429 3413 illa

1852 3457 2096 3528 primitus
2123 3454 2496 3525 prostitutione
2523 3453 2792 3507 liberatas.
2821 3450 2926 3506 Sed
2970 3451 3068 3504 ista
3110 3451 3313 3506 ratione
3338 3465 3433 3505 cur

1852 3564 1960 3603 non
1985 3546 2295 3603 omnimodo
2322 3545 2689 3608 admittuntur,
2720 3544 2935 3597 omnino
2964 3558 3068 3596 non
3097 3542 3271 3597 video.
3304 3542 3433 3610 Quis

1852 3641 1995 3695 enim
2036 3654 2143 3693 non
2188 3636 2336 3691 malit
2361 3650 2451 3692 eas
2496 3635 2669 3704 posito
2719 3633 3086 3697 fundamento,
3119 3634 3243 3688 licet
3270 3633 3431 3703 ligna,

1854 3729 2034 3785 fenum
2060 3736 2114 3784 et
2136 3727 2383 3797 stipulam
2415 3732 2728 3795 congerunt,
2751 3724 3023 3794 aliquanto
3051 3732 3197 3778 certe
3225 3722 3436 3778 diutur-

1854 3823 2008 3877 niore
2055 3822 2176 3892 igne
2223 3818 2458 3889 purgari,
2492 3832 2651 3888 quam
2696 3817 2751 3871 in
2781 3825 3037 3871 atternum
3086 3816 3299 3885 perire?
3341 3816 3437 3870 sed

1856 3912 1986 3967 falsa
2026 3920 2180 3967 erunt
2227 3911 2335 3975 illa,
2367 3925 2486 3980 quae
2516 3909 2891 3964 obscuritatem
2934 3907 3438 3977 ambiguitatemque

1856 4017 1962 4057 non
1995 4002 2191 4056 habent
2220 4018 2233 4054 :
2269 4000 2331 4056 Si
2370 4000 2580 4052 habeam
2618 4015 2812 4052 onmem
2842 3997 3016 4067 fidem,
3044 3999 3115 4051 ita
3163 4006 3216 4051 ut
3245 4008 3437 4052 montes

1856 4096 2177 4164 transferam,
2217 4089 2510 4144 charitatem
2553 4100 2717 4141 autem
2761 4103 2860 4140 non
2907 4087 3136 4153 habeam,
3171 4088 3299 4139 nihil
3325 4104 3439 4140 sum

1857 4181 1978 4253 (Id.
2034 4198 2150 4249 xm,
2200 4180 2292 4250 2);
2341 4188 2423 4245 et,
2477 4178 2615 4245 Quid
2666 4176 2919 4247 proderit,
2979 4177 3162 4243 fratres
3220 4176 3339 4240 mei,
3387 4177 3433 4228 si

1857 4274 2011 4344 ﬁdem
2049 4274 2160 4343 quis
2194 4270 2326 4324 dicat
2363 4287 2416 4324 se
2458 4270 2658 4333 habere,
2681 4284 2834 4338 opera
2872 4276 3040 4321 autem
3076 4283 3177 4319 non
3218 4266 3438 4320 habeat?

1862 4362 2124 4433 Numquid
2177 4362 2356 4433 poterit
2406 4361 2531 4430 ﬁdes
2579 4360 2775 4414 salvare
2809 4357 2967 4411 eum?
3014 4356 3228 4411 Falsum
3258 4357 3361 4411 erit
3387 4366 3442 4410 et

1859 4454 2021 4509 illud:
2067 4451 2243 4507 Nolite
2283 4468 2487 4516 errare;
2514 4467 2669 4520 neque
2713 4449 3057 4520 fornicatores,
3091 4464 3247 4517 neque
3291 4448 3442 4500 idolis

1858 4544 2144 4612 servientes,
2186 4559 2345 4613 neque
2387 4544 2540 4612 fures,
2586 4556 2743 4611 neque
2791 4539 2951 4605 avari,
2999 4554 3155 4607 neque
3200 4536 3440 4600 adulteri,

1860 4651 2016 4706 neque
2060 4634 2256 4700 molles,
2302 4649 2458 4703 neque
2498 4631 2835 4684 masculorum
2882 4627 3242 4693 concubitores,
3284 4642 3444 4698 neque

1860 4725 2071 4791 ebriosi,
2124 4740 2280 4794 neque
2328 4722 2579 4785 maledici,
2626 4735 2783 4791 neque
2828 4733 3038 4788 rapaces
3092 4733 3302 4787 regnum
3348 4716 3445 4770 Dei

1863 4813 2182 4885 possidebunt
2205 4812 2314 4883 (Id.
2346 4812 2488 4878 vr,9,
2515 4811 2622 4878 10).
2648 4805 2860 4861 Falsum
2892 4816 2943 4860 et
2963 4805 3092 4860 illud
3118 4824 3131 4861 :
3166 4805 3444 4878 Manifesta

1860 4914 1975 4960 sunt
2004 4920 2157 4973 Opera
2186 4903 2372 4966 carnis,
2410 4917 2520 4971 qua:
2547 4910 2661 4951 sunt
2689 4898 3067 4969 fornicationes,
3089 4896 3442 4963 immunditiaz,

1862 4994 2193 5065 impudicitia,
2224 4992 2446 5055 luxuria,
2479 4989 2731 5042 idolorum
2777 4988 3011 5054 servitus,
3053 4988 3309 5056 veneﬁcia,
3341 4987 3445 5041 ini-

1864 5086 2084 5149 micitiat,
2121 5083 2473 5145 contentiones,
2515 5080 2880 5144 wrnulationes,
2930 5079 3290 5143 animositates,
3341 5078 3443 5131 dis-

1862 5175 2112 5229 sensiones
2136 5214 2149 5235 ,
2179 5172 2388 5224 Iuereses
2423 5212 2437 5234 ,
2466 5169 2668 5223 invidia:
2686 5210 2699 5234 ,
2729 5168 3005 5234 ebrietates,
3039 5167 3443 5231 comessationes,

1865 5276 1909 5321 et
1938 5268 2012 5319 his
2036 5265 2240 5328 similia,
2270 5278 2383 5333 qua:
2414 5262 2633 5332 pra'dico
2660 5260 2816 5321 vobis.
2840 5261 2968 5315 sicut
2994 5269 3041 5314 et
3064 5259 3297 5330 prtedixi,
3322 5274 3445 5326 quo-

1865 5359 1999 5411 niam
2028 5356 2113 5426 qui
2141 5355 2263 5407 talia
2291 5362 2468 5424 agunt,
2491 5368 2701 5424 regnum
2728 5351 2821 5406 Dei
2846 5367 2947 5406 non
2971 5349 3296 5421 possidebunt
3320 5346 3447 5419 (Ga-

1866 5450 1955 5504 lat.
1978 5465 2034 5515 v,
2058 5446 2267 5518 19-21).
2298 5446 2452 5501 Falsa
2481 5453 2638 5501 erunt
2662 5445 2796 5498 base.
2821 5442 2877 5497 Si
2904 5441 3047 5497 enim
3081 5437 3445 5495 tantummodo
3498 5486 3509 5498 ,

1864 5541 2085 5596 credant
2116 5548 2170 5593 et
2196 5539 2542 5609 haptizentur,
2576 5535 2816 5606 quamvis
2842 5532 2893 5586 in
2920 5532 3073 5587 malis
3103 5529 3296 5585 talibus
3326 5545 3445 5598 per-

1866 5639 2138 5698 severent,
2157 5629 2287 5685 salvi
2310 5638 2467 5683 erunt
2493 5644 2585 5698 per
2611 5629 2783 5698 ignem
2807 5643 2818 5680 :
2839 5634 2993 5694 atque
3016 5622 3136 5679 ideo
3155 5622 3206 5677 in
3224 5621 3443 5677 Christo

1764 5766 1809 5800 α
1870 5720 2141 5792 bautisati,
2168 5718 2333 5781 etiam
2356 5723 2444 5792 qui
2475 5723 2596 5778 talia
2626 5728 2805 5790 agunt,
2836 5732 3054 5789 regnum
3082 5715 3171 5775 Dei
3208 5714 3440 5787 posside-
