3996 6282
615 285 712 344 151

608 404 759 458 bunt.
811 399 1025 455 Frustra
1056 409 1234 455 autem
1264 400 1474 465 dicitur,
1510 401 1573 454 Et
1604 404 1712 456 hch
1751 406 1948 471 quidem
1994 408 2176 478 fuistis,

605 493 696 547 sed
722 493 878 546 abluti
908 493 1024 546 estis
1059 491 1107 561 (l
1135 492 1251 548 Cor.
1281 509 1353 558 vr,
1389 493 1508 564 tt);
1541 495 1751 564 quando
1785 505 1836 550 et
1864 498 2027 552 abluti
2069 499 2182 554 lia-c

604 593 746 639 sunt.
790 583 1020 638 lnaniter
1045 583 1202 637 etiam
1247 583 1377 638 illud
1410 599 1439 637 a
1469 584 1626 640 Petro
1655 585 1850 640 dictum
1896 588 2177 656 videbitur,

605 675 697 730 Sic
733 684 778 727 et
824 690 910 728 vos
956 674 1108 727 simili
1159 677 1322 745 forma
1363 673 1624 740 Baptisma
1665 677 1828 730 salvos
1877 679 2035 748 facit;
2079 696 2180 733 non

601 765 770 820 carnis
804 764 1050 833 depositio
1075 765 1318 831 sordium,
1341 765 1428 819 sed
1454 768 1768 820 conscientia:
1795 767 1938 822 bona:
1960 769 2175 823 interro-

602 860 736 928 gatio
767 850 828 927 (l'
853 858 991 911 Petr.
1026 874 1103 925 ιιι,
1133 857 1265 927 2t);
1309 858 1353 911 si
1385 858 1595 927 quidem
1639 870 1691 912 et
1720 859 1973 914 habentes
2005 862 2174 930 pessi-

601 965 716 1004 mas
762 949 1112 1009 conscientias
1160 949 1398 1003 omnium
1456 949 1769 1017 flagitiorum
1812 959 1865 1004 et
1914 951 2173 1006 scelerum

602 1042 805 1110 plenas,
834 1055 932 1095 nec
961 1055 1139 1094 eorum
1169 1040 1425 1094 malorum
1456 1040 1762 1110 pmnitentia
1815 1049 2063 1107 mutatas,
2099 1050 2174 1096 ta-

599 1146 720 1184 men
761 1131 1027 1199 Baptisms
1075 1130 1248 1183 salvos
1301 1129 1421 1183 facit
1455 1149 1467 1184 :
1509 1140 1727 1198 prepter
1770 1130 2169 1186 fundamentum

597 1223 738 1275 enim
769 1220 906 1290 quod
951 1220 1003 1273 in
1045 1220 1232 1273 eodem
1276 1221 1601 1289 Baptismate
1653 1221 1883 1288 ponitur,
1924 1222 2049 1276 licet
2078 1237 2173 1290 per

598 1311 796 1380 ignem,
842 1311 975 1363 salvi
1007 1319 1180 1365 erunt.
1210 1309 1341 1364 Illud
1367 1326 1575 1380 quoque
1606 1325 1708 1363 non
1739 1310 1889 1365 video
1927 1326 2024 1365 cur
2064 1312 2168 1364 Do-

595 1401 768 1454 minus
795 1399 1005 1464 dixerit,
1035 1399 1096 1455 Si
1121 1401 1194 1454 vis
1237 1401 1402 1454 venire
1427 1400 1495 1453 ad
1535 1401 1707 1465 vitam,
1750 1418 1890 1454 serva
1930 1405 2169 1454 mandata

593 1491 804 1564 (Matth.
836 1509 949 1554 mi,
976 1491 1085 1562 l7),
1118 1499 1172 1546 et
1196 1492 1629 1546 commemoravit
1667 1507 1726 1545 ea
1757 1507 1873 1561 quae
1899 1493 1965 1546 ad
2001 1493 2166 1548 bonos

592 1599 768 1639 mores
795 1585 1092 1654 pertinent;
1133 1583 1178 1637 si
1205 1584 1362 1637 etiam
1397 1582 1478 1636 bis
1520 1598 1625 1637 non
1652 1583 1874 1637 servatis
1904 1584 1969 1636 ad
2000 1585 2163 1637 vitam

588 1675 756 1730 veniri
786 1683 958 1744 potest
992 1689 1084 1742 per
1106 1674 1272 1726 solam
1306 1671 1483 1733 fidem,
1506 1687 1623 1740 quae
1643 1673 1750 1725 sine
1777 1672 2006 1741 operibus
2031 1689 2164 1726 mor-

588 1773 674 1817 tua
710 1773 804 1818 est.
843 1764 972 1817 Illud
1006 1762 1197 1816 deinde
1223 1761 1487 1830 quomodo
1527 1777 1710 1815 verum
1749 1761 1873 1826 erit,
1902 1762 2042 1832 quod
2081 1762 2163 1838 eis

586 1868 724 1922 quos
751 1851 817 1906 ad
847 1852 1118 1905 sinistram
1167 1851 1432 1919 positurus
1460 1858 1542 1904 est
1569 1849 1707 1904 dicet
1737 1867 1751 1904 ε
1783 1848 1860 1902 Ite
1897 1850 1949 1903 in
1995 1851 2160 1918 ignem

583 1952 844 2007 internum,
871 1942 956 2013 qui
984 1949 1189 2010 paratus
1213 1949 1284 1994 est
1313 1940 1512 1995 diabolo
1532 1949 1578 1993 et
1613 1941 1802 2010 angelis
1827 1941 1979 2010 ejus?
2019 1940 2160 2009 Quos

585 2048 691 2088 non
733 2034 970 2101 increpat
993 2032 1115 2101 quia
1143 2032 1193 2086 in
1225 2046 1345 2085 eum
1377 2047 1482 2085 non
1511 2030 1871 2098 crediderunt,
1913 2031 2008 2086 sed
2037 2031 2158 2102 quia

582 2124 721 2179 bona
769 2138 931 2192 opera
979 2138 1085 2178 non
1138 2123 1397 2178 fecerunt.
1449 2121 1582 2176 Nam
1641 2121 1880 2192 profecto
1941 2137 2007 2176 ne
2059 2122 2157 2177 sibi

581 2213 859 2283 quisquam
902 2213 972 2268 de
1015 2212 1140 2279 fide,
1185 2228 1303 2282 qua:
1346 2213 1462 2267 sine
1511 2212 1762 2282 operibus
1804 2221 2010 2267 mortua
2053 2222 2155 2278 est,

581 2303 743 2356 vitam
787 2302 1062 2371 promittat
1094 2311 1370 2368 aeternam,
1419 2311 1694 2372 propterea
1744 2317 1930 2358 omnes
1971 2311 2158 2373 gentes

580 2401 977 2461 segregaturum
1008 2407 1066 2448 se
1092 2391 1250 2457 dixit,
1284 2408 1400 2463 qua:
1428 2394 1700 2462 permixta:
1721 2393 1920 2448 eisdem
1945 2395 2158 2464 pascuis

580 2482 886 2547 utebantur,
933 2491 992 2537 ut
1038 2495 1290 2553 appareat
1340 2498 1433 2539 eos
1471 2484 1551 2538 illi
1598 2483 1866 2549 dicturos,
1917 2485 2152 2551 Domine,

577 2571 782 2640 quando
809 2581 856 2626 te
892 2573 1107 2627 vidimus
1135 2572 1223 2627 illa
1253 2580 1306 2628 et
1350 2573 1436 2626 illa
1469 2575 1775 2642 patientem,
1810 2585 1854 2629 et
1881 2592 1980 2629 non
2008 2577 2155 2630 mini-

574 2661 839 2715 stravimus
858 2662 985 2715 tibi?
1011 2663 1099 2731 qui
1131 2663 1182 2715 in
1207 2677 1328 2716 eum
1359 2662 1716 2731 crediderant,
1741 2665 1832 2720 sed
1861 2666 1997 2720 bona
2028 2681 2154 2736 ope-

573 2751 681 2805 rari
713 2766 816 2805 non
842 2761 1182 2818 curaverant,
1209 2763 1455 2823 tanquam
1482 2753 1549 2809 de
1579 2756 1692 2824 ipsa
1729 2756 1830 2810 fide
1856 2766 2063 2810 mortua
2085 2757 2152 2812 ad

569 2839 735 2895 vitam
761 2842 1125 2910 perveniretur
1144 2852 1417 2897 internum.
1447 2845 1527 2898 An
1555 2844 1692 2900 forte
1727 2847 1875 2900 ibunt
1903 2848 1953 2901 in
1976 2849 2150 2917 ignem

573 2938 833 2984 intentum
855 2931 944 2998 qui
971 2946 1130 2999 opera
1155 2933 1536 2988 misericordia:
1557 2952 1661 2988 non
1689 2935 1948 2999 fecerunt,
1969 2947 2022 2991 et
2045 2954 2149 2992 non

571 3019 725 3074 ibunt
753 3019 843 3088 qui
887 3020 1054 3074 aliena
1101 3030 1413 3091 rapuerunt,
1458 3024 1543 3077 vel
1579 3026 1970 3094 corrumpendo
2012 3028 2060 3080 in
2092 3042 2150 3082 se

575 3111 827 3181 templum
871 3112 961 3166 Dei
1007 3113 1058 3165 in
1103 3129 1161 3166 se
1211 3102 1354 3182 ipsos
1411 3113 1855 3169 immisericordes
1900 3116 2144 3181 fuerunt;

571 3201 721 3270 quasi
755 3216 915 3268 opera
952 3201 1329 3255 misericordia:
1361 3203 1564 3271 prosint
1607 3203 1803 3271 aliquid
1850 3204 1965 3259 sine
2007 3205 2146 3262 dile-

570 3291 767 3357 ctione,
803 3291 1011 3346 dicente
1057 3291 1332 3360 Apostolo,
1377 3293 1438 3346 Si
1485 3294 1778 3348 distribuant
1825 3298 1994 3349 omnia
2037 3315 2147 3352 mea

569 3384 892 3455 pauperibus,
925 3384 1217 3436 charitatem
1260 3395 1426 3438 autem
1455 3403 1554 3439 non
1591 3387 1820 3453 habeam,
1852 3390 1978 3444 nihil
2021 3392 2146 3446 mihi

569 3473 770 3543 prodest
796 3473 849 3542 (l
879 3472 996 3528 Cor.
1031 3489 1148 3539 xm,
1185 3475 1271 3543 3);
1306 3485 1395 3528 aut
1439 3475 1620 3544 diligat
1648 3478 1925 3547 quisquam
1969 3481 2145 3549 proxi-

538 3578 713 3617 \mum
741 3563 877 3617 sicut
907 3577 964 3616 se
1009 3562 1202 3632 ipsum,
1234 3564 1320 3632 qui
1356 3580 1457 3618 non
1485 3565 1654 3634 diligit
1698 3583 1755 3621 se
1783 3568 1993 3629 ipsum?
2043 3571 2143 3636 Qui

566 3653 708 3707 cnim
736 3652 900 3722 diligit
937 3653 1269 3722 iniquitatem,
1299 3653 1404 3706 odit
1439 3655 1660 3707 animam
1699 3673 1840 3710 suam
1872 3657 2045 3728 (Psal.
2081 3676 2137 3724 Χ,

565 3742 642 3812 6).
672 3743 856 3811 Neque
894 3743 1021 3796 illud
1064 3743 1166 3797 dici
1213 3743 1299 3798 hic
1341 3745 1552 3812 poterit,
1586 3746 1637 3799 in
1668 3761 1773 3816 quo
1815 3751 2054 3804 nonnulli
2081 3767 2140 3806 se

563 3834 711 3901 ipsos
733 3831 991 3886 seducunt
1017 3831 1273 3899 dicentes,
1301 3833 1474 3903 ignem
1501 3845 1756 3890 aeternum
1785 3837 2005 3906 dictum,
2031 3856 2136 3894 non

561 3920 731 3990 ipsam
756 3935 965 3990 pinnam
994 3931 1243 3975 mtcrnam
1266 3941 1279 3976 :
1306 3939 1398 3992 per
1426 3924 1601 3994 ignem
1625 3926 1836 3996 quippe,
1861 3928 1950 3998 qui
1977 3939 2134 3984 teter-

560 4026 664 4066 nus
701 4012 821 4075 erit,
857 4013 1170 4068 transituros
1198 4015 1522 4069 arbitrantur
1551 4031 1666 4082 eos,
1698 4018 1888 4086 quibus
1921 4029 2137 4090 pmpter

559 4100 718 4156 fidem
763 4111 1023 4156 mortuam
1072 4118 1165 4172 per
1194 4105 1369 4174 ignem
1416 4106 1725 4174 promittunt
1771 4109 2027 4176 salutem;
2080 4120 2136 4165 ut

557 4192 806 4248 videlicet
831 4193 967 4263 ignis
1003 4202 1234 4250 internus
1281 4197 1369 4262 sit,
1402 4199 1699 4252 combustio
1747 4215 1875 4255 vero
1923 4215 2128 4265 eorum,

555 4283 658 4339 hoc
687 4291 770 4339 est
797 4286 1033 4353 operatio
1075 4287 1230 4355 ignis,
1259 4302 1362 4340 non
1393 4288 1464 4342 sit
1504 4288 1556 4343 in
1601 4291 1680 4344 eis
1727 4300 1924 4346 aeterna
1962 4308 1976 4347 :
2011 4307 2129 4347 cum

555 4381 613 4426 et
639 4371 742 4428 hoc
768 4373 1074 4441 prmvidens
1115 4375 1390 4439 Dominus,
1419 4385 1667 4447 tanquam
1712 4380 1985 4447 Dominus,
2009 4397 2130 4437 sen-

553 4462 776 4516 tentiam
820 4476 970 4517 suam
1012 4462 1084 4516 ita
1128 4464 1468 4530 concluserit,
1512 4468 1716 4536 dicens,
1757 4471 1847 4525 Sic
1887 4472 2026 4526 ibunt
2054 4476 2131 4528 illi

554 4551 610 4603 in
635 4550 1021 4605 combustionem
1042 4561 1302 4618 cateruam,
1323 4555 1452 4624 justi
1472 4566 1638 4610 autem
1656 4559 1707 4610 in
1725 4559 1872 4612 citam
1892 4571 2128 4616 ceternam

556 4638 767 4707 (Matth.
789 4656 913 4707 xxv,
939 4642 1033 4704 41,
1059 4643 1147 4706 44,
1169 4641 1282 4714 46).
1307 4644 1421 4698 Erit
1444 4660 1570 4716 ergo
1584 4655 1783 4703 aeterna
1809 4651 2124 4719 combustio,

555 4729 693 4784 sicut
720 4730 887 4800 ignis;
928 4741 981 4786 et
1009 4748 1102 4787 eos
1129 4734 1180 4788 in
1214 4735 1354 4790 illam
1383 4737 1549 4793 ituros
1579 4740 1782 4796 Veritas
1807 4742 1960 4806 dixit,
1995 4761 2125 4815 quo-

551 4834 668 4874 rum
699 4835 804 4875 non
835 4820 988 4876 fidem
1009 4863 1024 4887 ,
1057 4824 1149 4878 sed
1176 4825 1312 4880 bona
1356 4842 1516 4895 opera
1557 4829 1788 4886 defuisse
1815 4831 2120 4891 declaravit.

620 4909 674 4964 5.
705 4928 724 4961 ι
761 4909 815 4965 Si
844 4926 970 4980 ergo
990 4911 1104 4967 lucc
1128 4916 1301 4969 omnia
1321 4957 1336 4982 ,
1379 4927 1434 4973 et
1453 4929 1643 4975 cietera
1672 4936 1790 4991 quae
1815 4923 2122 4982 innumera-

551 4998 673 5053 bilia
704 5013 800 5068 per
821 5015 1007 5056 omnes
1031 4999 1328 5073 Scripturas
1355 5007 1470 5063 sine
1495 5009 1836 5080 ambiguitate
1860 5013 1998 5070 dicta
2029 5032 2121 5072 re-

546 5090 708 5159 periri
736 5101 973 5159 possunt,
1009 5092 1137 5148 falsa
1167 5105 1355 5164 erunt;
1383 5101 1574 5168 poterit
1604 5116 1758 5158 verus
1785 5120 1903 5161 esse
1932 5107 2019 5163 ille
2042 5109 2123 5162 ius

547 5179 792 5234 tellectus
820 5181 888 5234 de
915 5181 1089 5250 lignis,
1113 5183 1231 5239 feno
1261 5195 1313 5240 et
1341 5188 1552 5257 stipula,
1571 5191 1711 5260 quod
1734 5193 1787 5248 bi
1816 5196 1946 5250 salvi
1965 5208 2119 5253 erunt

544 5285 640 5339 per
667 5270 864 5340 ignem,
893 5273 982 5340 qui
1012 5274 1178 5328 solam
1211 5276 1260 5330 in
1290 5275 1502 5334 Christo
1531 5281 1686 5338 fidem
1719 5293 1958 5342 tenentes
1983 5289 2118 5346 bona

543 5375 704 5430 Opera
729 5361 1092 5431 neglexerunt.
1119 5364 1174 5420 Si
1194 5375 1368 5422 autem
1388 5369 1484 5424 ista
1512 5379 1563 5424 et
1583 5388 1726 5438 vera,
1746 5383 1798 5429 et
1814 5377 1954 5430 clara
1972 5389 2113 5443 sunt;

542 5451 728 5518 procul
759 5451 920 5508 dubio
947 5454 998 5508 in
1031 5454 1117 5510 illa
1144 5457 1383 5526 Apostoli
1409 5463 1669 5517 sententia
1689 5463 1824 5519 alius
1846 5467 2120 5536 requiren-

541 5540 642 5596 dus
667 5548 747 5596 est
777 5541 1074 5599 intellectus
1092 5586 1108 5612 ,
1137 5556 1294 5615 atque
1335 5550 1386 5604 in
1419 5550 1498 5605 his
1525 5551 1825 5624 deputanda
1854 5564 1938 5610 est
1957 5599 1970 5620 ,
1998 5572 2115 5626 quae

542 5631 730 5686 Petrus
755 5632 882 5688 dicit
904 5648 1023 5690 esse
1048 5635 1101 5690 in
1130 5638 1342 5706 scriptis
1368 5639 1481 5709 ejus
1505 5642 1745 5714 quaedam
1774 5645 2005 5702 difficilia
2036 5649 2116 5702 in-

545 5719 777 5790 ‘ellcctu,
799 5724 914 5792 qua:
941 5739 1046 5781 non
1077 5725 1270 5784 debent
1299 5729 1539 5788 homines
1567 5741 1869 5800 pervertere
1899 5736 1962 5791 ad
1993 5753 2115 5808 pro-

1357 286 1442 341 DE
1481 289 1656 344 OC'I'O
1699 290 1986 346 DL'LClTll
2027 293 2570 370 QUASS'I‘IONIBUS,
2614 306 2668 359 S.
2714 305 3084 368 AUGUSTlNl

3743 333 3824 391 i5?

2295 414 2465 480 prium
2493 431 2642 472 suum
2667 419 2934 478 interitum
2964 427 3028 499 (ll
3061 428 3198 484 Petr.
3231 449 3306 497 ιιι,
3332 434 3440 510 t6),
3464 449 3520 494 ut
3543 453 3712 500 contra
3730 454 3822 504 evi-

2289 501 2596 561 dentissima
2618 513 2913 570 testimonia
2939 517 3329 588 Scripturarum
3350 501 3564 585 securos
3585 533 3756 592 faciant
3769 542 3820 597 de

2290 595 2623 663 percipienda
2653 601 2821 658 salute
2864 610 3212 676 nequissimos
3233 654 3245 677 ,
3278 619 3524 686 nequitiae
3553 636 3654 676 suae
3682 595 3819 694 perii;

2287 684 2564 742 nacissime
2591 689 2940 763 cohaerentes,
2962 713 3060 754 nec
3086 684 3415 762 emendando
3439 719 3530 764 aut
3551 684 3818 780 painitcndo

2286 781 2532 832 mutatos.
3376 821 3378 824 ν

2355 863 2406 918 6.
2432 886 2450 916 ‹
2481 867 2574 923 Hie
2603 885 2631 924 a
2665 888 2748 927 me
2775 873 2997 933 fortasse
3015 893 3297 950 qureratur,
3318 887 3384 943 de
3415 889 3524 958 ipsa
3553 893 3690 950 Pauli
3717 914 3819 969 apo-

2282 955 2403 1008 stoli
2433 962 2691 1015 sententia
2714 965 2838 1032 quid
2869 982 2967 1036 ego
2994 973 3238 1038 sentiam,
3259 984 3312 1030 et
3339 955 3566 1046 quonam
3595 955 3818 1042 HIOdO'iZt-

2283 1047 2615 1117 telligendam
2661 1063 2857 1122 putem.
2891 1058 3114 1126 Fateor,
3150 1063 3272 1119 hinc
3315 1069 3527 1124 mallem
3556 1075 3726 1131 audire
3751 1079 3814 1132 iit-

2283 1136 2656 1206 telligentiores
2683 1153 2838 1214 atque
2867 1147 3150 1215 doctiores,
3184 1155 3272 1222 qui
3313 1157 3390 1210 sic
3416 1174 3531 1212 eam
3563 1177 3814 1234 exponant,

2280 1231 2335 1276 ut
2363 1225 2450 1278 illa
2476 1231 2650 1284 omnia
2677 1247 2798 1286 vera
2822 1243 2876 1288 et
2899 1237 3207 1296 inconcussa
3237 1258 3597 1315 permaneant,
3622 1269 3728 1321 qua:
3744 1272 3815 1310 su-

2278 1327 2370 1381 pra
2400 1325 2805 1378 commemoravi
2827 1366 2842 1392 ,
2871 1337 2926 1382 et
2961 1345 3305 1404 quaecumque
3332 1339 3432 1392 alia
3467 1358 3570 1395 non
3610 1360 3815 1403 comme-

2275 1407 2472 1460 moravi
2495 1449 2508 1471 ,
2539 1411 2728 1479 quibus
2770 1419 3105 1484 apertissime
3131 1423 3401 1495 Scriptura
3431 1439 3680 1503 testatur,
3708 1439 3814 1494 nihil

2275 1495 2524 1596 prodesse
2556 1500 2744 1569 fidem,
2779 1506 2878 1560 nisi
2909 1523 3025 1563 eam
3061 1528 3217 1581 quam
3245 1516 3488 1575 definivit
3518 1495 3812 1596 Apostolus,

2272 1582 2322 1636 id
2353 1593 2464 1649 est,
2496 1605 2608 1657 ([ttlB
2649 1609 2737 1661 per
2775 1595 3087 1654 dilectionem
3127 1617 3365 1675 operatur
3403 1582 3596 1684 (Calai.
3628 1633 3657 1670 v
3677 1659 3691 1684 ,
3733 1582 3811 1688 6);

2270 1674 2385 1730 sine
2414 1681 2661 1747 operibus
2697 1697 2872 1742 autem
2914 1693 3117 1750 salvare
3145 1712 3247 1752 non
3277 1674 3466 1769 posse,
3501 1721 3668 1776 neque
3695 1725 3808 1779 prie-

2269 1771 2350 1818 ter
2379 1766 2549 1836 ignem
2568 1811 2583 1834 ,
2611 1788 2782 1843 neque
2809 1793 2902 1846 per
2926 1780 3098 1850 ignem
3133 1804 3146 1838 :
3178 1789 3295 1855 quia
3323 1791 3368 1844 si
3411 1807 3506 1861 per
3533 1766 3810 1864 iguenisal-

2267 1864 2386 1921 vat,
2430 1858 2542 1927 ipsa
2575 1863 2752 1932 utique
2795 1870 2984 1924 salvat.
3017 1874 3269 1933 Absolute
3312 1858 3488 1939 autem
3533 1858 3722 1944 dictum
3747 1903 3812 1946 est

2265 1955 2318 2000 et
2341 1957 2520 2016 aperte
2540 1991 2553 2016 ,
2589 1952 2726 2020 Quid
2749 1960 2978 2027 prodest,
3006 1964 3052 2016 si
3074 1966 3206 2020 dicat
3232 1971 3343 2039 quis
3371 1989 3424 2025 se
3446 1975 3597 2042 fidem
3620 1979 3806 2046 habere,

2265 2049 2418 2105 apera
2440 2049 2605 2094 autem
2630 2060 2729 2098 non
2751 2047 2973 2103 habeat?
2999 2051 3262 2127 Numquid
3284 2064 3466 2130 poterit
3491 2066 3618 2133 ﬁdes
3643 2071 3810 2126 salvare

2263 2138 2375 2177 eum
2393 2125 2420 2178 ?
2447 2128 2624 2184 Dicam
2658 2141 2833 2190 tamen
2854 2179 2868 2201 ,
2901 2155 3056 2208 quam
3086 2144 3396 2206 brevissime
3427 2164 3610 2221 potero
3631 2199 3645 2222 ,
3674 2161 3808 2215 etiam

2264 2211 2377 2312 ipse
2414 2217 2539 2285 quid
2568 2223 2791 2277 sentiam
2819 2225 2886 2281 de
2913 2229 2999 2283 illa
3029 2237 3290 2290 sententia
3327 2211 3473 2295 Pauli
3500 2211 3807 2312 apostolici]

2262 2301 2661 2376 intelligendum
2677 2312 2908 2384 difficili;
2930 2319 3216 2379 dummodo
3245 2327 3392 2396 illud,
3413 2301 3552 2401 quod
3579 2336 3643 2390 ad
3662 2301 3804 2392 meatu

2262 2396 2644 2462 professionem
2687 2407 2905 2474 attinet,
2951 2415 3218 2484 prmeipue
3262 2396 3534 2491 teneatur,
3583 2430 3717 2497 quod
3753 2431 3806 2486 de

2261 2485 2360 2543 bac
2401 2506 2486 2546 me
2523 2495 2682 2550 malle
2723 2498 2830 2554 dixi
2873 2503 3054 2560 audire
3094 2510 3361 2567 meliores.
3409 2485 3804 2577 Fundamentum

2258 2576 2499 2636 Christus
2529 2594 2611 2640 est
2638 2587 2691 2642 in
2718 2599 2981 2648 structura
3007 2599 3280 2656 architecti
3311 2607 3592 2675 sapientis;
3616 2611 3714 2668 hoc
3733 2631 3804 2669 ex-

2260 2671 2518 2737 positione
2544 2691 2646 2730 non
2677 2680 2874 2751 indiget
2906 2701 2919 2736 :
2950 2699 3132 2756 aperte
3155 2694 3294 2748 enim
3324 2671 3520 2753 dictum
3543 2671 3624 2757 est
3643 2747 3657 2768 ,
3684 2706 3804 2759 Fun-

2257 2760 2544 2818 damentum
2569 2769 2701 2823 enim
2725 2772 2870 2827 aliud
2884 2793 3026 2831 nemo
3044 2791 3204 2848 potest
3230 2801 3412 2853 ponere
3428 2802 3607 2860 prwter
3629 2760 3682 2847 id
3695 2797 3805 2866 quod

2257 2851 2473 2918 positum
2515 2865 2617 2920 est,
2649 2862 2784 2929 quod
2811 2874 2884 2917 est
2912 2865 3139 2922 Christus
3167 2851 3337 2932 Iesus.
3369 2851 3438 2932 Si.
3467 2891 3645 2937 autem
3673 2851 3804 2939 Chri-

2256 2947 2403 3044 stus,
2451 2947 2631 3044 procul
2672 2948 2832 3006 dubio
2875 2954 3005 3009 fides
3047 2956 3241 3015 Christi
3275 2980 3288 3015 :
3323 2980 3418 3033 per
3446 2967 3600 3024 fidem
3631 2975 3803 3044 quippe

2256 3027 2458 3086 habitat
2483 3033 2724 3092 Christus
2755 3041 2804 3099 in
2835 3045 3080 3101 cordibus
3105 3027 3337 3120 nostris,
3365 3057 3498 3112 sicut
3529 3027 3664 3116 idern
3694 3027 3802 3132 api)-

2253 3118 2584 3216 situlus-dicit
2626 3125 2837 3196 (Ep/tes.
2879 3148 2967 3198 ιιι,
3005 3134 3111 3204 ιτ).
3145 3118 3386 3197 Ροτι-οέι
3430 3145 3562 3203 ﬁdes
3591 3118 3797 3216 Christi,

2253 3203 2340 3257 illa
2368 3208 2544 3278 utique
2566 3227 2722 3281 quam
2753 3216 2989 3275 definivit
3013 3203 3317 3295 Apostolus,
3348 3250 3461 3302 qua:
3486 3255 3573 3303 per

2251 3310 2364 3348 nem
2391 3311 2644 3366 operatur.
2673 3304 2788 3359 Non
2819 3310 2958 3363 enim
2987 3312 3113 3370 fides
3146 3319 3231 3372 illa
3254 3320 3553 3380 daemonum
3574 3370 3587 3393 ,
3619 3345 3732 3384 cum
3759 3340 3801 3384 et

2250 3385 2350 3455 ipsi
2393 3391 2612 3447 credant
2638 3405 2691 3450 et
2730 3404 3172 3474 contremiscant,
3207 3421 3258 3464 et
3287 3412 3476 3469 Filium
3520 3419 3609 3472 Dei
3651 3421 3798 3474 confi-

2252 3488 2458 3535 teantur
2481 3483 2659 3540 Iesum
2684 3529 2699 3552 ,
2731 3499 2905 3558 potest
2930 3499 3093 3564 accipi
3127 3500 3176 3553 in
3218 3501 3581 3565 fundamento.
3609 3511 3795 3578 Quare,

2248 3567 2348 3621 nisi
2372 3570 2491 3638 quia
2523 3589 2626 3629 non
2655 3585 2736 3631 est
2764 3579 2894 3636 ﬁdes
2922 3599 3039 3652 qum
3069 3603 3161 3655 per
3184 3590 3518 3651 dilectionem
3550 3610 3795 3670 operatur,

2246 3659 2342 3714 sed
2372 3677 2490 3730 qum
2515 3668 2826 3735 exprimitur
2857 3688 2950 3741 per
2982 3677 3256 3734 timorem?
3279 3684 3434 3740 Fides
3466 3659 3639 3759 itaque
3666 3692 3798 3746 Clui-

2244 3751 2310 3803 sti
2331 3792 2346 3815 ,
2380 3752 2509 3808 fides
2537 3760 2717 3825 gratia:
2743 3761 3044 3820 Christianae
3063 3810 3075 3832 ,
3113 3770 3163 3824 id
3190 3783 3301 3839 est,
3331 3792 3394 3830 ea
3427 3751 3697 3852 fides'qute
3719 3799 3795 3852 per

2243 3841 2581 3902 dilectionem
2624 3862 2904 3920 operatur,
2937 3861 3104 3926 posita
3149 3863 3200 3917 in
3229 3865 3603 3940 fundamento,
3640 3876 3794 3930 nemi-

2243 3948 2361 4034 pem
2389 3938 2563 4004 perire
2585 3943 2858 4007 permittit.
2888 3945 2991 4002 Sed
3013 3951 3136 4019 quid
3158 3954 3223 4009 sit
3246 3957 3508 4015 aedificare
3533 3938 3690 4034 super
3711 3968 3793 4020 hoc

2240 4020 2638 4082 fundamentum
2659 4070 2673 4094 ,
2706 4046 2893 4095 aurum
2915 4076 2928 4099 ,
2962 4052 3270 4110 argentum,
3305 4047 3504 4118 lapides
3533 4055 3788 4120 pretiosos,

2240 4123 2294 4169 et
2329 4115 2468 4187 ligna
2486 4159 2501 4185 ,
2531 4118 2710 4176 fenum
2730 4165 2744 4189 ,
2775 4126 3022 4194 stipulam
3047 4174 3060 4197 ,
3091 4133 3134 4186 si
3162 4115 3404 4193 subtilius
3431 4115 3689 4200 disserere
3711 4115 3789 4200 co;

2238 4219 2356 4270 ner,
2384 4221 2572 4263 vereor
2599 4226 2666 4266 ne
2691 4213 2757 4268 ad
2784 4215 3176 4288 intelligendum
3204 4225 3469 4284 difficilior
3487 4234 3554 4287 sit
3583 4234 3690 4304 ipsa
3709 4251 3789 4290 e1-

2239 4297 2429 4363 posilio
2463 4317 2476 4353 :
2509 4301 2679 4357 enitar
2721 4313 2936 4375 tamen,
2982 4322 3233 4380 quantum
3268 4319 3520 4378 Dominus
3558 4297 3784 4395 adjuvat,

2237 4397 2290 4441 et
2313 4389 2561 4459 breviter,
2581 4403 2634 4450 et
2659 4408 2911 4466 quantum
2931 4413 3136 4473 potero,
3154 4408 3381 4467 dilucide
3404 4389 3654 4484 expedire
3667 4418 3786 4490 quod

2235 4481 2425 4536 sentio.
2454 4484 2594 4540 Ecce
2623 4486 2710 4542 ille
2749 4491 2838 4560 qui
2867 4496 3104 4562 quaesivit
3135 4513 3164 4552 a
3195 4504 3449 4572 magistro
3476 4481 3618 4564 bono
3637 4552 3652 4576 ,
3679 4481 3784 4581 quid

2236 4569 2356 4626 boni
2385 4573 2610 4644 faceret,
2639 4587 2697 4633 ut
2723 4580 2941 4640 haberet
2984 4588 3142 4644 vitam
3171 4569 3456 4663 :eternam;
3489 4613 3540 4655 et
3566 4569 3781 4668 audivit,

2232 4659 2278 4714 si
2307 4661 2372 4716 ad
2413 4665 2576 4720 vitam
2619 4671 2800 4726 venire
2830 4675 3023 4744 vellet,
3067 4685 3321 4738 servanda
3363 4688 3462 4742 sibi
3491 4707 3608 4747 esse
3653 4710 3782 4747 man-

2230 4749 2351 4805 data
2384 4769 2398 4806 :
2431 4764 2485 4808 et
2507 4770 2630 4811 cum
2657 4773 2917 4827 quaereret
2937 4781 3054 4835 quae
3080 4773 3321 4828 mandata
3342 4817 3357 4841 ,
3387 4777 3583 4835 dictum
3613 4795 3688 4838 est
3707 4784 3746 4836 ei
3767 4823 3780 4847 ,

2234 4839 2354 4896 Non
2381 4847 2606 4912 occides,
2654 4849 2776 4905 Non
2816 4858 3170 4930 maechaberis,
3204 4862 3325 4918 Non
3369 4872 3562 4937 furtum
3609 4874 3776 4942 facies,

2232 4931 2354 4986 Non
2391 4935 2576 5002 falsum
2617 4941 2952 4997 testimonium
2994 4948 3161 5016 dices,
3195 4951 3404 5010 Honora
3441 4971 3632 5028 patrem
3661 4973 3778 5016 tuum

2227 5031 2276 5074 et
2295 5033 2502 5078 matrem
2539 5035 2714 5092 tuam;
2740 5040 2820 5099 et,
2849 5033 3042 5106 Diliges
3082 5043 3366 5110 proximum
3396 5057 3537 5104 tuum
3564 5061 3778 5124 tanquam

2229 5118 2274 5163 te
2306 5112 2490 5179 ipsum.
2534 5115 2658 5172 Hice
2688 5120 2882 5177 faciens
2913 5124 2963 5179 in
2994 5127 3095 5183 fide
3118 5129 3347 5198 Christi,
3379 5146 3583 5194 teneret
3621 5112 3776 5211 pioeul

2227 5199 2386 5254 dubio
2412 5201 2565 5258 fidem
2587 5221 2704 5275 qua:
2732 5225 2827 5278 per
2853 5212 3189 5272 dilectionem
3218 5235 3486 5291 operatur.
3515 5199 3684 5300 Neque
3704 5231 3774 5283 di-

2225 5290 2411 5359 ligeret
2437 5297 2731 5361 proximum
2762 5310 3004 5372 tanquam
3038 5323 3096 5363 se
3125 5311 3294 5380 ipsum
3314 5356 3330 5381 ,
3357 5318 3456 5376 nisi
3487 5333 3684 5391 recepta
3708 5321 3770 5375 die

2226 5381 2454 5439 lectione
2486 5386 2616 5452 Dei,
2649 5390 2764 5447 sine
2789 5411 2890 5463 qua
2927 5414 3031 5454 non
3059 5401 3306 5473 diligeret
3333 5423 3391 5464 se
3416 5381 3774 5480 ipsum-Porro

2225 5473 2267 5525 si
2297 5472 2492 5532 faceret
2514 5479 2672 5534 etiam
2700 5486 2841 5553 quod
2870 5488 3124 5547 Dominus
3145 5472 3379 5564 addidit,
3405 5472 3615 5569 dicens,
3639 5506 3696 5560 Si
3713 5506 3773 5556 vis

2225 5569 2471 5636 perfectus
2514 5585 2650 5638 esse,
2694 5575 2850 5642 vade,
2897 5582 3052 5635 vende
3089 5588 3257 5640 omnia
3293 5606 3407 5658 qum
3433 5593 3612 5661 habes,
3647 5603 3692 5648 et
3715 5593 3771 5645 da

2224 5659 2524 5725 pauperibus
2544 5701 2557 5722 ,
2590 5670 2634 5714 et
2676 5663 2876 5721 habebis
2901 5669 3187 5728 thesaurum
3211 5677 3262 5730 in
3287 5680 3449 5744 uelo;
3477 5692 3522 5736 et
3545 5684 3649 5737 veni
3663 5724 3676 5747 ,
3703 5697 3771 5735 sev

2203 5760 2374 5816 .qurre
2407 5765 2487 5804 me
2512 5749 2723 5821 (Matth.
2757 5772 2843 5811 xix
2866 5799 2880 5827 ,
2916 5759 3136 5833 16-21);
3172 5765 3458 5826 aediﬁcaret
3481 5787 3635 5844 super
3657 5770 3765 5824 illud
