3996 6282
165 284 259 341 153

160 400 549 456 fundamentum
569 445 584 468 ,
616 418 795 458 aurum
819 443 833 465 ,
861 407 1172 472 argentum,
1202 396 1403 466 lapides
1424 396 1686 464 pretiosos
1711 413 1722 448 :

161 508 256 544 non
282 491 418 545 enim
465 492 760 561 cogitaret,
792 491 889 545 nisi
931 488 1196 560 quomodo
1226 487 1459 556 placeret
1488 486 1630 548 Deo;
1676 495 1729 540 et

161 582 264 634 hmc
285 582 643 649 cogitationes
689 589 840 647 sunt,
871 589 1126 650 quantum
1170 577 1418 632 existimo
1438 619 1452 643 ,
1497 591 1680 630 aurum
1707 618 1722 642 ,

158 680 439 739 argentum,
462 671 672 739 lapides
697 671 933 739 pretiosi.
962 670 1126 722 Porro
1153 669 1195 721 si
1224 669 1362 721 circa
1380 666 1586 720 divitias
1603 680 1726 720 suas

123 829 131 841 δ
157 760 340 813 carnali
359 761 594 828 quodam
630 770 891 815 teneretur
917 759 1128 822 affectu,
1146 759 1384 828 quamvis
1405 774 1467 812 ex
1496 758 1573 812 eis
1592 759 1726 812 mul-

157 861 226 904 tas
251 851 625 921 elecmosynas
649 851 875 917 faceret,
908 866 1007 904 nec
1030 849 1094 903 ad
1119 865 1209 903 eas
1240 847 1505 918 augendas
1529 847 1724 902 fraudis

156 942 331 1011 aliquid
374 943 685 1010 rapiamque
723 943 1033 1006 moliretur,
1064 949 1152 994 aut
1197 954 1377 993 carum
1409 939 1724 992 minuenda-

157 1048 256 1085 rum
285 1032 362 1085 vel
394 1033 812 1087 amittendarum
844 1042 985 1085 metu
1015 1032 1065 1084 in
1109 1029 1319 1100 aliquod
1347 1030 1548 1084 facinus
1573 1028 1723 1098 ﬁagi-

156 1123 333 1175 littmve
367 1121 648 1177 laberetur
677 1121 932 1191 (alioquin
959 1121 1066 1189 jam
1096 1135 1153 1174 se
1181 1121 1280 1172 isto
1307 1119 1464 1172 modo
1485 1119 1552 1173 ab
1582 1118 1721 1172 illius

155 1214 456 1268 fundamenti
487 1215 781 1269 stabilitate
807 1213 1197 1282 subtraheret),
1228 1211 1319 1267 scd
1351 1220 1563 1280 prepter
1599 1225 1720 1264 car-

155 1308 307 1360 nalem
327 1349 339 1371 ,
369 1315 426 1360 ut
453 1307 607 1371 dixi,
654 1323 809 1376 quem
843 1307 892 1360 in
934 1306 1012 1360 eis
1042 1305 1262 1359 haberet
1292 1304 1538 1358 affectum
1560 1345 1574 1368 ,
1617 1318 1721 1371 quo

154 1400 323 1452 talibus
364 1398 521 1452 bonis
547 1398 668 1452 sine
697 1398 879 1453 dolore
903 1411 1084 1451 carere
1110 1411 1212 1448 non
1237 1404 1450 1463 posset;
1488 1393 1719 1448 ludiﬁca-

154 1500 224 1544 ret
244 1505 397 1557 super
423 1487 832 1542 fundamentum
860 1485 988 1540 illud
1019 1487 1179 1555 ligna,
1210 1485 1404 1549 fenum,
1433 1483 1675 1552 stipulam
1702 1499 1715 1534 :

155 1579 364 1632 maxime
402 1577 444 1630 si
472 1585 529 1632 et
561 1592 784 1630 uxorem
817 1577 893 1631 sic
931 1575 1182 1636 haberet,
1221 1582 1279 1628 ut
1319 1573 1477 1627 etiam
1506 1579 1720 1640 propter

161 1671 304 1737 ipsam
337 1669 597 1737 cogitaret
624 1682 684 1721 ea
715 1683 832 1736 qua:
859 1675 981 1720 sunt
1005 1665 1220 1730 mundi,
1249 1661 1514 1733 quomodo
1542 1661 1717 1730 place-

156 1768 225 1811 ret
247 1759 409 1811 uxori.
442 1757 570 1812 llaec
611 1758 770 1827 igitur
802 1757 1051 1825 quoniam
1078 1754 1267 1809 affectu
1299 1753 1490 1807 dilecta
1517 1751 1714 1806 carnali

161 1865 250 1904 non
272 1851 379 1904 sine
404 1850 596 1904 dolore
620 1849 933 1902 omittuntur
952 1890 967 1914 ,
1001 1856 1280 1918 propterea
1304 1845 1390 1916 qui
1422 1860 1483 1899 ca
1511 1845 1589 1900 sic
1616 1844 1714 1898 ha-

157 1941 263 1994 bent
285 1980 298 2004 ,
335 1947 387 1992 ut
415 1939 654 1994 habeant
683 1939 734 1993 in
765 1937 1110 1993 fundamento
1138 1937 1292 1990 ﬁdem
1313 1977 1328 2000 ,
1368 1951 1486 2005 quae
1510 1950 1605 2004 per
1630 1934 1715 1989 di-

162 2031 409 2085 lectionem
434 2037 714 2099 opcratur,
739 2043 841 2084 nec
867 2029 988 2082 huic
1015 2029 1113 2082 ista
1141 2027 1248 2081 ulla
1280 2026 1482 2080 ratione
1507 2025 1593 2079 vel
1620 2039 1714 2078 cu-

165 2124 351 2192 piditate
386 2132 734 2193 przeponant,
766 2123 819 2176 in
849 2136 1031 2176 eorum
1073 2120 1356 2174 amissione
1382 2119 1520 2187 passi
1547 2115 1712 2170 detri-

169 2227 370 2271 mentum
389 2260 402 2282 ,
431 2233 525 2287 per
549 2217 733 2286 ignem
769 2213 1049 2285 quemdam
1075 2212 1275 2267 doloris
1304 2209 1615 2280 perveniunt
1647 2208 1713 2262 ad

166 2307 372 2359 salutem.
397 2309 434 2358 A
457 2321 565 2375 quo
587 2305 779 2359 dolore
792 2311 949 2372 atque
969 2302 1288 2356 detrimento
1311 2290 1457 2354 tanto
1477 2306 1554 2353 est
1573 2298 1716 2367 quis-

172 2411 253 2464 que
274 2395 506 2458 securior,
542 2403 752 2465 quanto
777 2409 840 2448 ea
874 2393 956 2447 vel
987 2393 1162 2447 minus
1189 2391 1464 2457 amaverit,
1481 2389 1567 2443 vel
1599 2398 1715 2444 tan-

176 2501 297 2554 quam
322 2501 415 2540 non
441 2485 652 2540 habens
683 2483 942 2538 habuerit.
975 2482 1074 2549 Qui
1099 2496 1227 2536 vero
1266 2487 1484 2550 propter
1510 2478 1598 2532 illa
1627 2478 1712 2532 vel

184 2576 360 2630 tenenda
398 2577 478 2632 vel
520 2574 870 2646 adipiscenda
891 2617 904 2638 ,
937 2573 1273 2627 homicidium
1301 2613 1312 2634 ,
1355 2571 1667 2625 adulterium
1692 2612 1707 2637 ,

186 2664 521 2720 fornicationem
545 2707 560 2730 ,
595 2665 946 2720 idololatriam
971 2706 984 2730 ,
1018 2673 1071 2718 et
1092 2663 1282 2716 similia
1308 2677 1531 2732 qumque
1559 2675 1710 2714 com-

186 2755 370 2820 miserit,
399 2772 500 2811 non
533 2765 758 2826 propter
782 2755 1177 2809 fundamentum
1202 2768 1297 2822 per
1321 2753 1496 2822 ignem
1536 2751 1709 2804 salva-

180 2843 302 2908 bitur,
316 2847 395 2899 sed
408 2848 602 2902 amisso
621 2845 987 2911 fundamento,
1008 2854 1205 2898 aeterno
1223 2845 1340 2914 igne
1358 2842 1705 2912 torquebitur.

230 2937 273 2990 7.
295 2955 312 2988 ί
341 2937 694 3004 Quamobrem
737 2945 790 2991 et
818 2937 943 2990 illud
970 2935 1111 3005 quod
1139 2935 1352 2998 dicunt,
1383 2934 1540 2987 veluti
1579 2949 1706 3003 pro-

176 3026 275 3080 bare
298 3029 551 3096 cupientes
594 3035 852 3097 quantum
882 3027 1053 3079 valeat
1096 3025 1204 3079 sola
1236 3023 1365 3077 ﬁdes
1386 3066 1399 3088 ,
1434 3024 1519 3078 ubi
1562 3025 1708 3091 Apo-

174 3115 312 3170 stolus
333 3117 467 3182 dicit,
493 3118 648 3182 Quod
672 3118 716 3171 si
745 3117 962 3185 inﬁdelis
989 3114 1215 3179 discedit,
1239 3114 1490 3177 discedat;
1511 3129 1609 3165 non
1636 3121 1708 3166 est

175 3208 279 3258 enim
301 3210 507 3261 servituti
546 3209 801 3278 subjectus
838 3210 998 3275 frater
1025 3205 1099 3258 vel
1127 3220 1271 3257 soror
1300 3203 1353 3255 in
1399 3201 1690 3271 lmjusmodi

173 3294 320 3364 (lCor.
345 3314 410 3351 vn
429 3341 441 3358 ,
471 3299 596 3368 15);
628 3297 681 3351 id
714 3305 813 3359 est,
837 3303 890 3348 ut
921 3304 1138 3364 propter
1167 3293 1319 3346 fidem
1335 3291 1527 3347 Christi
1546 3292 1704 3346 etiam

175 3384 263 3453 ipsa
287 3403 406 3441 uxor
424 3388 657 3458 legitima
687 3385 940 3440 societate
963 3384 1261 3452 conjuncta,
1291 3383 1404 3437 sine
1427 3382 1528 3435 ulla
1551 3382 1704 3451 culpa

173 3474 456 3544 relinquatur
473 3520 486 3543 ,
515 3478 558 3530 si
580 3491 704 3531 cum
727 3476 843 3528 viro
867 3473 1155 3528 christiano
1177 3514 1189 3537 ,
1225 3481 1439 3542 prepter
1459 3471 1561 3525 hoc
1582 3471 1702 3540 quia

177 3564 445 3621 christianus
481 3576 596 3634 est,
647 3580 959 3634 permanere
988 3564 1218 3617 noluerit
1251 3581 1263 3616 :
1294 3579 1397 3617 non
1429 3562 1704 3616 attendunt

175 3668 226 3706 eo
246 3656 381 3710 modo
405 3657 539 3711 illam
567 3656 870 3716 rectissime
909 3654 1135 3718 dimitti,
1180 3654 1222 3710 si
1248 3654 1361 3705 viro
1399 3668 1495 3706 suo
1521 3652 1699 3716 dicat,

179 3740 268 3796 Non
290 3760 371 3798 ero
406 3761 532 3799 uxor
557 3755 647 3800 tua
666 3785 682 3811 ,
709 3745 809 3798 nisi
837 3744 965 3797 mihi
991 3744 1073 3796 vel
1101 3742 1166 3797 de
1191 3743 1464 3796 latrocinio
1489 3742 1702 3796 divitias

177 3846 391 3904 congeras
410 3879 422 3902 ,
453 3847 541 3892 aut
567 3838 670 3891 nisi
716 3837 868 3890 solita
897 3835 1155 3890 lenocinia
1177 3876 1190 3901 ,
1236 3834 1427 3904 quibus
1465 3844 1700 3888 nostram

181 3921 357 3977 domum
383 3927 704 3997 transigebas
723 3966 737 3990 ,
767 3925 924 3979 etiam
955 3925 1275 3978 christianus
1298 3938 1582 3987 exerceas;
1614 3934 1703 3978 aut

181 4011 214 4062 si
245 4013 348 4080 quid
375 4015 507 4068 aliud
538 4016 620 4070 vel
652 4015 1006 4092 facinorosum
1044 4013 1124 4067 vel
1156 4013 1472 4081 flagitiosum
1513 4014 1562 4066 iu
1589 4013 1703 4067 viro

183 4112 381 4165 noverat,
406 4120 502 4173 quo
528 4105 792 4159 delectata
815 4104 894 4157 vel
925 4102 1193 4157 libidinem
1218 4103 1483 4171 explebat,
1514 4103 1594 4156 vel
1627 4103 1704 4155 fa-

183 4190 307 4245 cilem
332 4195 508 4249 victum
545 4196 806 4262 habebat,
837 4195 921 4248 vel
949 4196 1105 4248 etiam
1143 4193 1418 4248 incedebat
1448 4194 1698 4247 ornatior.

186 4276 306 4336 Tunc
326 4283 452 4338 enim
473 4286 556 4340 ille
581 4287 666 4339 cui
691 4285 790 4340 hoc
806 4299 939 4338 uxor
961 4284 1107 4346 dicit,
1126 4285 1169 4337 si
1194 4284 1452 4338 veraciter
1470 4285 1573 4353 egit
1591 4299 1705 4352 pa:-

187 4370 411 4428 nitentiam
450 4376 512 4430 ab
552 4375 801 4445 operibus
831 4375 1086 4439 mortuis,
1121 4374 1331 4443 quando
1369 4374 1593 4428 accessit
1636 4373 1700 4427 ad

189 4457 462 4529 Baptismum
483 4508 497 4531 ,
528 4466 788 4535 habetque
817 4466 869 4519 in
898 4464 1242 4519 fundamento
1267 4463 1424 4518 fidem
1463 4479 1579 4533 quae
1609 4479 1704 4532 per

192 4545 470 4606 dilectionem
501 4563 792 4624 Operatur,
838 4554 1023 4624 procul
1069 4553 1230 4607 dubio
1276 4553 1396 4622 plus
1443 4552 1704 4607 tenebitur

192 4649 334 4696 amore
363 4642 538 4698 divina:
561 4645 740 4715 gratiae
762 4685 776 4710 ,
807 4659 964 4712 quam
991 4642 1164 4696 carnis
1188 4643 1390 4696 uxoriae
1410 4684 1425 4709 ,
1454 4650 1506 4695 et
1531 4657 1701 4696 mem-

194 4727 312 4784 brum
332 4735 453 4802 quod
478 4751 591 4791 eum
617 4735 959 4799 scandalizat,
993 4734 1197 4789 fortiter
1221 4741 1474 4802 amputat.
1503 4733 1701 4800 Quem-

195 4832 374 4891 cumque
389 4835 550 4883 autcm
569 4830 617 4881 in
646 4827 744 4882 hac
759 4827 1112 4895 diremptione
1135 4825 1375 4879 dolorem
1397 4825 1574 4880 cordis
1591 4841 1705 4895 pro-

198 4915 289 4974 pter
319 4918 560 4972 carnalem
589 4918 831 4972 allectum
858 4916 1096 4985 conjugis
1135 4916 1446 4979 sustinebit,
1481 4915 1582 4970 hoc
1621 4927 1705 4970 est

198 4995 507 5064 detrimentum
533 5008 668 5077 quod
711 5008 970 5076 patietur,
1007 5007 1090 5059 hic
1127 5015 1209 5061 est
1249 5006 1382 5076 ignis
1413 5021 1504 5075 per
1545 5021 1701 5076 quem
1735 5024 1752 5046 '-

201 5086 297 5146 feno
314 5095 504 5154 ardente
529 5101 637 5169 ipse
676 5101 979 5154 salvabitur.
1009 5099 1067 5154 Si
1086 5107 1259 5154 autem
1295 5100 1403 5168 jam
1433 5099 1510 5152 sic
1536 5099 1702 5154 habe-

203 5173 270 5230 δεῖ
299 5197 484 5240 uxorem
511 5199 754 5260 tanquam
782 5206 884 5244 non
929 5190 1128 5244 habens
1149 5231 1163 5255 ,
1194 5206 1295 5243 non
1333 5199 1546 5258 propter
1571 5204 1701 5243 con-

206 5269 550 5358 erumnam,
592 5281 683 5335 sed
716 5265 931 5350 propter
974 5281 1388 5335 misericordiam
1411 5321 1424 5344 ,
1468 5298 1536 5335 ne
1565 5281 1702 5336 forte

205 5367 294 5412 eam
314 5362 484 5421 salvam
510 5369 719 5436 faceret,
742 5369 968 5424 reddens
988 5373 1163 5439 potius
1190 5386 1344 5438 quam
1375 5371 1590 5440 exigens
1610 5370 1704 5425 de-

211 5441 338 5504 hilltm
360 5457 634 5529 coniugale;
661 5459 898 5529 profecto
926 5475 1023 5515 nec
1047 5461 1245 5516 dolebit
1263 5461 1562 5526 carnaliter,
1581 5475 1702 5515 cum

209 5535 353 5597 abillo
387 5549 476 5606 tale
505 5553 819 5614 connubium
862 5554 1190 5622 separabitur
1221 5570 1234 5606 :
1268 5568 1437 5622 neque
1479 5554 1618 5608 enim
1650 5553 1700 5606 in

217 5640 264 5712 9³
289 5636 535 5707 cogitabat,
574 5643 679 5696 nisi
717 5658 834 5711 qua:
861 5651 980 5697 sunt
1007 5644 1135 5709 Dei,
1181 5643 1447 5712 quomodo
1475 5644 1704 5712 placeret

216 5710 298 5773 De”
313 5722 459 5790 (lCor.
479 5710 787 5800 vu,?.9-5l).
811 5734 882 5786 Ac
906 5747 999 5802 per
1023 5731 1121 5788 hoc
1147 5710 1212 5786 In
1227 5710 1699 5800 quantum—aurum,

1561 279 1758 334 LIBER
1801 277 1998 334 UNUS.

3322 295 3420 352 {fil

1838 402 2144 460 argentum,
2173 400 2221 446 et
2252 392 2453 463 lapides
2480 395 2740 464 pretiosos
2771 398 2876 453 illis
2900 401 3306 470 cogitationibus
3329 422 3421 463 su.-

1836 483 2248 559 peraediﬁcabat,
2270 487 2320 538 in
2351 496 2550 540 tantum
2579 488 2954 545 detrimentum
2979 495 3180 548 nullum
3213 508 3420 566 patere-

1837 584 1940 640 tur,
1961 578 2010 629 in
2031 584 2232 630 tantum
2250 577 2365 646 ejus
2386 586 2669 646 structura,
2689 596 2806 650 quae
2826 597 2928 636 non
2948 595 3062 638 erat
3082 585 3253 654 fenea,
3276 593 3418 646 nullo

1832 667 2080 723 incendio
2108 678 2455 723 cremaretur.

1903 757 1955 811 8.
2004 775 2021 807 ‹
2057 756 2180 811 Sive
2224 772 2349 827 ergo
2391 759 2440 811 in
2486 758 2583 812 hac
2633 769 2831 814 tantum
2879 763 2982 817 vita
3027 766 3123 818 ista
3171 768 3411 824 homines

1833 846 2119 913 patiuntur,
2151 847 2262 900 sive
2290 848 2447 900 etiam
2481 856 2599 915 post
2628 848 2761 903 hanc
2802 851 2959 904 vitam
3005 854 3126 906 talia
3173 857 3413 923 quaedam

1826 935 2022 1004 judicia
2041 933 2451 1006 subsequuntur,
2474 955 2577 991 non
2603 939 2872 1006 abhorret,
2893 953 3145 1010 quantum
3166 946 3414 1010 arbitror,

1829 1039 1860 1078 a
1888 1026 2093 1080 ratione
2121 1027 2358 1082 veritatis
2385 1028 2483 1082 iste
2517 1029 2815 1083 intellectus
2859 1031 3079 1100 hujusce
3115 1039 3413 1093 sententim.

1829 1117 2204 1172 Verumtamen
2233 1120 2389 1173 etiam
2421 1121 2462 1173 si
2489 1133 2568 1173 est
2590 1121 2741 1185 alius,
2768 1124 2854 1191 qui
2879 1125 3006 1176 mihi
3029 1140 3132 1178 non
3154 1130 3407 1196 occurrit,

1827 1210 2004 1278 potius
2028 1211 2338 1280 eligendus;
2371 1211 2528 1264 istum
2557 1213 2805 1280 quamdiu
2835 1223 3096 1280 tenemus,
3129 1232 3231 1270 non
3260 1219 3406 1288 cogi-

1825 1317 1945 1356 mur
1968 1302 2144 1357 dicere
2176 1304 2384 1371 injustis
2404 1345 2417 1368 ,
2447 1319 2549 1356 non
2573 1304 2817 1368 subditis,
2853 1307 3112 1370 scelestis,
3144 1311 3408 1364 contami-

1827 1394 1984 1458 natis,
2008 1393 2301 1462 parricidis,
2322 1395 2632 1461 matricidis,
2656 1396 2948 1461 homicidis,
2977 1399 3406 1467 fornicatoribus,

1824 1483 2183 1536 masculorum
2209 1485 2638 1538 concubitoribus
2657 1527 2670 1551 ,
2703 1486 2993 1554 plagiariis,
3027 1489 3366 1544 mendacibus
3388 1532 3402 1555 ,

1825 1574 2048 1642 perjuris
2069 1615 2082 1638 ,
2115 1582 2166 1627 et
2193 1574 2236 1626 si
2267 1573 2391 1642 quid
2418 1574 2561 1628 aliud
2590 1589 2732 1628 sanae
2773 1576 3030 1632 doctrina:
3069 1578 3400 1643 adversatur,

1822 1677 1938 1731 qua:
1959 1672 2040 1716 est
2055 1663 2343 1716 secundum
2363 1664 2700 1732 Evangelium
2723 1665 2904 1734 gloria
2929 1667 3067 1721 beati
3087 1669 3176 1723 Dei
3202 1669 3242 1740 (l
3268 1669 3400 1723 Tim.

1824 1772 1866 1822 ι,
1893 1757 2048 1826 9-H)
2069 1775 2081 1809 :
2106 1755 2161 1811 Si
2190 1757 2552 1810 tantummodo
2572 1759 2622 1811 in
2657 1757 2922 1812 Christum
2949 1760 3177 1814 credatis
3197 1802 3211 1826 ,
3242 1769 3296 1815 et
3319 1776 3404 1815 sa-

1819 1853 2146 1900 cramentum
2194 1844 2448 1912 Baptismi
2496 1847 2612 1914 ejus
2656 1847 2947 1917 accipiatis,
2991 1851 3198 1904 etiamsi
3238 1852 3398 1906 vitam

1819 1936 1972 1991 istam
2001 1937 2286 2006 pessimam
2314 1952 2419 1991 non
2452 1939 2804 2006 mutaveritis,
2835 1939 2964 1993 salvi
2995 1940 3166 1995 eritis.

1888 2031 1944 2086 9.
1987 2049 2006 2083 (
2034 2021 2191 2086 Unde
2213 2046 2311 2086 nec
2333 2032 2419 2085 illa
2450 2033 2602 2088 nobis
2627 2034 2814 2088 mulier
2843 2034 3134 2088 Chananaea
3163 2036 3403 2104 prmscri-

1817 2117 1925 2187 bit,
1955 2121 2074 2190 quia
2115 2121 2370 2176 Dominus
2397 2123 2446 2177 ei
2477 2124 2618 2192 quod
2666 2125 2877 2192 petebat
2920 2124 3098 2190 dedit,
3129 2140 3248 2180 cum
3276 2135 3400 2181 ante

1817 2208 2056 2277 dixisset,
2091 2211 2212 2266 Non
2232 2223 2302 2266 est
2329 2212 2513 2267 bonum
2539 2214 2712 2268 tollere
2739 2231 2919 2286 panem
2942 2217 3181 2284 ﬁliorum,
3209 2227 3254 2271 et
3281 2217 3398 2270 mit-

1817 2311 1918 2357 tere
1941 2303 2176 2369 canibus;
2197 2305 2318 2374 quia
2344 2305 2435 2360 ille
2463 2306 2639 2360 cordis
2665 2307 2932 2376 inspector
2957 2317 3209 2361 mutatam
3237 2308 3392 2373 vidit,

1815 2393 2026 2464 quando
2057 2389 2308 2449 laudavit.
2337 2395 2402 2448 Et
2429 2395 2546 2451 ideo
2568 2412 2674 2450 non
2706 2396 2811 2460 ait,
2832 2397 2876 2451 0
2905 2397 3070 2462 canis,
3102 2395 3289 2466 magna
3313 2405 3396 2451 est

1816 2484 1947 2539 ﬁdes
1976 2494 2059 2538 tua
2081 2486 2094 2538 ε
2119 2485 2211 2540 sed
2234 2528 2247 2551 ,
2281 2486 2326 2538 0
2347 2487 2542 2552 mulier,
2568 2503 2751 2558 magna
2779 2497 2850 2542 est
2878 2489 3003 2557 ﬁdes
3045 2496 3130 2540 tua
3170 2488 3390 2557 (Matth.

1813 2591 1905 2641 xv,
1932 2575 2022 2642 ΞΒ,
2047 2576 2176 2645 2'8)!
2208 2577 2422 2631 Mutavit
2446 2578 2759 2632 vocabulum
2782 2621 2796 2645 ,
2828 2579 2948 2648 quia
2977 2588 3232 2632 mutatum
3261 2581 3392 2634 vidit

1812 2665 2082 2731 affectum,
2116 2675 2272 2735 atque
2313 2667 2455 2721 illam
2481 2669 2871 2737 correptionem
2909 2669 2974 2722 ad
3012 2669 3237 2723 fructum
3267 2686 3389 2738 per-

1812 2754 2020 2808 venisse
2051 2755 2315 2824 cognovit.
2340 2756 2496 2810 Miror
2523 2763 2698 2810 autem
2730 2757 2773 2810 si
2802 2756 3035 2810 laudaret
3061 2757 3112 2810 in
3138 2772 3198 2811 ea
3229 2757 3385 2812 fidem

1811 2847 1924 2900 sine
1951 2846 2230 2915 operibus,
2255 2847 2304 2900 id
2331 2855 2443 2911 est,
2473 2847 2627 2901 ﬁdem
2668 2862 2772 2901 non
2810 2849 2965 2902 talem
3000 2864 3116 2917 qua:
3141 2849 3248 2918 jam
3293 2865 3388 2918 per

1811 2934 2152 2990 dilectionem
2199 2945 2376 3005 posset
2410 2938 2637 3006 operari,
2668 2937 2824 2991 ﬁdem
2853 2946 3137 3004 mortuam,
3171 2941 3388 3008 etquod

1809 3024 2040 3080 Jacobus
2064 3025 2241 3080 dicere
2271 3026 2488 3080 minime
2513 3026 2790 3092 dubitavit,
2823 3027 2976 3080 ﬁdem
3009 3043 3112 3082 non
3131 3027 3388 3082 Christia-

1809 3132 2018 3182 norum,
2043 3116 2134 3170 sed
2156 3117 2475 3170 daemonum.
2500 3117 2775 3171 Postremo
2795 3117 2837 3170 si
2866 3118 3014 3170 istam
3034 3117 3386 3172 Chananzram

1809 3207 1996 3262 nolunt
2041 3207 2338 3276 intelligere
2385 3217 2616 3261 mutasse
2665 3207 2896 3276 perditos
2942 3223 3146 3272 mores,
3176 3209 3386 3275 quando

1809 3312 1923 3352 eam
1951 3298 2190 3351 Christus
2215 3297 2603 3352 contemnendo
2629 3307 2682 3351 et
2709 3297 3042 3364 corripiendo
3073 3298 3342 3368 redarguit
3368 3317 3382 3352 :

1807 3401 2166 3454 quoscumque
2200 3386 2496 3440 invenerint
2543 3386 2904 3440 tantummodo
2945 3386 3182 3451 credere,
3225 3388 3384 3441 vitam

1789 3489 1933 3529 vero
1955 3476 2447 3544 inquinatissimam,
2467 3491 2566 3530 nec
2593 3478 2779 3530 saltem
2798 3477 3079 3540 occultare,
3108 3477 3198 3531 sed
3225 3477 3383 3532 etiam

1807 3564 1969 3619 libere
1993 3564 2254 3632 proﬁteri,
2284 3580 2346 3618 ac
2374 3565 2513 3620 nolle
2539 3575 2772 3630 mutare;
2799 3575 2990 3620 sanent
3011 3566 3144 3620 ﬁlios
3167 3582 3375 3634 eorum,

1804 3653 1848 3706 si
1881 3663 2120 3721 possunt,
2155 3653 2292 3708 sicut
2325 3662 2504 3708 sanata
2533 3664 2612 3708 est
2639 3655 2742 3708 ﬁlia
2774 3654 3086 3708 Chananaeae
3113 3657 3380 3720 mulieris;

1807 3757 1909 3796 non
1933 3751 2104 3796 tamen
2131 3757 2224 3797 eos
2247 3744 2439 3799 faciant
2468 3745 2702 3798 membra
2729 3745 2922 3800 Christi
2944 3787 2959 3812 ,
2986 3761 3104 3799 cum
3135 3746 3233 3814 ipsi
3260 3761 3381 3800 esse

1807 3832 2420 3888 nondesinantmembra
2436 3836 2759 3890 meretricis:
2788 3835 2891 3905 (De
2911 3836 3012 3905 ﬁde
3043 3845 3087 3890 ct
3117 3836 3378 3907 Operibus,

1805 3941 1920 3994 cap.
1957 3925 2167 3995 1416).

1877 4013 1964 4068 10.
2009 4015 2138 4069 Item
2166 4015 2217 4069 in
2248 4030 2311 4070 eo
2338 4017 2473 4070 libro
2499 4018 2580 4070 cui
2611 4018 2790 4070 titulus
2819 4024 2901 4070 est
2922 4059 2934 4079 ,
2967 4016 3032 4069 de
3058 4015 3188 4069 Fide
3209 4059 3222 4082 ,
3252 4015 3379 4086 Spe,

1805 4114 1854 4160 et
1885 4104 2186 4169 Charitate,
2217 4120 2374 4173 quem
2418 4107 2602 4174 scripsi
2648 4105 2714 4158 ad
2759 4105 2918 4157 ﬁlium
2957 4119 3133 4158 meum
3164 4104 3381 4159 fratrem

1807 4200 1950 4246 tuum
1991 4193 2332 4246 Laurentium
2354 4233 2368 4257 ,
2398 4193 2495 4246 ista
2535 4193 2601 4246 de
2633 4193 2730 4246 hac
2772 4209 2832 4246 re
2869 4193 3031 4246 verba
3059 4207 3174 4246 mea
3213 4203 3377 4246 sunt:

1811 4303 1829 4335 ι
1857 4283 2185 4355 Creduntpr,
2228 4285 2472 4353 inquam,
2520 4299 2549 4337 a
2588 4283 2898 4353 quibusdam
2928 4323 2944 4349 ,
2979 4284 3138 4336 etiam
3185 4283 3236 4336 hi
3290 4284 3381 4353 qui

1806 4393 1998 4431 nomen
2030 4375 2226 4430 Christi
2257 4391 2359 4431 non
2387 4376 2708 4445 relinquunt,
2741 4385 2790 4430 et
2820 4375 2935 4443 ejus
2961 4375 3172 4428 lavacro
3202 4374 3251 4427 in
3281 4374 3382 4427 Ec-

1805 4466 1965 4521 clesia
1996 4465 2347 4534 baptizantur,
2378 4479 2475 4518 nec
2500 4465 2567 4519 ab
2601 4479 2662 4519 ea
2706 4464 2814 4518 ullo
2847 4463 3130 4518 schismate
3157 4463 3238 4516 vel
3268 4462 3380 4516 ha:-

1806 4556 1911 4610 resi
1951 4554 2328 4624 praecidantur,
2362 4554 2413 4607 in
2454 4553 2794 4624 quantislibet
2833 4553 3124 4606 sceleribus
3167 4553 3376 4619 vivant,

1805 4664 1920 4718 qure
1941 4663 2039 4702 nec
2057 4647 2256 4701 diluant
2273 4647 2597 4716 paenitendo,
2618 4645 3075 4714 neceleemosynis
3096 4644 3376 4711 redimant,

1805 4738 1898 4792 sed
1914 4739 1966 4792 in
1982 4738 2061 4792 eis
2078 4737 2320 4807 usquead
2342 4737 2497 4806 hujus
2512 4738 2630 4789 vita:
2647 4735 2883 4788 ultimum
2906 4734 3043 4788 diem
3069 4736 3379 4804 pertinacis-

1805 4827 1938 4882 sime
1972 4835 2343 4896 perseverent,
2377 4826 2506 4879 salvi
2546 4825 2703 4878 futuri
2737 4841 2830 4893 per
2871 4825 3074 4894 ignem;
3120 4825 3242 4879 licet
3285 4839 3381 4893 pro

1805 4918 2164 4987 magnitudine
2193 4917 2482 4970 facinorum
2514 4915 2932 4985 flagitiorumque
2962 4917 3212 4969 diuturno
3231 4956 3243 4978 ,
3271 4932 3372 4970 nou

1809 5017 1979 5062 tamen
2020 5015 2218 5061 mterno
2260 5007 2378 5075 igne
2414 5007 2600 5076 puniti.
2631 5005 2735 5060 Sed
2778 5006 2865 5074 qui
2913 5005 3011 5059 hoc
3037 5005 3289 5070 credunt,
3328 5016 3381 5059 et

1807 5104 1980 5150 tamen
2020 5096 2270 5151 catholici
2300 5105 2457 5162 sunt,
2487 5097 2714 5150 humana
2746 5096 2968 5165 quadam
3007 5096 3374 5150 benevolentia

1806 5187 1934 5240 mihi
1959 5185 2065 5238 falli
2090 5185 2517 5239 videntur:nam
2543 5187 2812 5255 Scriptura
2856 5186 3031 5239 divina
3073 5186 3214 5239 aliud
3241 5201 3376 5238 con-

1806 5278 1943 5332 sulta
1969 5278 2272 5346 respondet.
2293 5278 2507 5332 Librum
2532 5287 2706 5332 autent
2735 5277 2799 5330 de
2821 5277 2920 5330 hac
2945 5277 3233 5345 quaestione
3254 5290 3382 5328 con-

1807 5371 2026 5439 scripsi,
2065 5369 2216 5438 cujus
2247 5370 2426 5423 titulus
2453 5379 2565 5434 cst,
2597 5370 2663 5423 de
2698 5367 2826 5421 Fide
2865 5375 2919 5421 et
2954 5366 3244 5434 Operibus;
3286 5363 3373 5417 ubi

1808 5458 2099 5516 secundum
2125 5458 2424 5528 Srripturas
2443 5469 2672 5522 sanctas,
2694 5465 2946 5527 quantum
2970 5457 3078 5508 Deo
3098 5453 3381 5521 adjuvante

1808 5551 1988 5620 potui,
2033 5550 2394 5605 demonstravi
2420 5565 2535 5603 eam
2569 5549 2722 5602 ﬁdem
2762 5547 2935 5599 salvos
2974 5543 3180 5606 facere,
3224 5556 3379 5610 quam

1810 5641 1937 5695 satis
1981 5640 2252 5694 evidenter
2296 5640 2556 5709 expressit
2585 5636 2776 5691 Paulus
2811 5633 3114 5702 apostolus,
3149 5631 3332 5686 dicens
3366 5650 3380 5685 :

1810 5732 1874 5787 In
1900 5731 2096 5788 Christo
2128 5733 2256 5786 enim
2284 5731 2405 5787 Jcsu
2433 5746 2584 5800 neque
2604 5726 2911 5782 circumcisio
2937 5723 3206 5795 quidquam
3229 5721 3381 5789 valet,
