3996 6282
539 212 643 268 155

537 339 694 395 neque
717 319 1040 394 praeputium,
1072 318 1162 374 sed
1189 316 1315 386 fides
1340 333 1454 387 qute
1477 333 1567 388 per
1594 315 1911 371 dilectionem
1935 332 2118 387 opera-

535 425 618 469 tur
648 411 840 486 (Galat.
866 425 921 475 v,
940 409 1018 479 6).
1041 409 1096 466 Si
1125 417 1302 464 autem
1323 409 1482 477 male,
1500 417 1553 464 et
1570 422 1675 463 non
1695 407 1831 464 bene
1851 416 2119 478 Operatur,

535 504 720 578 procul
747 502 908 558 dubio
929 543 942 567 ,
974 498 1263 557 secundum
1291 501 1586 571 apostolum
1614 499 1869 555 Jacobum
1886 539 1900 562 ,
1925 508 2124 552 mortua

537 606 611 651 est
639 596 692 650 in
724 595 1006 663 semetipsa.
1031 592 1129 660 Qui
1161 608 1343 648 rursus
1374 593 1484 646 ait:
1511 592 1571 648 Si
1598 590 1752 660 ﬁdem
1777 589 1911 644 dicat
1931 608 1983 645 se
2015 591 2125 660 quis

539 687 744 754 habere,
769 702 924 756 opera
951 695 1117 738 autem
1142 701 1240 738 non
1275 684 1487 749 habeat,
1524 683 1768 751 numquid
1796 683 1976 754 poterit
1999 681 2125 749 fides

538 778 736 838 sulcare
769 777 926 833 eum?
952 777 1118 831 Porro
1148 785 1324 831 autem
1364 776 1408 828 si
1450 775 1609 828 homo
1634 782 1810 827 autem
1835 772 2125 828 sceleratus

539 878 762 942 prepter
789 867 946 923 fidem
977 869 1142 922 solam
1175 882 1267 936 per
1297 867 1471 935 ignem
1513 865 1822 930 salvabitur,
1862 871 1916 918 et
1942 863 2018 918 sic
2045 869 2127 918 est

540 961 892 1032 accipendum
923 959 1062 1030 quod
1089 960 1160 1012 ait
1184 959 1368 1013 beatus
1393 945 1605 1023 Paulus,
1631 956 1751 1029 Ipse
1771 968 1937 1011 autem
1960 957 2127 1010 salvus

543 1057 660 1122 erit,
683 1056 754 1110 sic
775 1063 936 1107 tamen
953 1053 1101 1124 quasi
1116 1068 1202 1120 per
1221 1051 1404 1122 ignem,
1426 1051 1757 1119 poteritcrgo
1786 1049 1994 1103 salvare
2013 1048 2127 1103 sine

542 1149 796 1220 operibus
825 1145 952 1199 fides
975 1187 989 1212 ,
1017 1152 1071 1199 et
1115 1142 1307 1199 falsum
1334 1143 1436 1197 erit
1460 1142 1602 1212 quod
1631 1141 1764 1196 dixit
1793 1141 1906 1211 ejus
1934 1151 2129 1210 coapo-

542 1239 709 1293 stolus
746 1234 974 1292 Jacobus
1005 1252 1018 1288 :
1049 1234 1238 1289 falsum
1272 1233 1374 1288 erit
1412 1240 1466 1288 ct
1494 1231 1624 1287 illud
1663 1229 1802 1300 quod
1832 1230 1975 1286 idem
2015 1229 2127 1300 ipse

542 1328 754 1393 Paulus,
788 1324 980 1390 Nolite,
1013 1323 1202 1394 inquit,
1233 1339 1438 1388 errare;
1468 1338 1624 1393 neque
1651 1321 2010 1393 fornicatores,
2042 1336 2129 1374 ne-

545 1434 639 1486 que
667 1417 815 1471 idolis
841 1416 1127 1481 seruientes,
1165 1431 1322 1484 neque
1345 1415 1584 1481 adulteri,
1617 1429 1773 1484 neque
1798 1405 2006 1478 molles,
2035 1429 2126 1466 ne-

541 1526 637 1579 que
659 1510 998 1562 masculorum
1023 1505 1386 1570 concubitores,
1419 1521 1577 1577 neque
1601 1506 1759 1577 fures,
1787 1519 1944 1574 neque
1965 1503 2126 1567 avari,

542 1619 698 1672 neque
719 1601 972 1667 maledici,
1001 1616 1159 1670 neque
1179 1598 1378 1664 ebriosi,
1403 1613 1560 1668 neque
1578 1613 1785 1667 rapaces
1803 1613 2014 1668 regnum
2036 1594 2131 1649 Dei

543 1693 884 1764 possidebunt.
919 1691 974 1746 Si
1004 1691 1148 1745 enim
1178 1690 1337 1744 etiam
1373 1689 1423 1743 in
1454 1690 1568 1744 isus
1592 1697 1997 1758 perseverantes
2025 1686 2131 1741 cri-

543 1783 810 1846 minibus,
854 1789 1032 1836 tamen
1081 1789 1301 1850 propter
1345 1779 1501 1834 ﬁdem
1539 1778 1740 1834 Christi
1782 1778 1913 1832 salvi
1941 1786 2128 1844 erunt,

543 1871 814 1944 quomodo
846 1873 896 1926 in
926 1887 1088 1940 regno
1117 1871 1208 1925 Dei
1236 1885 1343 1925 non
1372 1869 1567 1925 erunt?

620 1964 708 2017 ll.
743 1981 761 2013 ‹
797 1961 902 2017 Sed
943 1963 1065 2032 quia
1108 1961 1222 2016 haec
1265 1961 1556 2030 apostolica
1603 1956 2033 2014 manifestissima
2078 1966 2132 2013 et

546 2052 879 2124 apertissima
914 2051 1215 2106 testimonia
1247 2050 1378 2105 falsa
1417 2065 1537 2106 esse
1567 2065 1672 2104 non
1710 2058 1962 2120 possunt;
2003 2047 2130 2103 illud

545 2143 687 2212 quod
718 2143 942 2198 obscure
967 2143 1164 2197 dictum
1209 2149 1289 2198 est
1310 2184 1323 2207 ,
1355 2141 1423 2197 de
1465 2141 1549 2196 bis
1588 2141 1677 2212 qui
1706 2140 2132 2210 supermditieaut

545 2247 707 2304 super
734 2233 1162 2298 fundamentum,
1195 2232 1336 2303 quod
1367 2241 1449 2287 est
1482 2231 1746 2296 Christus,
1778 2247 1882 2286 non
1913 2246 2127 2296 aurum,

544 2332 823 2394 argentum
842 2365 857 2390 ,
888 2324 1090 2393 lapides
1117 2323 1378 2393 pretiosos
1399 2363 1413 2386 ,
1462 2323 1553 2377 sed
1583 2322 1720 2392 ligna
1741 2362 1756 2386 ,
1790 2320 1968 2376 fenum
1991 2363 2006 2388 ,
2037 2322 2131 2375 sti-

545 2414 725 2484 pulam
756 2413 843 2486 (de
871 2413 954 2468 his
981 2414 1123 2468 enim
1173 2414 1368 2468 dictum
1397 2422 1479 2468 est
1513 2412 1652 2482 quod
1680 2427 1774 2481 per
1798 2410 1971 2481 ignem
1999 2411 2129 2465 salvi

545 2512 734 2570 erunt,
787 2505 1038 2574 quoniam
1085 2503 1411 2558 fundamenti
1460 2503 1652 2557 merito
1692 2518 1796 2556 non
1833 2501 2128 2572 peribunt),

545 2596 624 2651 sic
647 2597 1067 2666 intelligendum,
1097 2605 1180 2651 est
1201 2606 1258 2650 ut
1281 2595 1362 2649 bis
1386 2593 1682 2649 manifestis
1703 2593 2131 2650 non‘inveniatur

546 2700 668 2742 esse
713 2686 1060 2741 contrarium.
1108 2686 1268 2756 Ligna
1297 2686 1494 2756 quippe
1522 2693 1577 2739 et
1621 2684 1798 2740 fenum
1848 2693 1901 2740 et
1940 2685 2130 2754 stipula

544 2791 651 2832 non
674 2775 905 2831 absurde
929 2776 1095 2845 accipi
1120 2785 1340 2846 possunt
1366 2791 1541 2830 rerum
1565 2774 1918 2840 smcularium,
1947 2790 2131 2844 quam-

544 2869 628 2922 vis
669 2868 812 2922 licite
843 2883 1215 2923 concessarum
1242 2908 1256 2932 ,
1304 2866 1437 2921 tales
1480 2866 1829 2935 cupiditates,
1879 2873 1936 2919 ut
1963 2867 2131 2921 amitti

545 2961 663 3016 sine
689 2961 850 3015 animi
875 2960 1060 3014 dolore
1088 2975 1191 3013 non
1220 2959 1444 3028 possint.
1474 2958 1608 3012 Cum
1639 2966 1814 3011 autem
1854 2956 1955 3012 iste
1979 2957 2135 3013 dolor

549 3051 675 3118 urit,
703 3051 748 3106 si
778 3050 1020 3105 Christus
1049 3051 1099 3103 in
1127 3049 1287 3104 corde
1318 3046 1642 3101 fundamenti
1672 3045 1831 3101 habet
1859 3046 2048 3111 locum,
2082 3047 2133 3101 id

547 3151 661 3206 est,
690 3151 745 3196 ut
786 3141 835 3196 ei
873 3141 1003 3195 nihil
1043 3146 1416 3209 anteponatur,
1451 3147 1507 3192 et
1543 3137 1695 3190 malit
1724 3135 1884 3190 homo
1923 3137 2010 3206 qui
2044 3137 2131 3190 tali

549 3233 738 3288 dolore
776 3233 965 3300 uritur,
1007 3231 1167 3286 rebus
1205 3244 1338 3300 quas
1367 3229 1437 3284 ita
1481 3228 1682 3299 diligit,
1729 3243 1944 3292 carere,
1977 3245 2132 3298 quam

547 3322 797 3386 Christo;
834 3337 928 3391 per
949 3322 1122 3390 ignem
1147 3320 1204 3374 fit
1225 3319 1421 3374 salvus.
1445 3317 1501 3374 Si
1521 3326 1696 3372 autem
1721 3333 1808 3372 res
1828 3317 2133 3387 hujusmodi

551 3411 880 3480 temporales
905 3425 967 3465 ac
988 3409 1271 3463 smculares
1295 3415 1532 3478 tempore
1559 3409 1866 3464 tentationis
1891 3410 2137 3464 maluerit

551 3510 736 3557 tenere
760 3517 917 3572 quam
943 3499 1215 3556 Christum
1239 3540 1254 3565 ,
1295 3516 1413 3555 eum
1443 3500 1496 3554 in
1527 3500 1870 3555 fundamento
1899 3515 2002 3554 non
2037 3501 2134 3554 ba-

488 3582 493 3587 ’
550 3592 696 3658 buit;
728 3593 849 3662 quia
898 3591 1012 3647 lucc
1050 3591 1228 3660 priore
1268 3592 1382 3645 loco
1429 3590 1632 3657 habuit,
1666 3605 1784 3644 cum
1818 3591 1870 3644 in
1909 3591 2135 3646 aedilicio

552 3697 659 3737 non
691 3683 759 3736 sit
785 3682 981 3752 aliquid
1010 3682 1154 3752 prius
1181 3681 1545 3736 fundamento.
1578 3681 1716 3752 lgnis
1742 3681 1906 3746 enim,
1935 3681 2004 3736 de
2029 3698 2134 3751 quo

553 3789 620 3830 eo
643 3774 760 3828 loco
783 3774 987 3828 locutus
1011 3782 1091 3827 est
1117 3773 1385 3842 apostolus
1413 3772 1626 3834 Paulus,
1655 3771 1776 3826 talis
1800 3771 1958 3826 debet
1980 3773 2136 3827 intel-

549 3864 666 3935 ligi,
689 3874 746 3918 ut
775 3863 932 3918 ambo
963 3879 1058 3933 per
1080 3878 1200 3916 eum
1227 3869 1533 3928 transeant;
1564 3862 1616 3916 id
1649 3870 1748 3927 est,
1778 3871 1833 3916 et
1855 3862 1943 3932 qui
1972 3863 2138 3931 aedi/i-

553 3962 635 4007 cat
664 3969 816 4022 super
845 3953 937 4005 hoc
964 3951 1368 4022 fundamentum,
1393 3967 1591 4015 aurum,
1623 3959 1906 4021 argentum,
1941 3944 2137 4020 lapides

552 4049 818 4120 pretiosos,
842 4055 896 4102 et
915 4047 1004 4116 qui
1025 4047 1243 4115 ludiﬁcat
1264 4047 1480 4116 lignum,
1504 4046 1696 4115 fenum,
1720 4047 1979 4114 stipulam.
2003 4044 2136 4099 Cum

560 4139 693 4196 enim
750 4137 852 4194 huc
903 4138 1160 4204 dixisset,
1215 4136 1956 4206 adjunxitz-Uniuscujusque
2004 4151 2131 4204 opus

551 4231 700 4300 quale
737 4231 834 4294 sit,
874 4230 1005 4298 ignis
1047 4229 1291 4298 probabit.
1336 4228 1396 4283 Si
1425 4229 1569 4298 cujus
1608 4244 1736 4298 opus
1769 4227 2134 4296 permanserit,

552 4320 689 4390 quod
715 4319 1162 4389 superatdiﬁcavit,
1195 4320 1468 4372 mercedem
1497 4321 1729 4389 accipiet.
1772 4318 1834 4374 Si
1864 4320 2011 4388 cujus
2045 4334 2137 4370 au-

555 4421 653 4464 tem
678 4426 804 4479 opus
828 4417 1059 4463 exustum
1085 4409 1256 4478 fuerit,
1290 4408 1530 4461 damnum
1559 4410 1776 4478 patietur
1794 4423 1812 4460 :
1840 4408 1946 4477 ipse
1970 4417 2138 4460 autem

555 4504 721 4557 salvus
741 4503 856 4568 erit,
885 4502 956 4554 sic
993 4508 1160 4554 tamen
1185 4500 1331 4568 quasi
1355 4516 1444 4566 per
1463 4500 1649 4568 ignem.
1683 4500 1796 4554 Non
1825 4513 1952 4569 ergo
1983 4499 2138 4553 unius

556 4607 763 4657 eorum,
791 4591 885 4647 sed
919 4591 1191 4659 utriusque
1217 4603 1352 4659 cpus
1374 4589 1508 4658 ignis
1537 4589 1804 4658 probabit.

633 4681 719 4735 12.
759 4699 778 4732 ‹
807 4683 900 4736 Est
941 4681 1152 4750 quidam
1194 4681 1329 4750 ignis
1377 4680 1596 4734 tentatio
1641 4679 2031 4746 tribulationis,
2073 4681 2140 4736 de

557 4786 664 4842 quo
691 4779 872 4839 aperte
899 4771 1001 4824 alio
1039 4772 1158 4825 loco
1184 4771 1441 4840 scriptum
1470 4779 1551 4824 est
1577 4788 1590 4824 :
1634 4769 1765 4823 Vasa
1789 4771 1935 4841 figuli
1964 4771 2139 4840 probat

563 4868 774 4936 fornax,
813 4871 858 4915 et
887 4862 1111 4916 homines
1137 4864 1305 4931 justas
1340 4863 1550 4916 tentatio
1588 4862 1924 4917 tribulationis
1954 4861 2137 4933 (Eccli.

561 4970 724 5020 xxv",
749 4951 828 5018 ϐ).
855 4951 956 5006 lste
979 4953 1114 5022 ignis
1135 4954 1185 5006 in
1211 4952 1309 5007 hac
1331 4952 1541 5007 interim
1563 4953 1667 5008 vita
1693 4953 1815 5008 facit
1835 4954 1974 5024 quod
2002 4955 2142 5022 Apo-

559 5043 728 5098 stolus
753 5041 886 5095 dixit
907 5081 920 5105 ,
956 5041 999 5094 si
1035 5041 1240 5095 accidat
1269 5041 1474 5095 duobus
1503 5041 1744 5097 fidelibus
1765 5083 1778 5107 ,
1826 5043 1914 5096 uni
1940 5043 2144 5097 scilicet

559 5134 814 5206 cogitanti
853 5148 972 5202 qum
1012 5133 1103 5187 Dei
1132 5141 1287 5198 sunt,
1331 5133 1597 5203 quomodo
1636 5134 1839 5203 placeat
1880 5135 2010 5199 Deo,
2043 5135 2144 5188 hoc

561 5236 673 5294 est,
703 5225 985 5281 aediﬁcanti
1011 5238 1169 5294 super
1198 5223 1464 5280 Christum
1492 5225 1897 5281 fundamentum
1929 5240 2138 5291 aurum,

561 5324 876 5388 argentum,
928 5314 1129 5384 lapides
1160 5315 1450 5384 pretiosos;
1489 5315 1641 5370 alteri
1669 5323 1846 5370 autem
1892 5316 2143 5385 cogitanti

564 5425 626 5465 ea
656 5424 774 5479 quae
798 5406 978 5462 mundi
1004 5413 1160 5472 sunt,
1193 5406 1458 5476 quomodo
1495 5407 1699 5476 placeat
1726 5406 1912 5472 uxori,
1943 5406 1996 5460 id
2027 5415 2109 5461 est
2128 5447 2142 5471 ,

566 5499 845 5556 mdilicanti
889 5513 1047 5569 super
1086 5497 1225 5553 idem
1271 5497 1670 5552 fundamentum
1711 5498 1883 5568 ligna,
1929 5496 2140 5563 fenum,

568 5592 848 5660 stipulam:
880 5589 1021 5644 illius
1046 5589 1188 5644 enim
1220 5602 1354 5657 opus
1377 5602 1481 5641 non
1511 5587 1773 5652 exuritur,
1805 5587 1925 5657 quia
1954 5603 2057 5642 non
2085 5603 2144 5641 ea

572 5679 772 5748 dilexit,
802 5694 1026 5750 quorum
1063 5679 1349 5735 amissione
1381 5677 1674 5747 crucietur;
1706 5679 1944 5734 exuritur
1969 5688 2142 5735 autem

1333 203 1418 256 DE
1457 201 1635 257 OCTO
1675 199 1971 255 DULClTlI
2011 199 2554 267 QUrESTIONlBUS,
2587 199 2643 254 S.
2685 200 3055 259 AUGUSTINI

3691 217 3793 274 156

2240 327 2373 384 opus
2393 312 2569 384 hujus,
2587 314 2838 385 quoniam
2855 317 2970 372 sine
2987 317 3171 375 dolore
3186 335 3290 376 non
3307 330 3532 392 pereunt
3547 341 3658 398 qua:
3676 345 3792 387 cum

2231 420 2414 460 amore
2433 419 2674 474 possessa
2687 414 2829 462 Sunt.
2848 404 2955 464 Sed
2975 411 3224 480 quoniam
3240 412 3491 468 alterutra
3509 419 3794 477 conditione

2234 497 2538 568 proposita,
2593 497 2884 570 eispotius
2927 515 3112 558 carere
3157 504 3341 559 mallet
3381 521 3539 576 quam
3578 507 3792 580 Christo,

2234 598 2333 643 nec
2359 589 2548 643 timore
2573 590 2853 646 amittendi
2882 591 3003 646 talia
3031 591 3231 648 deserit
3259 593 3549 663 Christum,
3573 603 3794 669 quamvis

2232 678 2412 734 doleat
2437 677 2563 733 dum
2585 680 2806 746 amittit;
2834 681 3001 735 salvus
3021 693 3091 736 est
3117 683 3348 752 quidem,
3377 687 3448 739 sic
3477 697 3638 742 tamen
3664 694 3795 759 quasi

2237 787 2325 839 per
2345 771 2510 842 ignem
2533 786 2553 825 :
2577 771 2697 841 quia
2722 772 2826 826 urit
2843 788 2962 828 eum
2986 790 3163 829 rerum
3186 775 3359 842 dolor,
3383 792 3516 846 quas
3535 777 3793 847 dilexerat,

2233 862 2585 930 amissarum;
2629 863 2721 918 sed
2759 881 2867 920 non
2903 866 3161 921 subvertit
3195 883 3366 940 neque
3400 872 3658 926 consumit
3687 871 3799 928 fun-

2235 951 2470 1008 damenti
2501 955 2786 1011 stabilitate
2811 966 2969 1028 atque
2995 959 3390 1030 incorruptione
3418 965 3691 1019 munitum.

2309 1045 2396 1099 13.
2470 1043 2599 1101 Tale
2660 1047 2858 1117 aliquid
2920 1049 3080 1104 etiam
3110 1061 3230 1120 post
3256 1052 3391 1108 hanc
3421 1055 3580 1108 vitam
3608 1054 3710 1110 fieri
3730 1058 3806 1113 in-

2233 1134 2490 1189 credibile
2517 1149 2623 1189 non
2651 1145 2733 1190 est
2752 1177 2767 1202 ,
2799 1144 2854 1192 et
2885 1147 3058 1193 utrum
3091 1139 3162 1194 ita
3188 1141 3294 1208 sit,
3325 1143 3490 1213 quteri
3519 1151 3684 1213 potest
3711 1164 3725 1199 :
3756 1157 3807 1201 et

2234 1236 2326 1282 aut
2364 1227 2586 1282 inveniri
2613 1269 2626 1293 ,
2655 1236 2746 1284 aut
2769 1229 2934 1286 latere
2952 1271 2968 1298 ,
2999 1234 3281 1289 nonnullos
3309 1236 3494 1292 ﬁdeles
3523 1252 3615 1307 per
3643 1239 3804 1309 ignem

2235 1312 2520 1389 quemdam
2561 1322 2925 1392 purgatorium
2946 1365 2963 1392 ,
3000 1334 3197 1394 quanto
3223 1327 3392 1397 magis
3418 1329 3656 1386 minusve
3677 1331 3806 1387 bona

2235 1409 2511 1479 pereuntia
2541 1408 2840 1465 dilexerunt
2862 1454 2876 1478 ,
2907 1420 3055 1468 tanto
3084 1415 3286 1471 tardius
3308 1418 3569 1489 citiusque
3590 1421 3804 1490 salvari;

2236 1514 2342 1554 non
2366 1507 2542 1554 tamen
2575 1502 2707 1556 tales
2732 1543 2746 1568 ,
2774 1501 2841 1557 de
2866 1504 3110 1574 qualibus
3131 1505 3329 1562 dictum
3350 1517 3432 1564 est
3451 1511 3592 1579 quod
3617 1529 3809 1583 regnum

2236 1586 2334 1642 Dei
2378 1604 2477 1642 non
2500 1590 2857 1660 possidebunt,
2896 1593 2998 1648 nisi
3039 1598 3419 1653 convenienter
3448 1601 3809 1671 paenitentibus

2237 1679 2422 1734 eadem
2449 1681 2670 1735 crimina
2697 1683 3051 1739 remittantur.
3083 1686 3475 1744 Convenienter
3492 1701 3666 1746 autem
3690 1693 3808 1760 dixi,

2237 1779 2296 1824 ut
2337 1770 2544 1825 steriles
2586 1772 2636 1826 in
2681 1773 3041 1847 eleemosynis
3079 1792 3184 1832 non
3225 1779 3363 1846 sint,
3403 1782 3595 1851 quibus
3625 1792 3808 1839 tantum

2238 1863 2423 1919 tribuit
2465 1863 2738 1936 Scriptura
2781 1868 2992 1935 divina,
3024 1877 3083 1924 ut
3110 1885 3290 1925 earum
3321 1876 3684 1930 tantummodo
3715 1876 3811 1931 fru-

2238 1966 2386 2011 ctum
2427 1972 2487 2013 se
2531 1958 2912 2028 imputaturum
2954 1963 3275 2030 prmnuntiet
3301 1963 3560 2020 Dominus
3583 1966 3809 2034 dextris,

2238 2056 2293 2103 et
2336 2063 2520 2103 earum
2563 2050 2928 2105 tantummodo
2957 2053 3288 2107 sterilitatem
3320 2055 3586 2122 sinistris;
3618 2058 3812 2127 quando

2239 2138 2322 2194 his
2343 2140 2581 2196 dicturus
2605 2150 2706 2208 est,
2745 2140 2937 2210 Venite,
2963 2142 3206 2197 benedicti
3232 2143 3406 2199 Patris
3441 2148 3559 2210 mei,
3593 2149 3813 2218 percipit:

2238 2248 2450 2303 regnum
2487 2249 2506 2286 :
2543 2233 2646 2287 illis
2675 2241 2872 2302 autem,
2901 2233 2981 2288 Ite
3002 2235 3055 2288 in
3083 2236 3248 2304 ignem
3276 2245 3519 2290 wternum
3545 2236 3646 2310 (De
3677 2237 3808 2302 Fide,

2241 2321 2348 2392 Spe
2367 2332 2414 2377 et
2439 2322 2729 2391 Charitate,
2762 2340 2876 2394 cap.
2910 2324 3120 2394 67-69).
3158 2344 3176 2376 ι
3212 2325 3339 2380 Haec
3365 2326 3431 2381 de
3460 2327 3670 2382 duobus
3695 2343 3813 2397 opu-

2239 2411 2401 2467 sculis
2429 2414 2564 2466 meis
2588 2413 2716 2468 satis
2739 2423 2870 2484 pulo
2888 2416 3166 2484 quaestioni
3195 2425 3297 2470 tute
3325 2406 3484 2472 fuisse
3510 2433 3775 2488 responsa.

2314 2502 2399 2556 14.
2431 2501 2506 2556 De
2533 2501 2619 2556 illa
2645 2517 2774 2558 vero
2799 2505 3062 2558 sententia
3096 2505 3337 2571 Domini,
3370 2505 3489 2570 Non
3512 2509 3650 2561 exies
3675 2509 3809 2570 inde,

2241 2588 2399 2644 donec
2454 2591 2637 2644 reddas
2696 2593 3018 2645 novissimum
3068 2593 3450 2664 quadrantem;
3503 2597 3812 2665 rCSpondere

2241 2680 2368 2735 mihi
2417 2687 2635 2737 necesse
2670 2696 2775 2736 non
2809 2681 2943 2747 fuit,
2975 2685 3224 2752 quoniam
3257 2695 3310 2738 tu
3339 2685 3452 2753 ipse
3479 2688 3811 2755 quaestionem

2240 2773 2403 2828 simili
2444 2787 2510 2827 ex
2550 2774 2836 2844 Evangelia
2876 2774 3144 2830 locutione
3176 2776 3194 2807 ¹
3223 2775 3425 2831 solvisti
3456 2778 3542 2832 ubi
3573 2779 3809 2849 scriptum

2239 2872 2321 2919 est
2344 2906 2359 2931 ,
2399 2863 2519 2918 Non
2548 2866 2776 2936 cognovit
2801 2881 2942 2933 eam,
2972 2865 3131 2921 donec
3157 2869 3366 2938 peperit.
3399 2869 3540 2924 Sane
3570 2882 3623 2924 ut
3648 2886 3747 2925 non
3768 2881 3809 2925 te

2240 2956 2410 3010 celem
2455 2957 2520 3012 de
2558 2957 2658 3012 hac
2697 2974 2757 3013 re
2792 2959 3166 3029 cogitationem
3194 2976 3365 3016 meam
3386 3004 3401 3029 ,
3426 2963 3616 3017 vellem
3644 2965 3687 3017 si
3716 2965 3810 3018 fieri

2242 3055 2423 3117 posset
2469 3065 2482 3112 ;
2525 3048 2632 3102 imo
2671 3063 2799 3104 vero
2829 3051 2950 3104 volo
2970 3092 2984 3115 ,
3013 3050 3056 3105 si
3087 3050 3200 3107 fieri
3231 3062 3439 3121 potest,
3469 3053 3522 3106 in
3556 3053 3656 3108 hac
3682 3071 3811 3124 qua:-

2241 3137 2415 3193 stione
2461 3140 2686 3194 veritate
2729 3141 2990 3210 superari.
3040 3141 3172 3196 Illud
3217 3143 3359 3198 enim
3403 3144 3543 3214 quod
3591 3145 3809 3210 dicitur,

2242 3229 2560 3300 quandoque
2583 3273 2598 3298 ,
2639 3232 2740 3286 etsi
2787 3241 2904 3301 post
2935 3233 3218 3303 plurimum
3249 3237 3502 3306 temporis
3527 3238 3549 3268 '
3573 3279 3588 3303 ,
3617 3253 3710 3294 eos
3738 3238 3811 3308 qui

2243 3319 2297 3372 in
2334 3318 2594 3374 catholica
2625 3322 3000 3375 communione
3028 3324 3330 3379 moriuntur
3353 3367 3370 3392 ,
3395 3327 3639 3396 quamvis
3667 3342 3812 3396 usque

2243 3410 2294 3464 in
2341 3411 2501 3466 linem
2538 3413 2660 3466 vita:
2699 3413 2855 3483 hujus
2893 3413 3306 3484 flagitiosissimo
3335 3426 3388 3470 et
3415 3419 3813 3473 sceleratissime

2241 3503 2507 3569 vixerint,
2551 3504 2617 3558 de
2660 3505 2832 3572 pceuis
2872 3504 3148 3559 ultricibus
3201 3507 3471 3572 exituros,
3517 3503 3811 3564 familiarius

2243 3607 2420 3647 meum
2464 3593 2631 3663 tangit
2668 3593 2914 3648 allectum
2935 3635 2949 3658 ,
2992 3610 3149 3663 quem
3182 3595 3440 3651 habemus
3469 3612 3591 3668 erga
3619 3614 3714 3654 eos
3734 3599 3810 3668 qui

2244 3681 2519 3736 nobiscum
2564 3683 2808 3753 corporis
2849 3693 2902 3737 et
2945 3685 3214 3754 sanguinis
3255 3684 3450 3740 Christi
3488 3687 3808 3743 Sacramenta

2243 3772 2673 3836 communicant;
2710 3773 2952 3842 quamvis
2977 3788 3160 3827 eorum
3187 3789 3364 3830 mores
3394 3777 3629 3844 perditos
3657 3777 3812 3832 oderi-

2245 3878 2363 3917 mus
2386 3903 2401 3930 ,
2431 3877 2564 3933 quos
2590 3861 2868 3932 disciplina
2890 3863 3248 3919 ecclesiastica
3273 3866 3558 3921 emendare
3581 3883 3689 3923 non
3714 3881 3813 3937 pos-

2245 3967 2430 4007 sumus
2453 3994 2467 4018 ,
2496 3962 2587 4007 aut
2606 3968 2634 4006 a
2656 3967 2839 4008 mensa
2866 3953 3129 4008 dominica
3158 3969 3406 4024 separare
3436 3975 3451 4010 :
3478 3957 3573 4011 sed
3599 3973 3662 4012 ea
3690 3955 3810 4012 veri-

2244 4049 2352 4097 tate
2374 4042 2395 4073 ⁸
2436 4043 2581 4096 vinci
2619 4043 2737 4096 volo
2755 4084 2769 4107 ,
2803 4059 2920 4112 qua.
2941 4044 3105 4098 sacris
3125 4043 3338 4099 Litteris
3357 4047 3708 4114 apertissimis
3725 4061 3810 4100 non

2245 4133 2462 4187 resistit.
2503 4133 2618 4188 Non
2661 4133 2801 4187 enim
2841 4149 2958 4203 quae
2997 4135 3230 4202 resistit,
3259 4135 3482 4192 dicenda
3506 4145 3589 4190 est
3615 4138 3718 4192 ulla
3745 4151 3813 4188 ra-

2246 4224 2391 4278 tione
2423 4224 2652 4288 veritas,
2688 4223 2770 4278 vel
2801 4223 3053 4292 putanda.
3087 4223 3192 4279 Sed
3221 4224 3430 4278 interim
3456 4224 3630 4281 donec
3655 4224 3811 4281 audin.

2244 4328 2364 4368 mus
2391 4314 2495 4369 tale
2521 4313 2722 4383 aliquid
2752 4323 2840 4368 aut
2870 4316 3138 4384 legamus,
3169 4317 3532 4370 auscultemus
3561 4319 3608 4372 ei
3641 4318 3725 4389 qui
3749 4315 3812 4370 di-

2245 4405 2355 4470 cit,
2401 4404 2576 4459 Nolite
2619 4421 2790 4458 errare
2811 4423 2831 4471 ;
2875 4422 3033 4474 neque
3071 4407 3434 4477 fornicatores,
3487 4425 3644 4478 neque
3687 4405 3811 4462 idolis

2246 4493 2509 4548 servientes
2529 4535 2543 4560 ,
2589 4501 2720 4560 etc.,
2741 4511 2950 4565 regnum
2979 4495 3072 4548 Dei
3100 4496 3444 4565 possidebunt.
3476 4497 3607 4563 Quia
3638 4499 3680 4551 si
3710 4495 3810 4549 talia

2246 4592 2400 4649 sunt,
2433 4599 2550 4653 qua:
2575 4595 2758 4640 contra
2788 4586 3035 4641 dicuntur
3055 4628 3068 4652 ,
3097 4595 3153 4642 ut
3176 4587 3365 4642 hormn
3393 4590 3675 4644 verborum
3700 4601 3810 4656 apo-

2246 4675 2560 4730 stolicorum
2605 4675 3082 4731 manifestationem
3135 4666 3187 4731 in
3231 4679 3363 4733 alios
3406 4694 3599 4734 sensus
3641 4681 3808 4735 ducere

2247 4776 2544 4835 nequeant,
2577 4766 2817 4837 profecto
2841 4768 3098 4823 adversus
3129 4784 3190 4822 ea
3223 4785 3320 4823 nos
3347 4771 3629 4833 instruxit,
3661 4780 3710 4824 et
3735 4782 3809 4837 pa-

2254 4865 2400 4911 ratos
2444 4871 2563 4912 esse
2601 4859 2767 4912 voluit
2806 4859 2944 4913 idem
2970 4861 3242 4928 apostolus
3267 4861 3451 4916 dicens
3485 4880 3497 4916 :
3531 4861 3644 4915 Hoc
3671 4871 3808 4913 autem

2247 4949 2422 5003 scitote
2463 4949 2798 5019 intelligente:
2831 4991 2848 5017 ,
2892 4953 3132 5021 quoniam
3176 4955 3338 5007 omnis
3377 4956 3658 5024 fornicator
3683 4996 3696 5019 ,
3741 4958 3808 5002 σιιι

2249 5039 2538 5093 immundus
2559 5080 2572 5103 ,
2604 5050 2695 5093 aut
2720 5057 2902 5094 avarus
2918 5083 2932 5107 ,
2958 5043 3090 5112 quod
3111 5053 3181 5096 est
3209 5043 3462 5097 idolorum
3482 5047 3707 5106 servitus,
3728 5057 3806 5093 non

2252 5129 2396 5182 habet
2421 5129 2760 5183 haereditatem
2785 5131 2837 5183 in
2863 5147 3017 5201 regno
3038 5132 3221 5186 Christi
3245 5143 3290 5185 et
3318 5131 3414 5186 Dei
3434 5174 3450 5198 ,
3481 5151 3626 5187 nemo
3651 5149 3726 5187 vos
3748 5145 3807 5183 se—

2251 5220 2399 5273 ducat
2434 5220 2663 5274 inanibus
2696 5222 2854 5276 verbis
2882 5221 3096 5294 (Ep/tes.
3125 5240 3186 5291 v,
3213 5225 3246 5279 5
3268 5266 3283 5290 ,
3314 5224 3394 5296 6).
3427 5224 3560 5280 Cum
3588 5241 3707 5296 ergo
3731 5236 3806 5275 au-

2250 5310 2507 5367 dierimus
2527 5311 2781 5382 quosdam
2812 5312 3183 5382 fornicatores,
3208 5325 3261 5370 et
3289 5315 3612 5384 immundos,
3638 5325 3684 5369 et
3702 5325 3804 5366 ava-

2281 5443 2432 5554 ὦ
2466 5443 2696 5496 meliores
2731 5451 2839 5497 Mss.
2865 5451 2922 5496 At
2961 5444 3096 5508 editi;
3141 5444 3346 5499 similem
3385 5447 3451 5501 es
3750 5444 3803 5493 lt-

2252 5518 2495 5632 mgntgliti,
2523 5573 2567 5617 et
2591 5566 2633 5618 si
2655 5565 2855 5632 plurimi
2874 5561 3115 5630 temporis.
3137 5571 3458 5632 mnendantur
3482 5586 3544 5622 ex
3560 5579 3664 5622 Mss.

2320 5629 2338 5659 ³
2361 5631 2432 5677 sic
2469 5638 2572 5679 Mss.
2620 5629 2735 5679 Eiliti
2780 5629 3015 5689 autem,a
3046 5630 3239 5681 veritate
3269 5633 3395 5685 vinci
3423 5647 3438 5685 :
3465 5643 3514 5687 ct
3554 5635 3668 5685 infra
3704 5630 3796 5683 1000.

2257 5691 2570 5753 apertissimis
2588 5732 2601 5754 ,
2631 5693 2890 5753 habebant,
2919 5692 3233 5755 apertissime.
