3996 6282
194 310 215 363 Ι
224 309 285 363 57

188 435 269 475 ros
296 433 387 488 per
413 418 592 489 ignem
614 414 827 479 salvari,
856 422 913 467 ut
940 411 1167 466 habeant
1193 407 1556 463 baereditatem
1579 406 1632 460 in
1652 421 1740 462 re-

184 528 280 585 gno
319 510 513 567 Christi
555 517 606 564 et
626 508 746 572 Dei,
770 521 873 561 non
901 502 1344 561 obsurdescamus
1369 508 1553 555 contra
1582 499 1740 553 istum

182 600 548 655 reclamantem
582 606 631 652 et
662 595 922 650 dicentem
943 633 957 658 ,
993 592 1167 646 Omnis
1193 590 1469 660 fornicator
1489 630 1504 656 ,
1534 598 1619 641 aut
1640 588 1741 640 int-

181 690 400 754 mundus,
423 701 515 741 aut
531 690 703 740 avarus
723 701 821 738 non
842 684 987 737 habet
1002 682 1343 736 hwreditatem
1357 681 1411 733 in
1428 696 1578 750 regno
1595 676 1743 731 Chri-

177 787 234 838 sti
255 795 297 839 et
314 782 405 835 Dei
425 797 446 844 ,'
466 791 525 836 et
545 796 607 835 ne
626 778 1027 848 acquiescamns
1043 775 1146 829 illis
1166 774 1343 829 verbis
1365 774 1381 803 ¹
1404 782 1588 827 contra
1608 786 1739 825 eon-

178 876 311 930 tinuo
332 871 720 941 subjicientem,
757 866 920 921 Nemo
940 874 1025 920 vos
1049 860 1251 920 seducet
1272 863 1505 917 inanibus
1534 861 1712 915 verbis.

176 967 367 1034 00.5251.
408 950 475 1018 11.
516 990 587 1003 --
620 958 698 1014 An
724 959 933 1013 mortuis
964 956 1121 1027 prosit
1156 955 1340 1009 oblatio
1361 995 1377 1023 ,
1408 970 1521 1025 quia
1549 954 1607 1024 ﬁt
1644 968 1738 1024 pro

236 1056 368 1127 ipsis.
403 1054 701 1108 Animarum
738 1059 853 1104 ante
878 1048 1286 1103 resurrectionem
1329 1042 1663 1118 receptacula.

236 1152 286 1206 1.
332 1147 577 1204 Secunda
636 1152 725 1199 tua
777 1142 1002 1213 quarstio
1051 1150 1164 1207 est,
1213 1158 1231 1192 ι
1280 1137 1468 1196 Utrum
1536 1138 1735 1193 oblatio

170 1256 275 1315 qua;
313 1239 369 1295 ﬁt
431 1254 533 1309 pro
598 1235 1034 1308 quiescentibus,
1092 1221 1289 1302 aliquid
1352 1246 1540 1286 eorum
1601 1245 1733 1284 con-

170 1333 287 1387 ferat
325 1328 631 1392 animabus;
664 1340 785 1381 cum
817 1324 1090 1379 evidenter
1130 1322 1324 1376 nostris
1353 1329 1444 1376 aut
1486 1320 1733 1375 subleve-

1568 280 1787 348 'LIBER
1828 292 2018 350 unus.

3336 308 3437 367 158

1852 408 1992 461 niam
2031 408 2258 478 quodam
2307 410 2429 467 vitae
2469 428 2667 483 genere
2694 416 3021 486 acquiritur,
3065 419 3189 475 dum
3231 421 3284 476 in
3324 422 3429 479 hoc

1851 512 2076 566 corpore
2108 500 2298 553 vivitur
2323 541 2337 567 ,
2384 511 2441 555 ut
2475 503 2671 573 aliquid
2699 505 2950 574 adjuvent
2979 508 3077 562 ista
3105 508 3379 567 defunctos
3416 529 3430 565 :

1848 604 1913 643 ac
1938 605 2034 659 per
2074 590 2175 645 hoc
2216 593 2505 647 secundum
2536 610 2595 649 ea
2628 611 2746 665 quae
2774 612 2868 665 per
2894 614 3087 668 corpus
3113 613 3427 672 gesserunt,

1849 680 1927 734 eis
1956 696 2073 751 quae
2118 690 2237 749 post
2272 698 2466 753 corpus
2496 685 2744 756 religiose
2774 703 2869 756 pro
2901 689 3003 742 illis
3029 688 3165 744 facta
3201 690 3427 755 fuerint.

1847 770 2184 840 adjuvantur.
2229 772 2363 828 Sunt
2399 776 2540 829 enim
2583 792 2717 847 quos
2755 780 2974 833 omnino
3005 780 3136 835 nihil
3181 782 3432 851 adjuvant

1846 862 1980 929 ista;
2014 864 2124 920 sive
2150 881 2247 936 pro
2276 868 2353 923 eis
2394 867 2522 923 ﬁant
2544 911 2556 935 ,
2604 885 2828 939 quorum
2860 881 2966 926 tam
2997 874 3133 927 mala
3160 886 3285 929 sunt
3316 892 3428 931 me-

1843 953 1943 1008 rita
1967 994 1983 1020 ,
2031 966 2090 1009 ut
2118 972 2289 1028 neque
2321 958 2512 1014 talibus
2549 959 2691 1030 digni
2719 963 2824 1016 sint
2850 963 3128 1033 adjuvari;
3176 966 3289 1022 sive
3327 982 3428 1036 pro

1842 1044 1920 1099 eis
1949 1060 2173 1115 quorum
2206 1057 2310 1103 tam
2342 1050 2501 1115 bona,
2536 1060 2592 1105 ut
2623 1053 2815 1107 talibus
2844 1069 2948 1108 non
2977 1055 3247 1126 indigeant
3270 1058 3425 1127 adju-

1840 1136 2055 1191 mentis.
2087 1137 2295 1193 Genere
2336 1139 2494 1210 igitur
2522 1142 2642 1197 vitae
2682 1143 2823 1213 quod
2862 1145 3029 1214 gessit
3064 1146 3290 1217 quisque
3331 1162 3427 1218 per

1837 1239 2053 1297 corpus,
2085 1228 2314 1285 efﬁcitur
2343 1240 2401 1286 ut
2425 1233 2629 1303 prosint
2653 1235 2737 1289 vel
2765 1250 2871 1290 non
2900 1237 3126 1306 prosint,
3154 1254 3425 1309 quaecum-

1836 1334 1940 1389 que
1976 1336 2073 1390 pro
2098 1322 2189 1376 illo
2214 1323 2301 1393 pie
2332 1323 2500 1390 ﬁunt,
2545 1340 2665 1380 cum
2706 1327 2982 1397 reliquerit
3025 1343 3236 1399 corpus.
3283 1329 3418 1384 Nam

168 1439 274 1479 mur
311 1420 555 1485 actibus,
599 1425 691 1472 aut
734 1416 1015 1487 gravemur
1058 1432 1071 1466 :
1115 1415 1159 1468 si
1201 1412 1413 1482 quidem
1450 1412 1727 1481 legamus,

167 1514 288 1585 quod
330 1513 379 1565 in
411 1496 623 1565 inferno
669 1522 829 1562 nemo
864 1506 977 1576 jam
1012 1506 1180 1575 possit
1207 1502 1434 1557 Domino
1463 1500 1726 1556 conﬁteri.

167 1604 235 1661 Ad
258 1602 390 1673 quod
420 1601 573 1655 multi
601 1599 783 1653 dicunt
817 1595 959 1668 quod
984 1596 1029 1650 si
1057 1594 1252 1662 aliquis
1278 1592 1519 1647 beneﬁcii
1547 1591 1599 1645 in
1627 1591 1727 1646 hoc

1836 1412 2107 1477 meritum,
2136 1430 2232 1484 per
2256 1415 2399 1485 quod
2431 1417 2530 1471 ista
2565 1418 2811 1487 prosint,
2840 1420 2885 1474 si
2912 1420 3112 1474 nullum
3138 1436 3420 1491 compara—

1838 1510 1944 1557 tum
1975 1514 2057 1559 est
2084 1506 2137 1559 in
2166 1506 2265 1562 hac
2288 1508 2413 1573 vita,
2438 1507 2631 1563 frustra
2654 1512 2908 1579 quaeritur
2931 1522 3050 1582 post
3070 1514 3209 1567 hanc
3234 1515 3417 1569 vitam.

1833 1595 1909 1650 lla
1940 1597 1998 1651 fit
2024 1606 2081 1652 ut
2111 1614 2284 1668 neque
2322 1600 2551 1655 inaniter
2590 1601 2831 1657 Ecclesia
2852 1646 2867 1671 ,
2916 1605 3000 1658 vel
3038 1619 3255 1659 suorum
3287 1620 3417 1660 cura

1832 1701 1931 1755 pro
1961 1686 2222 1743 defunctis
2242 1730 2258 1756 ,
2288 1691 2429 1761 quod
2460 1692 2690 1761 potuerit
2727 1694 2999 1763 religionis
3030 1695 3331 1766 impendat,
3364 1705 3419 1752 et

1833 1786 2009 1832 tamen
2035 1776 2173 1833 ferat
2202 1781 2563 1851 unusquisque
2584 1782 2875 1837 secundum
2899 1799 2960 1838 ea
2988 1800 3105 1854 quae
3130 1787 3298 1855 gessit
3323 1802 3418 1856 per

1831 1880 2045 1937 corpus,
2072 1870 2184 1923 sive
2211 1870 2408 1925 bonum
2433 1912 2448 1939 ,
2481 1871 2594 1927 sive
2619 1874 2816 1927 malum
2843 1914 2857 1939 ,
2889 1873 3145 1928 reddente
3192 1876 3417 1932 Domino

1830 1960 2113 2030 unicuique
2139 1962 2430 2017 secundum
2474 1978 2637 2034 opera
2675 1964 2810 2035 ejus.
2856 1966 2925 2019 Ut
2960 1966 3101 2021 enim
3143 1966 3245 2023 hoc
3274 1969 3414 2038 quod

1830 2048 2173 2120 impenditur,
2207 2053 2375 2121 possit
2400 2053 2449 2107 ei
2481 2054 2733 2122 prodesse
2757 2064 2873 2125 post
2893 2071 3108 2125 corpus,
3141 2057 3193 2110 in
3219 2072 3280 2111 ea
3310 2060 3415 2112 vita

1827 2150 1908 2196 est
1924 2143 2258 2212 acquisitum,
2274 2159 2431 2214 quam
2458 2146 2625 2215 gessit
2646 2146 2701 2200 in
2727 2160 2950 2217 corpore
2974 2166 2993 2199 ι
3034 2146 3133 2219 (De
3158 2148 3293 2203 Cura
3321 2166 3415 2220 pro

1829 2232 1986 2286 Mort.
2017 2251 2147 2305 ger.,
2179 2250 2294 2305 cap.
2324 2232 2398 2307 1).

1896 2327 1950 2378 4.
1986 2325 2103 2379 Dixi
2129 2326 2289 2380 etiam
2320 2326 2425 2382 tale
2450 2327 2649 2398 aliquid
2678 2326 2745 2381 ad
2772 2312 3115 2384 Laurentium
3134 2370 3147 2396 ,
3174 2329 3314 2400 quod
3341 2332 3413 2385 ita

1825 2428 1885 2469 se
1912 2414 2112 2469 habet:
2153 2433 2171 2466 ‹
2207 2415 2439 2486 Tempus
2464 2427 2664 2483 autem,
2706 2417 2946 2488 inquam,
2980 2419 3120 2488 quod
3147 2420 3285 2474 inter
3312 2420 3413 2475 ho-

1824 2505 1985 2559 minis
2014 2510 2243 2561 mortem
2276 2515 2330 2560 et
2370 2507 2609 2561 ultimam
2648 2509 3097 2563 resurrectionem
3126 2510 3412 2580 interposi-

1825 2603 1935 2650 tum
1966 2605 2048 2651 est
2068 2637 2083 2661 ,
2130 2596 2336 2651 animas
2363 2597 2559 2651 abditis
2597 2599 2949 2667 receptaculis
2978 2600 3243 2665 continet,
3275 2601 3413 2656 sicut

1825 2703 2153 2760 unaquaeque
2181 2690 2337 2760 digna
2363 2698 2444 2743 est
2474 2690 2554 2744 vel
2585 2691 2769 2759 requie
2809 2692 2891 2744 vel
2921 2707 3157 2745 aerumna
3177 2733 3192 2758 ,
3221 2709 3316 2762 pro
3344 2708 3411 2748 eo

1822 2780 1963 2850 quod
1989 2781 2174 2835 sortita
2201 2789 2283 2836 est
2304 2780 2355 2834 in
2386 2796 2549 2836 carne
2575 2780 2701 2836 dum
2738 2782 2959 2837 viveret.
3003 2782 3184 2853 Neque
3214 2798 3411 2853 negan-

1824 2871 1951 2926 dum
1993 2881 2074 2926 est
2102 2871 2473 2926 defunctorum
2503 2873 2707 2928 animas
2747 2874 2945 2943 pietate
2976 2889 3193 2929 suorum
3223 2877 3408 2931 viven-

1826 2963 1957 3016 tium
1982 2962 2228 3031 relevari,
2256 2978 2377 3017 eum
2407 2962 2504 3033 pro
2532 2962 2640 3018 illis
2660 2963 2976 3019 sacrificium
2998 2965 3303 3021 Mediatoris
3329 2967 3412 3023 of-

1823 3053 2012 3122 fertur,
2043 3054 2128 3110 vel
2155 3056 2510 3126 eleemosyna:
2536 3054 2589 3107 in
2620 3053 2858 3109 Ecclesia
2887 3056 3039 3110 ﬁunt.
3063 3056 3167 3112 Sed
3194 3059 3273 3112 eis
3296 3057 3413 3113 haec

1824 3154 2087 3216 prosunt,
2118 3148 2209 3216 qui
2242 3160 2363 3200 cum
2404 3145 2677 3210 viverent,
2708 3153 2768 3199 ut
2790 3146 2907 3200 hace
2936 3146 3035 3201 sibi
3069 3156 3251 3216 postea
3287 3164 3413 3217 pos-

1826 3248 1946 3293 sent
1973 3238 2246 3308 prodesse,
2287 3246 2617 3293 meruerunt.
2649 3238 2748 3292 Est
2783 3239 2925 3292 enim
2954 3238 3167 3307 quidam
3196 3240 3411 3296 vivendi

1825 3332 2035 3395 modos,
2063 3346 2162 3385 nec
2188 3338 2294 3384 tam
2323 3330 2515 3397 bonus,
2544 3337 2602 3383 ut
2621 3344 2727 3384 non
2748 3331 2986 3399 requirat
3009 3331 3106 3385 ista
3130 3340 3246 3401 post
3265 3347 3411 3387 mor-

1826 3430 1964 3487 tem;
1995 3436 2093 3475 nec
2123 3429 2227 3475 tam
2260 3420 2453 3487 malus,
2486 3429 2542 3475 ut
2568 3420 2620 3475 ei
2645 3435 2751 3475 non
2772 3420 2977 3490 prosint
2996 3422 3094 3475 ista
3120 3431 3239 3491 post
3264 3439 3411 3478 mor-

1825 3523 1932 3570 tem
1963 3533 1975 3569 :
2007 3522 2090 3569 est
2116 3528 2243 3568 vero
2272 3513 2393 3567 talis
2422 3513 2475 3566 in
2506 3512 2669 3580 bono,
2700 3520 2758 3566 ut
2786 3512 2869 3567 his
2896 3527 3000 3567 non
3033 3514 3298 3583 requirat;
3328 3524 3411 3570 est

1825 3613 1879 3661 et
1904 3618 2090 3661 rursus
2127 3602 2247 3657 talis
2277 3602 2329 3656 in
2362 3603 2533 3669 malo,
2575 3610 2633 3655 ut
2668 3616 2767 3656 nec
2792 3600 2875 3656 his
2900 3602 3103 3668 valeat,
3140 3617 3261 3657 cum
3297 3602 3413 3659 lucc

1826 3699 1934 3753 vita
1964 3696 2248 3761 transierit,
2282 3694 2542 3764 adjuvari.
2579 3693 2838 3759 Quocirca
2868 3691 2955 3749 hic
2980 3708 3139 3749 onme
3164 3696 3412 3751 meritum

1827 3798 2185 3860 comparatur,
2205 3803 2310 3857 quo
2334 3795 2453 3857 post
2474 3786 2612 3842 hanc
2631 3788 2789 3841 vitam
2816 3788 2983 3857 possit
3010 3788 3233 3843 relevari
3260 3788 3410 3858 quis-

1827 3884 1966 3953 piam
1988 3923 2003 3947 ,
2053 3882 2136 3937 vel
2171 3880 2399 3951 gravari.
2434 3880 2602 3935 Nemo
2626 3894 2686 3935 se
2708 3888 2886 3934 autem
2911 3888 3124 3949 speret,
3154 3881 3295 3950 quod
3323 3881 3412 3937 hic

1823 3974 2095 4044 neglexit,
2126 3988 2247 4027 cum
2278 3972 2504 4039 obicrit,
2545 3971 2686 4042 apud
2724 3972 2890 4026 Deum
2930 3973 3247 4041 promereri.
3292 3972 3411 4026 Non

1827 4068 1988 4138 igitur
2015 4068 2115 4120 ista
2145 4080 2265 4135 quae
2298 4079 2394 4135 pro
2423 4064 2687 4118 defunctis
2708 4063 3143 4118 commendandis
3164 4064 3414 4131 frequen-

1781 4156 1785 4193 i
1831 4168 1906 4214 tat
1945 4157 2203 4221 Ecclesia,
2232 4157 2305 4210 illi
2332 4155 2641 4225 apostolica:
2677 4164 2801 4209 sunt
2839 4154 3057 4208 adversa
3094 4156 3408 4223 sententiae,

1828 4265 1931 4320 qua
1959 4248 2159 4303 dictum
2198 4254 2311 4313 est,
2345 4245 2529 4298 Omnes
2567 4244 2699 4297 enim
2727 4243 3001 4297 astabimus
3042 4253 3159 4297 ante
3192 4245 3412 4298 tribunal

1830 4339 2035 4403 Christi,
2068 4347 2120 4391 ut
2149 4341 2278 4408 ferat
2301 4335 2640 4405 unusquisque
2666 4334 2940 4388 secundum
2966 4350 3026 4389 ea
3054 4350 3166 4404 qua:
3193 4352 3281 4406 per
3301 4352 3413 4390 cor.

1830 4447 1923 4501 pus
1952 4429 2143 4500 gessit,
2187 4428 2289 4482 sive
2312 4427 2495 4480 bonum
2527 4425 2628 4480 sive
2657 4426 2885 4490 malum;
2933 4425 3058 4495 quia
3102 4428 3259 4482 etiam
3309 4426 3414 4483 hoc

1829 4522 2075 4577 meritum
2102 4520 2203 4576 sibi
2225 4521 2450 4591 quisque
2476 4533 2598 4573 cum
2618 4519 2671 4572 in
2700 4532 2926 4587 corpore
2953 4517 3159 4572 viveret
3187 4532 3407 4589 compa—

1831 4615 1988 4680 ravit,
2012 4622 2073 4668 ut
2101 4614 2148 4668 ei
2178 4619 2393 4682 possent
2418 4610 2519 4664 ista
2546 4608 2817 4679 prodesse.
2843 4608 2958 4662 Non
2994 4609 3137 4663 enim
3164 4608 3412 4665 omnibus

1832 4718 2083 4778 prosunt;
2114 4713 2170 4760 et
2194 4719 2361 4774 quare
2385 4719 2492 4757 non
2517 4701 2762 4756 omnibus
2792 4708 3037 4770 prosunt,
3065 4701 3165 4755 nisi
3196 4710 3412 4771 propter

1831 4798 2181 4853 ditferentiam
2224 4796 2346 4849 vitae
2383 4808 2541 4863 quam
2581 4791 2805 4861 quisque
2846 4791 3011 4860 gessit
3050 4791 3101 4845 in
3149 4793 3412 4862 corpore?

1832 4888 1965 4944 Cum
1992 4902 2117 4956 ergo
2146 4884 2425 4949 sacrificia,
2457 4883 2568 4936 sive
2590 4881 2794 4946 altaris,
2817 4881 2929 4935 sive
2953 4895 3413 4950 quarumcumque

1833 4978 2288 5047 eleemosynarum
2329 4987 2425 5042 pro
2454 4970 2729 5040 baptizatis
2754 4970 3016 5025 defunctis
3049 4972 3299 5025 omnibus
3332 4970 3413 5025 of-

1832 5069 2077 5125 feruntur
2101 5106 2115 5131 ,
2158 5080 2253 5134 pro
2292 5062 2444 5117 valde
2484 5062 2637 5116 bonis
2662 5063 2948 5131 gratiarum
2979 5062 3215 5115 actiones
3254 5069 3411 5127 sunt;

1835 5176 1933 5232 pro
1972 5174 2077 5214 non
2109 5155 2264 5211 valde
2305 5154 2461 5209 malis
2500 5152 2901 5223 propitiationcs
2933 5161 3088 5217 sunt;
3138 5167 3234 5221 pro
3258 5152 3413 5207 valde

1835 5254 2011 5319 malis,
2037 5248 2245 5305 etiamsi
2275 5246 2416 5301 nulla
2437 5255 2560 5301 sunt
2582 5245 2885 5313 adjumenta
2909 5254 3259 5305 mortuorum,
3286 5257 3415 5309 qua~

1834 5346 2140 5411 lescumque
2160 5339 2402 5393 vivorum
2426 5336 2816 5392 consolationes
2841 5342 2982 5388 sunt.
3012 5332 3211 5399 Quibus
3235 5338 3414 5383 autem

1832 5442 2089 5507 prosunt,
2120 5440 2211 5485 aut
2238 5430 2308 5485 ad
2335 5428 2437 5484 hoc
2470 5430 2694 5499 prosunt
2719 5468 2735 5494 ,
2765 5438 2821 5481 ut
2854 5428 2922 5480 sit
2949 5424 3102 5493 plena
3129 5421 3375 5477 remissio
3397 5463 3413 5491 ,

1834 5531 2082 5581 autccrte
2112 5529 2167 5576 ut
2197 5520 2523 5577 tolerabilior
2550 5518 2763 5587 ﬁatipsa
2782 5515 3048 5571 damnatio
3072 5532 3092 5565 ι
3124 5510 3368 5584 (Enc/tir.
3392 5551 3409 5577 ,

1834 5631 1987 5688 capp.
2020 5610 2148 5678 109,
2181 5611 2332 5682 110).

1910 5708 2129 5779 Quian.
2171 5700 2433 5759 111.--1.
2464 5699 2642 5755 Utrum
2689 5700 2740 5751 in
2792 5695 3005 5749 adventu
3052 5693 3259 5749 Domini
3294 5708 3411 5749 mox

169 1698 333 1752 locus’
374 1694 543 1764 possit
578 1708 697 1747 esse
734 1700 855 1761 post
882 1698 1144 1753 mortem,
1187 1694 1387 1757 quanto
1424 1684 1593 1754 magis
1628 1683 1729 1738 sibi

164 1789 318 1843 anima
347 1787 511 1841 ferret
542 1784 654 1854 ipsa
686 1780 1051 1852 refrigerium,
1082 1794 1178 1834 sua
1209 1794 1303 1849 per
1330 1792 1391 1832 se
1420 1776 1529 1831 illic
1556 1773 1727 1829 conﬁ-

169 1879 307 1934 tendo
341 1885 557 1947 peccata
577 1916 593 1942 ,
624 1888 783 1945 quam
826 1872 883 1927 in
926 1886 1113 1927 eorum
1155 1869 1485 1940 refrigerium
1515 1866 1582 1923 ab
1609 1866 1726 1921 aliis

166 1970 337 2024 oblatio
366 1965 724 2036 procuratur?
760 1983 781 2016 ι
1214 2034 1217 2039 ν

226 2060 274 2112 2.
304 2057 409 2112 Dixi
444 2056 648 2127 aliquid
686 2055 755 2110 de
781 2054 877 2108 hac
915 2069 976 2108 re
1014 2053 1067 2107 in
1103 2067 1168 2107 eo
1201 2050 1339 2105 libro
1367 2064 1523 2120 quem
1554 2063 1726 2118 nuper

168 2149 224 2206 ad
248 2160 473 2206 sanctum
515 2148 801 2202 Paulinum
841 2145 1103 2200 Nolanum
1144 2143 1451 2213 episcopum
1493 2140 1721 2209 scripsi,

172 2258 273 2297 cum
296 2257 373 2295 me
391 2239 751 2295 consuluisset
779 2245 954 2290 utrum
985 2234 1252 2304 sepultura
1280 2248 1398 2302 quae
1428 2231 1485 2285 ﬁt
1522 2232 1573 2285 in
1606 2246 1721 2285 me-

172 2331 327 2387 moriis
353 2341 685 2401 martyrum,
714 2328 885 2399 prosit
924 2325 1123 2396 aliquid
1165 2324 1437 2395 spiritibus
1484 2331 1723 2377 mortuo-

179 2444 289 2503 rum.
314 2428 429 2483 Inde
454 2436 533 2482 est
575 2426 716 2491 hoc,
758 2423 897 2494 quod
932 2422 1016 2476 his
1058 2421 1123 2475 ad
1168 2429 1220 2475 te
1260 2419 1450 2473 litteris
1490 2418 1671 2472 insero
1704 2434 1717 2471 :

188 2538 203 2571 ι
230 2521 327 2587 Diu,
352 2521 589 2590 inquam,
619 2515 899 2572 Sanctitati
923 2522 1046 2579 tuae,
1077 2511 1392 2581 eoepiscope
1420 2507 1721 2563 venerande

186 2612 388 2677 Pauline,
413 2611 801 2681 rescriptorum
827 2605 1035 2661 debitor
1059 2603 1164 2669 fui,
1196 2617 1259 2656 ex
1295 2615 1400 2670 quo
1430 2598 1559 2653 mihi
1587 2598 1721 2653 scri-

188 2703 309 2772 psiin
330 2717 405 2771 per
429 2702 685 2755 homines
706 2699 827 2753 lilia:
857 2706 1051 2751 nostrze
1080 2691 1493 2763 religiosissima:
1520 2689 1717 2756 Floraa,

189 2810 379 2865 quarens
415 2810 442 2847 a
486 2808 581 2849 me
625 2800 801 2847 utrum
845 2789 1014 2860 prosit
1064 2786 1254 2857 cuique
1296 2792 1415 2854 post
1454 2790 1713 2848 mortem,

184 2885 293 2954 quod
313 2900 489 2955 corpus
517 2884 641 2953 ejus
676 2881 817 2952 apud
849 2880 1017 2936 sancti
1044 2877 1265 2947 alicujus
1292 2875 1605 2930 memoriam
1631 2886 1718 2927 se-

181 2975 351 3044 pelitur.
394 2976 505 3030 Hoc
530 2974 680 3030 enim
711 2973 806 3027 abs
849 2980 900 3026 te
941 2969 1097 3025 vidua
1136 2975 1428 3023 memorata
1457 2966 1716 3036 petierat,

178 3078 256 3132 pro
277 3063 501 3119 defuncto
530 3064 586 3117 in
619 3063 701 3117 eis
726 3061 965 3131 partibus
994 3059 1102 3113 filio
1128 3073 1224 3113 suo
1243 3098 1258 3126 ,
1291 3065 1345 3112 et
1370 3055 1720 3125 rescripseras

178 3156 419 3211 consolans
442 3171 583 3222 eam,
625 3154 786 3223 idque
811 3153 967 3207 etiam
995 3150 1241 3205 nuntians
1272 3149 1337 3204 de
1362 3149 1621 3204 cadavere
1651 3146 1719 3200 ﬁ-

178 3248 285 3302 delis
296 3249 494 3318 juvenis
516 3246 763 3318 Cynegii,
786 3244 925 3315 quod
949 3253 1191 3299 materno
1216 3250 1270 3297 et
1299 3241 1385 3312 pio
1410 3241 1600 3296 aﬂ‘ectu
1627 3240 1721 3295 de-

178 3340 390 3397 sideravit
410 3382 424 3405 ,
465 3356 585 3396 esse
613 3338 937 3407 completum
960 3377 977 3403 ,
1023 3345 1081 3391 ut
1117 3335 1320 3390 scilicet
1348 3334 1399 3387 in
1428 3331 1720 3387 beatissimi

177 3430 340 3486 Felicis
369 3429 692 3486 confessoris
716 3428 933 3483 basilica
966 3433 1272 3497 poneretur.
1302 3425 1413 3491 Qua
1440 3422 1720 3478 occasione

178 3522 341 3577 factum
366 3530 444 3577 est
476 3528 535 3576 ut
563 3536 661 3590 per
689 3519 907 3574 eosdem
947 3517 1241 3587 perlatores
1280 3516 1570 3570 litterarum
1602 3522 1720 3567 tua-

178 3628 275 3667 rtmr
299 3613 444 3667 etiam
466 3612 595 3666 mihi
618 3611 903 3677 scriberes,
927 3609 1174 3678 ingerens
1199 3604 1563 3676 hujuscemodi
1584 3618 1722 3674 qua:-

179 3703 407 3770 stionem;
431 3713 585 3774 atque
617 3710 679 3756 ut
706 3699 1084 3770 responderem
1113 3697 1239 3768 quid
1266 3696 1396 3750 mihi
1419 3694 1608 3750 exinde
1638 3695 1719 3748 vi-

180 3791 362 3848 deretur
384 3808 697 3865 exposcens,
727 3806 825 3845 nee
852 3798 1032 3844 tacens
1060 3788 1173 3857 ipse
1200 3787 1324 3857 quid
1349 3786 1569 3841 sentias.
1587 3784 1719 3839 Nam

181 3879 291 3936 dicis
314 3882 466 3937 videri
494 3884 586 3938 tibi
615 3896 722 3936 non
747 3894 865 3935 esse
891 3880 1075 3933 inanes
1110 3885 1284 3931 motus
1309 3876 1606 3930 animorum
1636 3891 1722 3931 re-

181 3970 447 4042 ligiosorum
492 3982 652 4043 atque
691 3971 923 4025 ﬁdelium
964 3982 1059 4039 pro
1104 3967 1217 4022 suis
1254 3966 1355 4021 ista
1397 3966 1716 4022 curantium.

183 4063 402 4135 Adjungis
430 4065 585 4119 etiam
607 4104 622 4128 ,
651 4076 840 4116 vacare
869 4075 975 4114 non
1002 4073 1159 4128 posse
1184 4057 1323 4127 quod
1354 4058 1597 4112 universa
1626 4070 1721 4126 pro

184 4153 407 4210 defunctis
438 4154 672 4210 Ecclesia
710 4152 1009 4221 supplicare
1053 4150 1327 4204 consuevit
1358 4166 1370 4201 :
1402 4156 1460 4201 ut
1505 4147 1629 4201 hinc
1667 4154 1722 4201 et

185 4245 291 4300 illud
312 4246 485 4317 conjici
514 4245 705 4319 possit,
734 4242 934 4296 homini
964 4240 1216 4310 prodesse
1244 4248 1363 4309 post
1390 4246 1641 4305 mortem,
1669 4238 1716 4292 si

186 4337 271 4392 ﬁde
290 4352 487 4392 suorum
516 4335 785 4391 humando
820 4334 935 4404 ejus
960 4332 1169 4402 corpori
1215 4331 1335 4385 talis
1373 4330 1720 4401 provideatur

187 4426 341 4494 locus,
377 4430 426 4483 in
465 4444 568 4498 quo
598 4434 851 4496 appareat
888 4423 1165 4494 opitulatio
1213 4423 1372 4478 etiam
1416 4422 1518 4477 isto
1560 4422 1750 4500 modo,

187 4522 370 4588 quresita
396 4531 713 4576 sanctorum.

245 4611 291 4669 ὅ.
320 4631 337 4664 ι
369 4613 467 4668 Sed
486 4628 608 4667 eum
637 4612 751 4667 lucc
778 4610 852 4665 ita
876 4610 1001 4677 sint,
1030 4608 1296 4679 quomodo
1322 4608 1445 4662 huic
1485 4607 1721 4676 opinioni

192 4706 468 4759 contrarium
495 4720 599 4759 non
637 4705 726 4767 sit,
757 4701 897 4772 quod
922 4701 996 4755 ait
1021 4699 1305 4769 Apostolus
1328 4739 1344 4765 ,
1381 4697 1564 4751 Omnes
1590 4698 1722 4752 enim

192 4794 422 4850 astabimus
464 4806 577 4849 ante
603 4794 822 4848 tribunal
863 4792 1083 4859 Christi,
1115 4800 1170 4844 ut
1214 4794 1344 4858 [erat
1383 4789 1721 4859 unusquisque

195 4887 426 4940 secundum
460 4904 515 4941 ea
542 4903 651 4957 quae
676 4903 764 4956 per
792 4901 972 4955 corpus
1008 4884 1194 4952 gessit,
1236 4883 1336 4935 sive
1365 4880 1589 4947 bonum,
1620 4882 1723 4936 sive

195 4975 351 5028 malum
379 4976 437 5046 (ll
461 4976 576 5031 Cor.
602 4994 631 5030 v
653 5017 668 5045 ,
700 4975 788 5045 10)
814 5017 829 5042 ,
862 4991 966 5029 non
1000 4982 1049 5028 te
1076 4973 1203 5027 satis
1226 4972 1406 5027 videre
1431 4972 1719 5043 signiﬁcas.

197 5064 298 5120 llzec
318 5070 494 5139 quippe
518 5069 803 5139 apostolica
833 5067 1096 5122 sententia
1124 5075 1247 5120 ante
1278 5073 1504 5119 mortem
1529 5065 1718 5120 admo-

200 5168 271 5211 net
293 5160 392 5214 ﬁeri
413 5163 545 5231 quod
574 5162 736 5231 possit
758 5160 1014 5230 prodesse
1036 5167 1152 5228 post
1178 5170 1433 5223 mortem;
1461 5173 1569 5213 non
1593 5166 1717 5213 tunc

201 5250 376 5315 quando
409 5253 511 5322 jam
552 5251 913 5322 recipiendum
939 5258 1022 5305 est
1063 5248 1203 5317 quod
1241 5248 1462 5318 quisque
1499 5249 1722 5318 gesserit

202 5348 299 5393 ante
323 5351 548 5397 mortem.
578 5343 775 5399 Verum
808 5341 922 5395 tunc
960 5340 1031 5394 ita
1059 5338 1279 5393 solvitur
1302 5339 1553 5409 qumstio,
1580 5353 1716 5408 quo—

256 5539 271 5568 ¹
290 5538 836 5604 Fditimeacmueseanms
852 5535 979 5604 illius
994 5532 1577 5604 uerbiszgoneinnius'duo
1596 5541 1721 5604 13135.,

209 5610 255 5647 ne
269 5594 584 5669 αεφιὶῥεοατηυζς
604 5601 710 5669 aliis
732 5597 887 5669 verbis
909 5611 925 5657 ,-
950 5596 1047 5656 vel,
1065 5602 1117 5645 ut
1136 5594 1215 5645 alii
1228 5609 1338 5644 cum
1362 5594 1574 5646 editione
1599 5594 1716 5657 Rau,

212 5671 256 5707 ne
273 5660 589 5721 acquiescmnus
609 5661 702 5713 illis
725 5660 893 5721 verbis.

260 5722 276 5750 ³
296 5715 490 5780 Plerique
512 5732 631 5787 Uss,
667 5720 855 5785 aliquid
878 5718 1088 5783 beneﬁcii
1120 5717 1168 5769 in
1206 5715 1290 5767 hoc
1325 5715 1439 5767 loco.
