3988 6448
555 301 658 361 159

573 436 793 504 futurum
811 426 875 482 sit
884 424 1157 496 judicium,
1184 438 1310 476 anve
1336 419 1410 473 illi
1439 416 1670 472 morituri
1691 415 1810 479 sint,
1833 411 1919 482 qui
1943 423 2142 478 rapten-

558 529 641 571 tur
665 518 717 569 in
747 513 954 570 nubibus
982 512 1176 567 obviam
1202 510 1437 565 Domino.
1468 508 1763 578 Symbolum
1788 510 1960 580 regula
1990 508 2129 577 ﬁdei.

626 611 675 664 1.
690 606 866 662 Tertia
891 614 974 658 tua
997 603 1218 673 quasstio
1242 610 1340 667 est,
1372 619 1391 651 ι
1425 601 1610 656 Utrum
1633 599 1810 655 statim
1830 600 1882 653 in
1903 598 2130 653 adventu

571 698 778 754 Domini
791 694 1110 752 credendum
1138 694 1204 748 sit
1219 692 1447 747 futurum
1466 706 1585 746 esse
1592 690 1868 760 judicium,
1884 704 1951 742 an
1964 687 2135 757 spatio

558 786 873 857 interposito
897 785 1169 854 temporis.
1210 782 1266 837 In
1294 784 1442 850 cujus
1463 781 1650 836 diebus
1682 780 1941 834 adventus
1964 821 1978 843 ,
2002 793 2137 848 quo-

558 880 699 934 niam
723 878 968 946 legimus,
994 874 1187 944 inquis,
1215 872 1355 942 quod
1377 872 1466 941 qtti
1488 871 1834 941 superabunt,
1865 868 2139 938 rapientur

470 1006 479 1007 κ
557 969 609 1021 in
634 968 859 1031 nubibus
882 964 1089 1018 obviam
1117 963 1325 1017 Christo
1355 963 1405 1015 in
1434 977 1576 1025 aera,
1608 971 1660 1015 et
1684 961 1761 1015 sic
1786 975 1999 1030 semper
2020 974 2138 1013 cum

561 1059 787 1113 Domino
815 1056 973 1110 futuri
995 1063 1151 1118 sunt;
1182 1068 1340 1106 nosse
1362 1050 1628 1118 desidero,
1652 1060 1829 1105 utrum
1853 1065 1972 1105 mox
1986 1040 2136 1120 judi-

559 1154 701 1207 cium
748 1152 1028 1206 comitetur
1064 1148 1377 1210 adventum;
1406 1154 1459 1200 et
1487 1147 1519 1198 ii
1546 1146 1635 1215 qui
1663 1145 1935 1214 rapientur
1960 1144 2013 1197 in
2036 1159 2136 1197 nu-

560 1243 673 1306 bes,
699 1257 765 1295 an
787 1240 1060 1294 solvantur
1082 1238 1132 1290 in
1155 1245 1381 1290 mortem
1409 1254 1422 1290 :
1448 1235 1547 1289 nisi
1571 1236 1703 1288 torte
1724 1233 1789 1288 ad
1813 1234 1980 1289 vicem
2004 1248 2140 1288 mor-

556 1332 626 1387 tis
648 1335 812 1402 ipsam
840 1330 1261 1384 inmutationem
1285 1328 1571 1382 debeamus
1596 1327 1861 1395 accipere.
1898 1345 1918 1377 ι

625 1426 681 1480 2.
713 1424 844 1478 Huic
871 1422 1268 1492 interrogationi
1308 1429 1442 1485 ture,
1486 1435 1589 1489 qua
1633 1419 1827 1488 qureris
1867 1426 2042 1471 utrum
2082 1416 2134 1471 in

553 1514 787 1570 adventu
816 1508 1027 1567 Domini
1054 1526 1175 1565 mox
1202 1510 1525 1565 credendum
1557 1507 1625 1562 sit
1651 1507 1882 1562 futurum
1910 1522 2029 1561 esse
2045 1506 2134 1575 ju-

556 1605 775 1671 dicium,
809 1615 935 1674 puto
960 1601 1101 1674 quod
1133 1600 1361 1655 sufﬁciat
1383 1600 1512 1653 ﬁdes
1537 1597 1773 1670 Symboli
1796 1639 1810 1663 ,
1842 1612 1942 1666 qua
1966 1595 2137 1651 conli-

555 1692 749 1753 tcmur'
769 1695 1036 1752 Christum
1066 1709 1094 1746 a
1124 1692 1297 1746 Patris
1332 1691 1550 1745 dextera
1578 1704 1697 1744 esse
1736 1696 2021 1743 venturum
2069 1685 2136 1741 ad

550 1792 702 1847 vivos
726 1798 780 1844 et
820 1795 1059 1842 mortuos
1083 1778 1419 1855 judieandos.
1467 1782 1597 1838 Cum
1647 1795 1774 1851 ergo
1818 1781 1930 1849 ipsa
1975 1779 2044 1832 Sit
2087 1776 2137 1833 ei

552 1895 712 1938 causa
748 1878 1029 1943 veniendi,
1058 1875 1184 1946 quid
1211 1874 1353 1929 aliud
1382 1883 1596 1928 acturus
1625 1880 1706 1927 est
1735 1887 1855 1927 mox
1887 1879 1944 1926 ut
1972 1885 2135 1926 vene-

553 1973 643 2038 rit,
685 1971 786 2025 nisi
815 1976 1031 2039 propter
1059 1966 1200 2037 quod
1230 1965 1447 2021 veniet?
1475 1965 1549 2020 De
1580 1964 1685 2019 illis
1711 1972 1901 2019 autem
1925 1963 2013 2033 qui
2051 1978 2136 2017 ra-

553 2064 764 2135 pientur
789 2062 839 2115 in
871 2060 1098 2116 nubibus
1122 2099 1137 2125 ,
1173 2060 1223 2112 in
1254 2057 1476 2129 quadam
1513 2056 1730 2126 cpistola
1760 2070 1917 2125 quam
1946 2054 2135 2123 scripsi

554 2155 622 2209 ad
651 2154 818 2208 ﬁlium
846 2166 1022 2206 meum
1049 2150 1263 2204 nomine
1301 2148 1645 2202 Mercatorem
1675 2147 1693 2178 ί
1716 2188 1729 2211 ,
1762 2146 1946 2217 procul
1974 2144 2135 2200 dubio

555 2244 893 2300 notissimum
917 2241 1085 2307 vobis,
1112 2255 1232 2295 cum
1254 2254 1339 2293 me
1359 2237 1711 2293 consuluisset
1732 2236 1798 2291 de
1818 2234 2137 2302 quibusdam

554 2334 935 2407 qumstionibus
964 2332 1385 2402 Pelagianorum,
1414 2331 1501 2400 qui
1528 2336 1723 2399 negant
1748 2336 1974 2382 mortem
2007 2340 2135 2397 pec-

554 2438 675 2485 cato
725 2442 843 2482 esse
891 2425 1238 2488 retributam,
1293 2430 1555 2493 quatenus
1601 2419 1981 2490 disputaverim
2010 2460 2025 2485 ,
2054 2418 2132 2473 'in

556 2520 781 2577 subditis
813 2519 929 2589 lege
956 2535 970 2571 :
1007 2534 1026 2568 ‹
1063 2515 1138 2569 11ιὶ
1164 2524 1340 2569 autem
1362 2554 1376 2579 ,
1405 2513 1652 2582 inquam,
1684 2510 1750 2564 de
1785 2510 1978 2581 quibus
2003 2507 2136 2562 dixit

554 2609 844 2681 Apostolus
863 2650 877 2674 ,
904 2622 1021 2662 cum
1053 2606 1357 2675 loqueretur
1386 2602 1453 2657 de
1476 2600 1867 2657 resurrectione
1893 2606 2132 2654 mortuo-

554 2718 699 2770 rum,
734 2700 801 2754 Et
828 2715 918 2753 nos
937 2698 1149 2752 viventes
1176 2696 1261 2767 qui
1289 2694 1468 2765 reliqui
1493 2710 1686 2759 sutnus,
1713 2692 1865 2747 simul
1891 2707 2005 2746 cum
2030 2689 2135 2746 illis

553 2794 807 2865 rapientur
826 2792 877 2845 in
906 2790 1117 2844 nubibus
1138 2788 1330 2842 obviam
1353 2786 1551 2842 Christo
1582 2787 1632 2840 in
1659 2774 1817 2852 aera;
1846 2794 1891 2838 et
1917 2785 1987 2837 ita
2006 2800 2137 2839 sem-

555 2902 646 2958 per
671 2901 784 2939 cum
806 2883 1024 2936 Domina
1049 2881 1272 2945 erimus;
1295 2880 1522 2935 ailerttnt
1543 2879 1755 2949 quidem
1777 2877 1971 2949 aliquid
1992 2894 2137 2948 qua:-

556 2975 766 3039 stionis,
804 2973 897 3029 sed
935 2989 1028 3043 per
1057 2989 1117 3028 se
1142 2975 1286 3043 ipsos
1308 2975 1360 3036 ’,
1396 2987 1499 3024 non
1532 2982 1750 3039 propter
1790 2969 1922 3024 istos
1954 2987 1969 3025 :
2010 2984 2135 3024 nam

556 3075 612 3124 et
640 3066 683 3121 si
710 3081 812 3120 non
838 3074 962 3120 sunt
984 3066 1142 3120 etiam
1171 3064 1266 3134 ipsi
1291 3062 1555 3128 morituri,
1585 3061 1711 3131 quid
1735 3062 1864 3116 istos
1888 3061 2137 3131 adj’uvent

557 3158 776 3214 omnino
803 3173 907 3211 non
931 3156 1102 3221 video,
1127 3171 1248 3210 cum
1276 3154 1397 3208 talia
1426 3154 1493 3208 dc
1514 3153 1597 3207 llis
1618 3153 1719 3207 dici
1753 3153 1979 3221 possint,
2009 3167 2136 3222 qna-

556 3249 627 3304 lia
655 3248 722 3303 de
745 3249 844 3302 illis
872 3247 1009 3302 dicta
1038 3254 1161 3300 sunt
1200 3232 1407 3299 duobus
1428 3286 1442 3309 ,
1477 3242 1661 3297 Enoch
1696 3242 1897 3297 scilicet
1921 3251 1974 3297 et
2002 3243 2133 3296 Elia.

555 3339 660 3396 Sed
686 3354 899 3397 revera.
933 3346 1187 3407 quantum
1215 3335 1279 3389 ad
1315 3335 1473 3388 verba
1517 3332 1656 3387 beati
1695 3333 1934 3402 Apostoli
1974 3334 2139 3403 perti-

556 3441 671 3499 net,
714 3430 923 3485 videtur
961 3443 1205 3483 asserere
1242 3426 1497 3496 quosdam
1532 3425 1583 3479 in
1615 3424 1718 3479 ﬁne
1754 3426 1932 3480 saeculi
1974 3426 2136 3481 adve-

557 3523 737 3577 niente
765 3519 1020 3580 Domino.
1062 3533 1185 3571 cum
1214 3515 1386 3568 futura
1426 3523 1509 3569 est
1533 3516 1855 3569 resurrectio
1901 3506 2138 3569 mortuo-

556 3629 696 3675 rum,
728 3627 831 3665 non
861 3624 981 3664 esse
1004 3608 1307 3671 morituros,
1333 3606 1428 3660 sed
1456 3606 1605 3660 vivos
1626 3590 1890 3676 repertos,
1921 3608 1970 3661 in
1995 3607 2138 3661 illam

558 3699 1031 3759 immortalitatem,
1063 3712 1181 3767 qum
1206 3697 1403 3750 sanctis
1432 3697 1593 3751 etiam
1622 3697 1829 3751 cmteris
1854 3696 2026 3762 datur,
2052 3712 2137 3751 re-

558 3801 718 3861 pente
747 3788 1028 3843 mutandos
1054 3827 1069 3853 ,
1100 3796 1154 3841 et
1181 3786 1339 3840 simul
1364 3803 1476 3839 cum
1506 3786 1608 3841 illis
1652 3779 1921 3858 rapiendos
1941 3830 1956 3855 ,
2002 3788 2142 3843 sicut

559 3882 710 3944 dicit,
737 3881 790 3934 in
818 3879 1028 3933 nubibus
1060 3894 1078 3931 :
1106 3894 1204 3933 nec
1242 3878 1438 3948 aliquid
1467 3878 1609 3933 aliud
1639 3880 1767 3934 mihi
1806 3881 1977 3935 visura
2016 3889 2099 3936 est
2122 3921 2137 3947 ,

559 3972 768 4043 quoties
793 3971 859 4025 de
881 3969 963 4024 bis
984 3969 1164 4025 verbis
1192 3970 1332 4024 volui
1355 3969 1606 4040 cogitare.

632 4063 686 4117 5.
731 4079 748 4112 ι
785 4060 890 4116 Sed
916 4060 1107 4115 vellem
1136 4060 1258 4116 hinc
1297 4061 1472 4130 potius
1499 4061 1684 4116 audire
1722 4060 2025 4127 doctiores;
2071 4077 2141 4117 ne

561 4151 668 4207 illis
720 4151 877 4206 etiam
917 4151 1007 4221 qui
1056 4160 1240 4221 putant
1293 4152 1498 4222 aliquos
1538 4160 1709 4207 morte
1770 4167 1875 4207 non
1941 4168 2142 4223 praece-

557 4241 723 4297 dente
747 4241 1042 4296 viviﬁcatos
1066 4283 1081 4309 ,
1128 4240 1193 4296 ad
1232 4242 1394 4296 vitam
1436 4251 1742 4312 perpetuam
1783 4244 2099 4299 transituros
2122 4285 2138 4310 ,

561 4332 742 4388 dicere
771 4333 1069 4388 inveniatur
1094 4333 1379 4402 Apostolus
1411 4349 1426 4388 1
1458 4332 1643 4399 Stulte,
1669 4344 1724 4387 tu
1741 4334 1876 4404 quod
1898 4336 2137 4403 seminus,

559 4439 663 4478 non
688 4424 998 4493 viviﬁcatur,
1028 4424 1127 4477 nisi
1162 4424 1406 4476 moriatur
1433 4423 1473 4476 ⁸.
1499 4423 1631 4498 Nam
1670 4433 1722 4478 et
1762 4424 1886 4479 illud
1913 4426 2054 4495 quod
2087 4427 2141 4481 in

560 4515 828 4587 plerisque
853 4515 1123 4571 codicibus
1153 4515 1364 4585 legitur,
1398 4514 1582 4570 Omnes
1610 4532 1927 4587 resurgentes
1958 4520 1999 4590 (Ι
2022 4519 2139 4575 Cor.

562 4625 652 4679 xv,
677 4610 765 4677 36,
798 4609 913 4680 51),
936 4608 1076 4663 unde
1108 4607 1219 4662 ﬁeri
1244 4608 1458 4677 poterit,
1483 4609 1580 4662 nisi
1605 4624 1791 4663 omnes
1812 4611 2141 4667 moriamur?

562 4700 908 4755 Resurrectio
934 4697 1150 4769 quippe,
1180 4697 1277 4751 nisi
1308 4712 1455 4752 mors
1485 4699 1838 4768 prxcesserit,
1869 4700 2008 4755 nulla
2036 4711 2138 4758 est.

563 4791 630 4846 Et
650 4789 792 4859 quod
820 4788 1058 4843 nonnulli
1097 4787 1307 4843 codices
1333 4788 1550 4853 habent,
1582 4787 1766 4842 Omnes
1796 4791 2102 4847 dormiemus
2122 4834 2137 4860 ,

562 4878 731 4934 multo
760 4877 968 4934 facilius
997 4887 1053 4934 et
1080 4879 1317 4948 apertius
1345 4878 1396 4932 id
1421 4879 1562 4949 cogit
1590 4878 1843 4950 intelligi;
1870 4890 1922 4936 et
1948 4883 1991 4936 si
2016 4883 2140 4952 quid

564 4967 707 5023 aliud
734 4967 838 5022 tale
865 4968 919 5021 in
945 4970 1144 5022 sanctis
1169 4967 1385 5022 Litteris
1413 4969 1709 5035 invenitur,
1751 4969 1816 5024 ad
1844 4971 1894 5025 id
1934 4972 2143 5028 videtur

563 5057 856 5127 impellere,
882 5067 942 5112 ut
962 5058 1136 5112 nullus
1162 5058 1434 5113 hominum
1460 5060 1796 5116 existimetur
1823 5062 2140 5119 immortali-

562 5157 746 5212 tatem,
798 5148 898 5202 nisi
946 5163 1093 5202 mors
1145 5152 1498 5218 praecesserit,
1549 5150 1857 5220 adepturus.
1910 5153 2141 5212 Proinde

563 5238 651 5292 ubt
680 5236 810 5291 dixit
840 5238 1156 5307 Apostolus,
1193 5239 1259 5293 Et
1297 5256 1387 5294 nos
1413 5240 1627 5295 viventes
1652 5245 1739 5312 qui
1764 5245 1943 5315 reliqui
1968 5264 2142 5304 sumus

563 5327 615 5380 in
658 5326 924 5381 adventum
964 5326 1209 5396 Domini,
1250 5344 1351 5384 non
1386 5332 1745 5401 preveniemus
1778 5350 1861 5389 eos
1897 5337 1985 5407 qui
2028 5349 2144 5395 ante

630 5446 648 5517 ξ
667 5445 893 5517 primum.
914 5444 1069 5511 ﬁlium
1269 5455 1593 5517 Mercatorem,
1615 5465 1722 5515 qua
1741 5454 1910 5517 incipit
1926 5470 1945 5507 :
1977 5462 2151 5510 Procul

563 5507 708 5580 dubio
726 5507 1025 5579 notissimum
1046 5509 1192 5580 vobis.
1209 5512 1503 5580 sinceriorcs
1515 5507 1637 5561 sunt'
1645 5520 1751 5580 uss.
1771 5507 1995 5580 plerique
2013 5507 2147 5570 hisce

563 5571 745 5641 verbis,
772 5582 881 5641 qua:
894 5571 1081 5641 incipnt,
1097 5572 1287 5641 interitu
1301 5580 1550 5641 carentes;
1575 5576 1754 5641 quippe
1771 5571 1892 5626 'cum
1915 5571 1979 5641 ἐει
1997 5581 2147 5631 ἱδιοιω

562 5630 656 5692 hoc
677 5630 782 5680 loco
799 5630 1004 5680 laudataa'
1026 5631 1211 5681 initium
1232 5635 1312 5692 sit,
1343 5652 1364 5678 α
1382 5630 1569 5684 Littera:
1590 5630 1863 5688 biliktiouis
1885 5630 1997 5689 tuae.
2024 5658 2045 5685 ι

629 5691 651 5761 ξ
673 5692 749 5761 sic
898 5699 949 5761 tu
975 5693 1331 5761 cdttt,yr0pter_
1347 5708 1397 5743 se
1421 5693 1564 5761 ipsos,

632 5751 811 5825 "editi,
837 5752 969 5825 prius
1008 5751 1256 5804 moriatur.
1288 5751 1449 5819 Abest,"
1483 5756 1636 5819 prius,
1672 5772 1701 5808 a
1723 5766 1826 5812 Mss.
1857 5768 1904 5811 et
1938 5774 1964 5811 a
1989 5775 2148 5825 ξένιεςο

566 5816 707 5863 textu
731 5812 951 5869 AnOStolt'.

1309 301 1395 356 DE
1435 302 1611 356 OCTO
1653 301 1943 357 Dl'LCl'l‘ll
1983 299 2538 373 QU.‘ESTIONIBUS,
2571 306 2628 360 S.
2677 307 3043 365 AUGUSTINI
3372 311 3382 317 ’
3703 314 3792 369 Ηἷο

2252 424 2581 478 dormierunt.
2612 423 2735 493 Ipse
2761 424 2894 479 enim
2926 422 3174 479 Dominus
3197 424 3248 479 in
3263 423 3417 495 jussu
3437 435 3485 479 et
3514 426 3567 480 in
3588 440 3694 482 voce
3721 448 3798 484 ar.

2250 514 2479 584 changeli
2501 554 2516 579 ,
2545 522 2593 567 et
2619 514 2670 567 in
2698 513 2815 567 tuba
2848 513 2943 568 Dei
2965 514 3229 569 descendet
3262 515 3326 581 tle
3365 516 3524 582 calo;
3566 528 3609 571 et
3633 523 3797 574 mortui

2248 602 2301 656 in
2325 601 2523 657 Christo
2551 614 2807 674 resurgant
2847 605 3009 673 printo
3039 605 3055 636 ¹
3085 621 3104 658 :
3131 606 3313 659 deinde
3337 623 3428 661 nos
3460 609 3664 662 viventes
3685 651 3699 676 ,
3722 612 3798 680 qui

2246 693 2427 763 reliqui
2464 710 2657 758 sumus,
2702 695 2855 749 simul
2899 712 3012 748 cum
3056 696 3158 750 illis
3202 698 3460 766 rapientur
3508 700 3559 752 in
3606 701 3795 758 nubibus

2249 784 2442 837 obviam
2467 782 2666 838 Citriqu
2691 784 2743 837 in
2769 799 2921 850 aera;
2949 794 2994 839 et
3020 786 3090 838 ita
3117 802 3312 855 semper
3335 803 3448 839 cum
3475 786 3688 842 Domino
3704 794 3796 843 eri-

2246 892 2355 929 mus
2385 875 2428 946 (l
2462 875 2635 930 Thess.
2678 892 2750 943 tv,
2782 877 3001 948 M-lﬁ);
3034 876 3222 933 veiletn
3248 919 3263 942 ,
3292 879 3429 933 sicut
3456 880 3565 934 dixi
3589 923 3602 945 ,
3631 882 3693 937 de
3722 883 3797 938 his

2247 966 2421 1019 verbis
2442 965 2624 1020 audire
2653 966 2920 1021 doctiores
2951 984 2966 1021 :
2996 976 3051 1022 et
3076 968 3119 1021 si
3147 968 3274 1023 mihi
3301 971 3571 1039 potuerint
3601 971 3705 1026 tunc
3733 973 3799 1027 ita

2245 1057 2434 1125 exponi
2460 1099 2475 1123 ,
2504 1066 2563 1112 ut
2592 1057 2646 1111 in
2675 1058 2752 1111 eis
2781 1059 2948 1127 possit
2986 1058 3203 1128 intelligi
3234 1074 3421 1115 omnes
3462 1061 3693 1116 homines
3715 1064 3795 1133 qui

2243 1146 2445 1211 vivunt,
2476 1147 2560 1203 vel
2610 1157 2729 1217 post
2776 1162 2874 1203 nos
2922 1149 3109 1204 victuri
3159 1160 3304 1215 sunt,
3347 1167 3465 1208 esse
3508 1154 3799 1220 morituros,

2243 1239 2563 1309 corrigerem
2608 1241 2633 1270 ’
2682 1238 2829 1309 quod
2899 1239 3025 1295 hinc
3085 1241 3371 1311 aliquando
3432 1245 3587 1298 aliter
3652 1247 3797 1300 sensi.

2242 1324 2422 1397 Neque
2462 1329 2604 1382 enim
2651 1328 2912 1384 debemus
2958 1344 3078 1385 esse
3118 1330 3375 1387 indociles
3421 1326 3664 1389 duetores
3701 1354 3713 1389 :
3750 1347 3802 1393 et

2242 1428 2388 1474 certe
2426 1420 2615 1474 melius
2655 1421 2817 1475 homo
2852 1422 3137 1492 corrigitur
3173 1437 3368 1492 pravus
3394 1423 3434 1489 ³,
3468 1440 3625 1494 quam
3671 1426 3801 1481 fran-

2241 1508 2383 1579 gitur
2446 1509 2655 1577 durus;
2720 1526 2843 1566 cum
2885 1511 2952 1565 iis
2988 1528 3106 1582 qua:
3161 1514 3481 1581 scribimus,
3524 1516 3592 1569 ita
3641 1526 3800 1572 nostra

2241 1601 2326 1655 vel
2376 1601 2601 1656 aliorum
2655 1610 2970 1658 exerceatur
2998 1612 3051 1659 et
3093 1603 3368 1659 erudiatur
3408 1605 3709 1672 inﬁrmitas,
3754 1618 3804 1662 ut

2245 1700 2419 1746 tamen
2475 1691 2529 1745 in
2580 1691 2660 1747 eis
2701 1692 2846 1748 nulla
2888 1693 3034 1748 velut
3069 1696 3327 1749 canonica
3354 1696 3698 1753 constituatur
3719 1713 3804 1752 au-

2243 1784 2483 1839 ctoritas.

2313 1875 2366 1929 4.
2405 1892 2424 1925 t
2455 1873 2508 1929 Si
2552 1884 2731 1929 autem
2771 1875 2825 1929 in
2850 1863 2952 1934 bis
2989 1876 3166 1932 verbis
3197 1878 3433 1947 Apostoli
3478 1880 3655 1935 nullus
3688 1881 3805 1934 alius

2241 1980 2429 2022 sensus
2453 1967 2648 2036 poterit.
2683 1968 2939 2037 reperiri,
2983 1977 3037 2025 et
3070 1971 3173 2025 hoc
3202 1986 3321 2026 eum
3353 1973 3573 2043 intelligi
3597 1974 3807 2029 voluisse

2242 2057 2524 2126 claruerit,
2553 2059 2695 2128 quod
2734 2059 2979 2115 videntur
3016 2062 3127 2131 ipsa
3154 2064 3315 2119 verba
3341 2065 3606 2133 clamare;
3647 2067 3693 2121 id
3715 2079 3806 2134 est,

2243 2146 2393 2217 quod
2417 2146 2571 2201 futuri
2598 2148 2705 2203 sint
2729 2149 2782 2203 in
2814 2149 2917 2205 ﬁne
2943 2152 3131 2206 saeculi
3151 2161 3205 2208 et
3229 2152 3455 2209 adventu
3480 2155 3702 2224 Domini,
3728 2159 3806 2228 qui

2243 2252 2348 2291 non
2377 2238 2742 2306 exspolicntur
2762 2253 3007 2309 corpore,
3030 2240 3123 2295 sed
3144 2243 3589 2313 superiaduantur
3609 2246 3806 2300 innnor—

2243 2327 2464 2395 tali‘tate,
2497 2337 2554 2382 ttt
2578 2330 2925 2386 absorbeatur
2948 2334 3172 2389 mortale
3208 2350 3239 2389 a
3267 2336 3369 2390 vita
3401 2335 3466 2407 (11
3493 2336 3610 2392 Cor.
3641 2355 3690 2405 v,
3720 2339 3805 2409 4‘):

2244 2417 2369 2473 liuic
2392 2420 2670 2475 sententia:
2697 2422 2880 2490 procul
2910 2421 3071 2477 dubio
3096 2416 3376 2481 conveniet
3404 2428 3541 2497 quod
3571 2429 3621 2482 in
3647 2430 3806 2499 regula

2245 2508 2368 2564 ﬁdei
2415 2511 2766 2578 conﬁtemur,
2805 2523 3084 2569 venturum
3118 2516 3398 2572 Dominum
3420 2559 3435 2583 ,
3472 2519 3808 2588 iudicaturum

2243 2598 2392 2654 vivos
2421 2610 2474 2654 et
2501 2612 2777 2667 mortuos;
2811 2610 2870 2657 ut
2899 2619 3003 2658 non
3046 2605 3132 2661 hic
3173 2607 3529 2678 intelligamus
3569 2611 3710 2665 vivos
3732 2611 3807 2679 ju-

2242 2698 2376 2755 stos,
2406 2700 2646 2746 mortuos
2672 2700 2850 2747 autem
2881 2694 3135 2762 iniustos,
3163 2698 3403 2766 quamvis
3425 2699 3692 2768 jutlicandi
3719 2702 3809 2755 sint

2240 2783 2367 2853 justi
2396 2790 2449 2837 et
2478 2782 2695 2852 injusti;
2728 2784 2823 2839 sed
2853 2785 3000 2839 vivos
3028 2802 3160 2855 quos
3184 2787 3419 2842 nondum
3446 2791 3659 2857 exiisse,
3685 2807 3810 2846 more

2247 2885 2365 2931 tuos
2390 2887 2566 2930 autem
2596 2874 2730 2945 quos
2751 2876 2860 2945 jam
2887 2878 3079 2933 exiisse
3105 2878 3171 2933 de
3195 2881 3538 2950 corporibus,
3571 2882 3810 2939 adventus

2245 2966 2362 3035 ejus
2391 2966 2641 3020 inveniet.
2674 2966 2804 3033 Quae
2840 2967 2882 3021 si
2927 2968 2995 3021 ita
3033 2983 3149 3023 esse
3187 2972 3514 3039 constiterit,
3552 2973 3640 3027 illa
3668 2974 3808 3030 verba

2246 3054 2557 3110 excutienda
2584 3063 2774 3122 erunt,
2812 3057 3078 3126 quomodo
3108 3059 3184 3112 sic
3210 3061 3558 3131 accipiamus,
3596 3062 3669 3116 Tu
3696 3063 3811 3134 quod

2244 3148 2492 3214 seminus,
2526 3164 2625 3200 non
2656 3148 2934 3216 vivi/iculur
2953 3191 2966 3211 ,
2998 3151 3095 3203 nisi
3124 3153 3401 3219 moriatur;
3430 3164 3504 3219 et,
3541 3155 3722 3210 Omnes
3746 3171 3813 3209 re-

2246 3255 2526 3308 surgemus,
2550 3239 2684 3307 sive,
2714 3238 2899 3294 Omnes
2921 3241 3244 3307 dormiemus,
3276 3253 3332 3299 ut
3356 3261 3459 3300 non
3484 3247 3812 3303 adversentur

2249 3329 2371 3383 huic
2397 3324 2816 3401 sententim,qua
2844 3332 3056 3401 quidam
3084 3334 3373 3390 creduntur
3395 3339 3550 3392 etiam
3577 3354 3694 3394 cum
3719 3339 3814 3394 suis

2249 3423 2560 3490 corporibus
2590 3422 2642 3476 in
2673 3430 2930 3476 aeternum
2963 3441 3065 3477 non
3096 3435 3302 3494 gustata
3337 3439 3510 3485 morte
3537 3430 3740 3484 vieturi.

2322 3513 2372 3566 5.
2412 3530 2429 3563 t
2459 3512 2562 3567 Sed
2591 3513 2892 3567 utrumlibet
2922 3514 3109 3567 borum
3138 3517 3376 3571 veracior
3403 3526 3456 3572 et
3483 3514 3815 3589 perspicacior

2249 3603 2549 3658 intellectus
2598 3603 2966 3671 inveniatur‘,
3010 3605 3133 3674 quid
3176 3606 3241 3660 ad
3286 3623 3499 3661 causam
3555 3610 3815 3680 pertinebit

2252 3696 2510 3763 istorum,
2541 3695 2652 3750 sive
2695 3710 2884 3750 omnes
2926 3695 3102 3750 debita
3141 3708 3312 3752 morte
3354 3698 3675 3768 plectantur,
3718 3701 3814 3755 sive

2251 3785 2514 3855 aliquibus
2555 3785 2623 3839 ab
2662 3784 2761 3839 ltac
2786 3785 2806 3816 ³
2835 3785 3136 3840 conditione
3177 3798 3453 3856 parcatur;
3494 3805 3612 3856 cum
3656 3799 3811 3844 tamen
3902 3780 3909 3789 ’

2251 3884 2462 3933 Constet
2490 3891 2594 3930 non
2620 3877 2790 3931 solum
2824 3876 3049 3932 mortem
3079 3877 3290 3943 animm,
3320 3893 3504 3934 verum
3531 3881 3687 3935 etiam
3713 3894 3816 3935 cor-

2254 3967 2397 4037 poris
2425 3973 2722 4020 secuturam
2754 3982 2858 4020 non
2891 3966 3070 4033 fuisse,
3100 3967 3145 4022 si
3176 3976 3450 4036 peccatum
3478 3986 3583 4025 non
3610 3983 3815 4040 prmces-

2253 4060 2443 4123 sisset;
2475 4067 2529 4113 et
2554 4058 2735 4129 gratiae
2764 4058 3087 4113 mi’rabiiiore
3112 4059 3306 4115 virtute
3324 4061 3497 4131 justos
3520 4079 3549 4118 a
3576 4072 3738 4119 morte
3756 4059 3814 4116 ad

2254 4161 2508 4206 aeternam
2551 4147 2929 4204 beatitudinem
2974 4149 3323 4215 reviviscere,
3362 4166 3520 4221 quam
3560 4152 3613 4207 in
3649 4150 3816 4208 mortis

2254 4242 2635 4313 experientiam
2667 4258 2772 4297 non
2800 4242 3019 4298 venire?
3047 4242 3171 4298 Have
3200 4253 3415 4315 propter
3441 4245 3592 4314 illos,
3622 4246 3688 4301 de
3710 4243 3814 4316 qui-

2256 4335 2353 4391 bus
2383 4335 2511 4389 milti
2536 4335 2814 4404 scripsisti,
2847 4336 2987 4391 satis
3006 4335 3145 4391 dicta
3171 4336 3310 4402 sint;
3340 4340 3581 4407 quamvis
3608 4355 3698 4396 eos
3718 4339 3811 4409 jam

2254 4441 2362 4481 non
2392 4426 2687 4481 existimem
2717 4426 2914 4490 dicere,
2946 4426 3102 4480 etiam
3134 4428 3180 4482 si
3209 4441 3315 4483 nea
3346 4440 3618 4499 peccasset
3643 4431 3813 4492 Adam,

2254 4516 2416 4571 fuisse
2440 4516 2524 4571 vel
2547 4530 2769 4586 corpore
2793 4517 3126 4571 moriturum.

2327 4607 2380 4661 6.
2418 4625 2438 4657 ι
2464 4604 2728 4661 Cancrum
2765 4607 2906 4676 quod
2946 4609 3134 4665 attinet
3169 4610 3235 4666 ad
3274 4612 3622 4681 qua'stionem
3656 4623 3815 4666 resur-

2258 4696 2509 4751 rectionis
2529 4736 2542 4759 ,
2572 4705 2789 4766 propter
2818 4696 2938 4752 illos
2967 4699 3057 4768 qui
3086 4700 3375 4755 creduntur
3401 4717 3504 4755 non
3535 4717 3650 4757 esse
3674 4696 3817 4754 mori-

2260 4797 2362 4842 turt
2383 4828 2397 4851 ,
2424 4786 2517 4841 sed
2547 4802 2612 4841 ex
2644 4787 2742 4842 ltac
2772 4788 3092 4844 mortalitate
3129 4790 3194 4844 ad
3237 4791 3679 4847 immortalitatent
3716 4788 3815 4843 sine

2259 4886 2431 4933 morte
2473 4876 2643 4931 media
2693 4876 2999 4945 transituri,
3037 4877 3309 4949 inquisitio
3347 4881 3645 4951 diligentior
3679 4876 3809 4931 adhi-

2261 4967 2432 5023 benda
2466 4977 2579 5031 est;
2612 4973 2667 5021 et
2703 4966 2746 5020 si
2785 4966 2912 5035 quid
2953 4968 3077 5022 hinc
3117 4969 3415 5023 absolutum
3457 4986 3520 5025 ac
3563 4969 3813 5025 deﬁnitum

2262 5057 2614 5126 disputatione
2640 5056 2939 5110 rationabili
2966 5066 3124 5128 atque
3147 5059 3377 5129 perfecta
3403 5062 3489 5115 vel
3516 5059 3717 5122 audisti,
3744 5052 3815 5107 vel

2264 5146 2469 5217 legisti,
2503 5146 2583 5200 vel
2611 5146 2769 5200 etiam
2814 5146 2927 5215 ipse
2962 5147 3133 5202 adhuc
3173 5149 3359 5203 audire
3399 5160 3491 5204 aut
3534 5152 3709 5219 legere
3740 5152 3817 5197 all

2262 5237 2563 5306 excogitare
2593 5238 2824 5306 potueris
2843 5280 2858 5303 ,
2889 5249 3008 5306 peto
3038 5238 3165 5293 milii
3200 5241 3413 5297 mittere
3453 5257 3555 5296 non
3580 5251 3814 5312 graveris-

2266 5327 2380 5398 Ego
2408 5326 2548 5381 enim
2569 5366 2584 5391 ,
2616 5325 2757 5396 quod
2782 5326 3138 5383 conﬁtendum
3168 5337 3255 5385 est
3276 5328 3530 5385 Cbaritati
3561 5339 3687 5397 tum,
3716 5324 3814 5395 μιαί

2330 5560 2346 5592 ¹
2372 5559 2506 5617 Editi,
2532 5554 2692 5621 primi.
2713 5559 2916 5621 senss,
2940 5552 3127 5621 primo;
3145 5551 3467 5621 juxtagrsee”
3486 5546 3666 5621 prot’an.

2329 5624 2350 5655 ί
2373 5605 2573 5669 sie'trt's's.
2594 5625 2649 5667 At
2673 5617 2805 5673 editi,
2833 5605 3073 5678 corrigere
3095 5605 3220 5675 quod
3244 5605 3355 5660 hinc
3371 5605 3643 5672 aliquando.

2331 5682 2354 5714 ³
2376 5682 2709 5745 ΑΙὶιειιυῳιδδΊ
2728 5689 2918 5745 partam.

2333 5750 2354 5774 ι
2378 5739 2599 5805 Nonnulli
2618 5739 2982 5805 Mss.,int:emat.
3009 5800 3018 5805 Δ
3276 5804 3285 5805 7
3321 5802 3355 5805 __
3458 5796 3489 5805 Α

2338 5805 2357 5836 ⁸
2381 5804 2461 5851 ltic
2484 5800 2602 5851 editi
2623 5796 2819 5859 addunt,
2852 5800 3097 5859 ea‘reptts;
3121 5805 3248 5859 quoa
3269 5804 3298 5843 a
3321 5802 3425 5844 Mss.
3451 5796 3602 5840 abest.
