3988 6394
159 391 232 444 161
1525 347 1729 407 LIBER
1766 348 1962 406 UNUS.
2973 426 2980 429 ’
3296 347 3381 404 ,62

157 517 254 557 amo
271 501 455 555 discere
475 508 630 565 quam
652 489 850 545 docere
869 504 880 538 :
899 495 1012 537 nam
1035 479 1136 532 hoc
1155 473 1504 531 admonemur
1523 470 1682 565 etiam

156 601 329 653 dicente
356 561 590 659 apostolo
618 580 820 637 Iacobo
841 619 853 640 ,
882 575 958 630 Sit
987 581 1151 625 autent
1178 567 1340 622 onmis
1370 565 1517 659 homo
1546 561 1690 659 velant

157 652 211 744 ad
245 652 564 742 audiendum,
611 674 790 728 tardus
837 677 995 722 autem
1041 663 1108 716 ad
1154 657 1458 728 loquendum
1491 652 1690 726 (Jacobi

157 800 194 847 ι,
220 778 312 845 19).
342 773 406 829 Ut
432 785 552 838 ergo
577 767 848 821 discamus
869 803 882 826 ,
906 758 1124 812 invitare
1149 769 1247 808 nos
1275 751 1435 806 debet
1459 745 1690 847 suavitas

157 838 388 927 veritatis;
416 872 471 917 ut
495 867 668 913 autem
700 854 1004 913 doceamus,
1036 860 1225 916 cogere
1253 843 1543 898 necessitas
1568 838 1694 893 cha-

161 961 304 1016 ritatis
330 976 341 1009 ε
367 955 448 1009 ubi
476 950 645 1021 potius
673 943 958 1016 optandum
989 949 1070 995 est
1093 940 1108 969 ί
1141 946 1197 990 ιιι
1221 941 1453 989 transeat
1475 931 1573 984 ista
1602 945 1694 984 ne-

160 1051 347 1106 cessitas
373 1060 465 1114 qua
497 1039 765 1095 hominem
797 1035 950 1089 docet
974 1028 1175 1099 aliquid
1207 1027 1400 1090 homo,
1441 1030 1495 1076 et
1528 1022 1693 1075 simus

161 1154 316 1195 omnes
340 1133 576 1190 docibiles
603 1129 696 1183 Dei
718 1130 773 1192 ²;
803 1121 1040 1194 quamvis
1065 1129 1119 1173 et
1143 1118 1243 1171 hoc
1271 1115 1458 1180 simus,
1486 1127 1604 1166 cum
1632 1125 1694 1165 ea

160 1249 258 1304 qua:
293 1229 351 1283 ad
388 1240 557 1281 veram
603 1222 851 1292 pietatem
894 1214 1159 1284 pertinent
1200 1207 1487 1269 discimus,
1537 1203 1694 1302 etiam

161 1291 340 1397 quando
376 1321 452 1374 illa
507 1316 701 1369 docere
745 1308 953 1363 videtur
994 1303 1176 1397 homo.
1223 1299 1370 1397 Quia.
1407 1310 1566 1397 neque
1612 1291 1698 1362 qui

163 1386 330 1490 plantat
356 1420 416 1466 est
456 1405 662 1478 aliquid,
714 1417 871 1472 neque
919 1397 1005 1469 qui
1043 1394 1230 1490 rigot;
1279 1389 1370 1490 sed
1407 1388 1492 1458 qui
1515 1386 1698 1490 .in‘cre-

165 1476 356 1562 utentum
390 1504 464 1556 dat
503 1476 637 1552 Deus
668 1496 708 1566 (1
739 1494 855 1548 Cor.
888 1506 974 1555 ut,
1005 1488 1081 1558 7).
1119 1484 1248 1540 Cum
1279 1483 1457 1550 itaque
1487 1478 1528 1532 si
1561 1476 1698 1530 Deus

166 1603 499 1653 incrementum
531 1607 633 1644 non
675 1588 858 1649 daret,
896 1582 1026 1637 nihil
1065 1585 1248 1635 essent
1277 1573 1515 1646 Apostoli
1546 1572 1699 1641 plan-

167 1701 334 1744 talores
359 1695 407 1741 et
427 1686 708 1754 rigatorcs;
737 1686 934 1747 quanto
962 1671 1129 1742 magis
1149 1684 1247 1739 ego
1271 1667 1354 1721 vel
1381 1675 1456 1729 tu,
1481 1665 1560 1718 vel
1587 1662 1702 1732 qui—

163 1782 269 1835 libet
294 1777 437 1847 hujus
461 1772 708 1842 temporis
736 1768 982 1821 homines
1002 1805 1015 1828 ,
1040 1760 1251 1831 quando
1281 1754 1702 1847 nobisvidcmur

164 1885 259 1924 esse
282 1845 506 1922 doctores
534 1881 551 1913 ι
587 1860 774 1931 (Epist.
808 1856 928 1919 195,
959 1869 1072 1923 cap.
1099 1851 1152 1914 ι,
1184 1866 1236 1902 n.
1261 1845 1463 1915 9-15)?

192 1962 380 2028 QUEST.
409 1955 489 2010 IV.
521 1983 586 1994 --
615 1948 876 2018 Quomodo
909 1946 1166 2015 justorunt
1211 1939 1330 2009 ﬁliis
1374 1937 1424 1990 in
1456 1933 1665 1986 Psalmo

756 2037 1081 2093 benedicitur.

225 2145 267 2196 l.
296 2141 471 2208 Quarta
502 2147 584 2190 tua
624 2131 849 2204 quazstio
877 2136 990 2193 est,
1030 2145 1047 2177 ι
1077 2125 1252 2193 Quare
1287 2118 1477 2175 dixerit
1516 2112 1700 2178 David,

171 2233 326 2286 Potens
374 2232 420 2283 in
471 2240 600 2283 terra
649 2226 741 2278 erit
777 2238 944 2277 semen
996 2219 1131 2289 ejus,
1178 2212 1430 2286 generatio
1458 2217 1707 2263 rectorum

173 2325 439 2378 bettediretur
489 2318 654 2392 (Psal.
712 2331 830 2382 CXI,
859 2313 952 2382 9.);
1003 2325 1124 2364 cum
1171 2308 1399 2361 sciamus
1440 2302 1706 2371 justorum

177 2415 285 2468 ﬁlios
309 2423 355 2468 et
389 2412 538 2465 fuisse
579 2416 633 2462 et
681 2420 802 2461 esse
856 2399 1185 2462 maledictos,
1237 2404 1290 2449 et
1315 2393 1628 2463 injustorum
1657 2397 1710 2444 et

180 2507 312 2560 fuisse
331 2515 375 2557 et
396 2517 503 2558 esse
528 2499 857 2555 benedictos.
887 2514 906 2547 ›

236 2595 284 2647 2.
312 2593 420 2648 lluic
447 2590 721 2662 qrtmstioni
753 2588 819 2641 de
848 2583 1040 2640 Psalmi
1071 2582 1236 2650 ipsius
1263 2576 1591 2646 expositione
1620 2587 1708 2628 re-

189 2685 397 2753 spondeo,
418 2698 563 2753 quem
591 2695 713 2734 cum
744 2678 794 2730 in
827 2675 1018 2744 populo
1044 2680 1321 2726 tractarem
1350 2667 1459 2721 dixi
1485 2682 1497 2718 :
1528 2682 1547 2715 ι
1575 2662 1709 2753 Bea-

194 2752 262 2828 tus
285 2775 392 2828 enim
414 2752 475 2827 vir
497 2773 580 2842 qui
602 2772 738 2823 timet
761 2766 1031 2820 Dominum
1053 2804 1066 2828 ,
1094 2763 1146 2814 in
1172 2757 1422 2813 mandatis
1449 2757 1555 2826 ejus
1582 2752 1713 2806 volet

193 2866 326 2918 nimis.
353 2864 523 2919 Viderit
547 2863 689 2915 Deus
711 2901 726 2924 ,
755 2857 844 2927 qui
874 2856 1019 2909 solus
1047 2863 1099 2907 et
1125 2849 1386 2904 veraciter
1413 2856 1468 2902 et
1503 2843 1711 2898 miseri-

189 2953 376 3008 corditer
405 2953 615 3023 judicat,
649 2956 904 3019 quantum
937 2947 1037 2998 istc
1079 2941 1318 3011 proficiat
1360 2939 1412 2992 in
1451 2935 1711 2990 mandatis

185 3043 294 3112 ejus.
317 3043 550 3110 Quoniam
583 3038 792 3093 tentatio
829 3044 899 3089 est
936 3034 1036 3087 vita
1068 3031 1289 3083 humana
1323 3042 1474 3097 super
1507 3034 1709 3089 terram,

183 3135 293 3188 sicut
313 3143 502 3188 sanctus
521 3132 622 3186 Job
643 3129 774 3183 dicit
795 3124 912 3196 (Job
934 3139 1028 3187 vn,
1053 3121 1129 3192 l).
1154 3119 1220 3173 Et
1247 3119 1436 3172 iterum
1460 3114 1712 3183 scriptum

181 3234 248 3278 cst
270 3243 282 3279 :
306 3224 531 3290 Quoniam
560 3235 743 3289 corpus
769 3213 904 3286 quod
933 3210 1277 3280 corrumpitur
1297 3249 1310 3271 ,
1340 3213 1578 3277 aggravat
1605 3203 1713 3255 ani-

183 3332 316 3382 mant,
339 3326 378 3368 et
412 3313 641 3383 deprimit
669 3321 865 3364 terrena
889 3301 1187 3358 inltabitatio
1213 3315 1410 3352 sensum
1447 3295 1604 3348 multa
1633 3309 1719 3346 co-

180 3409 376 3478 gitantem
403 3409 546 3476 (ϐαρ.
574 3421 650 3467 tx,
688 3401 792 3473 l5).
824 3398 923 3466 Qui
951 3406 1127 3451 autem
1159 3393 1355 3464 judicat
1384 3405 1500 3454 nos,
1534 3387 1717 3478 Domi-

182 3477 262 3553 nus
283 3511 353 3554 est
379 3518 391 3554 :
419 3513 511 3554 nec
547 3504 672 3549 ante
711 3501 921 3560 tempus
955 3486 1194 3556 judicare
1223 3481 1505 3545 debemus,
1548 3477 1719 3532 donec

183 3593 322 3646 Veniat
349 3592 591 3646 Dominus
610 3629 627 3655 ,
656 3597 706 3641 et
736 3583 1000 3638 illuminet
1021 3575 1324 3633 abscondita
1360 3571 1716 3633 tenebrarum,

183 3692 226 3736 et
247 3684 570 3739 manifestahit
597 3677 946 3748 cogitationes
982 3670 1191 3732 cordis;
1231 3675 1285 3721 et
1315 3675 1439 3718 tunc
1475 3664 1589 3716 laus
1618 3661 1722 3716 erit

183 3777 421 3844 unicuique
456 3791 483 3828 a
526 3775 636 3828 Deo
683 3769 733 3841 (l
765 3767 881 3822 Cor.
912 3781 964 3820 tv
985 3805 999 3828 ,
1027 3763 1094 3826 -1,
1129 3758 1219 3831 5).¹
1240 3756 1445 3811 Viderit
1477 3769 1603 3823 ergo
1633 3752 1720 3806 illo

183 3876 397 3933 quantum
439 3868 658 3934 quisque
699 3857 938 3929 proﬁciat
978 3855 1028 3907 iu
1066 3847 1326 3905 mandatis
1355 3846 1471 3913 ejus
1499 3862 1510 3896 :
1543 3852 1719 3897 tamen

183 3959 298 4012 volet
322 3959 464 4012 nimis
499 3957 586 4027 qui
630 3967 814 4022 pacem
855 3948 993 4002 illius
1034 3937 1465 3998 corcdiﬁcationis
1502 3935 1718 3990 adama—

184 4053 320 4117 verit;
346 4069 434 4106 nec
456 4054 562 4120 jam
591 4048 880 4115 deSperare
908 4039 1085 4102 debet,
1114 4033 1361 4105 quoniam
1392 4030 1453 4120 in,
1473 4028 1722 4080 mandatis

187 4143 271 4209 ejus
295 4145 404 4196 volet
432 4119 574 4195 nimis
593 4182 607 4205 ,
640 4149 694 4192 et
725 4150 821 4206 pax
855 4135 905 4186 in
939 4138 1076 4185 terra
1107 4123 1409 4182 hominibus
1445 4119 1597 4174 bona:
1624 4132 1719 4172 ve-

186 4234 364 4291 luntatis
392 4234 533 4306 (Luc.
563 4249 630 4296 ιι,
660 4229 769 4300 id).

243 4328 286 4381 '5.
317 4347 334 4380 ι
366 4327 509 4390 lude,
543 4324 730 4377 Potens
770 4320 825 4372 in
867 4325 999 4370 terra
1035 4313 1127 4366 erit
1169 4325 1335 4365 semen
1374 4309 1500 4378 ejus.
1527 4305 1723 4360 Semen

192 4417 342 4473 futurze
383 4419 599 4482 messis,
644 4428 805 4483 opera
851 4424 970 4466 esse
1014 4402 1392 4460 misericordia:
1437 4399 1723 4468 Apostolus

193 4511 311 4564 testis
335 4520 436 4577 est,
461 4510 545 4578 qui
584 4507 745 4569 dicit,
775 4501 972 4555 Bonum
1002 4507 1166 4551 autem
1207 4494 1442 4565 facientes
1469 4506 1570 4542 non
1599 4488 1726 4556 deﬁ-

193 4600 374 4665 ciamus;
402 4612 614 4668 tempore
637 4597 767 4650 enim
790 4592 994 4664 proprio
1017 4597 1252 4641 metemus
1274 4585 1293 4615 ³
1319 4583 1510 4655 (Galat.
1535 4597 1607 4645 vr,
1630 4579 1683 4651 9)
1707 4596 1721 4633 :

194 4699 233 4741 ct
253 4691 440 4757 iterum,
475 4691 580 4744 Hoc
605 4699 792 4753 autent,
823 4683 1011 4754 inquit,
1038 4680 1120 4751 qui
1146 4693 1292 4748 parce
1317 4675 1546 4738 seminat,
1579 4687 1727 4741 parce

196 4791 228 4831 τι
243 4794 363 4837 metet
389 4784 446 4853 (ll
469 4783 584 4838 Cor.
610 4797 682 4845 rx,
711 4779 788 4848 6).
816 4775 951 4843 Quid
974 4782 1171 4835 autem,
1202 4769 1410 4829 fratres,
1436 4767 1722 4835 potentius,

197 4889 316 4939 quam
345 4885 391 4928 ut
421 4889 637 4944 regnum
670 4870 948 4930 ccelorum,
979 4879 1084 4918 non
1111 4861 1281 4917 solum
1309 4859 1560 4912 Zacltzcus
1587 4864 1727 4911 emat

197 4961 372 5018 dimidio
407 4982 578 5019 rerum
620 4977 832 5016 suarum
871 4957 1166 5029 (Luc.x1x,
1204 4952 1289 5021 8),
1335 4950 1428 5004 scd
1475 4957 1528 5002 et
1570 4947 1725 5000 vidua

198 5052 362 5111 duobus
399 5059 604 5111 minutis
649 5053 837 5127 (Marc.
884 5067 992 5114 xu,
1031 5046 1158 5116 42),
1192 5053 1246 5099 et
1289 5041 1611 5098 tantumdem
1655 5038 1723 5092 ibi

199 5151 377 5214 uterque
401 5145 695 5216 possideat?
723 5141 845 5212 quid
875 5138 1160 5210 patentius,
1194 5149 1351 5204 quam
1384 5140 1438 5185 ut
1469 5132 1604 5185 idem
1637 5144 1723 5183 rc-

197 5248 324 5299 gnum
351 5247 397 5290 et
419 5236 669 5291 thesauris
695 5233 874 5297 diviti,
901 5239 954 5284 ct
979 5228 1144 5284 calice
1173 5240 1322 5294 aqua:
1362 5221 1564 5291 frigida:
1598 5235 1726 5287 pau-

201 5322 290 5387 peri
315 5327 498 5380 valcat?
522 5327 655 5380 Sunt
679 5332 856 5376 autem
886 5320 973 5389 qui
1011 5320 1108 5372 ista
1139 5317 1333 5370 faciant
1360 5313 1486 5369 dum
1515 5319 1724 5366 terrena

202 5417 496 5484 conquirunt,
527 5428 614 5471 aut
648 5417 736 5470 hic
769 5411 1069 5468 mercedem
1104 5415 1378 5478 sperantes
1417 5421 1446 5458 a
1478 5402 1722 5469 Domino,

203 5512 276 5557 aut
308 5506 580 5564 hominibus
620 5510 828 5578 placere
857 5505 1128 5574 cupientes
1161 5520 1173 5555 :
1201 5500 1322 5565 sed,
1358 5495 1622 5552 Generatio
1648 5510 1729 5548 re-

253 5655 265 5687 ¹
287 5657 349 5708 Sic
365 5666 459 5710 Mss.
483 5662 598 5711 aliti
621 5667 805 5717 autem,
827 5657 1062 5708 orandum
1085 5660 1170 5705 est.

250 5718 392 5784 fise...
412 5721 629 5773 docibiics
653 5731 768 5772 Deo.
909 5780 922 5784 _
941 5779 954 5784 _
1219 5775 1230 5784 .
1269 5773 1294 5784 ρ
1331 5773 1342 5784 _

251 5773 714 5836 'Editirenitentibus
867 5779 1060 5838 addunt,
1085 5789 1174 5827 non
1196 5773 1483 5839 deﬁcientes.

1798 472 1992 517 ctorum
2011 460 2353 527 benedicatur;
2380 461 2432 517 id
2451 468 2552 530 est,
2576 475 2734 532 opera
2756 475 2940 517 eorum
2961 475 3184 532 quorum
3206 461 3380 517 bonus

1797 553 1940 608 Deus
1967 551 2156 619 lsrael,
2187 554 2273 623 qui
2299 562 2448 607 recto
2472 561 2596 607 sunt
2615 552 2810 618 corde;
2840 561 3045 608 rectum
3073 564 3250 608 autem
3285 570 3381 608 cor

1796 651 1905 710 est,
1937 658 2041 697 non
2071 644 2320 699 resistere
2348 643 2482 713 patri
2509 643 2847 710 emendanti,
2889 650 2943 698 et
2980 644 3197 698 credere
3228 645 3382 713 polli-

1797 733 1937 789 centi
1974 751 1986 785 :
2025 749 2130 787 non
2175 748 2357 788 eorum
2407 733 2600 804 quibus
2648 741 3048 787 commoventur
3088 733 3284 802 pedes,
3329 743 3380 787 et

1797 826 2140 882 effunduntur
2163 841 2377 896 gressus
2402 834 2560 894 atque
2585 825 2850 889 labuntur,
2877 825 3012 878 sicut
3039 826 3088 878 in
3117 825 3220 879 alio
3246 827 3384 892 psal-

1799 934 1886 974 mo
1913 920 2138 985 eanitur,
2165 919 2290 972 dum
2320 920 2493 972 zelaut
2522 919 2572 972 in
2601 918 2964 988 peccatoribus
2990 933 3173 988 pacem
3201 933 3385 986 pecca-

1802 1018 1976 1064 torum
2003 1009 2265 1074 videntes,
2299 1018 2351 1063 et
2378 1017 2560 1078 putant
2586 1009 2760 1078 perire
2790 1023 2948 1078 opera
2981 1024 3096 1074 sua,
3127 1009 3247 1079 quia
3279 1025 3384 1062 non

1801 1101 1878 1154 eis
1908 1115 2116 1154 merces
2153 1099 2392 1153 redditur
2428 1099 2658 1168 peritura
2699 1097 2863 1168 (Psal.
2893 1114 3068 1163 Lxxtt,
3101 1099 3277 1167 l-M).
3319 1099 3390 1152 At

1803 1193 1900 1246 iste
1929 1193 2010 1246 vir
2036 1193 2122 1262 qui
2153 1193 2300 1247 timet
2327 1192 2640 1256 Dominum,
2669 1199 2722 1245 et
2760 1191 2810 1242 in
2852 1191 3106 1259 templum
3146 1199 3385 1244 sanctmn

1803 1284 1895 1338 Dei
1923 1284 2271 1338 conversione
2297 1283 2427 1337 recti
2458 1282 2632 1336 cordis
2658 1289 2884 1350 aptatur,
2914 1295 3012 1335 nec
3041 1281 3262 1350 gloriam
3293 1281 3390 1334 ho-

1803 1375 2004 1429 minum
2032 1375 2216 1444 quierit
2241 1417 2256 1442 ,
2295 1389 2394 1428 nec
2421 1384 2660 1428 terrenas
2696 1372 2906 1426 divitias
2934 1372 3295 1442 concupiscit;
3337 1380 3391 1426 et

1807 1475 1978 1520 tamen
2002 1507 2014 1529 ,
2045 1465 2220 1519 Gloria
2255 1476 2301 1518 et
2340 1466 2527 1518 dit-ilia:
2563 1466 2614 1518 in
2654 1464 2800 1518 domo
2845 1466 2970 1535 ejus.
3016 1448 3212 1518 Domus
3245 1465 3388 1518 enim

1804 1558 1918 1625 ejus
1947 1571 2040 1609 cor
2072 1555 2187 1624 ejus
2214 1565 2328 1620 est;
2365 1556 2489 1621 ubi,
2524 1555 2633 1608 Deo
2659 1554 2904 1608 laudante
2925 1596 2937 1619 ,
2972 1555 3272 1623 opulentius
3300 1555 3390 1608 ha-

1806 1648 1936 1701 bitat
1960 1663 2080 1701 cum
2107 1662 2200 1717 spe
2228 1648 2347 1700 vitae
2373 1656 2609 1712 celerum,
2640 1662 2818 1716 quam,
2846 1646 3146 1701 hominibus
3171 1647 3386 1701 adulat).

1808 1741 1976 1805 tibus,
2013 1740 2064 1793 in
2095 1740 2430 1793 marmoratis
2460 1741 2816 1808 laqueatisque
2858 1740 3009 1794 tectis
3047 1755 3166 1793 cmn
3201 1740 3392 1795 timore

1808 1831 1994 1884 mortis
2019 1840 2252 1885 atteritur.
2281 1829 2447 1898 llujus
2485 1830 2626 1884 enim
2651 1829 2852 1899 justitia
2882 1838 3046 1881 nianet
3074 1831 3125 1881 in
3150 1830 3392 1883 sa’culum

1807 1924 1978 1976 saeculi
2009 1938 2027 1975 :
2055 1923 2166 1992 ipsa
2209 1922 2323 1992 ejus
2365 1922 2564 1991 gloria,
2612 1922 2739 1991 ipsa!
2777 1921 2995 1976 divitirc.
3038 1921 3179 1976 Illius
3217 1932 3392 1976 autem

1808 2031 2037 2084 purpura
2066 2024 2120 2069 et
2149 2015 2336 2086 byssus
2362 2025 2415 2069 et
2439 2014 2610 2084 epulas
2640 2013 2951 2083 Splendida),
2977 2023 3029 2068 et
3054 2029 3173 2067 cum
3199 2025 3397 2083 przcsto

1809 2117 1967 2174 sunt,
2001 2118 2311 2171 transeunt;
2356 2117 2409 2162 et
2451 2122 2570 2162 cum
2615 2107 2680 2161 ad
2729 2108 2886 2162 ﬁnem
2932 2108 3206 2174 venerint,
3249 2123 3398 2177 aqua:

1810 2210 2009 2271 guttam
2055 2217 2119 2255 ex
2165 2201 2328 2269 digito
2360 2201 2592 2254 stillante
2620 2200 2929 2254 desiderans
2952 2243 2966 2265 ,
2999 2199 3191 2254 ardens
3223 2200 3398 2269 lingua

1812 2293 2058 2347 clamabit
2086 2312 2105 2344 ›
2141 2291 2293 2361 (Luc.
2320 2308 2414 2345 xvr
2433 2333 2448 2358 ,
2480 2290 2690 2363 19-24).
2712 2291 2859 2362 [llaec
2887 2299 3009 2344 sunt
3033 2306 3151 2361 quae
3181 2291 3231 2344 in
3258 2291 3400 2345 dicto

1814 2385 2019 2454 psalmo
2059 2385 2368 2453 exposuisse
2413 2400 2497 2438 me
2538 2383 2756 2438 memini
2791 2383 3000 2455 (Enarr.
3042 2385 3094 2436 in
3135 2382 3279 2436 Psal.
3320 2399 3397 2450 ιιι,

1813 2491 1901 2528 nn.
1929 2474 1983 2539 2,
2013 2474 2099 2542 '5),
2128 2482 2181 2527 et
2205 2473 2270 2527 ad
2297 2474 2604 2543 quaestionis
2632 2482 2734 2526 tuac
2760 2483 2947 2543 quarto
2973 2473 3090 2528 loco
3117 2473 3402 2543 prOposita:

1814 2563 2130 2618 solutionem
2160 2565 2288 2618 satis
2327 2579 2445 2619 esse
2481 2579 2622 2618 nunc
2649 2565 2893 2618 existimo
2918 2563 2978 2635 ι).
3004 2564 3200 2631 Quinto
3221 2573 3398 2618 autem

1814 2655 1932 2708 loco
1972 2655 2023 2707 id
2065 2654 2418 2722 proposuisti,
2466 2655 2605 2708 unde
2643 2663 2762 2722 post
2791 2655 2968 2707 omnia
3012 2654 3400 2724 disputaturum

1815 2762 1900 2801 me
1928 2762 2046 2802 esse
2075 2746 2291 2817 promisi
2323 2746 2420 2816 (a).

1816 2837 2033 2906 Quaas'r.
2082 2836 2166 2891 Vl.
2202 2866 2273 2875 —
2314 2836 2494 2890 Utrum
2537 2836 2747 2891 Samuel
2789 2852 2879 2905 per
2918 2837 3262 2906 pythonissam
3291 2853 3405 2890 vere

1888 2929 2038 2998 fuerit
2060 2928 2121 2981 de
2139 2928 2337 2997 inferno
2377 2935 2626 2980 evocatus.
2652 2927 2907 2980 Samuelis
2931 2931 3060 2997 forte
3080 2927 3402 2997 phantasma,

1890 3036 1990 3073 non
2027 3018 2235 3088 spiritus
2264 3018 2521 3089 apparuit.
2549 3016 2815 3071 Dtemones
2844 3018 3091 3086 quomodo
3121 3018 3287 3071 norint
3321 3022 3408 3088 fu-

1892 3123 2022 3165 tura.

1893 3207 1945 3260 l.
1976 3204 2135 3260 Sexta
2176 3212 2263 3259 tua
2300 3203 2591 3274 propositio
2625 3191 2794 3270 est,°¢
2822 3202 3010 3257 Utrum
3048 3202 3196 3270 juxta
3239 3202 3408 3257 histo-

1821 3297 1954 3350 riam
1979 3296 2100 3350 libri
2123 3297 2424 3364 Regnorum
2453 3293 2760 3365 pythonissa
2783 3294 2952 3362 ipsum
2981 3293 3291 3362 prophetam
3314 3291 3410 3348 Sa-

1821 3389 2050 3442 muelem
2076 3386 2142 3441 de
2163 3386 2366 3440 inferno
2392 3385 2691 3439 evocaverit
2729 3403 2746 3435 ›
2779 3384 2819 3455 (l
2850 3382 2974 3454 Reg.
2999 3399 3193 3448 xxvm,
3226 3383 3408 3455 7-l9).

1892 3478 1945 3532 2.
1978 3479 2088 3532 lloc
2117 3493 2145 3530 a
2174 3493 2260 3532 me
2297 3476 2468 3530 beatas
2507 3475 2780 3530 memorize
2808 3475 3180 3544 Simpliciauus
3208 3475 3411 3530 Medio-

1822 3573 2059 3629 lanensis
2099 3572 2382 3640 episcopus
2422 3569 2706 3637 aliquando
2747 3568 3007 3638 quaesivit.
3041 3568 3175 3636 Quid
3207 3584 3333 3640 ergo
3362 3570 3412 3624 ei

1824 3662 2190 3732 responderim
2218 3663 2238 3693 ⁸
2263 3702 2278 3728 ,
2309 3660 2577 3715 subditum
2623 3661 2778 3730 lege:
2815 3678 2833 3711 ι
2878 3660 3006 3714 ltem
3054 3660 3276 3729 quzuris,
3329 3661 3413 3714 in-

1823 3771 2015 3826 quam,
2045 3762 2221 3808 utrum
2260 3754 2477 3822 spiritus
2516 3752 2820 3806 immundus
2854 3753 2943 3821 qui
2981 3764 3094 3806 erat
3133 3753 3182 3805 in
3220 3751 3414 3823 pytho-

1826 3849 1998 3914 nissa,
2031 3847 2262 3917 potuerit
2289 3859 2445 3915 agere
2479 3855 2536 3898 ut
2561 3844 2776 3899 Samuel
2809 3859 2838 3897 a
2869 3843 3027 3899 Saﬁle
3063 3843 3332 3898 videretur
3361 3853 3417 3899 et

1826 3941 2130 4009 loqueretur
2169 3955 2289 3993 cum
2331 3953 2414 3992 eo.
2459 3936 2564 3991 Sed
2605 3937 2768 3991 multo
2798 3937 3018 4006 majoris
3054 3938 3291 3992 miraculi
3333 3945 3414 3991 cst

1826 4031 1966 4101 quod
2015 4031 2126 4100 ipse
2170 4039 2381 4084 satanas
2437 4029 2685 4097 princeps
2732 4029 2968 4083 omnium
3021 4028 3418 4083 immundorum

1827 4124 2106 4192 spirituum
2140 4122 2306 4191 potuit
2340 4121 2483 4189 loqui
2506 4137 2624 4175 cum
2651 4123 2778 4182 Deo,
2808 4129 2861 4174 et
2892 4129 3075 4190 petere
3102 4123 3414 4176 tentandum

1826 4212 1928 4267 Job
1953 4212 2302 4282 justissimum
2331 4213 2500 4264 virum
2533 4210 2650 4279 (Job
2679 4227 2715 4276 ι,
2745 4210 2831 4281 11)
2862 4229 2874 4263 :
2900 4212 2988 4280 qui
3017 4213 3176 4266 etiam
3207 4222 3417 4267 tentan-

1827 4303 1925 4358 dns
1953 4301 2236 4371 Apostolos
2268 4301 2409 4368 petiit
2442 4299 2590 4371 (Luc.
2623 4316 2756 4365 χχιι,
2787 4301 2899 4370 51).
2938 4302 3043 4355 Αιιι
3084 4303 3128 4355 si
3169 4302 3271 4356 hoc
3309 4318 3414 4358 non

1829 4397 1949 4451 ideo
1981 4395 2138 4448 habet
2168 4392 2434 4447 difﬁcilem
2462 4392 2836 4462 qumstionem,
2867 4393 2986 4462 quia
3017 4409 3110 4462 per
3136 4409 3292 4463 quam
3323 4411 3419 4450 vo-

1829 4488 1986 4542 luerit
2011 4495 2304 4542 crcaturam
2326 4525 2340 4549 ,
2367 4481 2450 4538 eui
2482 4484 2706 4539 voluerit
2733 4492 3012 4551 creaturae,
3043 4485 3240 4554 ubique
3273 4502 3414 4554 prte-

1830 4593 1954 4632 sens
1985 4579 2179 4631 veritas
2210 4577 2462 4647 loquitur,
2495 4592 2592 4630 nec
2621 4585 2895 4645 propterea
2931 4577 3103 4644 magni
3131 4577 3304 4630 meriti
3333 4587 3415 4632 est

1831 4669 1914 4722 cui
1945 4669 2176 4737 loquitur
2199 4669 2338 4722 Deus
2369 4686 2381 4722 :
2414 4669 2634 4722 interest
2663 4667 2802 4721 enim
2833 4667 2957 4735 quid
2986 4667 3264 4736 loquatur;
3293 4670 3415 4738 quia

1830 4772 1883 4817 ct
1914 4763 2200 4832 imperator
2234 4777 2351 4815 cum
2394 4761 2574 4814 multis
2616 4759 2985 4814 innocentibus
3016 4775 3120 4814 non
3165 4761 3413 4830 loquitur,

1831 4854 2020 4923 quibus
2048 4851 2506 4922 providentissime
2535 4849 2763 4905 consulit
2797 4849 2863 4903 ad
2902 4835 3166 4915 salutem;
3206 4860 3261 4904 et
3297 4868 3416 4904 cum

1831 4948 2010 5002 multis
2052 4944 2362 5000 nocentibus
2405 4943 2666 5012 loquitur,
2707 4957 2842 5013 quos
2878 4943 3030 5012 jubet
3074 4943 3294 4997 interﬁci
3329 4961 3340 4995 :
3374 4943 3417 4996 si

1787 5096 1792 5101 ,
1831 5054 1958 5107 ergo
1987 5039 2106 5091 hinc
2134 5044 2412 5106 pr0pterea
2435 5033 2578 5087 nulla
2604 5034 2827 5103 quaestio
2859 5045 2972 5098 est;
3003 5034 3146 5086 nulla
3173 5032 3243 5086 sit
3268 5048 3418 5102 quae-

1831 5129 1936 5184 stio
1964 5126 2232 5196 quomodo
2272 5124 2432 5179 etiam
2482 5123 2782 5177 immundus
2825 5123 3041 5192 spiritus
3079 5138 3198 5176 eum
3240 5124 3416 5177 anima

1831 5218 1999 5272 sancti
2025 5217 2124 5270 viri
2151 5217 2291 5284 loqui
2319 5215 2564 5284 potuerit.
2598 5213 2853 5267 Omnibus
2879 5213 3021 5268 enim
3051 5213 3248 5267 sanctis
3279 5214 3419 5268 Deus

1831 5320 2041 5364 creator
2071 5316 2124 5362 et
2152 5307 2507 5362 sanctiﬁcator
2534 5306 2688 5374 longe
2722 5304 2902 5373 utique
2939 5304 3107 5374 major
3133 5313 3231 5358 est.
3264 5304 3416 5371 Quod

1834 5402 1877 5457 si
1906 5401 2008 5457 hoc
2037 5409 2248 5467 movet,
2275 5399 2416 5470 quod
2447 5400 2650 5453 licuerit
2680 5397 2911 5465 maligno
2940 5395 3142 5464 spiritui
3183 5396 3418 5450 excitare

1834 5495 2064 5548 animam
2090 5491 2252 5562 justi,
2282 5501 2334 5546 et
2367 5501 2611 5561 tanquam
2643 5489 2709 5543 de
2738 5487 2931 5542 abditis
2964 5493 3291 5539 mortuorum
3326 5502 3414 5540 re-

1899 5651 1914 5714 ξ
1941 5655 2053 5706 οδω
2070 5643 2250 5714 ansulis
2271 5644 2757 5714 hicodistinguuntur,
2783 5639 2959 5686 absunt
2998 5647 3026 5683 a
3068 5633 3285 5694 quinque
3307 5640 3414 5683 Mss.

1897 5711 1918 5740 ³
1940 5715 2068 5766 Mss,
2093 5711 2440 5767 rescripserim.

1898 5754 2461 5833 (affi‘idequaistionom
2492 5770 2526 5811 V
2552 5761 2688 5820 infra,
2711 5757 2804 5808 col.
2832 5754 2939 5818 168,
2959 5758 3222 5807 tractatam.
3277 5759 3334 5800 tu.
