3996 6282
587 269 687 326 1ϋὸ

541 351 871 452 Ἵοοριτιειιιὶε
896 381 1153 443 evocare;
1194 387 1372 430 nonne
1396 372 1562 446 magis
1589 372 1889 430 mirandum
1916 378 1997 425 est
2023 367 2165 444 quod

569 478 795 534 lsatauas
817 470 987 539 ipsum
1011 466 1291 524 Dominum
1316 465 1604 533 assumpsit
1628 473 1680 518 et
1706 461 1982 524 constituit
2007 476 2169 534 super

583 564 800 634 pinnam
831 561 1012 630 templi
1057 559 1265 631 (Matth.
1294 574 1376 622 tv,
1413 557 1509 627 5)?
1544 555 1792 622 Quolibet
1827 555 1968 610 enim
2009 552 2170 610 modo

585 654 801 719 fecerit,
845 654 932 706 ille
958 653 1115 706 etiam
1144 650 1332 706 modus
1361 663 1466 720 quo
1493 647 1725 704 Samueli
1758 646 1954 702 factum
1987 653 2073 710 est
2114 652 2171 714 ut

588 746 909 811 excitaretur
930 785 942 808 ,
974 743 1218 797 similiter
1246 743 1392 795 latet.
1423 741 1532 794 Nisi
1561 739 1695 794 forte
1720 738 1838 808 quis
1867 736 2068 792 dixerit
2094 736 2172 794 fa,-

590 837 829 890 ciliorcm
859 834 1070 889 diabolo
1098 832 1260 888 fuisse
1284 831 1550 886 licentiam
1577 829 1641 884 ad
1672 828 1952 902 Dominum
1987 827 2168 882 vivum

590 928 731 982 unde
766 925 930 979 voluit
970 922 1379 988 assumendum,
1421 930 1473 974 et
1512 919 1600 974 ubi
1639 918 1806 973 voluit
1840 915 2169 972 constituen-

589 1020 752 1086 dum,
781 1032 940 1087 quam
971 1015 1034 1070 ad
1061 1013 1321 1069 Samuelis
1348 1010 1576 1065 defuncti
1609 1009 1849 1080 spiritum
1881 1022 1911 1060 a
1945 1006 2058 1062 suis
2083 1020 2170 1060 se-

589 1109 746 1164 dibus
767 1105 1124 1164 excitandum.
1149 1102 1300 1169 Quod
1325 1102 1370 1156 si
1396 1101 1523 1156 illud
1547 1102 1599 1155 in
1623 1100 1909 1170 Evangelio
1933 1115 2027 1154 nos
2051 1097 2172 1158 ideo

591 1214 697 1255 non
737 1198 1035 1270 perturbat,
1068 1196 1186 1270 quia
1232 1194 1485 1249 Dominus
1527 1193 1693 1248 voluit
1737 1201 1895 1262 atque
1935 1191 2175 1262 permisit

590 1293 732 1346 nulla
759 1288 1110 1344 diminutione
1137 1303 1244 1343 sua:
1270 1287 1545 1356 potestatis
1568 1294 1624 1340 et
1639 1284 1932 1344 divinitatis
1951 1283 2003 1338 id
2026 1282 2170 1347 ﬁeri;

591 1383 726 1438 sicut
753 1381 822 1436 ab
849 1381 977 1451 ipsis
1005 1379 1225 1446 Juda‘is,
1253 1393 1552 1449 quanquam
1582 1376 1848 1447 perversis
1883 1383 2040 1450 atque
2073 1375 2174 1428 im-

589 1475 803 1532 mundis
831 1484 886 1529 et
913 1474 1048 1529 facta
1075 1473 1268 1528 diaboli
1310 1471 1656 1538 faeiemibus,
1685 1477 1739 1525 et
1778 1467 1947 1523 teneri
1987 1482 2077 1534 se,
2120 1476 2176 1522 et

589 1569 800 1634 vinciri,
825 1576 879 1622 et
899 1566 1068 1634 illudi,
1091 1575 1144 1620 et
1165 1563 1400 1634 cruciﬁgi
1421 1571 1577 1632 atque
1601 1561 1823 1616 interfici
1852 1573 2038 1628 passus
2057 1566 2170 1612 est:

591 1676 696 1715 non
743 1669 825 1714 est
867 1656 1154 1712 absurdum
1199 1654 1419 1709 credere
1461 1668 1527 1708 ex
1564 1652 1738 1720 aliqua
1780 1648 2175 1719 dispensatione

590 1751 784 1808 divina:
825 1746 1110 1802 voluntatis
1149 1745 1467 1815 permissum
1505 1741 1695 1806 fuisse,
1739 1751 1796 1795 ut
1835 1755 1939 1795 non
1981 1739 2176 1794 invitus

591 1858 691 1899 nec
716 1841 1025 1896 dominante
1051 1849 1208 1908 atque
1235 1836 1550 1910 subjugante
1576 1833 1777 1902 magica
1804 1833 2056 1902 potentia,
2080 1829 2175 1885 scd

590 1934 778 1988 volens
815 1939 972 2001 atque
998 1930 1374 1999 obtemperans
1403 1925 1624 1984 occulta:
1651 1921 2030 1992 dispensationi
2059 1920 2171 1987 Dei,

593 2043 712 2099 qua:
739 2034 790 2081 et
818 2023 1180 2096 pythonissam
1210 2021 1352 2076 illam
1377 2028 1431 2074 et
1453 2017 1667 2086 Stiulem
1693 2014 1921 2080 latebat,
1945 2028 2176 2068 consenc

595 2117 718 2172 tiret
747 2116 962 2188 spiritus
1001 2113 1280 2185 Propheta:
1321 2110 1490 2167 sancti
1532 2124 1592 2164 se
1629 2106 1836 2163 ostendi
1873 2103 2176 2175 aspectibus

593 2209 770 2280 regis,
797 2206 973 2262 divina
1015 2219 1135 2261 eum
1179 2203 1440 2262 sententia
1478 2212 1847 2270 percussurus.
1888 2196 1994 2252 Cur
2032 2197 2174 2252 enim

592 2300 769 2354 anima
797 2297 920 2353 boni
949 2296 1180 2352 hominis
1200 2336 1214 2361 ,
1243 2308 1274 2350 a
1299 2293 1454 2348 malis
1480 2291 1614 2347 vivis
1639 2297 1855 2345 evocata
1883 2288 1928 2344 si
1948 2286 2172 2351 venerit,

591 2391 839 2460 amittere
867 2387 1107 2446 videatur
1135 2385 1441 2456 dignitatem
1471 2397 1657 2448 suam;
1688 2395 1808 2434 cum
1845 2387 1899 2434 et
1929 2379 2030 2432 vivi
2059 2377 2171 2447 ple-

592 2497 816 2552 rumque
852 2479 976 2534 boni
1015 2477 1184 2531 vocati
1211 2476 1276 2531 ad
1303 2475 1469 2538 malos
1494 2471 1740 2537 veniant,
1774 2477 1829 2525 et
1865 2477 2023 2539 agant
2052 2481 2172 2521 cum

591 2577 672 2632 eis
713 2573 854 2645 quod
892 2571 1125 2628 ofﬁcium
1167 2569 1400 2639 postulat
1435 2565 1732 2636 aequitatis,
1773 2571 1984 2620 servato
2017 2568 2175 2630 atque

591 2670 908 2723 inconcusso
933 2665 1127 2719 decore
1151 2663 1359 2716 virtutis
1379 2676 1522 2724 suae,
1562 2668 1617 2713 et
1650 2658 1860 2729 illorum
1895 2656 2036 2709 vitiis
2074 2668 2172 2724 pro

588 2774 766 2813 rerum
793 2755 1132 2828 praesentium
1167 2753 1249 2807 vel
1290 2767 1387 2807 usu
1420 2750 1506 2806 vel
1539 2749 1854 2828 necessitate
1894 2746 2175 2802 tractatis?

659 2851 712 2908 ’5.
749 2867 768 2900 ι
794 2826 1107 2916 Quanquam
1138 2846 1190 2899 in
1225 2844 1327 2898 hoc
1363 2842 1501 2897 facto
1531 2826 1706 2910 potest
1736 2853 1855 2894 esse
1883 2838 2018 2894 alius
2042 2836 2172 2892 faei-

589 2941 692 2995 lior
720 2939 894 2994 exitus
922 2947 976 2992 et
1001 2934 1296 3006 expeditior
1321 2933 1624 2988 intellectus
1643 2971 1658 2997 ,
1689 2938 1747 2984 ut
1775 2945 1881 2984 non
1910 2942 2036 2984 vere
2065 2927 2175 2996 Spi-

589 3033 749 3087 ritum
772 3029 1034 3085 Samuelis
1058 3027 1344 3082 excitatum
1371 3040 1402 3078 a
1427 3023 1609 3092 requie
1635 3037 1728 3076 sua
1751 3019 2051 3085 credamus,
2079 3019 2173 3074 sed

589 3121 804 3193 aliquod
833 3120 1164 3192 phantasma,
1184 3125 1241 3172 et
1267 3113 1629 3185 imaginariam
1657 3112 1953 3167 illusionem
1975 3110 2172 3176 diaboli

590 3210 1071 3270 machinationibus
1113 3208 1341 3272 factam,
1381 3219 1539 3279 quam
1583 3212 1859 3276 propterea
1899 3200 2170 3272 Scriptura

588 3304 807 3368 nomine
831 3299 1094 3356 Samuelis
1133 3296 1391 3367 appellat,
1423 3293 1544 3365 quia
1574 3293 1749 3348 solent
1786 3293 2042 3362 imagines
2079 3307 2172 3348 re-

588 3413 707 3460 rum
746 3409 946 3455 earum.
975 3390 1278 3447 nominibus
1319 3386 1607 3458 appellari,
1647 3400 1871 3460 quarum
1913 3385 2172 3458 imagines

589 3497 733 3552 sunt.
764 3487 912 3542 Sicut
939 3483 1113 3550 omnia
1142 3497 1260 3553 quae
1301 3481 1587 3552 pinguntur
1614 3487 1772 3549 atque
1811 3478 2078 3549 ﬁnguntur
2104 3493 2170 3542 ex

587 3580 762 3650 aliqua
787 3577 1012 3632 materie
1039 3575 1240 3631 metalli
1267 3581 1357 3628 aut
1381 3572 1530 3645 ligni,
1553 3571 1639 3626 vel
1660 3571 1915 3640 cujusque
1936 3571 2013 3628 rei
2032 3578 2171 3640 apta:

587 3671 655 3725 ad
680 3684 842 3740 opera
871 3666 1172 3738 hujusmodi
1190 3707 1204 3732 ,
1233 3679 1456 3736 qumque
1483 3663 1641 3719 etiam
1671 3663 1915 3728 videntur
1944 3663 1996 3717 in
2021 3677 2166 3718 som-

588 3762 706 3829 nis,
745 3768 800 3815 et
836 3773 1023 3814 omnes
1058 3757 1168 3812 fere
1208 3757 1498 3828 imagines,
1530 3770 1711 3811 carum
1739 3767 2167 3825 rerum'quarum

588 3854 844 3927 imagines
874 3862 1034 3920 sunt,
1063 3850 1318 3920 appellari
1360 3848 1666 3903 nominibus
1703 3847 1897 3902 solent.
1929 3846 2059 3914 Quis
2088 3856 2171 3901 est

582 3945 730 4000 enim
761 3944 848 4015 qui
877 3942 1144 3999 hominem
1183 3941 1380 4010 pictum
1409 3939 1615 3994 dubitet
1641 3951 1834 3992 vocare
1862 3936 2170 3996 hominem?

587 4035 1022 4108 Quandoquidem
1066 4042 1121 4090 et
1161 4031 1488 4103 singulorum
1530 4043 1865 4100 .quorumque
1906 4027 2167 4097 picturam

587 4145 710 4185 cum
735 4128 1021 4201 aspicimus
1039 4167 1054 4194 ,
1085 4123 1299 4196 propria
1328 4135 1537 4192 quoque
1563 4119 1777 4183 nomina
1801 4119 2170 4174 incunctanter

585 4220 898 4276 adhibemus
929 4234 944 4272 :
975 4217 1122 4273 velut
1154 4230 1275 4270 cum
1316 4215 1583 4268 intuentes
1619 4210 1848 4266 tabulam
1877 4216 1968 4266 aut
1995 4209 2171 4280 parie-

587 4320 726 4374 tem,
774 4309 999 4364 dicimus
1022 4347 1038 4373 ,
1068 4305 1161 4359 Ille
1200 4304 1386 4358 Cicero
1427 4311 1546 4366 est,
1593 4301 1678 4356 ille
1717 4298 2030 4367 Sallustius,
2078 4299 2169 4356 ille

587 4401 842 4462 Achilles,
873 4398 960 4451 ille
989 4396 1205 4460 Hector,
1234 4393 1336 4447 hoc
1365 4392 1564 4446 ﬁumen
1590 4390 1804 4456 Simois,
1844 4391 1934 4445 illa
1964 4391 2164 4456 Roma;

585 4511 704 4550 cum
735 4491 876 4547 aliud
907 4489 1032 4543 nihil
1060 4488 1167 4540 sint
1189 4502 1346 4555 quam
1377 4485 1530 4555 picta:
1557 4482 1832 4553 imagines.
1859 4483 2011 4540 Unde
2033 4483 2169 4539 Che-

586 4585 758 4640 rubim
788 4598 909 4636 cum
949 4581 1056 4636 sint
1093 4577 1338 4633 coelestes
1376 4583 1696 4645 potestates,
1732 4572 1851 4628 ﬁcta
1889 4583 2064 4631 tamen
2101 4590 2166 4632 ex

588 4677 804 4732 metallo
825 4717 839 4740 ,
871 4673 1010 4743 quod
1054 4669 1330 4739 imperavit
1371 4669 1539 4736 Deus,
1572 4683 1732 4738 super
1765 4683 1940 4722 arcam
1977 4668 2165 4722 Testa--

587 4767 774 4831 menti,
799 4779 1002 4835 magna:
1027 4763 1104 4817 rei
1127 4759 1483 4831 significanda:
1505 4759 1693 4830 gratia,
1719 4775 1826 4814 non
1849 4757 1987 4812 aliud
2008 4773 2164 4826 quam

587 4859 872 4915 Cheruhim
895 4857 978 4910 illa
1001 4869 1206 4924 quoque
1232 4853 1477 4922 ﬁgmenta
1498 4851 1794 4906 vocitantur
1820 4849 2012 4919 (Exod.
2038 4864 2162 4910 xxv,

589 4950 703 5014 18).
736 4949 864 5002 ltem
895 4944 1132 5017 quisquis
1174 4944 1317 5000 videt
1358 4943 1658 5008 somnium,
1698 4957 1807 4996 non
1851 4937 2004 5001 dicit,
2050 4938 2163 4993 \‘idi

588 5040 873 5110 imaginem
908 5036 1183 5108 Augustini
1217 5043 1308 5090 aut
1346 5034 1704 5106 Simpliciani;
1746 5031 1873 5096 sed,
1908 5029 2024 5084 Vidi
2053 5029 2165 5084 Au-

585 5132 851 5204 gustinum
877 5136 968 5186 aut
985 5128 1382 5199 Simpliciauum
1409 5145 1421 5178 ε
1448 5141 1568 5181 cum
1590 5139 1654 5180 eo
1677 5133 1913 5191 tempore
1933 5136 2037 5190 quo
2060 5121 2164 5176 tale

583 5222 780 5294 aliquid
827 5221 989 5287 vidit,
1027 5234 1130 5276 nos
1175 5220 1578 5292 ignoraremus;
1609 5229 1777 5285 usque
1813 5213 1946 5270 adeo
1987 5213 2162 5268 mani-

583 5316 774 5370 festmn
803 5322 884 5367 est
903 5354 916 5378 ,
943 5327 1051 5368 non
1077 5312 1220 5383 ipsos
1247 5311 1489 5366 homines
1509 5351 1524 5375 ,
1554 5308 1647 5363 sed
1687 5308 1940 5380 imagines
1977 5321 2162 5364 eorum

583 5405 774 5462 videri.
803 5405 866 5458 Et
892 5403 1100 5458 Pharao
1128 5404 1302 5472 spicas
1329 5417 1387 5456 se
1421 5401 1555 5455 dixit
1577 5398 1774 5454 vidisse
1799 5399 1852 5453 in
1881 5399 2082 5453 somnis
2111 5406 2164 5452 et

584 5496 747 5550 boves
795 5493 945 5566 (Gen.
985 5509 1104 5558 xu,
1150 5490 1369 5564 17-24),
1416 5505 1525 5546 non
1566 5490 1827 5560 spicarum
1872 5498 1964 5544 aut
2001 5490 2161 5545 boum

583 5589 859 5657 imagines.
889 5586 946 5640 Si
973 5587 1130 5655 igitur
1157 5583 1356 5652 liquido
1393 5592 1601 5639 constat
1640 5583 1943 5638 nominibus
1977 5593 2161 5637 earum

585 5693 760 5738 rerum
794 5693 1017 5747 quarum
1054 5676 1311 5747 imagines
1347 5684 1501 5744 sunt,
1528 5675 1738 5734 easdem
1776 5677 2033 5747 imagines
2062 5693 2162 5747 ap-

1349 258 1438 312 DE
1475 255 1651 312 OCTO
1693 251 1982 311 DULCITll
2019 249 2556 322 QU/ESTIONIBUS,
2589 256 2643 311 S.
2693 256 3062 316 AUGUSTINI
3762 272 3846 332 iiii

2275 369 2496 440 pellari;
2538 387 2643 428 non
2673 376 2864 433 mirum
2897 386 2978 433 est
3003 378 3143 448 quod
3173 379 3441 451 Scriptura
3475 384 3617 442 dicit
3648 384 3848 447 Samue-

2272 460 2377 526 lcm
2409 461 2610 530 visum,
2660 466 2865 522 etiamsi
2911 469 3045 525 forte
3084 471 3256 542 imago
3293 473 3561 531 Samuelis
3601 483 3844 550 apparuit,

2273 554 2702 618 machinamento
2743 560 2857 630 ejus
2895 563 2986 640 qui
3025 563 3361 635 transﬁgurat
3403 584 3459 624 se
3503 571 3662 625 velut
3703 589 3845 643 ange-

2274 648 2386 704 lum
2415 649 2575 715 lucis,
2609 662 2662 707 ct
2689 653 2960 712 ministros
2989 671 3116 712 suos
3155 658 3302 722 velut
3336 661 3618 717 ministros
3651 662 3846 733 iustitia:

2271 739 2343 810 (ΙΙ
2370 740 2488 798 Cor.
2518 759 2590 806 xt,
2625 745 2708 808 14,
2741 745 2848 815 15).

2344 832 2398 888 4.
2430 851 2452 884 .‹
2484 833 2729 890 Jamvero
2759 835 2803 890 si
2835 835 2960 891 illud
2993 847 3186 904 movet,
3220 841 3486 910 quomodo
3538 852 3597 898 et
3627 861 3659 898 a
3713 847 3844 902 mali-

2273 937 2379 992 gno
2417 924 2602 992 spiritu
2633 923 2778 981 Saiili
2809 942 2930 980 vera
2975 929 3224 998 praedicta
3251 942 3410 998 sunt;
3449 942 3634 1004 potest
3661 945 3714 990 et
3742 937 3847 994 illud

2275 1013 2466 1074 mirum
2484 1014 2670 1080 videri,
2724 1005 2992 1086 quomodo
3042 1019 3312 1076 daemones
3356 1025 3682 1092 agnoverint
3706 1027 3845 1082 Chri-

2275 1111 2414 1160 stum
2448 1105 2468 1176 (
2495 1103 2678 1159 Matth.
2720 1123 2831 1171 vin,
2857 1106 2928 1162 29
2961 1108 3000 1180 ),
3028 1125 3186 1179 quem
3230 1111 3396 1167 Judzei
3445 1130 3555 1170 non
3600 1132 3844 1188 agnosce-

2274 1190 2420 1245 bant.
2449 1193 2578 1248 Cum
2600 1195 2741 1252 enim
2764 1197 2874 1250 vult
2902 1198 3041 1253 Deus
3061 1199 3218 1254 etiam
3235 1216 3326 1270 per
3347 1202 3564 1259 inﬁmos
3596 1205 3846 1263 infernos-

2278 1299 2378 1353 que
2399 1285 2615 1354 spiritus
2636 1288 2861 1358 aliquem
2880 1306 3002 1346 vera
3021 1307 3363 1363 cognoscere,
3389 1299 3712 1366 temporalia
3730 1301 3846 1358 dun-

2278 1384 2421 1430 taxat
2448 1387 2606 1448 atque
2630 1379 2694 1434 ad
2742 1381 2892 1435 istam
2920 1384 3292 1440 mortalitatem
3337 1387 3689 1457 pertinentia,
3715 1391 3846 1448 facile

2278 1477 2378 1536 est,
2408 1477 2460 1524 et
2499 1484 2603 1523 non
2656 1471 3029 1544 incongruum,
3065 1487 3122 1529 ut
3149 1477 3486 1547 omnipotens
3514 1487 3575 1534 et
3600 1481 3770 1551 justus
3793 1487 3844 1540 ad

2278 1575 2462 1616 eorum
2512 1578 2744 1630 pmuam,
2783 1565 2975 1636 quibus
3011 1567 3107 1623 ista
3151 1569 3534 1638 prmdicuntur,
3570 1583 3631 1628 ut
3670 1577 3842 1632 malum

2278 1653 2418 1723 quod
2473 1654 2550 1710 eis
2597 1656 2889 1727 impendet,
2947 1668 3228 1730 antequam
3259 1664 3429 1717 veniat
3473 1669 3841 1732 praenoscendo

2279 1748 2582 1815 patiantur,
2627 1750 2834 1804 occulto
2885 1762 3138 1821 apparatu
3191 1754 3613 1812 ministeriorum
3655 1774 3843 1815 suomm

2279 1838 2437 1892 etiam
2465 1840 2744 1916 spiritibus
2766 1842 2956 1904 talibus
2976 1843 3172 1913 aliquid
3205 1845 3551 1904 divinationis
3581 1850 3839 1921 impertiat,

2279 1939 2337 1984 ut
2366 1931 2504 2000 quod
2522 1932 2742 1987 audiunt
2777 1935 2843 1988 ab
2873 1935 3111 2005 Angelis,
3153 1940 3510 2005 prmuuntient
3541 1941 3840 1997 hominibus.

2279 2020 2509 2078 Tantum
2548 2032 2723 2078 autem
2777 2025 3016 2090 audiunt,
3059 2037 3309 2098 quantum
3337 2033 3584 2086 omnium
3614 2033 3840 2090 Dominus

2277 2121 2434 2183 atque
2456 2114 2758 2169 moderator
2788 2117 2866 2170 vel
2889 2116 3036 2187 jubet
3061 2119 3144 2174 vel
3164 2119 3306 2174 sinit.
3328 2119 3481 2176 Unde
3501 2123 3677 2178 etiam
3715 2126 3840 2193 spiri-

2278 2211 2363 2258 tus
2392 2203 2676 2275 pythonius
2705 2206 2756 2260 in
2774 2206 2986 2262 Actibus
3012 2209 3382 2278 Apostolorum
3408 2220 3701 2267 attestatur
3720 2214 3836 2268 Pau-

2279 2294 2332 2348 lo
2370 2295 2610 2364 apostolo
2638 2338 2653 2368 ,
2707 2304 2760 2351 et
2801 2299 3118 2368 evangelista
3164 2315 3283 2356 esse
3324 2303 3598 2371 conatur(
3618 2303 3837 2370 Aram,

2280 2385 2409 2460 17).
2434 2388 2655 2442 Miscent
2682 2398 2857 2443 tamen
2881 2390 2965 2444 isti
2993 2390 3246 2460 fallacias,
3271 2401 3325 2448 et
3351 2409 3540 2449 verum
3575 2396 3714 2466 quod
3735 2411 3835 2451 nos-

2277 2491 2336 2533 se
2363 2479 2647 2547 potuerint,
2677 2495 2781 2532 non
2803 2479 3027 2534 docendi
3057 2483 3221 2552 magis
3253 2498 3408 2554 quam
3425 2483 3728 2556 decipiendi
3755 2485 3837 2540 line

2279 2570 2652 2640 praenuntiant.
2685 2571 2752 2624 Et
2799 2571 2931 2626 forte
2959 2572 3059 2627 hoc
3103 2582 3186 2627 est
3235 2574 3373 2644 quod
3399 2589 3525 2628 cum
3559 2578 3647 2630 illa
3694 2577 3836 2646 imago

2276 2660 2536 2716 Samuelis
2582 2661 2794 2716 Saftlem
2836 2663 3147 2732 praediceret
3177 2665 3516 2731 moriturum,
3552 2666 3683 2721 dixit
3705 2667 3834 2722 etiam

2277 2766 2456 2807 secum
2480 2752 2711 2808 futurum
2736 2771 2747 2807 :
2780 2753 2918 2824 quod
2942 2755 3118 2832 utique
3145 2756 3329 2809 falsum
3353 2766 3452 2811 est.
3483 2758 3683 2828 Magno
3702 2759 3831 2829 quip-

2276 2855 2342 2911 pe
2366 2842 2646 2896 intervallo
2688 2855 2808 2912 post
2854 2852 3079 2898 mortem
3118 2847 3350 2916 separari
3377 2846 3601 2908 honosa
3624 2847 3830 2903 malisin

2277 2934 2563 3005 Evangelia
2590 2937 2830 3006 legimus,
2872 2953 2992 2991 cum
3024 2939 3275 2994 Dominus
3303 2940 3438 2995 inter
3462 2941 3749 3012 superbum
3783 2941 3832 2996 il-

2276 3025 2383 3080 lum
2405 3026 2644 3093 divitem,
2681 3042 2799 3081 eum
2822 3027 2931 3097 jam
2957 3028 3096 3099 apud
3128 3028 3324 3084 inferos
3346 3021 3615 3086 tormenta
3637 3041 3822 3102 patere-

2277 3127 2381 3185 tur,
2411 3127 2466 3174 et
2509 3120 2654 3174 illum
2684 3120 2776 3190 qui
2819 3120 2885 3174 ad
2921 3122 3036 3190 ejus
3057 3121 3272 3192 januam
3303 3124 3590 3180 ulcerosus
3622 3124 3825 3196 jacebat,

2269 3208 2381 3279 jam
2413 3209 2463 3262 iu
2495 3210 2678 3279 requie
2713 3211 3081 3280 constitutum,
3136 3228 3383 3283 magnum
3423 3213 3594 3270 chaos
3641 3214 3828 3283 interje-

2273 3309 2416 3354 ctum
2438 3315 2555 3356 esse
2584 3300 2842 3373 testatur(
2869 3300 2997 3356 Luc.
3040 3318 3146 3368 xvi,
3173 3303 3242 3359 26
3271 3305 3312 3374 ).
3342 3304 3448 3359 Aut
3477 3305 3525 3360 sl
3575 3315 3827 3376 propterea

2274 3391 2488 3448 Samuel
2509 3390 2653 3448 Sat'tli
2678 3391 2828 3455 dixit,
2866 3391 3066 3456 Mecum
3098 3393 3214 3461 eris,
3243 3402 3425 3454 utnon
3465 3395 3533 3449 ad
3582 3395 3823 3466 aequalita-

2273 3489 2379 3539 tem
2401 3482 2686 3549 felicitatis,
2726 3483 2820 3537 sed
2840 3483 2904 3538 ad
2927 3499 3106 3554 parem
3128 3484 3479 3540 conditionem
3507 3486 3698 3548 mortis
3715 3483 3826 3540 refe-

2272 3587 2441 3644 ratur,
2475 3578 2617 3648 quod
2643 3584 2866 3650 uterque
2887 3576 3046 3632 homo
3060 3576 3241 3644 fuerit,
3260 3587 3314 3632 et
3337 3586 3566 3647 uterque
3593 3577 3720 3633 mori
3739 3590 3818 3646 po-

2274 3670 2453 3735 tuerit,
2488 3669 2703 3738 jamque
2744 3676 2987 3723 mortuus
3017 3676 3240 3722 mortem
3272 3668 3393 3723 vivo
3416 3669 3820 3738 przenuntiahat;

2274 3759 2544 3829 perspicit,
2570 3769 2821 3829 quantum
2865 3759 3075 3828 opinor,
3107 3758 3384 3828 prudentia
3415 3768 3524 3822 tua,
3557 3756 3817 3815 secundum

2273 3860 2557 3920 utrumque
2585 3850 2907 3904 intellectum
2931 3848 3126 3906 habere
3152 3850 3349 3904 exitum
3375 3849 3516 3903 illam
3539 3851 3817 3907 lectionem,

2273 3942 2363 4013 qui
2391 3957 2496 3997 non
2528 3943 2598 3997 sit
2645 3951 2827 3997 contra
2873 3941 3028 3996 ﬁdem
3065 3959 3078 3994 :
3117 3942 3217 3996 nisi
3269 3941 3403 3996 forte
3431 3941 3761 4012 profundiore
3780 3947 3820 3993 ct

2274 4034 2605 4104 perplexiore
2632 4034 2989 4104 inquisitione,
3031 4050 3148 4104 qua:
3170 4035 3249 4088 vel
3277 4035 3466 4089 virium
3495 4049 3729 4090 mearum
3754 4029 3817 4083 vel

2276 4126 2527 4195 temporis
2565 4125 2774 4180 excedit
2821 4125 3109 4195 angustias,
3155 4124 3529 4178 inveniaturad
3564 4123 3811 4194 liquidum,

2273 4215 2355 4270 vel
2387 4229 2545 4285 posse
2584 4215 2668 4270 vel
2720 4230 2826 4272 non
2853 4227 3014 4294 posse
3039 4213 3268 4268 animam
3295 4212 3605 4279 humanam,
3634 4226 3742 4268 cum
3763 4222 3812 4262 ex

2272 4307 2372 4363 hac
2396 4307 2500 4363 vita
2556 4306 2876 4378 migraverit,
2932 4305 3148 4375 magicis
3195 4305 3522 4358 carminibus
3569 4309 3811 4358 evocatam

2271 4401 2510 4456 vivorum
2535 4414 2791 4469 apparere
2811 4396 3211 4467 conspectibus,
3244 4396 3403 4451 etiam
3431 4395 3668 4464 corporis
3687 4393 3816 4447 linea-

2274 4502 2446 4550 menta
2487 4499 2804 4561 gestantem,
2833 4500 2889 4542 ut
2920 4504 3022 4542 non
3057 4489 3227 4543 solum
3260 4487 3425 4542 videri
3451 4488 3643 4552 valeat,
3669 4481 3749 4539 sed
3774 4487 3814 4533 el

2271 4584 2503 4653 agnosci.
2530 4583 2593 4637 Et
2630 4582 2672 4636 si
2720 4590 2910 4651 potest,
2953 4591 3127 4635 utrum
3173 4581 3330 4636 etiam
3356 4581 3483 4649 justi
3514 4580 3700 4644 anima,
3727 4586 3810 4629 non

2271 4676 2480 4746 quidem
2511 4683 2727 4744 cogatur
2767 4674 2983 4742 magicis
3016 4672 3208 4739 sacris,
3242 4671 3334 4726 sed
3366 4671 3611 4742 dignetur
3637 4661 3809 4722 ostendi

2271 4767 2645 4822 occultiorihus
2705 4765 2938 4834 imperiis
2994 4778 3215 4817 summa:
3258 4763 3389 4832 legis
3438 4762 3807 4830 obtemperans:

2271 4867 2326 4913 ut
2356 4859 2398 4912 si
2423 4858 2530 4912 ﬁeri
2566 4873 2669 4912 non
2696 4872 2850 4926 posse
2876 4855 3145 4922 claruerit,
3171 4870 3274 4908 non
3321 4864 3549 4924 uterque
3582 4863 3752 4906 sensus
3770 4845 3807 4897 in

2271 4949 2428 5018 hujus
2454 4949 2738 5018 Scripturae
2777 4947 3088 5000 tractatione
3119 4954 3272 5015 atque
3299 4945 3625 5014 expositione
3646 4935 3804 4994 admit-

2272 5049 2432 5105 tatur,
2455 5039 2546 5094 sed
2579 5040 2665 5094 illo
2694 5039 2926 5101 excluso,
2949 5037 3254 5107 imaginaria
3277 5035 3544 5090 simulatio
3573 5025 3802 5087 Samuelis

2264 5132 2530 5192 ,diabolico
2557 5132 2662 5185 ritu
2691 5130 2824 5184 facta
2853 5130 3191 5200 intelligatur.
3212 5127 3314 5182 Sed
3341 5115 3609 5198 quoniam,
3633 5123 3730 5176 sive
3755 5116 3780 5167 il
3791 5143 3802 5152 -

2269 5224 2356 5280 lud
2383 5224 2499 5286 ﬁeri
2527 5223 2714 5293 possit,
2756 5223 2868 5276 sive
2899 5238 3002 5275 nou
3034 5221 3223 5290 possit,
3253 5227 3434 5274 tamen
3469 5217 3667 5273 fallacia
3692 5218 3803 5265 sala-

2269 5330 2353 5370 mc
2377 5323 2537 5384 atque
2585 5313 2869 5383 imaginum
2919 5310 3336 5366 simulandarum
3374 5309 3561 5363 callida
3605 5297 3802 5373 operatio

2269 5404 2595 5477 decipiendis
2637 5405 2882 5460 humanis
2925 5403 3168 5458 sensibus
3207 5400 3543 5456 multiformis
3584 5389 3800 5461 invigilat.

2270 5496 2594 5577 pedetentim
2623 5496 2855 5565 quidem,
2889 5509 2957 5548 ne
2983 5492 3408 5564 inquisitionibus
3422 5481 3800 5577 diligentioribus

2271 5567 2710 5659 prmscribamus,
2764 5585 2856 5641 sed
2903 5595 3080 5640 tamen
3116 5584 3293 5654 potius
3333 5583 3682 5640 existimemus
3718 5567 3799 5624 tale

2271 5679 2464 5748 aliquid
2510 5678 2703 5733 factum
2733 5676 2960 5748 maligno
2988 5675 3309 5749 pythoniSsa‘.
3356 5674 3496 5729 illius
3525 5659 3794 5727 ministeria.
