3988 6404
166 364 253 417 m5
1533 345 1734 401 unca
1775 344 1970 401 unus.

158 474 383 547 quamdiu
403 471 552 527 nobis
577 467 776 540 aliquid
798 465 1013 536 amplius
1037 463 1338 535 excogitare
1351 470 1508 532 atque
1530 454 1703 531 explii

160 582 270 622 care
295 580 391 619 non
420 562 596 615 datum
625 558 987 633 (Qua‘stionum
1016 556 1085 610 ad
1111 555 1506 625 Simplicianum
1533 552 1621 608 lib.
1641 552 1698 620 Ξ,

160 664 317 725 quaest.
342 654 373 706 3

223 742 409 797 5.11am
432 749 690 807 suntquae
736 745 860 793 tunc
906 735 971 791 de
1022 735 1331 806 pythonissa
1371 743 1424 789 et
1453 734 1703 790 Samuele

160 832 325 901 scripsi
353 832 388 883 ¹.
414 828 512 884 Sed
541 843 694 898 quam
729 842 832 879 non
876 824 1069 880 frustra
1099 825 1346 887 dixerim,
1380 824 1701 893 pedetentim

162 941 243 978 nos
273 926 319 975 in
342 922 437 975 hac
461 936 515 973 re
539 929 685 989 gesta
740 918 1038 971 simulatam
1069 919 1088 947 ³
1116 915 1382 971 Samuelis
1414 916 1701 985 imaginem

161 1015 366 1083 maligno
410 1011 728 1082 pythonissaa
777 1007 1073 1062 ministerio
1102 1012 1478 1076 praesentatam
1520 1004 1699 1063 existi-

163 1119 290 1157 mare
318 1102 517 1165 debere,
536 1116 603 1154 ne
629 1098 1059 1168 iuquisitionibus
1094 1096 1519 1166 diligentioribus
1564 1111 1706 1165 prae-

161 1197 457 1258 scribamus;
482 1208 593 1248 mea
622 1192 887 1262 posterior
913 1191 1180 1263 inquisitio
1200 1189 1505 1254 declaravit,
1537 1205 1705 1259 quan-

162 1284 395 1339 doinveni
416 1285 463 1337 in
488 1283 614 1336 libro
658 1281 1053 1349 Ecclesiastico,
1086 1281 1173 1335 ubi
1205 1282 1390 1334 Patres
1417 1280 1702 1345 laudantur

164 1391 224 1430 ex
252 1375 438 1439 ordine,
490 1373 656 1442 ipsum
688 1371 991 1426 Samuelem
1023 1372 1099 1425 sic
1140 1370 1302 1431 fuisse
1329 1370 1616 1436 laudatum,
1651 1379 1708 1424 ut

168 1466 483 1537 prophetasse
532 1465 694 1518 etiam
748 1472 985 1517 mortuus
1037 1462 1533 1535 diceretur(Eccli.
1563 1478 1703 1527 XLVI,

166 1559 282 1627 9.5).
312 1556 403 1611 Sed
427 1557 465 1609 si
489 1565 538 1610 et
562 1556 686 1610 huic
714 1554 852 1609 libro
887 1570 952 1609 ex
980 1555 1345 1621 llebrzeorum,
1372 1555 1492 1624 quia
1520 1555 1572 1608 in
1604 1568 1696 1608 co-

167 1666 267 1702 rum
294 1664 387 1701 non
416 1657 492 1702 est
522 1662 750 1711 canone,
781 1644 1167 1701 contradicitur
1193 1663 1206 1708 ;
1256 1646 1379 1714 quid
1419 1646 1485 1700 de
1529 1645 1706 1715 Moyse

164 1738 328 1792 dicturi
348 1754 538 1800 sumus,
569 1738 657 1806 qui
686 1748 833 1791 certe
872 1744 926 1791 et
952 1736 1004 1789 in
1033 1736 1440 1789 Deuteronomio
1471 1743 1710 1787 mortuus

169 1830 183 1887 (
210 1828 338 1881 Deut.
368 1844 539 1889 xxxrv,
569 1828 602 1881 5
629 1828 669 1896 ),
692 1837 745 1881 et
776 1828 828 1879 in
849 1826 1137 1897 Evangelia
1157 1841 1277 1880 cum
1322 1826 1430 1879 lilia
1451 1825 1540 1895 qui
1568 1840 1709 1880 mor—

168 1928 267 1969 tuus
285 1933 381 1971 non
407 1926 504 1981 est,
552 1917 742 1986 legitur
788 1916 1099 1985 apparuisse
1145 1915 1441 1970 viventibus
1474 1915 1491 1983 (
1520 1914 1707 1968 Matth.

169 2010 354 2077 “11.3)
382 2010 403 2061 ?

190 2098 371 2164 Quesr.
425 2098 531 2152 VII.
558 2129 625 2140 -ο
684 2099 947 2164 Quomodo
1014 2109 1243 2168 stuprum
1316 2098 1606 2154 Abinteleclt
1636 2110 1684 2155 et

600 2168 885 2223 Pharaonis
914 2168 1087 2240 e/fugit
1110 2170 1265 2224 Sara.

230 2260 273 2312 t.
298 2259 516 2329 Septima
541 2269 625 2313 tua
649 2260 939 2329 propositio
956 2268 1055 2325 est,
1082 2278 1098 2310 t
1121 2260 1360 2326 Qualiter
1397 2261 1717 2317 satisfacien-

179 2348 314 2401 (dum
341 2349 401 2401 sit
420 2351 500 2402 eis
524 2350 611 2419 qui
631 2350 812 2403 dicunt
833 2348 1017 2404 Suram
1048 2358 1289 2419 stuprum
1319 2365 1420 2404 non
1442 2351 1711 2423 effugisse,

179 2456 195 2487 ι
215 2454 315 2491 cum
338 2439 507 2493 dicant
542 2440 849 2494 Abimelech
879 2440 943 2494 ab
974 2441 1087 2509 ejus
1109 2442 1461 2496 conventione
1504 2443 1714 2498 somnio

185 2548 201 2579 ι
220 2546 314 2585 esse
333 2542 621 2586 revocatum
651 2535 669 2603 (
698 2529 827 2586 Gen.
860 2536 973 2601 xx),
993 2540 1047 2585 et
1076 2533 1369 2588 immissum
1401 2535 1452 2588 in
1482 2534 1597 2605 ejus
1625 2550 1719 2589 co-

192 2639 208 2670 ‹
232 2622 372 2688 pulum
401 2623 729 2676 Pharaonem
759 2622 777 2691 (
808 2620 893 2674 Id.
918 2638 989 2676 xu
1020 2619 1081 2692 )?
1125 2640 1146 2674 ι

247 2711 292 2764 2.
314 2712 564 2779 Quomodo
613 2713 796 2768 dicant
847 2714 1146 2769 immissum
1194 2715 1245 2769 in
1292 2715 1414 2786 ejus
1464 2716 1716 2785 copulam

199 2800 471 2857 Pharaonem
495 2804 535 2868 ³,
570 2820 675 2857 non
726 2804 917 2870 video;
951 2820 1070 2859 cum
1121 2805 1187 2859 ad
1243 2806 1343 2860 hoc
1387 2806 1715 2863 credendum

195 2895 411 2965 Scriptura
440 2916 544 2953 non
593 2910 772 2970 cogat.
798 2902 1017 2971 Accepit
1068 2904 1209 2958 enim
1259 2920 1378 2959 eam
1420 2907 1636 2977 quidem
1667 2908 1718 2960 in

191 3002 380 3051 uxorem,
431 2992 793 3060 continuoque
843 2992 1038 3047 ditatus
1080 3004 1163 3049 est
1212 2996 1478 3051 Abraham
1544 2998 1723 3053 multis

190 3074 511 3146 Egyptiorum
540 3081 850 3135 muneribus
876 3093 1090 3151 propter
1112 3084 1253 3138 illam
1289 3104 1301 3138 :
1334 3086 1427 3140 sed
1456 3102 1560 3141 non
1591 3089 1723 3142 scri-

188 3175 303 3235 ptum
323 3178 411 3233 est,
444 3170 583 3239 quod
608 3186 732 3225 eum
756 3186 817 3225 ea
849 3172 1054 3227 Pharao
1081 3174 1378 3241 dormierit,
1414 3178 1570 3247 eique
1599 3194 1721 3247 per-

184 3257 346 3313 mixtus
387 3262 501 3326 sit;
542 3263 794 3331 quoniam
831 3262 972 3316 Deus
1012 3278 1132 3318 eum
1188 3265 1370 3319 multis
1414 3270 1724 3337 magnisque

184 3348 382 3406 cladibus
406 3351 689 3420 afﬂigendo
714 3352 765 3405 id
792 3352 966 3407 facere
1016 3368 1121 3406 non
1153 3356 1411 3423 permisit.
1440 3356 1552 3410 Non
1584 3359 1725 3412 enim

186 3437 356 3505 placita:
383 3442 591 3511 regibus
607 3442 672 3495 ad
694 3442 997 3511 conjugium
1029 3441 1241 3498 femina:
1271 3461 1392 3499 mox
1423 3446 1581 3501 etiam
1610 3463 1728 3502 car-

186 3543 239 3581 ne
257 3532 637 3599 copulabantur.
668 3532 774 3586 Sed
792 3533 1166 3603 sicutlegimus
1191 3535 1243 3589 in
1261 3535 1393 3589 libro
1413 3537 1502 3608 qui
1519 3553 1728 3607 prteno-

186 3625 302 3672 tatur
322 3621 528 3689 Esther,
552 3638 649 3692 per
682 3622 883 3692 aliquot
907 3638 1137 3691 menses,
1171 3626 1280 3680 imo
1303 3642 1397 3695 per
1429 3636 1594 3683 totum
1633 3645 1729 3686 an-

186 3723 304 3774 num,
328 3714 620 3782 unguentis,
650 3714 932 3783 pigmentis
959 3713 1003 3780 ⁸,
1026 3715 1354 3771 aromatibus
1400 3720 1727 3775 accuraban-

184 3809 430 3857 turearum
460 3819 704 3876 corpora,
753 3807 1055 3875 priusquam
1101 3809 1311 3878 corpori
1356 3811 1502 3880 regio
1532 3814 1727 3869 misce—

182 3895 379 3962 rcutur(
409 3893 589 3948 Esther
632 3910 692 3962 ιι,
734 3894 802 3949 12
830 3894 874 3966 ).
922 3895 1038 3950 Hoc
1068 3912 1194 3967 ergo
1224 3899 1398 3967 spatio
1429 3900 1563 3955 facta
1606 3912 1729 3959 sunt

182 3978 256 4032 illa
278 3997 385 4050 qua:
420 3985 615 4053 scripta
641 3993 801 4051 sunt,
829 3985 1001 4041 donec
1027 3985 1231 4042 Pharao
1277 3991 1535 4045 contritus
1558 4002 1611 4048 et
1634 4009 1727 4049 ex,

184 4072 370 4127 territus
390 4076 576 4128 marito
602 4077 923 4131 restituisset
942 4093 1183 4134 uxorem.
1216 4080 1522 4138 Abimelcch
1550 4095 1728 4141 autem

178 4164 400 4228 quoidam
427 4168 631 4221 somnio
660 4177 740 4223 est
766 4167 836 4222 ab
863 4169 978 4238 ejus
994 4172 1371 4227 commixtione
1393 4176 1688 4243 prohibitus
1710 4221 1726 4247 ,

186 4248 287 4306 ideo
302 4257 387 4323 qui
425 4256 609 4312 Saram
639 4267 880 4328 stuprum
909 4275 1014 4314 non
1038 4261 1234 4317 vitasse
1256 4264 1603 4333 contendunt,
1632 4282 1730 4337 pu-

184 4345 463 4415 tantutique
499 4362 699 4416 regem,
733 4357 789 4401 ut
830 4350 1137 4413 somniaret,
1185 4353 1393 4407 nonnisi
1442 4363 1561 4422 post
1603 4356 1717 4425 ejus

187 4433 487 4489 concubitum
516 4435 752 4490 dormire
769 4438 1022 4505 potuisse.
1049 4439 1208 4506 Quasi
1232 4457 1378 4508 vero,
1405 4452 1461 4497 ut
1484 4447 1723 4501 omittam

185 4526 367 4589 {culpas
386 4542 483 4595 quo
506 4529 912 4595 accurabantur,
939 4539 994 4585 ut
1022 4547 1180 4599 supra
1212 4533 1338 4599 dixi,
1366 4535 1430 4589 ad
1470 4537 1714 4608 volupta-

190 4617 277 4663 tem
304 4617 484 4684 regiam
518 4633 743 4687 corpora
788 4619 1126 4689 feminarum,
1182 4639 1286 4677 non
1315 4628 1543 4694 potuerit
1571 4630 1728 4698 Deus,

192 4702 460 4775 priusquam
512 4712 863 4766 convenirent
891 4754 904 4777 ,
940 4729 1062 4768 eum
1107 4732 1345 4786 mergere
1376 4719 1427 4774 in
1460 4734 1726 4789 somnum,

192 4800 237 4843 ct
256 4796 517 4856 admonere
556 4818 651 4871 per
680 4804 964 4858 somnium.

247 4882 293 4935 ὃ.
320 4886 481 4943 Dicam
512 4891 653 4961 quod
685 4890 879 4947 factum
904 4896 1067 4949 estin
1109 4898 1417 4953 Mauritania
1465 4900 1728 4959 Sitifensi.

196 4970 347 5043 Neque
387 4984 517 5036 enim
568 4984 711 5038 Deus
758 4994 1061 5041 sanctorum
1090 4988 1327 5055 Patrum,
1381 5008 1486 5047 non
1519 4994 1628 5064 ipse
1653 5006 1733 5051 est

194 5064 328 5120 etiam
374 5071 498 5129 Deus
525 5084 727 5129 noster.
760 5076 980 5132 Viduam
1013 5078 1064 5132 in
1096 5083 1364 5152 proposito
1389 5087 1729 5144 continentia:

194 5160 491 5219 constitutam
540 5166 863 5224 Celtic-chius
892 5170 912 5201 ⁸
942 5171 1155 5241 quidam
1208 5176 1616 5235 catechumenus
1646 5180 1733 5251 ju-

244 5308 372 5390 ξξῖξίξ
393 5322 492 5390 ΔΛῐηζ
517 5325 590 5389 Er.
630 5325 684 5369 et
724 5334 753 5369 e
790 5323 1026 5373 Vaticanis
1054 5333 1158 5390 ﬁtss.
1195 5326 1293 5390 duo
1324 5336 1622 5390 ριιίειθτθιιηι
1653 5347 1735 5384 se.

193 5377 621 5456 finief‘te‘s-tredecim
638 5393 839 5456 versus,
852 5390 1001 5446 atque
1023 5386 1081 5434 ad
1102 5377 1731 5456 χ’ςει-ὺυωξδὸῆῥᾶᾝξοίἷ-

192 5437 261 5509 Im:
275 5434 568 5509 subiungunt,
592 5442 801 5504 Septima
816 5434 1181 5509 tuapropositio
1196 5434 1283 5499 és‘i.‘

245 5490 263 5574 ξ
281 5494 346 5574 Ξίς
356 5490 573 5574 potiores
581 5490 694 5574 ass;
705 5490 945 5574 far-editi:
956 5490 1035 5555 ὗῖ
1041 5490 1321 5574 Ῐιῇἷῇᾱῖἑὲε
1340 5510 1628 5564 spumam.

240 5549 448 5631 3.55
460 5549 782 5631 τβέίίιύῐιόμιὶῖ
800 5549 1133 5631 {sinesi-EB;
1148 5549 1628 5631 iWnB’EIB'Ei'EETI
1642 5577 1733 5626 an-

194 5619 363 5689 mtzssum
384 5619 546 5689 in__ejus
568 5625 787 5689 copulam
810 5626 1126 5679 Pharaonem.

246 5672 544 5759 liminis
566 5672 825 5759 sese:
838 5672 1255 5759 Misene,
1275 5693 1473 5759 legitur.
1498 5695 1730 5749 ιοηιοηιεε.

197 5733 234 5775 ιιι
384 5733 583 5823 ιλιι-..τηεμ
570 5733 706 5823 3.3;.
719 5733 965 5823 {usus
978 5733 1729 5823 satiagjasuz'saﬁi'ﬁi

280 5803 365 5846 ttat.
390 5810 477 5855 Am.
504 5815 553 5857 et
572 5811 856 5861 Sorbonicus
892 5818 990 5869 515.,
1020 5803 1730 5871 iacmissusmissus

3289 357 3388 413 166

1807 458 1954 513 venis
1978 458 2173 528 rapuit,
2198 469 2255 514 ut
2299 460 2518 516 haberet
2543 475 2781 516 uxorem.
2811 464 3105 535 Antequam
3131 482 3389 525 concum-

1806 550 2018 615 herent,
2048 564 2264 619 pressus
2310 564 2501 605 somno
2540 561 2594 606 et
2619 553 2835 613 territus
2860 557 3089 623 somnio,
3144 560 3381 618 Sitifensi

1806 640 2056 710 episcopo
2086 642 2329 704 eamdem
2372 644 2842 701 vehementissime
2882 650 3197 719 requirenti,
3224 669 3381 709 revo-

1807 732 1946 786 cavit
1965 732 2238 793 intactam.
2280 733 2482 789 Vivunt
2520 735 2696 790 adhuc
2742 737 2808 792 de
2835 739 3028 808 quibus
3051 742 3261 812 loquor.
3294 746 3386 802 Ille

1807 825 2110 893 baptizatus
2144 826 2333 895 etipso
2354 828 2407 880 in
2436 842 2495 883 se
2526 827 2667 883 facto
2709 830 2964 887 miraculo
3003 849 3293 891 conversus
3321 838 3386 893 ad

1810 915 2114 981 Dominum,
2143 917 2208 971 ad
2235 918 2599 987 episcopatum
2635 921 2926 976 venerabili
2971 925 3233 992 probitate
3263 942 3387 997 per-

1809 1005 1953 1060 venit
1980 1022 1994 1070 ;
2029 1005 2114 1059 illa
2140 1007 2194 1059 in
2223 1016 2403 1061 sancta
2430 1008 2687 1064 viduitate
2712 1011 2966 1078 persistit.

1879 1097 1932 1150 4.
1955 1095 2089 1161 Quid
2114 1105 2288 1153 autem
2303 1097 2526 1153 dixerim
2553 1109 2736 1153 contra
2751 1100 3003 1157 Faustum
3019 1103 3389 1173 Manichzeum,

1809 1202 1931 1242 cum
1990 1188 2402 1243 calumniaretur
2456 1192 2591 1260 patri
2648 1191 2912 1259 Abrahae,
2964 1195 3108 1263 quod
3165 1213 3383 1261 uxorem

1810 1295 1956 1335 suam
1978 1281 2185 1335 duobus
2211 1282 2424 1351 regibus
2454 1282 2519 1337 ad
2547 1285 2885 1340 concubitum
2932 1287 3276 1356 venditasset,
3308 1292 3391 1346 in-

1811 1371 1989 1425 dicant
2017 1387 2135 1441 quae
2151 1372 2350 1442 subjeci
2374 1374 2390 1406 ¹
2424 1392 2439 1429 :
2474 1393 2492 1427 ι
2520 1375 2670 1443 Quod
2698 1386 2873 1432 autem
2898 1381 3121 1448 justum,
3146 1383 3387 1453 inquam,

1811 1470 1863 1516 et
1889 1461 2097 1517 fidelem
2144 1464 2316 1518 virum
2342 1465 2666 1528 matrimonii
2694 1469 2777 1522 sui
2803 1469 3211 1527 infamissimum
3246 1492 3389 1530 nun-

1816 1551 2108 1607 dinatorem
2129 1555 2401 1623 appellans
2431 1558 2474 1621 ³,
2505 1557 2739 1612 avaritia:
2758 1574 2821 1613 ac
2846 1562 3047 1617 ventris
3072 1578 3230 1619 causa
3250 1566 3389 1621 duov

1816 1641 1915 1695 bus
1949 1644 2181 1712 regibus,
2216 1645 2527 1707 Abimelecb
2554 1662 2617 1702 ac
2663 1649 2946 1718 Pharaoni,
2992 1654 3217 1711 diversis
3258 1666 3392 1713 tem-

1814 1733 2029 1801 poribus
2054 1733 2241 1788 Saram
2276 1736 2551 1807 conjugem
2598 1755 2749 1793 suam
2799 1757 3039 1798 sororem
3083 1748 3387 1817 mentitum,

1815 1825 1936 1893 quia
1962 1836 2076 1879 erat
2099 1826 2478 1896 pulcherrima,
2530 1830 2582 1883 in
2608 1832 2944 1887 concubitum
2974 1838 3165 1891 asserit
3205 1839 3391 1894 vendi-

1815 1923 1992 1983 tasse;
2024 1934 2126 1972 non
2158 1935 2252 1974 ore
2279 1920 2512 1976 veridico
2556 1938 2585 1977 a
2631 1924 2955 1995 turpitudine
2982 1939 3192 1997 separat
3219 1930 3389 1993 hone-

1815 2016 2027 2075 statem,
2053 2009 2146 2064 sed
2164 2025 2256 2065 ore
2274 2011 2534 2067 maledico
2561 2021 2726 2068 totum
2767 2016 2927 2070 vertit
2956 2017 3006 2085 in
3023 2018 3246 2074 crimen.
3276 2021 3388 2077 Hoc

1817 2100 1957 2154 enim
2009 2101 2236 2156 Abrahae
2277 2101 2473 2158 factum
2530 2106 2795 2161 lenocinio
2835 2108 3008 2163 simile
3051 2110 3391 2179 videtur,sed

1818 2204 1926 2243 non
1952 2191 2249 2246 valentibus
2300 2208 2363 2247 ex
2410 2194 2548 2248 illius
2578 2204 2793 2251 aeterna:
2820 2198 2952 2268 legis
2992 2199 3193 2257 lumine
3226 2217 3254 2255 a
3277 2218 3399 2272 pec-

1818 2284 1948 2336 catis
1995 2291 2139 2337 recte
2179 2284 2312 2339 facta
2355 2284 2698 2354 discernere,
2754 2289 2943 2358 quibus
2976 2299 3030 2345 et
3076 2294 3395 2361 constantia,

1820 2374 2107 2442 pertinacia
2143 2373 2306 2429 videri
2340 2384 2548 2445 potest;
2578 2386 2631 2432 et
2650 2379 2815 2433 virtus
2844 2380 3067 2448 fiduciae,
3094 2383 3277 2439 vitium
3306 2400 3404 2454 pu-

1820 2472 1963 2519 tatur
1986 2464 2221 2520 audacize
2249 2485 2262 2531 ;
2295 2475 2349 2521 et
2397 2482 2749 2539 quacumque
2801 2469 3048 2527 similiter
3080 2473 3403 2543 objiciuntur

1821 2555 1970 2624 quasi
1995 2570 2101 2610 non
2142 2566 2286 2611 recte
2314 2558 2591 2626 agentibus
2636 2574 2666 2611 a
2706 2575 2815 2615 non
2859 2571 3005 2616 recte
3037 2565 3399 2621 cernentibus.

1820 2645 2005 2716 Neque
2067 2648 2209 2700 enim
2273 2647 2539 2701 Abraham
2611 2648 2811 2718 ﬂagitio
2854 2653 3125 2711 consensit
3191 2656 3394 2723 uxoris,

1823 2734 2043 2804 ejusque
2069 2735 2304 2797 vendidit
2330 2736 2646 2793 adulterium
2683 2755 2696 2790 :
2725 2739 2818 2795 sed
2857 2739 2996 2797 sicut
3026 2741 3113 2795 illa
3147 2742 3396 2807 famulam

1824 2840 1972 2879 suam
2012 2841 2119 2879 non
2146 2825 2347 2879 libidini
2377 2828 2551 2881 mariti
2587 2828 2846 2898 permisit,
2879 2830 2972 2889 sed
3004 2830 3183 2891 ofﬁcio
3235 2848 3402 2904 gena-

1824 2917 1973 2970 randi
2022 2918 2162 2972 ultro
2205 2916 2403 2983 intulit,
2422 2934 2753 2988 nequaquam
2784 2921 2993 2981 turbato
3021 2923 3210 2983 ordine
3254 2936 3408 2982 natu.

1824 3007 1942 3073 rali,
1971 3006 2058 3061 ubi
2092 3006 2212 3075 ejus
2259 3015 2492 3076 potestas
2520 3020 2635 3064 erat
2658 3010 2854 3079 jubens
2910 3014 3085 3081 potius
3116 3015 3405 3085 obedienti,

1824 3112 1983 3165 quam
2024 3095 2223 3151 cedens
2261 3098 2701 3169 concupiscenti;
2754 3100 2833 3155 sic
2864 3110 2920 3156 et
2962 3102 3078 3172 ipse
3120 3106 3401 3187 conjugem

1824 3198 2046 3253 castam,
2101 3195 2157 3242 et
2198 3197 2343 3243 casto
2402 3189 2563 3244 corde
2602 3190 2700 3245 sibi
2727 3191 3107 3260 cohaerentem,
3141 3195 3208 3261 de
3255 3198 3407 3269 cujus

1826 3277 2038 3343 animo,
2070 3278 2161 3335 ubi
2197 3278 2464 3347 pudicitiae
2499 3281 2665 3341 virtus
2706 3281 2926 3347 habitat,
2950 3285 3101 3347 nullo
3129 3288 3290 3345 modo
3306 3289 3405 3345 du-

1826 3367 2047 3433 bitabat,
2076 3368 2239 3425 tacuit
2262 3383 2508 3435 uxorem,
2551 3368 2683 3425 dixit
2734 3386 2996 3440 sororem,
3041 3391 3107 3430 ne
3133 3391 3194 3437 se
3231 3380 3409 3436 occiso

1828 3459 1896 3519 ab
1940 3459 2251 3529 alienigenis
2299 3469 2457 3530 atque
2502 3461 2677 3531 impiis
2737 3466 2943 3533 captiva
2994 3468 3408 3539 mssjderewr;

1826 3562 2007 3607 certus
2029 3550 2098 3607 de
2119 3552 2229 3607 Deo
2258 3567 2358 3608 suo
2397 3553 2537 3624 quod
2563 3553 2698 3613 nihil
2729 3571 2844 3617 eam
2878 3567 3030 3627 turpe
3071 3575 3135 3623 ac
3178 3560 3413 3633 ﬂagitio-

1828 3658 1945 3701 sum
1979 3644 2180 3713 perpeti
2228 3644 2445 3701 sineret.
2474 3644 2584 3700 Nec
2629 3661 2750 3705 eum
2780 3647 2911 3704 fides
2939 3664 3001 3704 ac
3042 3665 3165 3720 spes
3200 3652 3407 3709 fefellit.

1828 3733 2068 3803 Namque
2087 3733 2293 3788 Pharao
2318 3736 2532 3790 territus
2553 3738 2825 3801 monstris,
2868 3740 3155 3812 multisque
3194 3754 3414 3813 propter

1826 3840 1947 3880 eam
1975 3826 2129 3881 malis
2145 3824 2394 3893 afﬂictus,
2444 3828 2533 3883 ubi
2554 3828 2674 3899 ejus
2717 3845 2837 3889 esse
2870 3848 3095 3895 uxorem
3148 3836 3410 3901 divinitus

1828 3916 2037 3985 didicit,
2064 3917 2282 3974 illaesam
2318 3935 2439 3975 cum
2458 3920 2662 3979 honore
2682 3919 2939 3997 restituit:
2966 3926 3271 3991 Abinieiech
3311 3946 3411 3987 au-

1831 4019 1938 4067 tem
1958 4012 2167 4066 somnio
2204 4016 2556 4071 commonitus
2582 4024 2637 4071 et
2681 4017 2921 4086 edoctus,
2952 4022 3196 4079 similiter
3236 4026 3359 4084 fecit
3386 4046 3407 4083 ι

1835 4099 2069 4171 (Contra
2091 4101 2339 4156 Faustum
2364 4103 2453 4158 lib.
2475 4105 2565 4158 2’2.
2597 4122 2709 4176 cap.
2723 4148 2737 4171 ,
2765 4108 2835 4163 55
2853 4110 2894 4179 ).

1831 4194 2047 4262 (ξοβετ.
2075 4194 2207 4249 Vill.
2228 4225 2299 4235 —
2322 4195 2551 4266 Denique
2575 4197 2637 4251 de
2654 4198 2854 4269 Spiritu
2878 4199 2980 4255 Dei
3003 4205 3089 4271 qui
3113 4221 3266 4273 super
3278 4210 3412 4278 [ει-ι.

1928 4285 2076 4339 batur
2096 4302 2247 4355 super
2263 4303 2468 4356 aquam,
2509 4304 2578 4342 an
2607 4289 2717 4359 ipse
2732 4291 2798 4343 sit
2821 4290 3046 4362 Spiritus
3090 4305 3314 4355 sanctus.

1904 4375 1957 4430 1.
1978 4374 2280 4431 Novissime
2308 4378 2676 4446 exponendum
2700 4382 2873 4449 poscis
2893 4383 2961 4438 de
2989 4386 3175 4455 spiritu
3205 4388 3298 4444 Dei
3323 4393 3413 4461 qui

1832 4466 2262 4537 superferebatur
2285 4484 2449 4538 super
2472 4486 2683 4542 aquam.
2720 4492 2740 4525 ι
2767 4474 2991 4541 Quidam
3036 4480 3175 4535 enim
3198 4497 3414 4539 asseve-

1834 4569 1972 4622 rant,
2006 4559 2196 4628 inquis,
2224 4561 2474 4629 Spiritum
2504 4574 2776 4631 sanctum;
2808 4568 2896 4622 alii
2929 4571 3255 4627 mundanum
3294 4577 3408 4645 spi-

1834 4650 1992 4704 ritum
2021 4650 2221 4716 dicunt,
2260 4652 2500 4708 dicentes
2531 4656 2651 4723 quia
2699 4673 2801 4711 non
2858 4660 3031 4727 potuit
3069 4661 3415 4735 historiogra-

1833 4741 1975 4812 phus
2000 4758 2119 4797 cum
2148 4745 2409 4801 creaturis
2447 4760 2763 4803 enumerare
2792 4749 3121 4821 Creatorem,
3161 4772 3259 4811 nec
3294 4758 3418 4816 huic

1834 4832 2009 4886 locum
2031 4834 2258 4903 aliquem
2283 4835 2558 4904 deputare,
2602 4838 2692 4906 qui
2721 4840 2916 4910 ubique
2963 4844 3031 4900 sit
3086 4854 3249 4914 totus,
3294 4864 3413 4909 cum

1836 4922 1993 4977 Patre
2021 4923 2270 4979 videlicet
2297 4935 2457 4995 atque
2481 4926 2636 4982 Filio.
2671 4946 2691 4981 ›

1905 5013 1958 5067 2.
1989 5014 2122 5079 Quid
2154 5030 2279 5085 ergo
2310 5016 2532 5072 istorum
2560 5034 2659 5088 ego
2686 5023 2969 5091 senserim,
2996 5040 3059 5081 ex
3085 5031 3255 5097 primo
3280 5031 3417 5090 libro

1838 5116 2021 5157 eorum
2052 5120 2184 5172 quos
2204 5104 2271 5160 de
2301 5105 2491 5167 Genesi
2520 5108 2820 5179 duodecim,
2854 5113 2989 5169 sicut
3012 5119 3177 5185 potui,
3209 5136 3313 5176 non
3332 5140 3417 5179 se-

1836 5193 2066 5251 cundum
2094 5195 2396 5265 allegorias,
2436 5202 2529 5257 sed
2575 5203 2869 5263 secundum
2916 5221 3093 5261 rerum
3146 5223 3414 5280 gestarum

1836 5286 1995 5341 fidem
2039 5288 2250 5357 scripsi,
2303 5291 2355 5349 in
2396 5290 2499 5347 hoc
2547 5297 2858 5363 opusculum
2904 5303 3164 5357 transtuli.
3204 5322 3222 5353 ι
3253 5305 3414 5374 hiest,

1835 5459 1947 5521 duo,
1972 5458 2260 5533 Ceiitighius.
2282 5464 2587 5533 Corbeiensts
2610 5474 2661 5518 et
2688 5468 3009 5529 Floriacensis,
3029 5473 3266 5523 rellicius.
3300 5486 3417 5527 cer-

1836 5523 2081 5591 manensis
2102 5523 2334 5591 denique,
2359 5524 2587 5591 Clctittus.
2616 5536 2663 5577 tu
2685 5523 3071 5591 Carthaginen'sis
3093 5536 3284 5584 Concilii
3308 5523 3419 5591 etii-

1835 5582 1962 5656 stola
1994 5583 2055 5656 ad
2090 5582 2422 5648 Οαςιθέιὶηυω,
2444 5589 2730 5641 undecimus
2754 5582 2882 5641 inter
2902 5592 3153 5653 episeojzos
3188 5582 3419 5649 Celticius

1838 5653 2215 5780 Ποξῃξιξὶέἒιιῖἷςίιιᾳ
2348 5708 2443 5780 Ἀίἰί
2466 5723 2572 5780 cum
2597 5710 2754 5779 editis,
2776 5705 3121 5780 ittdiqttansque
3138 5711 3337 5774 subjeci.

1901 5766 1921 5833 ξ
1944 5767 2015 5814 sic
2036 5761 2135 5815 Mss.
2168 5775 2226 5833 A_t_
2246 5770 2378 5833 editi,
2402 5769 2694 5821 matrimonii
2803 5761 3415 5831 ὶνιίῖὶτιιοδίιςῆηιιιηῖἠὶιῆίίέ-

1837 5830 2045 5875 tutiorem
2068 5828 2330 5881 auvclimts.
