3996 6282
649 263 749 319 167

644 390 883 447 Inquam,
918 375 1026 430 Deo
1056 372 1356 445 benignitas
1384 388 1611 441 summa,
1640 383 1695 430 et
1721 384 1925 444 sancta,
1972 384 2029 432 et
2044 377 2220 447 justa;

642 480 693 525 et
716 468 952 540 quidam,
983 483 1087 521 non
1113 482 1179 522 ex
1208 466 1510 535 indigentia,
1545 466 1638 523 sed
1667 483 1733 524 ex
1772 468 2123 526 beneficentia
2137 485 2229 527 ve-

640 560 791 615 niens
812 575 962 613 amor
990 559 1044 613 in
1073 572 1234 627 Opera
1272 573 1387 613 sua.
1414 559 1701 629 Propterea
1741 560 2048 631 priusquam
2088 562 2224 617 scri-

638 650 872 718 beretur,
902 651 1042 704 Dixit
1102 649 1251 715 Deus,
1284 649 1403 705 Fiat
1456 651 1578 717 lux,
1622 653 1892 720 praecessit
1930 654 2218 725 Scriptum,

636 744 840 808 dicens,
882 740 949 795 Et
979 741 1185 813 spiritus
1228 740 1326 794 Dei
1368 740 1770 811 superferebatur
1805 758 1956 811 super
2011 759 2218 813 aquam.

634 835 771 902 Quia
800 835 913 889 sive
947 849 1099 903 aquae
1129 835 1346 888 nomine
1370 833 1640 903 appellare
1655 832 1819 887 voluit
1846 842 2008 890 totam
2027 849 2218 906 corpo-

636 926 804 979 ralem
836 924 1131 990 materiam,
1161 932 1219 977 ut
1237 938 1302 977 eo
1328 922 1486 977 modo
1516 922 1809 978 insinuaret
1838 923 1978 979 unde
1999 924 2136 980 facta
2160 934 2217 983 et

631 1017 855 1072 formata
882 1018 986 1071 sint
1009 1015 1206 1081 omnia,
1235 1028 1353 1084 qua:
1375 1017 1425 1068 in
1448 1015 1559 1069 suis
1595 1016 1881 1085 generibus
1891 1015 2000 1086 jam
2023 1017 2215 1089 digno.

629 1123 779 1164 scere
810 1121 1106 1177 possumus,
1137 1105 1410 1175 appellans
1444 1120 1658 1175 aquam,
1710 1106 1834 1175 quia
1886 1121 1950 1160 ex
1993 1107 2210 1163 lmmida

628 1206 813 1252 natura
834 1195 1070 1250 videmus
1094 1195 1269 1250 omnia
1298 1194 1349 1248 in
1374 1203 1514 1250 terra
1545 1210 1641 1265 per
1655 1195 1864 1265 species
1888 1196 2060 1252 varias
2099 1196 2208 1254 for-

630 1296 763 1350 mari
792 1304 949 1365 atque
968 1306 1344 1358 concrescere;
1363 1291 1474 1347 sive
1493 1292 1819 1362 spiritualem
1841 1291 2000 1347 vitam
2025 1308 2210 1362 quam-

625 1383 746 1440 dam
768 1393 892 1439 ante
919 1383 1142 1438 formam
1169 1381 1537 1437 conversionis
1571 1382 1722 1451 quasi
1750 1380 2043 1437 ï¬‚uitantem
2070 1399 2082 1434 :
2114 1398 2206 1439 su-

624 1474 991 1545 perferebatur
1019 1477 1196 1543 utique
1226 1473 1453 1542 Spiritus
1484 1473 1597 1539 Dei;
1626 1473 1746 1543 quia
1773 1472 2077 1543 subiacebat
2102 1474 2204 1529 sci-

620 1568 745 1621 licet
776 1566 927 1620 bona:
955 1565 1210 1619 voluntati
1251 1564 1539 1628 Creatoris,
1590 1563 1843 1634 quidquid
1888 1564 2017 1619 illud
2065 1575 2197 1630 erat,

617 1659 760 1730 quod
805 1658 1141 1713 formandum
1184 1655 1672 1726 perficiendumque
1737 1656 2079 1723 inchoaverat
2106 1676 2120 1711 :
2146 1668 2201 1712 ut

617 1751 826 1805 dicente
855 1750 962 1803 Deo
989 1749 1039 1802 in
1065 1747 1242 1802 Verbo
1268 1762 1383 1811 suo,
1418 1746 1536 1799 Fiat
1567 1745 1689 1811 lux;
1717 1747 1767 1801 in
1821 1747 1958 1802 bona
2011 1749 2199 1803 volun-

616 1848 744 1906 tate,
776 1840 874 1894 hoc
891 1847 993 1906 est,
1022 1838 1073 1892 in
1104 1837 1434 1907 beneplaeito
1454 1837 1591 1907 ejus,
1625 1852 1719 1907 pro
1738 1836 1895 1891 modo
1925 1838 2005 1892 sui
2028 1853 2194 1907 gene-

614 1933 692 1986 ris
722 1940 961 1986 maneret
988 1930 1127 2001 quod
1148 1930 1341 1984 factum
1363 1940 1472 1995 est;
1496 1939 1549 1985 et
1569 1929 1687 1984 ideo
1711 1939 1915 1985 rectum
1940 1940 2022 1986 est
2050 1931 2195 2002 quod

614 2023 877 2091 placuerit
903 2022 1032 2088 Deo,
1061 2020 1334 2089 Scriptura
1362 2020 1594 2086 dicente,
1626 2018 1695 2073 Et
1722 2016 1858 2090 facta
1899 2031 1970 2075 est
1992 2020 2122 2086 lux;
2147 2030 2194 2077 et

612 2115 735 2168 vidit
764 2114 898 2168 Deus
921 2115 1081 2168 lucem
1108 2114 1226 2183 quia
1271 2113 1401 2166 bona
1430 2122 1519 2167 est.
1552 2112 1623 2168 Ut
1651 2113 2096 2183 quemadmodum
2137 2114 2190 2169 in

611 2205 728 2276 ipso
760 2206 978 2261 exordio
1003 2204 1264 2259 inchoata:
1292 2213 1573 2271 creaturze,
1603 2220 1721 2274 qua:
1758 2204 1875 2259 cmli
1928 2213 1983 2259 et
2034 2213 2190 2260 terra:

610 2300 844 2364 nomine,
897 2308 1111 2370 prOpter
1138 2298 1191 2352 id
1227 2297 1367 2368 quod
1405 2298 1473 2352 de
1500 2298 1587 2351 illa
1640 2297 2016 2365 perliciendum
2051 2305 2185 2367 erat,

607 2397 1027 2445 commemorata
1095 2397 1214 2453 est,
1283 2387 1512 2441 Trinitas
1582 2387 1879 2442 insinuatur
1922 2388 2187 2444 Creatoris

608 2482 628 2553 (
654 2497 775 2536 nam
805 2480 1013 2536 dicente
1033 2481 1323 2548 Scriptura,
1354 2478 1421 2532 In
1459 2480 1722 2548 principio.
1748 2481 1865 2550 fecit
1912 2479 2048 2535 Deus
2079 2497 2183 2535 cae-

613 2574 719 2627 lum
743 2581 791 2627 et
816 2584 1019 2638 terram,
1055 2572 1391 2641 intelligimus
1414 2571 1624 2625 Patrem
1648 2572 1701 2625 in
1727 2571 1825 2626 Dei
1868 2572 2102 2637 nomine,
2131 2580 2185 2628 et

601 2665 790 2719 Filium
811 2664 864 2717 in
893 2662 1134 2732 principii
1159 2661 1394 2728 nomine,
1423 2660 1510 2730 qui
1548 2675 1655 2715 non
1685 2662 1848 2727 Patri,
1874 2661 1969 2716 sed
1988 2676 2084 2731 per
2120 2677 2182 2718 se

598 2755 770 2825 ipsum
798 2760 989 2809 creatae
1015 2739 1277 2822 primitus,
1306 2766 1370 2806 ac
1389 2751 1719 2820 putissimum
1748 2753 2006 2822 spirituali
2029 2769 2183 2809 crea-

597 2857 752 2913 turar,
779 2854 831 2901 et
851 2854 1239 2914 consequenter
1266 2845 1427 2898 etiam
1460 2846 1723 2899 universae
1746 2854 2003 2898 creaturae
2029 2845 2180 2914 prin-

594 2937 792 3006 cipium
817 2943 898 2989 est
933 2952 946 2987 :
972 2933 1181 2989 dicente
1197 2942 1371 2987 autem
1402 2933 1697 3002 Scriptura,
1726 2933 1951 3004 Spiritus
1978 2934 2070 2989 Dei
2091 2953 2180 2990 su-

595 3027 943 3100 perferebatur
980 3013 1132 3095 super
1166 3040 1369 3094 aquam,
1427 3023 1745 3093 completam
1785 3039 2175 3081 commemora-

594 3121 794 3176 tionem
820 3117 1094 3173 Trinitatis
1122 3114 1501 3186 agnoseimus);
1545 3115 1615 3168 ita
1647 3122 1699 3169 et
1729 3115 1782 3169 in
1824 3118 2175 3173 conversione

590 3220 748 3282 atque
772 3209 1097 3282 perfectione
1134 3215 1415 3269 creaturae,
1447 3213 1507 3259 ut
1530 3220 1708 3260 rerum
1761 3207 1969 3275 Species
2020 3208 2171 3278 dige-

589 3313 793 3369 rantur,
820 3300 1005 3356 eadem
1026 3298 1256 3352 Trinitas
1282 3298 1580 3351 insinuetur
1611 3314 1623 3349 :
1660 3296 1890 3351 Verbum
1922 3299 2017 3353 Dei
2062 3299 2169 3354 sci-

589 3392 733 3457 licet,
758 3399 813 3445 et
842 3388 1002 3444 Verbi
1036 3387 1353 3453 Generator,
1404 3401 1524 3440 cum
1568 3385 1782 3454 dicitur,
1817 3386 1956 3442 Dixit
1999 3388 2169 3454 Deus;

588 3494 641 3541 et
667 3490 849 3539 sancta
870 3481 1107 3543 Bonitas;
1150 3479 1203 3533 in
1239 3494 1341 3549 qua
1378 3478 1487 3533 Deo
1506 3479 1682 3548 placet
1719 3477 1974 3548 quidquid
1996 3481 2043 3534 ei
2068 3496 2167 3551 pro

584 3591 697 3629 suae
725 3582 929 3629 natura:
956 3570 1173 3625 modulo
1195 3568 1486 3639 perfectum
1532 3569 1727 3639 placet,
1779 3584 1901 3624 eum
1951 3569 2161 3637 dicitur,

594 3666 730 3721 Vidit
756 3664 896 3719 Deus
919 3663 1037 3734 quia
1067 3662 1250 3716 bonum
1274 3669 1365 3717 est.

654 3759 709 3814 3.
737 3776 756 3809 Î¹
786 3755 891 3812 Sed
918 3770 1013 3811 cur
1031 3761 1450 3809 commemorata
1469 3752 1636 3823 prius,
1676 3754 1920 3824 quamvis
1965 3754 2163 3824 impere

580 3849 716 3904 fecta
740 3855 1005 3912 creatura,
1055 3853 1236 3915 postea
1265 3853 1718 3899 commemoratur
1760 3844 1993 3914 Spiritus
2038 3846 2156 3913 Dei,

580 3941 728 4012 prius
752 3939 961 3994 dicente
1005 3936 1298 4006 Scriptura,
1342 3934 1498 3989 Terra
1536 3944 1706 4007 autem
1751 3944 1856 3990 erat
1899 3936 2161 3991 invisibilis

579 4041 627 4087 et
680 4030 1030 4102 incomposita,
1075 4036 1122 4083 et
1170 4028 1382 4082 tenebrat
1415 4036 1558 4082 erant
1596 4044 1748 4098 super
1778 4029 2050 4100 abyssum;
2095 4044 2159 4084 ac

576 4123 769 4179 deinde
789 4122 1067 4187 inferente,
1094 4119 1173 4191 Et
1189 4120 1397 4191 spiritus
1422 4119 1516 4174 Dei
1555 4121 1962 4190 superferebatur
2006 4137 2159 4192 super

574 4213 990 4284 aquam(Gen.t,
1034 4212 1185 4282 tui)?
1230 4213 1311 4266 An
1351 4213 1601 4282 quoniam
1642 4227 1842 4282 egenus
1885 4223 2045 4284 atque
2072 4214 2154 4268 in-

574 4304 729 4375 digus
757 4319 907 4357 amor
934 4305 1002 4356 ita
1048 4302 1238 4372 diligit,
1263 4313 1320 4356 ut
1343 4302 1504 4357 rebus
1526 4318 1659 4372 quas
1686 4303 1857 4373 diligit
1901 4305 2152 4374 subjicia-

577 4407 691 4462 tur;
726 4405 1005 4465 propterea
1048 4408 1171 4449 cum
1213 4403 1723 4449 commemoraretur
1762 4395 1992 4466 Spiritus
2037 4398 2149 4465 Dei,

574 4487 627 4540 in
657 4501 761 4557 quo
786 4493 966 4540 sancta
995 4483 1113 4554 ejus
1149 4484 1527 4539 benevolentia
1556 4483 1879 4556 dilectioque
1908 4488 2153 4559 intelligi-

575 4588 678 4643 tur,
704 4577 991 4646 superferri
1014 4575 1186 4631 dictus
1211 4584 1315 4643 est,
1346 4591 1413 4630 ne
1444 4575 1679 4631 facienda
1705 4593 1865 4650 opera
1896 4594 2012 4647 sua,
2049 4597 2149 4652 per

572 4668 875 4738 indigentiae
905 4669 1278 4724 necessitatem
1320 4669 1495 4738 potius
1545 4685 1703 4739 quam
1737 4688 1832 4741 per
1875 4673 2148 4728 abundan-

573 4760 699 4815 tiam
729 4759 1097 4815 benelicentiae
1125 4760 1264 4814 Deus
1306 4774 1485 4814 amare
1514 4764 1822 4830 putaretur?
1864 4763 2026 4835 Cujus
2071 4767 2147 4821 rei

571 4867 778 4906 memor
816 4850 1100 4920 Apostolus
1149 4850 1385 4907 dicturus
1412 4852 1481 4909 de
1525 4853 1803 4922 ebaritate,
1858 4859 2148 4926 superemi-

570 4949 782 4997 nentem
813 4942 951 4996 viam
982 4941 1463 4998 demonstraturum
1493 4960 1551 5000 se
1569 4947 1645 5002 ait
1681 4946 1724 5019 (Î™
1747 4947 1865 5002 Cor.
1890 4965 1983 5014 xu,
2016 4950 2104 5020 3|)
2130 4969 2142 5005 :

568 5042 622 5089 et
650 5035 754 5089 alio
777 5034 915 5101 loco,
945 5034 1431 5106 Supercminentem,
1457 5038 1646 5108 inquit,
1674 5040 1895 5094 scientia:
1918 5041 2143 5095 clamita-

568 5131 664 5177 tem
686 5120 872 5177 Christi
897 5122 1109 5195 (Ep/tes.
1140 5140 1217 5191 tu,
1250 5124 1362 5198 19).
1393 5126 1526 5181 Cum
1570 5144 1698 5199 ergo
1745 5130 1821 5185 sic
1864 5140 2137 5201 oporteret

565 5215 819 5269 insinuari
848 5214 1101 5285 Spiritum
1131 5217 1243 5283 Dei,
1274 5228 1331 5272 ut
1351 5218 1643 5288 superferri
1676 5220 1961 5290 diceretur,
1991 5239 2140 5280 eom~

567 5306 776 5362 modius
802 5306 993 5362 factum
1033 5317 1132 5374 est,
1165 5317 1222 5363 ut
1249 5310 1396 5378 prius
1435 5311 1796 5366 insinuaretur
1840 5314 2033 5385 aliquid
2063 5318 2143 5372 in-

562 5400 833 5464 choatum,
859 5401 943 5455 cui
972 5400 1257 5470 superferri
1282 5401 1582 5469 diceretur;
1635 5420 1739 5459 non
1781 5415 1956 5462 autem
1998 5409 2137 5480 loco,

561 5490 656 5546 sed
688 5492 862 5545 omnia
890 5501 1173 5563 superante
1197 5507 1260 5546 ac
1276 5493 1616 5561 praecellente
1639 5498 2015 5572 potentias(De
2036 5500 2138 5556 Ge-

560 5581 665 5635 nesi
694 5581 761 5635 ad
789 5581 1022 5650 litteram,
1054 5582 1140 5638 lib.
1170 5583 1221 5650 1,
1245 5597 1360 5653 cap.
1393 5583 1508 5653 5â€™7,
1536 5601 1587 5639 Î·.
1617 5586 1828 5661 11-15).

1393 257 1479 313 DE
1520 258 1698 316 OCTO
1737 260 2029 319 DULClTll
2067 260 2603 337 QUESTIONIBUS,
2637 270 2695 328 S.
2739 274 3103 338 AUGUSTINI
3762 306 3835 370 {es

2339 378 2548 446 QUEST.
2580 385 2620 441 Î½
2667 386 2823 461 (qua:
2864 398 3130 454 novissimo
3165 403 3299 458 'loco
3353 412 3626 481 tractatur).
3648 445 3712 460 Î¿Î‡-
3736 419 3836 491 Quo.

2407 455 2555 491 mnIIn
2616 458 2796 491 Î¿Î™Î¹ÏÎ¹..-
2857 462 3015 491 n-..:.:
3074 473 3253 491 ____.,,J
3498 480 3528 491 ..
3566 483 3578 491 .

2407 455 2579 550 inqqu
2614 455 2801 550 electu:
2819 541 2831 550 Î¹
2851 462 3015 520 David
3067 455 3339 529 secundum
3355 455 3461 533 "cor
3653 455 3830 550 Christi

2409 521 2579 578 David
2606 531 2913 598 appellatus.

2405 613 2457 721 1â€˜.
2487 614 2602 670 Jam
2632 617 2797 677 nunc
2822 624 2949 681 illud
2991 630 3133 699 quod
3160 632 3522 696 disserendum
3558 644 3824 721 distuleram,

2330 705 2599 777 paulisper
2625 710 2859 771 intende.
2902 716 3106 785 Quaeris
3154 726 3296 782 enim
3328 748 3348 781 á½·
3371 730 3540 798 Quare
3573 736 3739 796 dixerit
3760 705 3832 801 03'-

2327 795 2523 866 minus,
2572 801 2818 860 nimirum
2865 813 3119 877 pnnseius
3170 817 3481 885 futurorum,
3523 826 3658 900 Elegi
3708 833 3829 892 David

2325 891 2596 946 secundum
2643 911 2730 949 cor
2784 914 2948 954 meum
2994 905 3098 974 (Î™Î™Î™
3148 908 3275 981 Reg.
3323 929 3434 983 VIII,
3464 918 3567 989 16);
3595 891 3700 977 cuum

2326 987 2573 1052 tantaque
2601 984 2712 1054 ipse
2740 987 2897 1045 homo
2923 997 3267 1055 commiserit.
3298 1020 3317 1053 Î¹

2391 1071 2444 1124 2.
2476 1073 2626 1141 Quod
2653 1076 2890 1148 quidem,
2920 1083 2967 1138 si
3004 1085 3071 1141 de
3106 1088 3220 1158 ipso
3249 1091 3411 1148 David
3431 1137 3445 1160 ,
3477 1098 3563 1167 qui
3600 1105 3828 1172 reprobate

2317 1159 2476 1218 Saï¬le
2504 1175 2556 1221 et
2582 1169 2843 1226 exstincto
2874 1173 2970 1229 fuit
3018 1193 3113 1233 rex
3150 1180 3332 1249 lsraÃ©l,
3381 1159 3575 1245 dictum
3618 1159 3825 1269 intelligi.

2317 1268 2469 1320 mus;
2501 1258 2668 1328 magis
2689 1262 2809 1330 quia
2840 1262 2980 1320 Deus
3006 1272 3256 1336 praescius
3292 1272 3587 1334 futurorum
3613 1294 3700 1348 est,
3724 1258 3825 1356 pne-

2316 1343 2448 1400 vidit
2477 1346 2530 1400 in
2557 1362 2624 1405 eo
2654 1357 2853 1408 tantam
2883 1357 3129 1424 pietatem
3183 1373 3394 1437 tamque
3430 1385 3660 1427 veracem
3688 1343 3825 1445 pinni-

2315 1437 2552 1507 tentiam,
2585 1452 2644 1496 ut
2685 1456 2826 1501 esset
2866 1447 2919 1501 in
2950 1465 3132 1506 eorum
3185 1472 3406 1514 numero
3446 1461 3513 1517 de
3550 1464 3721 1534 quibus
3744 1469 3826 1540 ipse

2310 1526 2435 1582 dicit
2463 1546 2475 1581 :
2506 1529 2652 1586 Beati
2679 1552 2891 1605 quarunt
2919 1542 3137 1597 remissa:
3161 1556 3276 1601 sunt
3312 1526 3610 1621 iniquitates,
3658 1568 3699 1612 et
3735 1526 3827 1631 qia-

2308 1636 2420 1673 rum
2448 1630 2710 1699 tectaqsunt
2732 1641 2955 1696 peccata.
2996 1631 3181 1690 Beatus
3224 1637 3321 1707 vir,
3351 1643 3434 1696 cui
3481 1661 3579 1698 non
3614 1630 3826 1719 imputavit

2304 1710 2553 1768 Dominus
2582 1728 2838 1783 peccatum
2863 1721 3029 1792 (Psal.
3062 1743 3207 1793 XXXI,
3232 1731 3283 1798 1,
3311 1732 3387 1803 2).
3422 1736 3552 1789 Cum
3580 1710 3695 1809 ergo
3717 1756 3825 1809 pne-

2303 1806 2462 1859 seiret
2482 1822 2602 1861 eum
2636 1810 2771 1865 Deus
2802 1825 3161 1886 peccaturum,
3192 1831 3244 1876 et
3264 1834 3483 1894 peccata
3508 1843 3600 1882 sua
3643 1806 3717 1898 pia
3752 1831 3822 1883 lul-

2302 1899 2524 1957 utilitate
2544 1910 2596 1956 et
2619 1903 2824 1959 sincera
2853 1911 3157 1976 paenitentia
3186 1914 3505 1987 deletorum,
3531 1935 3623 1974 cur
3645 1937 3735 1975 non
3760 1922 3819 1978 di-

2300 1999 2466 2059 ceret,
2525 1991 2706 2048 Inveni
2730 1996 2923 2061 ,David
2967 2002 3243 2057 secundum
3288 2022 3374 2060 cor
3398 2024 3597 2075 meum;
3640 2010 3825 2068 cuinon

2298 2091 2412 2136 erat
2438 2083 2789 2154 imputaturus
2814 2101 3087 2159 peccatum
3119 2103 3223 2149 tam
3254 2098 3415 2161 multa
3460 2100 3596 2156 bona
3635 2102 3821 2171 facienti,

2297 2182 2351 2227 et
2377 2190 2496 2229 eum
2525 2185 2666 2232 tanta
2695 2179 2888 2249 pietate
2910 2184 3128 2253 viventi,
3156 2196 3210 2241 et
3238 2189 3349 2257 ipsa
3379 2191 3580 2260 pietate
3604 2210 3694 2264 pro
3725 2212 3821 2266 pec-

2295 2266 2428 2319 catis
2452 2267 2563 2322 suis
2592 2271 2908 2327 sacrificium
2937 2278 3151 2331 eontriti
3188 2281 3405 2348 spiritus
3428 2284 3697 2342 offerenti?
3720 2289 3823 2344 Pro-

2296 2364 2411 2424 pter
2431 2355 2547 2412 bmc
2571 2361 2751 2416 omnia
2794 2365 3070 2420 verissime
3095 2368 3293 2424 dictum
3341 2382 3446 2440 est,
3483 2376 3657 2431 Inveni
3693 2376 3821 2433 David

2292 2447 2573 2501 secundum
2604 2466 2692 2504 cor
2720 2468 2904 2508 meum.
2954 2457 3085 2523 Quia
3128 2459 3252 2515 licet
3305 2466 3597 2521 secundum
3638 2484 3721 2525 cor
3753 2470 3821 2525 Dei

2290 2549 2394 2588 non
2425 2548 2587 2606 esset,
2617 2543 2756 2610 quod
2782 2544 2871 2600 ille
2917 2550 3179 2616 peccavit;
3228 2562 3403 2609 tamen
3456 2559 3822 2617 secundumcor

2290 2624 2383 2680 Dei
2408 2626 2527 2693 fuit,
2570 2633 2709 2701 quod
2738 2650 2836 2704 pro
2869 2641 3097 2707 peccatis
3134 2644 3248 2699 suis
3276 2660 3514 2716 congrua
3556 2653 3818 2720 pmnitentia

2286 2718 2559 2775 satisfecit.
2591 2722 2704 2779 Hoc
2730 2727 2899 2782 solum
2947 2745 3074 2800 ergo
3094 2732 3149 2787 in
3177 2734 3269 2790 illo
3310 2718 3605 2796 secundum
3646 2758 3730 2798 cor
3753 2743 3819 2798 Dei

2285 2823 2390 2863 non
2421 2810 2538 2879 fuit,
2567 2815 2707 2883 quod
2731 2816 2807 2871 illi
2857 2820 2996 2877 Deus
3043 2838 3148 2879 non
3203 2827 3506 2897 imputavit.
3538 2834 3647 2890 Hoc
3681 2835 3821 2905 itaque

2282 2898 2478 2968 ablato,
2505 2902 2558 2957 id
2587 2913 2669 2959 est
2692 2922 2797 2967 non
2830 2909 3107 2979 imputate,
3142 2917 3271 2985 quid
3303 2923 3576 2990 remansit,
3606 2925 3697 2979 nisi
3713 2898 3819 2980 unde

2282 2996 2558 3050 verissime
2577 2997 2858 3066 diceretur,
2876 3002 3054 3060 Inveni
3075 3006 3241 3063 David
3265 3013 3541 3068 secundum
3562 3034 3647 3071 eor
3662 3017 3819 3073 mm?

2350 3088 2400 3141 3.
2433 3086 2488 3142 Si
2517 3101 2693 3145 autem
2722 3090 2825 3151 hoc
2853 3096 3157 3165 prophetiae
3184 3101 3380 3157 dictum
3407 3104 3476 3161 de
3506 3104 3707 3164 Christo
3740 3124 3813 3164 ve-

2228 3213 2247 3218 -
2280 3172 2457 3230 limus
2483 3179 2742 3248 accipere,
2788 3185 2960 3241 nullus
3003 3188 3175 3244 nodus
3208 3195 3534 3260 quaestionis
3578 3209 3814 3263 occurret;

2276 3264 2377 3320 nisi
2407 3266 2542 3322 forte
2585 3278 2642 3323 ut
2680 3282 2946 3340 quaeratur
2988 3291 3019 3330 a
3073 3280 3229 3335 nobis
3266 3285 3537 3351 quomodo
3584 3288 3813 3344 Christum

2274 3365 2418 3411 recte
2456 3358 2558 3412 isto
2586 3363 2801 3417 nomine
2831 3379 3021 3422 vocare
3064 3372 3313 3437 potuerit.
3336 3372 3440 3429 Sed
3469 3378 3816 3447 respondemus

2274 3456 2489 3517 propter
2540 3464 2725 3506 semen
2756 3453 2941 3522 David,
2990 3473 3057 3514 ex
3082 3475 3188 3529 quo
3221 3476 3437 3519 carnem
3486 3464 3717 3523 Christus
3747 3482 3814 3524 asc

2271 3538 2513 3607 sumpsit.
2537 3537 2646 3595 Nec
2670 3542 2784 3597 sine
2813 3547 3057 3617 exemplo
3086 3552 3345 3608 rationem
3373 3552 3535 3625 bujus
3567 3557 3620 3611 in
3636 3557 3813 3613 Christo

2270 3630 2499 3684 nominis
2524 3631 2816 3688 reddimus.
2846 3635 3149 3696 Invenimus
3174 3645 3368 3714 quippe
3397 3651 3726 3715 apertissime
3742 3649 3808 3705 Je-

2266 3736 2385 3776 sum
2409 3723 2676 3779 Christum
2694 3728 2831 3796 apud
2853 3730 3161 3800 prophetam
3186 3736 3520 3795 Ezechielem
3543 3741 3695 3797 David
3714 3754 3811 3797 esse

2265 3812 2606 3882 appellatum,
2638 3815 2726 3870 ubi
2764 3817 2957 3888 legitur
3005 3836 3071 3877 ex
3113 3838 3338 3892 persona
3383 3827 3480 3883 Dei
3530 3829 3810 3891 Patris:_Et

2264 3906 2512 3959 suscitabo
2533 3925 2683 3978 super
2711 3928 2890 3981 pecora
2915 3930 3023 3968 mea
3066 3926 3316 3986 pastorem
3342 3936 3500 3977 unum
3547 3926 3633 3995 qui
3666 3930 3812 3996 pascat

2263 4011 2341 4059 ca,
2370 4012 2564 4050 servum
2585 4016 2747 4055 meum
2776 4002 2979 4071 David;
3006 4015 3053 4060 et
3082 4009 3191 4076 ipse
3217 4022 3383 4079 pascet
3414 4031 3499 4080 ea,
3525 4024 3572 4071 et
3612 4018 3714 4088 ipse
3735 4016 3809 4071 erit

2263 4086 2342 4140 Itis
2368 4086 2419 4141 in
2445 4098 2695 4158 pastorem
2718 4108 2737 4146 :
2761 4110 2852 4164 ego
2876 4107 3042 4151 autem
3069 4096 3316 4157 Dominus
3342 4121 3425 4158 ero
3448 4107 3524 4160 eis
3561 4108 3613 4162 in
3648 4106 3807 4172 Deum,

2260 4188 2308 4234 et
2334 4197 2503 4237 servus
2547 4200 2685 4239 meus
2706 4184 2873 4240 David
2924 4190 3154 4261 princeps
3202 4194 3254 4247 in
3301 4198 3465 4250 medio
3490 4214 3688 4264 eorum;
3729 4213 3803 4269 ego

2258 4270 2510 4327 Dominus
2534 4275 2728 4331 locutus
2768 4295 2901 4333 sum.
2936 4281 3003 4335 Et
3048 4283 3152 4339 alio
3191 4284 3309 4341 loco
3339 4304 3353 4340 :
3384 4287 3454 4342 Et
3480 4307 3588 4358 rex,
3640 4291 3802 4362 inquit,

2260 4379 2388 4418 unus
2417 4366 2512 4418 erit
2547 4368 2778 4423 oumibus
2804 4369 3080 4440 imperans,
3110 4384 3157 4427 et
3202 4392 3303 4429 non
3349 4390 3491 4434 erunt
3536 4383 3670 4436 ultra
3713 4381 3820 4447 dua.

2256 4465 2446 4524 gentes,
2471 4472 2558 4509 nec
2582 4457 2866 4512 dividentur
2892 4463 3109 4532 amplius
3130 4465 3181 4518 in
3212 4465 3310 4520 duo
3331 4485 3504 4539 regna,
3536 4488 3689 4543 neque
3712 4468 3806 4541 pol-

2258 4548 2456 4597 luantur
2484 4546 2618 4599 ultra
2637 4548 2689 4601 in
2714 4548 2863 4604 idolis
2888 4553 2993 4604 suis
3016 4570 3051 4605 ei
3079 4554 3537 4614 abominationibus
3564 4563 3668 4616 suis
3701 4554 3747 4615 et
3763 4561 3807 4613 in

2254 4635 2441 4688 cunctis
2461 4635 2804 4705 iniquitatibus
2822 4640 2926 4694 suis
2952 4657 2970 4694 :
2992 4652 3037 4696 et
3083 4644 3247 4699 salvos
3271 4662 3353 4701 eos
3378 4649 3563 4719 faciant
3604 4652 3664 4705 de
3701 4651 3804 4703 uni-

2256 4725 2406 4779 versis
2429 4725 2626 4781 sedibus
2648 4730 2753 4783 suis
2781 4731 2798 4761 Â¹
2820 4730 2873 4784 in
2895 4732 3070 4801 quibus
3110 4749 3454 4806 peccaverunt,
3484 4750 3530 4794 et
3573 4740 3801 4795 mandabo

2253 4831 2355 4869 eos.
2385 4815 2451 4869 Et
2479 4828 2623 4872 erant
2644 4820 2767 4873 mihi
2793 4823 3030 4892 populus,
3063 4816 3110 4878 et
3139 4842 3228 4896 ego
3251 4843 3336 4883 ero
3364 4830 3435 4884 eis
3463 4829 3622 4897 Deus;
3646 4840 3691 4885 et
3716 4848 3803 4885 ser-

2252 4920 2340 4959 vus
2385 4924 2523 4963 meus
2568 4908 2736 4964 David
2761 4928 2851 4965 rea:
2897 4931 3050 4984 super
3094 4933 3198 4983 eos,
3247 4928 3295 4972 et
3337 4931 3508 4990 pastor
3552 4938 3683 4976 unus
3727 4923 3805 4976 erit

2252 4998 2474 5052 omnium
2537 5017 2706 5054 eorum
2761 5000 2996 5073 (Ezeclt.
3029 5021 3207 5074 xxxrv,
3255 5007 3347 5077 23,
3392 5009 3480 5079 2i,
3545 5021 3593 5065 et
3629 5025 3803 5072 xxxvn,

2251 5088 2481 5160 22-24).
2510 5092 2646 5147 Osee
2698 5109 2908 5163 quoque
2952 5098 3230 5166 propinata,
3287 5115 3407 5155 cum
3451 5101 3805 5172 praenuntiaret

2252 5192 2458 5252 tempus
2481 5183 2803 5252 Judmorum,
2834 5188 2987 5256 quale
3026 5205 3166 5245 nunc
3210 5190 3426 5259 habent,
3470 5203 3522 5249 et
3559 5194 3610 5248 in
3664 5193 3803 5248 Chri-

2249 5281 2388 5328 stum
2419 5291 2512 5331 eos
2537 5288 2720 5346 postea
2755 5279 3077 5347 credituros,
3107 5284 3356 5340 eumdem
3408 5286 3670 5342 Christum
3711 5284 3801 5339 Da-

2248 5365 2333 5420 vid
2364 5367 2575 5422 nomine
2605 5370 2953 5438 propltetavit,
2976 5372 3157 5429 dicens
3187 5393 3199 5429 :
3228 5376 3477 5444 Quoniam
3497 5378 3666 5432 diebus
3684 5374 3800 5429 mal-

2250 5459 2311 5513 tis
2338 5459 2574 5513 sedebant
2602 5461 2700 5530 ï¬lii
2738 5461 2900 5518 Israel
2927 5466 3035 5520 sine
3082 5483 3217 5539 rege,
3266 5469 3375 5523 sine
3421 5470 3659 5541 principe,
3710 5465 3797 5521 sint

2248 5552 2516 5621 sacrificio,
2545 5553 2654 5608 sine
2671 5555 2839 5622 altari,
2862 5557 2969 5612 sine
3006 5560 3301 5627 sacerdotio,
3331 5563 3439 5616 sine
3461 5560 3801 5615 manifestatioâ€”

2316 5696 2332 5726 á½·
2368 5700 2494 5744 Unus
2510 5708 2539 5746 e
2566 5698 2708 5748 Vatic.
2733 5706 2858 5761 Mss.,
2882 5698 3118 5753 sordibus.
3144 5700 3275 5765 Apud
3299 5709 3408 5754 LXX
3423 5711 3509 5765 est,
3524 5700 3741 5752 quondam.

3955 531 3957 559 1

3949 622 3958 649 'l

3955 984 3957 999 l

3946 1438 3958 1470 .l

3955 1984 3957 2017 l

3948 2086 3958 2109 Il

3955 3516 3958 3533 l

3955 3704 3958 3732 l

3954 3790 3958 3823 l

3955 4156 3957 4177 l

3955 4258 3957 4275 l
