3996 6282
150 325 230 383 169
986 311 1353 369 ADMUNITIO
1393 311 1457 368 IN
1496 312 1659 371 SUBS

1770 311 2046 369 UEN'I‘EM
2087 312 2362 369 LIBRUM.

152 438 283 493 nibus.
313 432 388 489 Sic
420 443 547 487 nunc
574 443 682 486 esse
756 428 972 484 Iudaeos
1018 428 1237 499 ambigit
1307 443 1486 484 nemo.
1544 429 1650 485 Sed

148 529 260 601 quod
283 526 346 580 ait
378 520 625 591 apostolus
659 524 876 588 Paulus,
919 522 1175 579 Gentibus
1212 523 1460 593 loquens,
1507 524 1656 581 Sicut

144 616 615 685 atimvosnliquando
646 632 749 669 non
792 614 1080 670 credidistis
1128 614 1254 681 Deo,
1302 633 1433 669 nunc
1483 626 1657 671 autem

142 709 476 767 misericordiam
498 707 739 761 consecuti
766 707 887 761 estis
918 706 970 759 in
1008 706 1214 760 illorum
1257 706 1655 772 incredulitate;

141 814 195 855 sic
215 811 251 854 et
270 801 343 853 isti
363 814 484 852 nunc
511 814 607 851 non
633 796 951 850 crediderunt
984 797 1035 850 in
1076 806 1240 851 vestra
1283 798 1653 864 misericordia,

141 902 180 947 ut
195 900 231 946 et
244 891 327 961 ipsi
340 888 709 943 misericordiam
722 897 1092 958 consequantur
1109 887 1283 956 (Rom.
1303 904 1375 953 ιι,
1394 888 1463 944 50
1479 898 1524 942 et
1542 889 1601 943 51
1616 889 1657 957 );

141 985 219 1037 hoc
239 984 464 1052 pr0pheta
492 981 589 1035 iste
617 988 761 1033 tanto
786 988 912 1034 ante
943 978 1265 1048 praedicens,
1295 987 1512 1035 secutus
1564 978 1662 1035 ad-

136 1074 289 1143 junxit,
316 1069 377 1125 Et
399 1081 564 1140 postea
591 1080 897 1124 revertentur
937 1070 1034 1139 ﬁlii
1078 1068 1264 1135 Israel,
1311 1080 1359 1125 et
1409 1071 1659 1139 inquirent

139 1164 360 1217 Dominum
390 1161 543 1215 Deum
568 1177 711 1215 suum
741 1169 789 1213 et
815 1159 984 1213 David
1004 1177 1168 1231 regem
1194 1178 1364 1225 suum,
1395 1170 1443 1215 et
1484 1171 1658 1231 stupe-

138 1263 245 1309 scent
263 1254 306 1306 in
324 1251 529 1305 Domino
560 1261 603 1305 et
627 1252 679 1304 in
706 1251 848 1306 bonis
888 1252 1051 1322 ipsius
1077 1251 1130 1305 in
1161 1252 1442 1305 novissimis
1464 1250 1659 1305 diebus.

140 1346 260 1416 (Osee
277 1360 344 1409 ut,
370 1344 422 1409 ι,
452 1342 528 1416 5).
560 1343 697 1397 Ecce
741 1352 795 1398 et
823 1341 911 1396 hic
955 1358 1052 1413 per
1094 1341 1262 1397 David
1309 1358 1504 1398 nomen
1538 1357 1662 1412 pro-

138 1436 336 1507 phetatus
352 1445 426 1490 est
447 1432 718 1499 Christus;
751 1434 1003 1504 quoniam
1048 1432 1263 1504 quando
1290 1434 1390 1488 ista
1427 1433 1660 1503 prophe-

137 1530 353 1593 tabantur,
380 1527 464 1580 ille
499 1524 665 1580 David
693 1540 789 1580 rex
830 1524 994 1580 Israel
1032 1525 1144 1596 jam
1186 1525 1313 1579 olim
1367 1533 1492 1580 ante
1537 1524 1664 1579 dor-

138 1620 286 1672 mierat
308 1636 319 1670 :
344 1618 587 1672 Dominus
610 1626 792 1672 autem
821 1616 977 1672 Iesus
1005 1632 1070 1672 ex
1092 1616 1208 1687 ejus
1242 1617 1449 1672 semine
1484 1616 1661 1672 fuerat

140 1709 179 1763 in
200 1724 330 1763 carne
352 1716 633 1775 venturus;
668 1719 887 1778 propter
909 1708 1051 1778 quod
1070 1707 1380 1779 prophetico
1408 1707 1664 1778 loquendi

139 1799 263 1853 modo
285 1799 625 1869 appellabatur
675 1798 861 1853 David.
907 1799 1126 1854 Videtur
1162 1808 1340 1855 autem
1382 1800 1663 1870 apostolus

140 1888 291 1943 Paulus
304 1887 395 1943 hoc
419 1889 776 1943 testimonium
807 1889 876 1943 ita
902 1888 1145 1959 posuisse
1177 1890 1228 1943 in
1252 1890 1474 1945 Actibus
1512 1890 1664 1961 Apo-

140 1978 367 2044 stolorum,
394 1986 446 2033 ut
475 1994 578 2033 non
628 1978 731 2033 nisi
768 1978 840 2034 de
876 1979 966 2033 illo
988 1993 1113 2049 rege
1158 1980 1322 2035 David
1378 1981 1467 2052 qui
1516 1982 1662 2037 Sat'tli

141 2068 345 2123 successit
391 2069 548 2137 possit
600 2068 847 2140 intelligi.
916 2069 1049 2123 Nam
1116 2070 1254 2126 inter
1311 2080 1527 2137 caetera,
1596 2071 1664 2127 Et

142 2160 296 2223 scinde,
319 2159 491 2228 inquit,
522 2160 909 2229 postulaverunt
934 2177 1121 2232 regem,
1153 2171 1200 2215 et
1225 2161 1362 2217 dedit
1386 2163 1491 2216 illis
1522 2162 1662 2217 Deus

145 2250 243 2305 Sail
264 2251 403 2319 filium
426 2251 523 2316 (Iis,
547 2252 715 2305 virum
740 2252 803 2306 de
840 2251 971 2305 tribu
999 2252 1290 2323 Benjamin,
1336 2254 1483 2308 annis
1532 2270 1663 2325 qua-

144 2340 341 2409 draginta.
369 2339 430 2393 Et
476 2350 649 2396 amoto
690 2340 781 2396 illo
826 2342 1082 2396 suscitavit
1128 2343 1232 2396 illis
1279 2341 1447 2397 David
1472 2360 1661 2412 regem,

146 2430 254 2484 csiet
271 2432 582 2486 testimonium
612 2432 877 2504 perhibens
902 2433 1050 2500 dixit,
1079 2432 1260 2487 Inveni
1288 2432 1454 2487 David
1492 2435 1658 2502 [ilium

148 2517 268 2589 Iesse,
292 2522 427 2576 uirum
449 2523 734 2578 secundum
761 2540 849 2578 cor
873 2540 1057 2593 meum,
1086 2525 1169 2595 qui
1193 2526 1342 2595 faciet
1367 2542 1538 2580 omnes
1567 2542 1655 2580 vo-

3227 315 3327 369 1⁸70

1765 431 1980 485 luntates
2005 446 2160 484 meas.
2189 428 2293 485 Sed
2320 428 2571 500 quoniam
2590 426 2808 484 secutus
2835 426 3073 499 adjungit
3097 435 3150 484 et
3175 428 3301 483 dicit
3324 470 3339 493 ,

1768 521 1938 592 Hujus
1966 520 2102 575 Deus
2125 537 2187 574 ex
2228 521 2433 584 semine,
2478 517 2751 573 secundum
2801 518 3201 588 promissionem,
3245 520 3341 573 ad-

1764 611 1908 665 duxit
1936 608 2103 664 Israel
2126 609 2443 666 Salvatorent
2461 608 2635 663 Jesum
2656 606 2790 680 (Act.
2815 622 2929 675 xm,
2957 607 3171 677 2l-25);
3191 608 3347 664 altius

1765 699 2079 769 significavit
2131 700 2182 753 in
2236 700 2460 754 Domino
2498 699 2625 754 Iesu
2669 699 2844 770 potius
2891 712 3012 754 esse
3046 698 3352 768 intelligen-

1765 792 1890 847 dum
1921 792 2051 847 illud
2076 792 2457 855 testimonium,
2490 792 2578 862 qui
2600 806 2727 847 vere
2775 790 2899 846 fecit
2928 805 3115 845 omnes
3161 790 3350 845 volun-

1767 890 1901 936 tates
1929 882 2021 937 Dei
2044 882 2235 945 Patris,
2269 898 2426 952 quam
2466 880 2517 936 in
2542 879 2632 935 illo
2674 896 2799 951 rege
2836 879 3001 936 David
3042 900 3055 936 :
3088 881 3177 953 qui
3224 881 3353 937 licet

1765 972 2058 1027 secundum
2098 974 2428 1042 superiorem
2468 973 2905 1042 disputationem,
2942 972 3183 1030 remissis
3222 989 3351 1044 pec-

1764 1065 1899 1119 catis
1922 1071 2101 1119 etnon
2148 1064 2441 1135 imputatis,
2485 1074 2702 1135 propter
2742 1065 2911 1134 ipsam
2945 1080 3156 1137 quoque
3207 1067 3351 1137 piam

1768 1155 2156 1225 paenitentiam,
2188 1171 2292 1211 non
2323 1156 2591 1212 immerito
2619 1155 2723 1211 dici
2749 1157 2919 1226 possit
2964 1156 3210 1212 inventus
3262 1173 3349 1215 se-

1765 1246 1993 1301 cundum
2007 1261 2100 1301 cor
2119 1247 2230 1313 Dei;
2256 1258 2430 1303 tamen
2447 1261 2635 1303 omnes
2650 1247 2947 1303 voluntates
2972 1247 3067 1304 Dei
3081 1249 3353 1319 quomodo

1768 1337 1925 1392 fecit?
1951 1338 2048 1406 Qui
2078 1354 2199 1394 cum
2254 1338 2709 1395 excellentissime
2754 1338 3085 1406 laudaretur,
3136 1339 3351 1410 quando

1767 1433 1883 1502 ejus
1910 1440 2145 1502 tempora
2170 1441 2225 1487 et
2254 1430 2392 1487 facta
2412 1432 2690 1503 Scriptura
2712 1434 2971 1498 narravit,
3018 1439 3230 1486 notatus
3269 1439 3354 1486 est

1768 1533 1943 1579 tamen
1969 1525 2110 1595 quod
2140 1539 2248 1579 non
2296 1524 2561 1579 destruxit
2601 1522 2833 1590 excelsa,
2879 1522 2969 1578 ubi
3015 1522 3353 1579 sacriﬁcabat

1767 1618 1991 1689 pepulus
2060 1616 2156 1673 Dei
2202 1626 2387 1672 contra
2429 1624 2751 1687 przeceptum
2797 1614 2916 1683 Dei,
2964 1614 3056 1685 qui
3117 1623 3348 1670 tantum-

1768 1708 1928 1764 modo
1954 1708 2005 1785 in
2030 1708 2371 1763 tabernaculo
2395 1707 2682 1763 testimonii
2709 1706 2814 1761 sibi
2852 1706 3145 1763 sacrificari
3170 1708 3353 1776 jusse-

1769 1810 1883 1868 ηις
1913 1802 2159 1871 quamvis
2187 1808 2242 1856 et
2271 1799 2322 1855 in
2364 1798 2565 1855 eisdem
2608 1798 2839 1854 excelsis
2883 1798 3057 1853 cidem
3092 1798 3359 1853 sacrifica-

1770 1902 1919 1946 retur
1947 1891 2058 1946 Deo
2083 1908 2095 1942 :
2121 1906 2240 1961 quae
2264 1888 2607 1961 postmodum
2633 1889 2846 1945 excelsa
2873 1904 2937 1943 ex
2979 1890 3146 1959 ipsius
3190 1888 3358 1943 David

1769 1982 1974 2037 semine
2024 1990 2345 2053 prepagatus
2394 1997 2489 2036 rex
2534 1979 2809 2047 Ezechias,
2860 1995 2982 2036 cum
3053 1979 3359 2036 testimonio

1770 2089 1976 2144 magnae
2000 2089 2111 2129 sua:
2132 2073 2304 2129 laudis
2331 2072 2525 2129 evertit
2547 2071 2636 2145 (IV
2663 2071 2788 2143 Reg.
2824 2088 2969 2137 xvm,
2999 2070 3080 2143 4).

1842 2165 1898 2221 ι.
1930 2165 2078 2220 Sicut
2120 2166 2288 2236 potui,
2332 2164 2585 2236 respondi
2633 2163 3067 2231 inquisitionibus
3133 2163 3257 2218 tuis.
3299 2162 3355 2219 Si

1768 2255 1895 2327 quid
1940 2256 2007 2313 de
2038 2243 2157 2312 istis
2201 2258 2361 2313 rebus
2400 2256 2649 2312 invenisti
2692 2255 2900 2322 melius,
2952 2255 3065 2309 sive
3121 2254 3361 2311 invenire

1772 2347 2029 2416 potueris,
2055 2348 2413 2417 gratissimum
2435 2347 2750 2404 habebimus
2771 2346 2814 2401 si
2832 2361 2931 2401 nos
2955 2345 3147 2401 feceris
3172 2360 3361 2401 nosse.

1770 2436 1882 2507 Ego
1903 2438 2067 2505 enim,
2100 2437 2243 2508 quod
2272 2447 2325 2493 et
2350 2453 2510 2509 supra
2538 2437 2606 2494 de
2644 2454 2733 2495 me
2762 2437 3220 2504 commemoravi,-
3239 2451 3356 2491 ma-

1766 2526 1846 2598 gis
1872 2542 1993 2583 amo
2021 2527 2226 2585 discere
2246 2544 2401 2600 quam
2425 2528 2645 2586 docere.

163 2689 2608 2706 mw
3061 2701 3332 2709 *ω-

1201 2866 2236 2999 ADMONITIO

1156 3120 1234 3183 IN
1279 3119 1906 3196 SUBSEQUENTEM
1947 3121 2271 3184 LIBRUM.

1565 3318 1929 3368 QGOOQ'0-

195 3500 445 3573 Augustino
469 3503 866 3563 restituendum
896 3504 1199 3561 curavimus
1222 3504 1534 3576 opusculum
1561 3504 1909 3578 subsequens,
1940 3506 2081 3576 quod
2102 3507 2318 3577 quidem
2338 3523 2367 3563 a
2394 3508 2814 3565 Lovaniensibus
2838 3507 3123 3583 Theologis
3147 3511 3365 3585 abjudl-

138 3600 274 3647 calum
296 3594 404 3665 ipsi,
432 3606 484 3653 et
510 3596 855 3651 amandatum
884 3597 938 3651 in
964 3596 1329 3667 Appendicem
1356 3594 1547 3660 fuerat,
1578 3596 1792 3667 praefixa
1824 3595 1936 3664 illa,
1961 3612 2117 3667 quam
2144 3599 2213 3653 ab
2241 3599 2461 3655 Erasmo
2487 3599 2707 3655 mutuati
2737 3608 2880 3668 sunt,
2902 3615 3160 3658 censura:
3189 3602 3365 3660 Libel-

141 3682 201 3737 lus
233 3685 301 3739 ltic
336 3704 393 3742 es
438 3689 651 3744 diversis
686 3689 955 3760 Augustini
979 3689 1206 3758 epistolis
1230 3688 1609 3742 consarcinatus
1637 3696 1729 3753 est,
1757 3688 1975 3743 maxime
2002 3689 2139 3759 quod
2161 3690 2231 3744 ad
2259 3692 2527 3746 sententias
2556 3692 2751 3747 attinet.
2798 3693 3043 3750 Addebat
3082 3696 3359 3765 Erasmus,

139 3773 361 3842 probabile
382 3779 543 3835 videri
574 3794 709 3850 opus
734 3793 852 3834 esse
891 3778 1127 3849 llugonis
1154 3777 1408 3833 Victorini
1442 3795 1456 3834 :
1486 3793 1645 3848 quam
1672 3779 1787 3850 ejus
1815 3779 2174 3849 conjecturam
2200 3780 2394 3837 refellit
2418 3783 2501 3838 vel
2530 3783 2643 3839 sola
2672 3784 2911 3855 ejusdem
2936 3786 3056 3842 libri
3097 3789 3362 3860 scriptura

140 3864 180 3918 in
196 3865 562 3926 Gemmeticensi
594 3869 780 3926 codice
809 3881 933 3926 ante
963 3870 1200 3941 Hugonis
1228 3878 1436 3925 aetatem
1465 3880 1707 3939 exarata,
1732 3881 1786 3927 et
1811 3886 2005 3942 gerens
2040 3872 2092 3927 in
2140 3872 2315 3930 fronte
2354 3891 2550 3931 nomen
2587 3878 2885 3947 Augustini.
2936 3880 3043 3937 Res
3093 3882 3251 3937 etiam
3299 3895 3363 3940 ac

139 3958 306 4025 phrasis
328 3977 425 4017 non
449 3963 723 4034 ﬂugonem
753 3963 938 4028 refert,
966 3962 1060 4017 sed
1090 3976 1308 4032 prorsus
1347 3963 1727 4034 Augustinum;
1774 3963 1863 4034 Qui
1901 3972 2207 4034 postremo,
2256 3966 2397 4036 quod
2436 3966 2718 4023 Erasmum
2755 3967 3007 4041 fugiebat,
3040 3971 3091 4027 in
3120 3971 3359 4042 Epistola

139 4048 238 4117 251,
264 4053 320 4107 ad
347 4055 553 4110 Darium
584 4055 857 4119 comitem,
886 4062 1006 4124 post
1053 4053 1439 4109 Frobenianam
1491 4055 1777 4111 editionem
1822 4064 2055 4125 reperta,
2099 4065 2155 4113 et
2202 4058 2255 4112 in
2299 4057 2632 4114 Plantiniana
2676 4060 3085 4117 Lovaniensium
3129 4066 3358 4134 primum

141 4139 324 4211 vulgata,
344 4158 489 4199 suum
514 4159 635 4201 esse
656 4144 872 4199 Librum
894 4152 1225 4199 contestatur
1251 4143 1335 4198 his
1365 4145 1564 4211 verbis,
1590 4161 1642 4199 n.
1661 4145 1696 4199 4
1719 4162 1734 4199 :
1764 4144 1889 4200 Misi
1906 4156 1955 4199 et
1977 4146 2106 4200 alios
2130 4147 2302 4214 libros,
2327 4164 2450 4215 quos
2477 4166 2577 4203 non
2605 4151 2790 4221 petisti,
2815 4168 2878 4205 ne
2898 4152 2993 4205 hoc
3011 4155 3359 4209 tantummodo

141 4241 314 4306 {acerem
338 4246 463 4313 quod
504 4244 689 4316 petisti,
720 4244 784 4298 de
813 4242 943 4297 Fide
970 4259 1137 4296 rerum
1176 4257 1287 4314 qua:
1325 4258 1427 4295 non
1467 4242 1715 4307 videntur,
1760 4241 1825 4295 de
1856 4240 2130 4308 Patientia,
2157 4242 2220 4295 de
2258 4239 2597 4308 Continentia,
2630 4244 2693 4299 de
2719 4242 3066 4316 Proqidentia,
3115 4257 3161 4303 et
3201 4265 3359 4305 unum

140 4335 338 4400 grandem
351 4312 419 4392 de
440 4312 568 4393 Fide
596 4347 643 4391 et
676 4336 783 4406 Spe
806 4345 854 4391 et
877 4322 1149 4392 Charitate.
1181 4312 1232 4390 Is
1258 4332 1397 4388 haud
1430 4333 1590 4388 dubie
1616 4333 1763 4389 locus
1797 4333 2052 4404 praeteriit
2080 4334 2240 4389 etiam
2271 4334 2672 4401 Bellarminum,
2701 4336 2789 4407 qui
2812 4312 3171 4395 [:ovanienses
3199 4354 3358 4397 secu-

142 4431 224 4491 tus,
241 4425 364 4482 hunc
382 4428 567 4484 librum
590 4430 786 4499 spuriis
815 4426 1207 4483 accensendum
1235 4441 1301 4481 eo
1322 4424 1589 4480 lubentius
1614 4424 1852 4491 volebat,
1882 4424 2021 4495 quod
2052 4433 2262 4481 notatus
2290 4442 2394 4481 non
2421 4426 2719 4484 inveniatur
2745 4429 2798 4483 in
2829 4429 3317 4487 Retractalionibus
3342 4452 3358 4491 :

140 4512 273 4572 libros
298 4528 457 4576 tamen
478 4522 589 4591 ipse
619 4535 759 4576 nunc
782 4519 1044 4584 laudatos,
1072 4517 1139 4573 de
1158 4516 1415 4572 Patientia
1442 4524 1495 4570 et
1519 4515 1585 4571 de
1610 4514 1972 4583 Continentia,
2001 4516 2240 4586 quamvis
2265 4516 2405 4571 nulla
2427 4516 2622 4572 ibidem
2654 4519 2787 4572 facta
2815 4519 2884 4572 sit
2911 4519 2977 4573 de
3002 4520 3107 4574 illis
3136 4525 3358 4588 mentio,

142 4623 218 4677 pro
238 4614 457 4681 genuinis
479 4613 697 4678 habens,
725 4613 847 4683 quia
866 4627 898 4668 a
923 4611 1164 4667 Possidio
1183 4619 1237 4665 et
1269 4625 1300 4665 a
1330 4608 1472 4664 Beda
1500 4609 1714 4680 vulgato
1738 4609 1989 4665 citantur.
2016 4609 2142 4664 llme
2166 4608 2414 4664 nimirum
2436 4610 2686 4681 opuscula
2714 4626 2780 4665 ex
2805 4611 2869 4665 iis
2885 4618 3009 4666 sunt
3026 4611 3364 4670 Tractatibus

143 4700 455 4769 popularibus,
480 4703 567 4773 qui
596 4703 913 4773 Augustino,
963 4700 1117 4755 sicuti
1157 4698 1224 4753 ad
1252 4697 1681 4766 Quodvultdeum
1713 4699 1767 4753 in
1810 4698 2031 4768 epistola
2059 4697 2186 4766 224,
2230 4715 2286 4754 n.
2312 4699 2369 4766 2,
2417 4700 2622 4764 scribit,
2669 4709 2787 4769 post
2831 4700 3070 4757 absoluta
3102 4702 3214 4773 jam
3257 4704 3363 4762 duo

142 4787 194 4841 de
224 4790 451 4848 librorum
490 4810 700 4849 suorum
746 4794 1059 4849 recensione
1099 4791 1389 4854 volumina,
1444 4789 1764 4845 retractandi
1809 4805 1930 4845 cum
1974 4789 2227 4859 Epistolis
2269 4790 2558 4845 restabant.
2606 4790 2889 4847 Nobiscum
2932 4807 3060 4849 vero
3094 4797 3363 4851 consentit

143 4876 396 4940 Bernartius
432 4885 719 4956 Vindingus
758 4885 811 4939 in
856 4883 1055 4939 Critico
1096 4870 1515 4953 Augustiniano;
1562 4890 1617 4936 et
1664 4881 1869 4935 titulum
1913 4881 2000 4951 qui
2036 4881 2088 4935 in
2136 4881 2293 4936 editis
2333 4880 2582 4952 prtelixus
2610 4891 2755 4951 erat,
2793 4882 2861 4939 de
2895 4883 3026 4940 Fide
3055 4900 3233 4941 rerum
3272 4888 3357 4942 in-

142 4971 404 5043 visibilium,
433 4978 817 5034 emendandum
835 4977 975 5032 haud
1004 4976 1273 5031 immerito
1297 4982 1508 5039 censet;
1539 4972 1751 5044 quando
1768 4973 1836 5029 de
1865 4972 1968 5028 ﬁde
1994 4973 2080 5027 hic
2106 4972 2297 5043 agitur,
2326 4989 2433 5028 non
2455 4989 2638 5029 earum
2664 4975 3030 5032 tantummodo
3046 4993 3221 5034 rerum
3239 4995 3361 5050 quzn

142 5068 368 5133 corporeis
395 5070 553 5126 oculis
576 5072 837 5141 attingere
858 5084 1127 5140 nunquam
1157 5068 1301 5133 licet,
1330 5065 1424 5123 sed
1450 5065 1799 5136 quarumdam
1828 5064 1986 5120 etiam
2016 5080 2133 5134 qua:
2157 5064 2222 5119 iis
2245 5064 2289 5119 si
2310 5074 2599 5135 praesentes
2622 5067 3019 5133 exhiberentur,
3038 5068 3205 5124 videri
3236 5084 3360 5138 pos-

144 5163 253 5206 sent.
277 5154 576 5227 Opusculum
604 5170 725 5231 post
744 5174 941 5214 annum
969 5159 1094 5225 599,
1120 5172 1226 5229 quo
1256 5157 1399 5227 leges
1422 5156 1490 5211 ab
1512 5156 1748 5211 Honorio
1766 5165 1952 5210 contra
1979 5154 2118 5210 idola
2157 5154 2294 5212 datae
2317 5164 2458 5225 sunt,
2487 5159 2853 5214 collocandum
2883 5174 3003 5216 esse
3047 5175 3112 5215 ex
3144 5160 3208 5214 iis
3237 5177 3360 5233 qua:

146 5244 266 5298 n.10
286 5246 345 5303 de
367 5249 615 5307 idolorum
637 5250 985 5307 subversione
1014 5250 1281 5320 leguntur,
1311 5260 1468 5302 nemo
1492 5261 1597 5301 non
1627 5252 1900 5316 agnoscet.
3352 5240 3371 5253 ‘

341 5754 555 5820 Sutor.
605 5766 880 5822 Aucusr.
927 5762 1028 5824 Vl.
