  <div class='ocr_page' id='page_1' title='image "/cluster/home/n/w/nwhite01/storage/ocr_20150623/40/uva.x000669811/093.png"; bbox 0 0 3996 6282; ppageno 0'>
   <div class='ocr_carea' id='block_1_1' title="bbox 593 293 3818 361">
    <p class='ocr_par' dir='ltr' id='par_1_1' title="bbox 593 293 3818 361">
     <span class='ocr_line' id='line_1_1' title="bbox 593 293 3818 361; baseline -0.003 0"><span class='ocrx_word' id='word_1_1' title='bbox 593 293 3818 361; x_wconf 54' lang='lat' dir='ltr'><em>W</em></span> 
     </span>
    </p>
   </div>
   <div class='ocr_carea' id='block_1_2' title="bbox 1110 467 3339 640">
    <p class='ocr_par' dir='ltr' id='par_1_2' title="bbox 1110 467 3339 640">
     <span class='ocr_line' id='line_1_2' title="bbox 1110 467 3339 640; baseline -0.006 -11"><span class='ocrx_word' id='word_1_2' title='bbox 1110 483 1270 633; x_wconf 88' lang='lat' dir='ltr'><strong>S.</strong></span> <span class='ocrx_word' id='word_1_3' title='bbox 1338 474 2156 624; x_wconf 81' lang='lat' dir='ltr'><strong>AURELII</strong></span> <span class='ocrx_word' id='word_1_4' title='bbox 2244 467 3339 640; x_wconf 84' lang='lat' dir='ltr'><strong>AUGUSTINI</strong></span> 
     </span>
    </p>
   </div>
   <div class='ocr_carea' id='block_1_3' title="bbox 1552 711 2892 802">
    <p class='ocr_par' dir='ltr' id='par_1_3' title="bbox 1552 711 2892 802">
     <span class='ocr_line' id='line_1_3' title="bbox 1552 711 2892 802; baseline -0.003 -1"><span class='ocrx_word' id='word_1_5' title='bbox 1552 712 2313 802; x_wconf 86' lang='lat' dir='ltr'><strong>HIPPONENSIS</strong></span> <span class='ocrx_word' id='word_1_6' title='bbox 2362 711 2892 799; x_wconf 85' lang='lat' dir='ltr'><strong>EPISCOPI</strong></span> 
     </span>
    </p>
   </div>
   <div class='ocr_carea' id='block_1_4' title="bbox 1153 875 3326 1051">
    <p class='ocr_par' dir='ltr' id='par_1_4' title="bbox 1153 875 3326 1051">
     <span class='ocr_line' id='line_1_4' title="bbox 1153 875 3326 1051; baseline -0.001 -11"><span class='ocrx_word' id='word_1_7' title='bbox 1153 882 1482 1051; x_wconf 78' lang='lat' dir='ltr'><strong>DE</strong></span> <span class='ocrx_word' id='word_1_8' title='bbox 1598 875 2241 1039; x_wconf 83' lang='lat' dir='ltr'><strong>FIDE</strong></span> <span class='ocrx_word' id='word_1_9' title='bbox 2356 876 3326 1039; x_wconf 75' lang='lat' dir='ltr'><strong>RERUM</strong></span> 
     </span>
    </p>
   </div>
   <div class='ocr_carea' id='block_1_5' title="bbox 1277 1109 3223 1299">
    <p class='ocr_par' dir='ltr' id='par_1_5' title="bbox 1277 1109 3223 1299">
     <span class='ocr_line' id='line_1_5' title="bbox 1277 1109 3223 1299; baseline -0.001 -45"><span class='ocrx_word' id='word_1_10' title='bbox 1277 1140 1672 1299; x_wconf 64' lang='lat' dir='ltr'><strong>eum</strong></span> <span class='ocrx_word' id='word_1_11' title='bbox 1724 1135 2107 1249; x_wconf 73' lang='lat' dir='ltr'><strong>non</strong></span> <span class='ocrx_word' id='word_1_12' title='bbox 2169 1109 3223 1281; x_wconf 71' lang='lat' dir='ltr'><strong>vmm&#39;run,’</strong></span> 
     </span>
    </p>
   </div>
   <div class='ocr_carea' id='block_1_6' title="bbox 1623 1346 2795 1524">
    <p class='ocr_par' dir='ltr' id='par_1_6' title="bbox 1623 1346 2795 1524">
     <span class='ocr_line' id='line_1_6' title="bbox 1623 1346 2795 1524; baseline 0 -65"><span class='ocrx_word' id='word_1_13' title='bbox 1623 1347 2098 1511; x_wconf 69' lang='lat' dir='ltr'><strong>LIBER</strong></span> <span class='ocrx_word' id='word_1_14' title='bbox 2204 1346 2795 1524; x_wconf 52' lang='lat' dir='ltr'><strong>U‘NU‘SW.</strong></span> 
     </span>
    </p>
   </div>
   <div class='ocr_carea' id='block_1_7' title="bbox 1890 1496 2528 1588">
    <p class='ocr_par' dir='ltr' id='par_1_7' title="bbox 1890 1496 2528 1588">
     <span class='ocr_line' id='line_1_7' title="bbox 1890 1496 2528 1588; baseline 0.003 -4"><span class='ocrx_word' id='word_1_15' title='bbox 1890 1496 2035 1587; x_wconf 47' lang='lat' dir='ltr'><strong>eis</strong></span> <span class='ocrx_word' id='word_1_16' title='bbox 2047 1532 2528 1588; x_wconf 43' lang='lat' dir='ltr'><strong>Macareus»</strong></span> 
     </span>
    </p>
   </div>
   <div class='ocr_carea' id='block_1_8' title="bbox 636 1644 3785 1782">
    <p class='ocr_par' dir='ltr' id='par_1_8' title="bbox 636 1644 3785 1782">
     <span class='ocr_line' id='line_1_8' title="bbox 636 1644 3785 1782; baseline -0.004 -64"><span class='ocrx_word' id='word_1_17' title='bbox 636 1675 693 1719; x_wconf 83' lang='lat' dir='ltr'><strong>tn</strong></span> <span class='ocrx_word' id='word_1_18' title='bbox 720 1680 821 1741; x_wconf 82' lang='lat' dir='ltr'><strong>quo</strong></span> <span class='ocrx_word' id='word_1_19' title='bbox 849 1666 1205 1717; x_wconf 70' lang='lat' dir='ltr'><strong>demonstratur</strong></span> <span class='ocrx_word' id='word_1_20' title='bbox 1230 1671 1319 1710; x_wconf 83' lang='lat' dir='ltr'><strong>nos</strong></span> <span class='ocrx_word' id='word_1_21' title='bbox 1355 1659 1404 1708; x_wconf 91' lang='lat' dir='ltr'><strong>in</strong></span> <span class='ocrx_word' id='word_1_22' title='bbox 1437 1655 1693 1707; x_wconf 81' lang='lat' dir='ltr'><strong>christiana</strong></span> <span class='ocrx_word' id='word_1_23' title='bbox 1717 1644 2349 1782; x_wconf 43' lang='lat' dir='ltr'><strong>religionchculpabtlli</strong></span> <span class='ocrx_word' id='word_1_24' title='bbox 2372 1650 2673 1712; x_wconf 70' lang='lat' dir='ltr'><strong>temeritate,</strong></span> <span class='ocrx_word' id='word_1_25' title='bbox 2698 1649 2790 1701; x_wconf 90' lang='lat' dir='ltr'><strong>sed</strong></span> <span class='ocrx_word' id='word_1_26' title='bbox 2812 1648 3039 1701; x_wconf 84' lang='lat' dir='ltr'><strong>laudabili</strong></span> <span class='ocrx_word' id='word_1_27' title='bbox 3059 1650 3157 1703; x_wconf 83' lang='lat' dir='ltr'><strong>ﬁde</strong></span> <span class='ocrx_word' id='word_1_28' title='bbox 3178 1653 3386 1705; x_wconf 78' lang='lat' dir='ltr'><strong>credere</strong></span> <span class='ocrx_word' id='word_1_29' title='bbox 3407 1666 3494 1706; x_wconf 89' lang='lat' dir='ltr'><strong>res</strong></span> <span class='ocrx_word' id='word_1_30' title='bbox 3512 1666 3632 1719; x_wconf 88' lang='lat' dir='ltr'><strong>quas</strong></span> <span class='ocrx_word' id='word_1_31' title='bbox 3649 1656 3785 1709; x_wconf 69' lang='lat' dir='ltr'><strong>ouili:</strong></span> 
     </span>
     <span class='ocr_line' id='line_1_9' title="bbox 1933 1741 2490 1782; baseline -0.002 -1"><span class='ocrx_word' id='word_1_32' title='bbox 1933 1746 1967 1781; x_wconf 89' lang='lat' dir='ltr'><strong>n</strong></span> <span class='ocrx_word' id='word_1_33' title='bbox 2132 1741 2227 1778; x_wconf 88' lang='lat' dir='ltr'><strong>non</strong></span> <span class='ocrx_word' id='word_1_34' title='bbox 2252 1743 2297 1779; x_wconf 78' lang='lat' dir='ltr'><strong>vi</strong></span> <span class='ocrx_word' id='word_1_35' title='bbox 2333 1742 2490 1782; x_wconf 85' lang='lat' dir='ltr'><strong>emus.</strong></span> 
     </span>
    </p>
   </div>
   <div class='ocr_carea' id='block_1_9' title="bbox 1933 1741 2490 1782">
    <p class='ocr_par' dir='ltr' id='par_1_9' title="bbox 1933 1741 2490 1782">
     <span class='ocr_line' id='line_1_10' title="bbox 1933 1741 2490 1782; baseline -0.004 0"><span class='ocrx_word' id='word_1_36' title='bbox 1933 1741 2115 1782; x_wconf 73' lang='lat' dir='ltr'><strong>nostris</strong></span> <span class='ocrx_word' id='word_1_37' title='bbox 2132 1741 2227 1778; x_wconf 88' lang='lat' dir='ltr'><strong>non</strong></span> <span class='ocrx_word' id='word_1_38' title='bbox 2252 1741 2490 1782; x_wconf 80' lang='lat' dir='ltr'><strong>videmus.</strong></span> 
     </span>
    </p>
   </div>
   <div class='ocr_carea' id='block_1_10' title="bbox 648 1853 2177 1937">
    <p class='ocr_par' dir='ltr' id='par_1_10' title="bbox 648 1853 2177 1937">
     <span class='ocr_line' id='line_1_11' title="bbox 648 1853 2177 1937; baseline -0.018 -3"><span class='ocrx_word' id='word_1_39' title='bbox 648 1873 873 1937; x_wconf 71' lang='lat' dir='ltr'><strong>CAPUT</strong></span> <span class='ocrx_word' id='word_1_40' title='bbox 897 1867 1179 1928; x_wconf 78' lang='lat' dir='ltr'><strong>PRIMUM.</strong></span> <span class='ocrx_word' id='word_1_41' title='bbox 1197 1868 1291 1921; x_wconf 83' lang='lat' dir='ltr'><strong>—l</strong></span> <span class='ocrx_word' id='word_1_42' title='bbox 1306 1904 1319 1919; x_wconf 94' lang='lat'><strong>.</strong></span> <span class='ocrx_word' id='word_1_43' title='bbox 1340 1864 1505 1920; x_wconf 80' lang='lat' dir='ltr'><strong>Etiam</strong></span> <span class='ocrx_word' id='word_1_44' title='bbox 1525 1862 1575 1916; x_wconf 85' lang='lat' dir='ltr'><strong>in</strong></span> <span class='ocrx_word' id='word_1_45' title='bbox 1595 1860 1741 1916; x_wconf 83' lang='lat' dir='ltr'><strong>rebus</strong></span> <span class='ocrx_word' id='word_1_46' title='bbox 1766 1856 2001 1912; x_wconf 73' lang='lat' dir='ltr'><strong>Immanis</strong></span> <span class='ocrx_word' id='word_1_47' title='bbox 2017 1853 2177 1909; x_wconf 84' lang='lat' dir='ltr'><strong>multa</strong></span> 
     </span>
    </p>
   </div>
   <div class='ocr_carea' id='block_1_11' title="bbox 576 1946 2175 2037">
    <p class='ocr_par' dir='ltr' id='par_1_11' title="bbox 576 1946 2175 2037">
     <span class='ocr_line' id='line_1_12' title="bbox 576 1946 2175 2037; baseline -0.016 -12"><span class='ocrx_word' id='word_1_48' title='bbox 576 1969 722 2025; x_wconf 74' lang='lat' dir='ltr'><strong>credi</strong></span> <span class='ocrx_word' id='word_1_49' title='bbox 766 1981 879 2037; x_wconf 77' lang='lat' dir='ltr'><strong>qua:</strong></span> <span class='ocrx_word' id='word_1_50' title='bbox 920 1980 1020 2018; x_wconf 84' lang='lat' dir='ltr'><strong>non</strong></span> <span class='ocrx_word' id='word_1_51' title='bbox 1051 1957 1325 2016; x_wconf 76' lang='lat' dir='ltr'><strong>cernuntur</strong></span> <span class='ocrx_word' id='word_1_52' title='bbox 1358 1956 1535 2011; x_wconf 78' lang='lat' dir='ltr'><strong>oculis.</strong></span> <span class='ocrx_word' id='word_1_53' title='bbox 1587 1952 1829 2007; x_wconf 74' lang='lat' dir='ltr'><strong>Voluntas</strong></span> <span class='ocrx_word' id='word_1_54' title='bbox 1864 1949 2014 2003; x_wconf 80' lang='lat' dir='ltr'><strong>amici</strong></span> <span class='ocrx_word' id='word_1_55' title='bbox 2043 1946 2175 2001; x_wconf 83' lang='lat' dir='ltr'><strong>bona</strong></span> 
     </span>
    </p>
   </div>
   <div class='ocr_carea' id='block_1_12' title="bbox 584 2040 2172 2124">
    <p class='ocr_par' dir='ltr' id='par_1_12' title="bbox 584 2040 2172 2124">
     <span class='ocr_line' id='line_1_13' title="bbox 584 2040 2172 2124; baseline -0.016 -7"><span class='ocrx_word' id='word_1_56' title='bbox 584 2079 686 2116; x_wconf 83' lang='lat' dir='ltr'><strong>non</strong></span> <span class='ocrx_word' id='word_1_57' title='bbox 716 2059 937 2124; x_wconf 76' lang='lat' dir='ltr'><strong>videtur,</strong></span> <span class='ocrx_word' id='word_1_58' title='bbox 964 2053 1051 2110; x_wconf 84' lang='lat' dir='ltr'><strong>sed</strong></span> <span class='ocrx_word' id='word_1_59' title='bbox 1085 2052 1323 2107; x_wconf 78' lang='lat' dir='ltr'><strong>creditur.</strong></span> <span class='ocrx_word' id='word_1_60' title='bbox 1356 2046 1516 2102; x_wconf 79' lang='lat' dir='ltr'><strong>Amici</strong></span> <span class='ocrx_word' id='word_1_61' title='bbox 1555 2045 1705 2099; x_wconf 82' lang='lat' dir='ltr'><strong>etiam</strong></span> <span class='ocrx_word' id='word_1_62' title='bbox 1733 2041 1928 2114; x_wconf 80' lang='lat' dir='ltr'><strong>probati</strong></span> <span class='ocrx_word' id='word_1_63' title='bbox 1959 2040 2172 2093; x_wconf 78' lang='lat' dir='ltr'><strong>benevo-</strong></span> 
     </span>
    </p>
   </div>
   <div class='ocr_carea' id='block_1_13' title="bbox 580 2130 2171 2210">
    <p class='ocr_par' dir='ltr' id='par_1_13' title="bbox 580 2130 2171 2210">
     <span class='ocr_line' id='line_1_14' title="bbox 580 2130 2171 2210; baseline -0.017 0"><span class='ocrx_word' id='word_1_64' title='bbox 580 2153 737 2210; x_wconf 70' lang='lat' dir='ltr'><strong>lentia</strong></span> <span class='ocrx_word' id='word_1_65' title='bbox 776 2149 916 2206; x_wconf 77' lang='lat' dir='ltr'><strong>nobis</strong></span> <span class='ocrx_word' id='word_1_66' title='bbox 968 2162 1068 2201; x_wconf 84' lang='lat' dir='ltr'><strong>non</strong></span> <span class='ocrx_word' id='word_1_67' title='bbox 1124 2150 1318 2198; x_wconf 79' lang='lat' dir='ltr'><strong>constat</strong></span> <span class='ocrx_word' id='word_1_68' title='bbox 1370 2140 1477 2195; x_wconf 74' lang='lat' dir='ltr'><strong>sine</strong></span> <span class='ocrx_word' id='word_1_69' title='bbox 1520 2136 1692 2207; x_wconf 80' lang='lat' dir='ltr'><strong>aliqua</strong></span> <span class='ocrx_word' id='word_1_70' title='bbox 1730 2134 1848 2203; x_wconf 79' lang='lat' dir='ltr'><strong>ﬁde.</strong></span> <span class='ocrx_word' id='word_1_71' title='bbox 1903 2132 2034 2187; x_wconf 89' lang='lat' dir='ltr'><strong>Sunt</strong></span> <span class='ocrx_word' id='word_1_72' title='bbox 2080 2130 2171 2201; x_wconf 96' lang='lat' dir='ltr'><strong>qui</strong></span> 
     </span>
    </p>
   </div>
   <div class='ocr_carea' id='block_1_14' title="bbox 581 2223 2171 2317">
    <p class='ocr_par' dir='ltr' id='par_1_14' title="bbox 581 2223 2171 2317">
     <span class='ocr_line' id='line_1_15' title="bbox 581 2223 2171 2317; baseline -0.013 -19"><span class='ocrx_word' id='word_1_73' title='bbox 581 2254 770 2317; x_wconf 78' lang='lat' dir='ltr'><strong>putant</strong></span> <span class='ocrx_word' id='word_1_74' title='bbox 817 2240 1156 2297; x_wconf 90' lang='lat' dir='ltr'><strong>cbristianam</strong></span> <span class='ocrx_word' id='word_1_75' title='bbox 1201 2234 1513 2306; x_wconf 87' lang='lat' dir='ltr'><strong>religionem</strong></span> <span class='ocrx_word' id='word_1_76' title='bbox 1566 2239 1847 2299; x_wconf 51' lang='lat' dir='ltr'><strong>prOplcria</strong></span> <span class='ocrx_word' id='word_1_77' title='bbox 1897 2223 2171 2279; x_wconf 83' lang='lat' dir='ltr'><strong>ridendam</strong></span> 
     </span>
    </p>
   </div>
   <div class='ocr_carea' id='block_1_15' title="bbox 578 2314 2170 2408">
    <p class='ocr_par' dir='ltr' id='par_1_15' title="bbox 578 2314 2170 2408">
     <span class='ocr_line' id='line_1_16' title="bbox 578 2314 2170 2408; baseline -0.016 -16"><span class='ocrx_word' id='word_1_78' title='bbox 578 2314 756 2408; x_wconf 83' lang='lat' dir='ltr'><strong>potius</strong></span> <span class='ocrx_word' id='word_1_79' title='bbox 782 2347 939 2403; x_wconf 83' lang='lat' dir='ltr'><strong>quam</strong></span> <span class='ocrx_word' id='word_1_80' title='bbox 969 2327 1284 2393; x_wconf 89' lang='lat' dir='ltr'><strong>tenendam,</strong></span> <span class='ocrx_word' id='word_1_81' title='bbox 1316 2324 1438 2395; x_wconf 83' lang='lat' dir='ltr'><strong>quia</strong></span> <span class='ocrx_word' id='word_1_82' title='bbox 1466 2322 1520 2377; x_wconf 89' lang='lat' dir='ltr'><strong>in</strong></span> <span class='ocrx_word' id='word_1_83' title='bbox 1549 2336 1609 2375; x_wconf 89' lang='lat' dir='ltr'><strong>ea</strong></span> <span class='ocrx_word' id='word_1_84' title='bbox 1631 2361 1647 2385; x_wconf 90' lang='lat'><strong>,</strong></span> <span class='ocrx_word' id='word_1_85' title='bbox 1676 2334 1783 2374; x_wconf 88' lang='lat' dir='ltr'><strong>non</strong></span> <span class='ocrx_word' id='word_1_86' title='bbox 1826 2332 1912 2372; x_wconf 88' lang='lat' dir='ltr'><strong>res</strong></span> <span class='ocrx_word' id='word_1_87' title='bbox 1942 2331 2059 2386; x_wconf 80' lang='lat' dir='ltr'><strong>quae</strong></span> <span class='ocrx_word' id='word_1_88' title='bbox 2090 2314 2170 2368; x_wconf 88' lang='lat' dir='ltr'><strong>vi-</strong></span> 
     </span>
    </p>
   </div>
   <div class='ocr_carea' id='block_1_16' title="bbox 580 2406 2167 2484">
    <p class='ocr_par' dir='ltr' id='par_1_16' title="bbox 580 2406 2167 2484">
     <span class='ocr_line' id='line_1_17' title="bbox 580 2406 2167 2484; baseline -0.015 -2"><span class='ocrx_word' id='word_1_89' title='bbox 580 2406 767 2481; x_wconf 82' lang='lat' dir='ltr'><strong>deatur</strong></span> <span class='ocrx_word' id='word_1_90' title='bbox 789 2421 1108 2484; x_wconf 88' lang='lat' dir='ltr'><strong>ostenditur,</strong></span> <span class='ocrx_word' id='word_1_91' title='bbox 1140 2416 1232 2474; x_wconf 90' lang='lat' dir='ltr'><strong>sed</strong></span> <span class='ocrx_word' id='word_1_92' title='bbox 1261 2415 1393 2470; x_wconf 86' lang='lat' dir='ltr'><strong>ﬁdes</strong></span> <span class='ocrx_word' id='word_1_93' title='bbox 1418 2427 1594 2468; x_wconf 91' lang='lat' dir='ltr'><strong>rerum</strong></span> <span class='ocrx_word' id='word_1_94' title='bbox 1623 2425 1742 2481; x_wconf 70' lang='lat' dir='ltr'><strong>qum</strong></span> <span class='ocrx_word' id='word_1_95' title='bbox 1768 2423 1871 2462; x_wconf 88' lang='lat' dir='ltr'><strong>non</strong></span> <span class='ocrx_word' id='word_1_96' title='bbox 1898 2406 2167 2471; x_wconf 89' lang='lat' dir='ltr'><strong>videntur,</strong></span> 
     </span>
    </p>
   </div>
   <div class='ocr_carea' id='block_1_17' title="bbox 581 2493 2168 2579">
    <p class='ocr_par' dir='ltr' id='par_1_17' title="bbox 581 2493 2168 2579">
     <span class='ocr_line' id='line_1_18' title="bbox 581 2493 2168 2579; baseline -0.013 -9"><span class='ocrx_word' id='word_1_97' title='bbox 581 2513 885 2570; x_wconf 85' lang='lat' dir='ltr'><strong>hominibus</strong></span> <span class='ocrx_word' id='word_1_98' title='bbox 924 2511 1233 2579; x_wconf 87' lang='lat' dir='ltr'><strong>imperatur.</strong></span> <span class='ocrx_word' id='word_1_99' title='bbox 1273 2503 1381 2560; x_wconf 87' lang='lat' dir='ltr'><strong>Nos</strong></span> <span class='ocrx_word' id='word_1_100' title='bbox 1418 2515 1546 2572; x_wconf 83' lang='lat' dir='ltr'><strong>ergo</strong></span> <span class='ocrx_word' id='word_1_101' title='bbox 1582 2498 1649 2554; x_wconf 91' lang='lat' dir='ltr'><strong>ad</strong></span> <span class='ocrx_word' id='word_1_102' title='bbox 1675 2499 1774 2552; x_wconf 91' lang='lat' dir='ltr'><strong>hos</strong></span> <span class='ocrx_word' id='word_1_103' title='bbox 1813 2493 2168 2558; x_wconf 75' lang='lat' dir='ltr'><strong>refellendos,</strong></span> 
     </span>
    </p>
   </div>
   <div class='ocr_carea' id='block_1_18' title="bbox 578 2584 2170 2676">
    <p class='ocr_par' dir='ltr' id='par_1_18' title="bbox 578 2584 2170 2676">
     <span class='ocr_line' id='line_1_19' title="bbox 578 2584 2170 2676; baseline -0.013 -16"><span class='ocrx_word' id='word_1_104' title='bbox 578 2604 671 2676; x_wconf 89' lang='lat' dir='ltr'><strong>qui</strong></span> <span class='ocrx_word' id='word_1_105' title='bbox 697 2602 986 2675; x_wconf 78' lang='lat' dir='ltr'><strong>prudenter</strong></span> <span class='ocrx_word' id='word_1_106' title='bbox 1012 2599 1112 2655; x_wconf 88' lang='lat' dir='ltr'><strong>sibi</strong></span> <span class='ocrx_word' id='word_1_107' title='bbox 1138 2592 1385 2651; x_wconf 81' lang='lat' dir='ltr'><strong>videntur</strong></span> <span class='ocrx_word' id='word_1_108' title='bbox 1411 2592 1553 2648; x_wconf 85' lang='lat' dir='ltr'><strong>nolle</strong></span> <span class='ocrx_word' id='word_1_109' title='bbox 1581 2587 1802 2645; x_wconf 86' lang='lat' dir='ltr'><strong>credere</strong></span> <span class='ocrx_word' id='word_1_110' title='bbox 1827 2585 1967 2657; x_wconf 86' lang='lat' dir='ltr'><strong>quod</strong></span> <span class='ocrx_word' id='word_1_111' title='bbox 1990 2584 2170 2676; x_wconf 88' lang='lat' dir='ltr'><strong>videre</strong></span> 
     </span>
    </p>
   </div>
   <div class='ocr_carea' id='block_1_19' title="bbox 579 2675 2173 2764">
    <p class='ocr_par' dir='ltr' id='par_1_19' title="bbox 579 2675 2173 2764">
     <span class='ocr_line' id='line_1_20' title="bbox 579 2675 2173 2764; baseline -0.013 -14"><span class='ocrx_word' id='word_1_112' title='bbox 579 2675 687 2752; x_wconf 85' lang='lat' dir='ltr'><strong>non</strong></span> <span class='ocrx_word' id='word_1_113' title='bbox 713 2700 963 2764; x_wconf 83' lang='lat' dir='ltr'><strong>possunt,</strong></span> <span class='ocrx_word' id='word_1_114' title='bbox 1015 2690 1116 2747; x_wconf 83' lang='lat' dir='ltr'><strong>etsi</strong></span> <span class='ocrx_word' id='word_1_115' title='bbox 1163 2703 1269 2747; x_wconf 85' lang='lat' dir='ltr'><strong>non</strong></span> <span class='ocrx_word' id='word_1_116' title='bbox 1306 2685 1544 2743; x_wconf 87' lang='lat' dir='ltr'><strong>valemus</strong></span> <span class='ocrx_word' id='word_1_117' title='bbox 1584 2679 1830 2736; x_wconf 80' lang='lat' dir='ltr'><strong>humanis</strong></span> <span class='ocrx_word' id='word_1_118' title='bbox 1868 2675 2173 2747; x_wconf 80' lang='lat' dir='ltr'><strong>aspectibus</strong></span> 
     </span>
    </p>
   </div>
   <div class='ocr_carea' id='block_1_20' title="bbox 575 2768 2171 2850">
    <p class='ocr_par' dir='ltr' id='par_1_20' title="bbox 575 2768 2171 2850">
     <span class='ocr_line' id='line_1_21' title="bbox 575 2768 2171 2850; baseline -0.014 -9"><span class='ocrx_word' id='word_1_119' title='bbox 575 2793 876 2841; x_wconf 86' lang='lat' dir='ltr'><strong>monstrare</strong></span> <span class='ocrx_word' id='word_1_120' title='bbox 896 2781 1073 2837; x_wconf 87' lang='lat' dir='ltr'><strong>divina</strong></span> <span class='ocrx_word' id='word_1_121' title='bbox 1094 2793 1211 2850; x_wconf 70' lang='lat' dir='ltr'><strong>quae</strong></span> <span class='ocrx_word' id='word_1_122' title='bbox 1237 2775 1525 2840; x_wconf 81' lang='lat' dir='ltr'><strong>credimus,</strong></span> <span class='ocrx_word' id='word_1_123' title='bbox 1555 2782 1728 2827; x_wconf 89' lang='lat' dir='ltr'><strong>tamen</strong></span> <span class='ocrx_word' id='word_1_124' title='bbox 1752 2768 1999 2824; x_wconf 80' lang='lat' dir='ltr'><strong>humanis</strong></span> <span class='ocrx_word' id='word_1_125' title='bbox 2020 2782 2171 2822; x_wconf 88' lang='lat' dir='ltr'><strong>men-</strong></span> 
     </span>
    </p>
   </div>
   <div class='ocr_carea' id='block_1_21' title="bbox 574 2854 2172 2937">
    <p class='ocr_par' dir='ltr' id='par_1_21' title="bbox 574 2854 2172 2937">
     <span class='ocr_line' id='line_1_22' title="bbox 574 2854 2172 2937; baseline -0.013 -8"><span class='ocrx_word' id='word_1_126' title='bbox 574 2874 721 2930; x_wconf 81' lang='lat' dir='ltr'><strong>tibus</strong></span> <span class='ocrx_word' id='word_1_127' title='bbox 767 2873 925 2927; x_wconf 89' lang='lat' dir='ltr'><strong>etiam</strong></span> <span class='ocrx_word' id='word_1_128' title='bbox 980 2869 1070 2924; x_wconf 91' lang='lat' dir='ltr'><strong>illa</strong></span> <span class='ocrx_word' id='word_1_129' title='bbox 1117 2882 1236 2937; x_wconf 76' lang='lat' dir='ltr'><strong>qua:</strong></span> <span class='ocrx_word' id='word_1_130' title='bbox 1283 2854 1388 2919; x_wconf 87' lang='lat' dir='ltr'><strong>non</strong></span> <span class='ocrx_word' id='word_1_131' title='bbox 1439 2861 1685 2921; x_wconf 86' lang='lat' dir='ltr'><strong>videntur</strong></span> <span class='ocrx_word' id='word_1_132' title='bbox 1732 2857 1997 2917; x_wconf 85' lang='lat' dir='ltr'><strong>credenda</strong></span> <span class='ocrx_word' id='word_1_133' title='bbox 2049 2870 2172 2917; x_wconf 86' lang='lat' dir='ltr'><strong>esse</strong></span> 
     </span>
    </p>
   </div>
   <div class='ocr_carea' id='block_1_22' title="bbox 580 2945 2171 3026">
    <p class='ocr_par' dir='ltr' id='par_1_22' title="bbox 580 2945 2171 3026">
     <span class='ocr_line' id='line_1_23' title="bbox 580 2945 2171 3026; baseline -0.012 -8"><span class='ocrx_word' id='word_1_134' title='bbox 580 2970 958 3019; x_wconf 87' lang='lat' dir='ltr'><strong>monstramus.</strong></span> <span class='ocrx_word' id='word_1_135' title='bbox 991 2960 1066 3012; x_wconf 85' lang='lat' dir='ltr'><strong>Ac</strong></span> <span class='ocrx_word' id='word_1_136' title='bbox 1094 2956 1320 3026; x_wconf 90' lang='lat' dir='ltr'><strong>primum</strong></span> <span class='ocrx_word' id='word_1_137' title='bbox 1350 2952 1458 3017; x_wconf 90' lang='lat' dir='ltr'><strong>isti,</strong></span> <span class='ocrx_word' id='word_1_138' title='bbox 1491 2964 1625 3019; x_wconf 88' lang='lat' dir='ltr'><strong>quos</strong></span> <span class='ocrx_word' id='word_1_139' title='bbox 1652 2947 1824 3003; x_wconf 87' lang='lat' dir='ltr'><strong>oculis</strong></span> <span class='ocrx_word' id='word_1_140' title='bbox 1849 2945 2062 3001; x_wconf 75' lang='lat' dir='ltr'><strong>carneis</strong></span> <span class='ocrx_word' id='word_1_141' title='bbox 2093 2945 2171 3000; x_wconf 88' lang='lat' dir='ltr'><strong>sic</strong></span> 
     </span>
    </p>
   </div>
   <div class='ocr_carea' id='block_1_23' title="bbox 583 3041 2167 3112">
    <p class='ocr_par' dir='ltr' id='par_1_23' title="bbox 583 3041 2167 3112">
     <span class='ocr_line' id='line_1_24' title="bbox 583 3041 2167 3112; baseline -0.011 -4"><span class='ocrx_word' id='word_1_142' title='bbox 583 3052 802 3108; x_wconf 84' lang='lat' dir='ltr'><strong>stultitia</strong></span> <span class='ocrx_word' id='word_1_143' title='bbox 834 3049 955 3105; x_wconf 80' lang='lat' dir='ltr'><strong>fecit</strong></span> <span class='ocrx_word' id='word_1_144' title='bbox 981 3046 1262 3109; x_wconf 77' lang='lat' dir='ltr'><strong>obnoxios,</strong></span> <span class='ocrx_word' id='word_1_145' title='bbox 1292 3051 1348 3098; x_wconf 93' lang='lat' dir='ltr'><strong>ut</strong></span> <span class='ocrx_word' id='word_1_146' title='bbox 1376 3041 1518 3112; x_wconf 87' lang='lat' dir='ltr'><strong>quod</strong></span> <span class='ocrx_word' id='word_1_147' title='bbox 1544 3055 1638 3110; x_wconf 89' lang='lat' dir='ltr'><strong>per</strong></span> <span class='ocrx_word' id='word_1_148' title='bbox 1663 3053 1758 3094; x_wconf 89' lang='lat' dir='ltr'><strong>eos</strong></span> <span class='ocrx_word' id='word_1_149' title='bbox 1782 3053 1890 3092; x_wconf 90' lang='lat' dir='ltr'><strong>non</strong></span> <span class='ocrx_word' id='word_1_150' title='bbox 1919 3045 2167 3099; x_wconf 88' lang='lat' dir='ltr'><strong>cernunt,</strong></span> 
     </span>
    </p>
   </div>
   <div class='ocr_carea' id='block_1_24' title="bbox 582 3129 2173 3201">
    <p class='ocr_par' dir='ltr' id='par_1_24' title="bbox 582 3129 2173 3201">
     <span class='ocr_line' id='line_1_25' title="bbox 582 3129 2173 3201; baseline -0.01 0"><span class='ocrx_word' id='word_1_151' title='bbox 582 3161 689 3201; x_wconf 85' lang='lat' dir='ltr'><strong>non</strong></span> <span class='ocrx_word' id='word_1_152' title='bbox 720 3144 819 3199; x_wconf 90' lang='lat' dir='ltr'><strong>sibi</strong></span> <span class='ocrx_word' id='word_1_153' title='bbox 846 3141 1150 3197; x_wconf 74' lang='lat' dir='ltr'><strong>existiment</strong></span> <span class='ocrx_word' id='word_1_154' title='bbox 1178 3151 1297 3192; x_wconf 90' lang='lat' dir='ltr'><strong>esse</strong></span> <span class='ocrx_word' id='word_1_155' title='bbox 1323 3132 1670 3197; x_wconf 88' lang='lat' dir='ltr'><strong>credendum,</strong></span> <span class='ocrx_word' id='word_1_156' title='bbox 1692 3129 2010 3187; x_wconf 89' lang='lat' dir='ltr'><strong>admonendi</strong></span> <span class='ocrx_word' id='word_1_157' title='bbox 2047 3137 2173 3185; x_wconf 87' lang='lat' dir='ltr'><strong>sunt</strong></span> 
     </span>
    </p>
   </div>
   <div class='ocr_carea' id='block_1_25' title="bbox 578 3219 2166 3305">
    <p class='ocr_par' dir='ltr' id='par_1_25' title="bbox 578 3219 2166 3305">
     <span class='ocr_line' id='line_1_26' title="bbox 578 3219 2166 3305; baseline -0.011 -16"><span class='ocrx_word' id='word_1_158' title='bbox 578 3249 737 3305; x_wconf 87' lang='lat' dir='ltr'><strong>quam</strong></span> <span class='ocrx_word' id='word_1_159' title='bbox 766 3236 928 3287; x_wconf 89' lang='lat' dir='ltr'><strong>multa</strong></span> <span class='ocrx_word' id='word_1_160' title='bbox 958 3244 1064 3284; x_wconf 87' lang='lat' dir='ltr'><strong>non</strong></span> <span class='ocrx_word' id='word_1_161' title='bbox 1092 3226 1263 3282; x_wconf 88' lang='lat' dir='ltr'><strong>solum</strong></span> <span class='ocrx_word' id='word_1_162' title='bbox 1291 3224 1545 3288; x_wconf 89' lang='lat' dir='ltr'><strong>credant,</strong></span> <span class='ocrx_word' id='word_1_163' title='bbox 1575 3236 1763 3276; x_wconf 91' lang='lat' dir='ltr'><strong>verum</strong></span> <span class='ocrx_word' id='word_1_164' title='bbox 1790 3221 1948 3274; x_wconf 89' lang='lat' dir='ltr'><strong>etiam</strong></span> <span class='ocrx_word' id='word_1_165' title='bbox 1978 3219 2166 3285; x_wconf 85' lang='lat' dir='ltr'><strong>sciant,</strong></span> 
     </span>
    </p>
   </div>
   <div class='ocr_carea' id='block_1_26' title="bbox 581 3309 2173 3395">
    <p class='ocr_par' dir='ltr' id='par_1_26' title="bbox 581 3309 2173 3395">
     <span class='ocr_line' id='line_1_27' title="bbox 581 3309 2173 3395; baseline -0.009 -17"><span class='ocrx_word' id='word_1_166' title='bbox 581 3340 700 3395; x_wconf 85' lang='lat' dir='ltr'><strong>quae</strong></span> <span class='ocrx_word' id='word_1_167' title='bbox 732 3321 924 3376; x_wconf 88' lang='lat' dir='ltr'><strong>talibus</strong></span> <span class='ocrx_word' id='word_1_168' title='bbox 953 3319 1119 3374; x_wconf 86' lang='lat' dir='ltr'><strong>oculis</strong></span> <span class='ocrx_word' id='word_1_169' title='bbox 1156 3314 1323 3370; x_wconf 88' lang='lat' dir='ltr'><strong>videri</strong></span> <span class='ocrx_word' id='word_1_170' title='bbox 1352 3328 1456 3368; x_wconf 91' lang='lat' dir='ltr'><strong>non</strong></span> <span class='ocrx_word' id='word_1_171' title='bbox 1488 3320 1726 3383; x_wconf 83' lang='lat' dir='ltr'><strong>possunt.</strong></span> <span class='ocrx_word' id='word_1_172' title='bbox 1759 3309 1888 3378; x_wconf 84' lang='lat' dir='ltr'><strong>Quae</strong></span> <span class='ocrx_word' id='word_1_173' title='bbox 1916 3324 2038 3364; x_wconf 91' lang='lat' dir='ltr'><strong>cum</strong></span> <span class='ocrx_word' id='word_1_174' title='bbox 2066 3310 2173 3364; x_wconf 88' lang='lat' dir='ltr'><strong>sint</strong></span> 
     </span>
    </p>
   </div>
   <div class='ocr_carea' id='block_1_27' title="bbox 583 3399 2170 3476">
    <p class='ocr_par' dir='ltr' id='par_1_27' title="bbox 583 3399 2170 3476">
     <span class='ocr_line' id='line_1_28' title="bbox 583 3399 2170 3476; baseline -0.011 -7"><span class='ocrx_word' id='word_1_175' title='bbox 583 3410 984 3469; x_wconf 84' lang='lat' dir='ltr'><strong>innumerabilia</strong></span> <span class='ocrx_word' id='word_1_176' title='bbox 1015 3409 1065 3462; x_wconf 92' lang='lat' dir='ltr'><strong>in</strong></span> <span class='ocrx_word' id='word_1_177' title='bbox 1097 3407 1212 3476; x_wconf 84' lang='lat' dir='ltr'><strong>ipso</strong></span> <span class='ocrx_word' id='word_1_178' title='bbox 1239 3406 1419 3460; x_wconf 90' lang='lat' dir='ltr'><strong>animo</strong></span> <span class='ocrx_word' id='word_1_179' title='bbox 1458 3411 1641 3458; x_wconf 90' lang='lat' dir='ltr'><strong>nostro</strong></span> <span class='ocrx_word' id='word_1_180' title='bbox 1660 3442 1674 3466; x_wconf 87' lang='lat'><strong>,</strong></span> <span class='ocrx_word' id='word_1_181' title='bbox 1704 3400 1855 3470; x_wconf 83' lang='lat' dir='ltr'><strong>cujus</strong></span> <span class='ocrx_word' id='word_1_182' title='bbox 1893 3399 2170 3454; x_wconf 84' lang='lat' dir='ltr'><strong>invisibilis</strong></span> 
     </span>
    </p>
   </div>
   <div class='ocr_carea' id='block_1_28' title="bbox 583 3491 2168 3579">
    <p class='ocr_par' dir='ltr' id='par_1_28' title="bbox 583 3491 2168 3579">
     <span class='ocr_line' id='line_1_29' title="bbox 583 3491 2168 3579; baseline -0.01 -17"><span class='ocrx_word' id='word_1_183' title='bbox 583 3515 665 3579; x_wconf 83' lang='lat' dir='ltr'><strong>est</strong></span> <span class='ocrx_word' id='word_1_184' title='bbox 690 3514 874 3561; x_wconf 86' lang='lat' dir='ltr'><strong>natura</strong></span> <span class='ocrx_word' id='word_1_185' title='bbox 895 3544 910 3568; x_wconf 91' lang='lat'><strong>,</strong></span> <span class='ocrx_word' id='word_1_186' title='bbox 943 3511 999 3556; x_wconf 90' lang='lat' dir='ltr'><strong>ut</strong></span> <span class='ocrx_word' id='word_1_187' title='bbox 1027 3500 1129 3554; x_wconf 85' lang='lat' dir='ltr'><strong>alia</strong></span> <span class='ocrx_word' id='word_1_188' title='bbox 1168 3507 1402 3564; x_wconf 89' lang='lat' dir='ltr'><strong>taceam,</strong></span> <span class='ocrx_word' id='word_1_189' title='bbox 1434 3494 1569 3553; x_wconf 81' lang='lat' dir='ltr'><strong>ﬁdes</strong></span> <span class='ocrx_word' id='word_1_190' title='bbox 1593 3495 1703 3564; x_wconf 85' lang='lat' dir='ltr'><strong>ipsa</strong></span> <span class='ocrx_word' id='word_1_191' title='bbox 1735 3507 1839 3564; x_wconf 87' lang='lat' dir='ltr'><strong>qua</strong></span> <span class='ocrx_word' id='word_1_192' title='bbox 1865 3491 2133 3547; x_wconf 78' lang='lat' dir='ltr'><strong>credimus</strong></span> <span class='ocrx_word' id='word_1_193' title='bbox 2153 3533 2168 3559; x_wconf 93' lang='lat'><strong>,</strong></span> 
     </span>
    </p>
   </div>
   <div class='ocr_carea' id='block_1_29' title="bbox 584 3581 2169 3668">
    <p class='ocr_par' dir='ltr' id='par_1_29' title="bbox 584 3581 2169 3668">
     <span class='ocr_line' id='line_1_30' title="bbox 584 3581 2169 3668; baseline -0.011 -15"><span class='ocrx_word' id='word_1_194' title='bbox 584 3599 699 3668; x_wconf 76' lang='lat' dir='ltr'><strong>sive</strong></span> <span class='ocrx_word' id='word_1_195' title='bbox 735 3592 982 3665; x_wconf 80' lang='lat' dir='ltr'><strong>cogitatio</strong></span> <span class='ocrx_word' id='word_1_196' title='bbox 1023 3605 1127 3661; x_wconf 83' lang='lat' dir='ltr'><strong>qua</strong></span> <span class='ocrx_word' id='word_1_197' title='bbox 1154 3603 1250 3645; x_wconf 89' lang='lat' dir='ltr'><strong>nos</strong></span> <span class='ocrx_word' id='word_1_198' title='bbox 1290 3586 1373 3643; x_wconf 87' lang='lat' dir='ltr'><strong>vel</strong></span> <span class='ocrx_word' id='word_1_199' title='bbox 1398 3585 1620 3642; x_wconf 89' lang='lat' dir='ltr'><strong>credere</strong></span> <span class='ocrx_word' id='word_1_200' title='bbox 1659 3581 1895 3653; x_wconf 90' lang='lat' dir='ltr'><strong>aliquid,</strong></span> <span class='ocrx_word' id='word_1_201' title='bbox 1938 3581 2019 3636; x_wconf 83' lang='lat' dir='ltr'><strong>vel</strong></span> <span class='ocrx_word' id='word_1_202' title='bbox 2065 3596 2169 3635; x_wconf 90' lang='lat' dir='ltr'><strong>non</strong></span> 
     </span>
    </p>
   </div>
   <div class='ocr_carea' id='block_1_30' title="bbox 583 3672 2172 3748">
    <p class='ocr_par' dir='ltr' id='par_1_30' title="bbox 583 3672 2172 3748">
     <span class='ocr_line' id='line_1_31' title="bbox 583 3672 2172 3748; baseline -0.009 -6"><span class='ocrx_word' id='word_1_203' title='bbox 583 3687 804 3747; x_wconf 81' lang='lat' dir='ltr'><strong>credere</strong></span> <span class='ocrx_word' id='word_1_204' title='bbox 833 3684 1104 3746; x_wconf 88' lang='lat' dir='ltr'><strong>novimus,</strong></span> <span class='ocrx_word' id='word_1_205' title='bbox 1132 3694 1254 3737; x_wconf 91' lang='lat' dir='ltr'><strong>cum</strong></span> <span class='ocrx_word' id='word_1_206' title='bbox 1282 3691 1495 3748; x_wconf 88' lang='lat' dir='ltr'><strong>prorsus</strong></span> <span class='ocrx_word' id='word_1_207' title='bbox 1533 3675 1705 3732; x_wconf 84' lang='lat' dir='ltr'><strong>aliena</strong></span> <span class='ocrx_word' id='word_1_208' title='bbox 1742 3674 1812 3729; x_wconf 89' lang='lat' dir='ltr'><strong>sit</strong></span> <span class='ocrx_word' id='word_1_209' title='bbox 1854 3672 1922 3729; x_wconf 88' lang='lat' dir='ltr'><strong>ab</strong></span> <span class='ocrx_word' id='word_1_210' title='bbox 1951 3673 2172 3731; x_wconf 88' lang='lat' dir='ltr'><strong>istorum</strong></span> 
     </span>
    </p>
   </div>
   <div class='ocr_carea' id='block_1_31' title="bbox 584 3763 2171 3846">
    <p class='ocr_par' dir='ltr' id='par_1_31' title="bbox 584 3763 2171 3846">
     <span class='ocr_line' id='line_1_32' title="bbox 584 3763 2171 3846; baseline -0.009 -13"><span class='ocrx_word' id='word_1_211' title='bbox 584 3774 954 3846; x_wconf 81' lang='lat' dir='ltr'><strong>conspectibus</strong></span> <span class='ocrx_word' id='word_1_212' title='bbox 992 3771 1302 3836; x_wconf 88' lang='lat' dir='ltr'><strong>oculorum,</strong></span> <span class='ocrx_word' id='word_1_213' title='bbox 1337 3765 1461 3837; x_wconf 88' lang='lat' dir='ltr'><strong>quid</strong></span> <span class='ocrx_word' id='word_1_214' title='bbox 1504 3775 1608 3820; x_wconf 87' lang='lat' dir='ltr'><strong>tam</strong></span> <span class='ocrx_word' id='word_1_215' title='bbox 1653 3763 1888 3830; x_wconf 88' lang='lat' dir='ltr'><strong>nudum,</strong></span> <span class='ocrx_word' id='word_1_216' title='bbox 1924 3773 2027 3818; x_wconf 90' lang='lat' dir='ltr'><strong>tam</strong></span> <span class='ocrx_word' id='word_1_217' title='bbox 2060 3764 2171 3827; x_wconf 37' lang='lat' dir='ltr'><strong>cla,-</strong></span> 
     </span>
    </p>
   </div>
   <div class='ocr_carea' id='block_1_32' title="bbox 585 3852 2173 3935">
    <p class='ocr_par' dir='ltr' id='par_1_32' title="bbox 585 3852 2173 3935">
     <span class='ocr_line' id='line_1_33' title="bbox 585 3852 2173 3935; baseline -0.008 -13"><span class='ocrx_word' id='word_1_218' title='bbox 585 3882 732 3930; x_wconf 87' lang='lat' dir='ltr'><strong>rum,</strong></span> <span class='ocrx_word' id='word_1_219' title='bbox 765 3863 890 3935; x_wconf 91' lang='lat' dir='ltr'><strong>quid</strong></span> <span class='ocrx_word' id='word_1_220' title='bbox 927 3872 1035 3925; x_wconf 86' lang='lat' dir='ltr'><strong>tam</strong></span> <span class='ocrx_word' id='word_1_221' title='bbox 1069 3869 1275 3915; x_wconf 87' lang='lat' dir='ltr'><strong>eertum</strong></span> <span class='ocrx_word' id='word_1_222' title='bbox 1316 3865 1399 3913; x_wconf 89' lang='lat' dir='ltr'><strong>est</strong></span> <span class='ocrx_word' id='word_1_223' title='bbox 1440 3854 1780 3910; x_wconf 86' lang='lat' dir='ltr'><strong>interioribus</strong></span> <span class='ocrx_word' id='word_1_224' title='bbox 1822 3852 2023 3909; x_wconf 88' lang='lat' dir='ltr'><strong>visibus</strong></span> <span class='ocrx_word' id='word_1_225' title='bbox 2058 3852 2173 3909; x_wconf 86' lang='lat' dir='ltr'><strong>ani-</strong></span> 
     </span>
    </p>
   </div>
   <div class='ocr_carea' id='block_1_33' title="bbox 586 3945 2173 4021">
    <p class='ocr_par' dir='ltr' id='par_1_33' title="bbox 586 3945 2173 4021">
     <span class='ocr_line' id='line_1_34' title="bbox 586 3945 2173 4021; baseline -0.008 -10"><span class='ocrx_word' id='word_1_226' title='bbox 586 3954 834 4013; x_wconf 89' lang='lat' dir='ltr'><strong>morum?</strong></span> <span class='ocrx_word' id='word_1_227' title='bbox 858 3951 1137 4021; x_wconf 82' lang='lat' dir='ltr'><strong>Quomodo</strong></span> <span class='ocrx_word' id='word_1_228' title='bbox 1160 3965 1287 4021; x_wconf 87' lang='lat' dir='ltr'><strong>ergo</strong></span> <span class='ocrx_word' id='word_1_229' title='bbox 1307 3946 1629 4003; x_wconf 88' lang='lat' dir='ltr'><strong>credendum</strong></span> <span class='ocrx_word' id='word_1_230' title='bbox 1655 3960 1760 4001; x_wconf 90' lang='lat' dir='ltr'><strong>non</strong></span> <span class='ocrx_word' id='word_1_231' title='bbox 1784 3954 1866 4000; x_wconf 90' lang='lat' dir='ltr'><strong>est</strong></span> <span class='ocrx_word' id='word_1_232' title='bbox 1890 3945 2031 4016; x_wconf 89' lang='lat' dir='ltr'><strong>quod</strong></span> <span class='ocrx_word' id='word_1_233' title='bbox 2052 3960 2173 4001; x_wconf 88' lang='lat' dir='ltr'><strong>cor-</strong></span> 
     </span>
    </p>
   </div>
   <div class='ocr_carea' id='block_1_34' title="bbox 586 4034 2170 4117">
    <p class='ocr_par' dir='ltr' id='par_1_34' title="bbox 586 4034 2170 4117">
     <span class='ocr_line' id='line_1_35' title="bbox 586 4034 2170 4117; baseline -0.007 -18"><span class='ocrx_word' id='word_1_234' title='bbox 586 4046 764 4117; x_wconf 76' lang='lat' dir='ltr'><strong>porcis</strong></span> <span class='ocrx_word' id='word_1_235' title='bbox 792 4044 959 4100; x_wconf 86' lang='lat' dir='ltr'><strong>oculis</strong></span> <span class='ocrx_word' id='word_1_236' title='bbox 988 4057 1093 4097; x_wconf 90' lang='lat' dir='ltr'><strong>non</strong></span> <span class='ocrx_word' id='word_1_237' title='bbox 1129 4039 1396 4115; x_wconf 83' lang='lat' dir='ltr'><strong>videmus,</strong></span> <span class='ocrx_word' id='word_1_238' title='bbox 1425 4052 1546 4093; x_wconf 89' lang='lat' dir='ltr'><strong>cum</strong></span> <span class='ocrx_word' id='word_1_239' title='bbox 1573 4037 1655 4091; x_wconf 82' lang='lat' dir='ltr'><strong>vel</strong></span> <span class='ocrx_word' id='word_1_240' title='bbox 1682 4034 1903 4091; x_wconf 88' lang='lat' dir='ltr'><strong>credere</strong></span> <span class='ocrx_word' id='word_1_241' title='bbox 1927 4051 2024 4090; x_wconf 91' lang='lat' dir='ltr'><strong>nos</strong></span> <span class='ocrx_word' id='word_1_242' title='bbox 2044 4077 2058 4102; x_wconf 93' lang='lat'><strong>,</strong></span> <span class='ocrx_word' id='word_1_243' title='bbox 2088 4036 2170 4092; x_wconf 88' lang='lat' dir='ltr'><strong>vel</strong></span> 
     </span>
    </p>
   </div>
   <div class='ocr_carea' id='block_1_35' title="bbox 587 4127 2172 4215">
    <p class='ocr_par' dir='ltr' id='par_1_35' title="bbox 587 4127 2172 4215">
     <span class='ocr_line' id='line_1_36' title="bbox 587 4127 2172 4215; baseline -0.008 -21"><span class='ocrx_word' id='word_1_244' title='bbox 587 4155 695 4215; x_wconf 86' lang='lat' dir='ltr'><strong>non</strong></span> <span class='ocrx_word' id='word_1_245' title='bbox 725 4137 963 4204; x_wconf 86' lang='lat' dir='ltr'><strong>credere,</strong></span> <span class='ocrx_word' id='word_1_246' title='bbox 996 4135 1084 4190; x_wconf 91' lang='lat' dir='ltr'><strong>ubi</strong></span> <span class='ocrx_word' id='word_1_247' title='bbox 1113 4146 1401 4204; x_wconf 84' lang='lat' dir='ltr'><strong>corporeus</strong></span> <span class='ocrx_word' id='word_1_248' title='bbox 1430 4129 1614 4186; x_wconf 88' lang='lat' dir='ltr'><strong>oculos</strong></span> <span class='ocrx_word' id='word_1_249' title='bbox 1640 4127 1893 4184; x_wconf 86' lang='lat' dir='ltr'><strong>adbibere</strong></span> <span class='ocrx_word' id='word_1_250' title='bbox 1922 4144 2026 4183; x_wconf 91' lang='lat' dir='ltr'><strong>non</strong></span> <span class='ocrx_word' id='word_1_251' title='bbox 2049 4141 2172 4198; x_wconf 88' lang='lat' dir='ltr'><strong>pos-</strong></span> 
     </span>
    </p>
   </div>
   <div class='ocr_carea' id='block_1_36' title="bbox 585 4219 1764 4297">
    <p class='ocr_par' dir='ltr' id='par_1_36' title="bbox 585 4219 1764 4297">
     <span class='ocr_line' id='line_1_37' title="bbox 585 4219 1764 4297; baseline -0.01 -11"><span class='ocrx_word' id='word_1_252' title='bbox 585 4245 790 4297; x_wconf 88' lang='lat' dir='ltr'><strong>sumus,</strong></span> <span class='ocrx_word' id='word_1_253' title='bbox 824 4228 938 4284; x_wconf 88' lang='lat' dir='ltr'><strong>sine</strong></span> <span class='ocrx_word' id='word_1_254' title='bbox 965 4227 1073 4282; x_wconf 87' lang='lat' dir='ltr'><strong>ulla</strong></span> <span class='ocrx_word' id='word_1_255' title='bbox 1096 4224 1425 4295; x_wconf 80' lang='lat' dir='ltr'><strong>dubitatione</strong></span> <span class='ocrx_word' id='word_1_256' title='bbox 1454 4219 1764 4281; x_wconf 80' lang='lat' dir='ltr'><strong>videamus?</strong></span> 
     </span>
    </p>
   </div>
   <div class='ocr_carea' id='block_1_37' title="bbox 656 4311 2169 4389">
    <p class='ocr_par' dir='ltr' id='par_1_37' title="bbox 656 4311 2169 4389">
     <span class='ocr_line' id='line_1_38' title="bbox 656 4311 2169 4389; baseline -0.01 -13"><span class='ocrx_word' id='word_1_257' title='bbox 656 4324 711 4376; x_wconf 76' lang='grc'><strong>2.</strong></span> <span class='ocrx_word' id='word_1_258' title='bbox 753 4319 896 4386; x_wconf 86' lang='lat' dir='ltr'><strong>Sed,</strong></span> <span class='ocrx_word' id='word_1_259' title='bbox 927 4318 1205 4388; x_wconf 84' lang='lat' dir='ltr'><strong>inquiunt,</strong></span> <span class='ocrx_word' id='word_1_260' title='bbox 1245 4314 1344 4370; x_wconf 89' lang='lat' dir='ltr'><strong>ista</strong></span> <span class='ocrx_word' id='word_1_261' title='bbox 1383 4329 1500 4389; x_wconf 68' lang='lat' dir='ltr'><strong>qua:</strong></span> <span class='ocrx_word' id='word_1_262' title='bbox 1543 4313 1600 4367; x_wconf 90' lang='lat' dir='ltr'><strong>in</strong></span> <span class='ocrx_word' id='word_1_263' title='bbox 1643 4311 1823 4366; x_wconf 89' lang='lat' dir='ltr'><strong>animo</strong></span> <span class='ocrx_word' id='word_1_264' title='bbox 1852 4319 2009 4376; x_wconf 88' lang='lat' dir='ltr'><strong>sunt,</strong></span> <span class='ocrx_word' id='word_1_265' title='bbox 2050 4324 2169 4365; x_wconf 90' lang='lat' dir='ltr'><strong>cum</strong></span> 
     </span>
    </p>
   </div>
   <div class='ocr_carea' id='block_1_38' title="bbox 587 4400 2173 4486">
    <p class='ocr_par' dir='ltr' id='par_1_38' title="bbox 587 4400 2173 4486">
     <span class='ocr_line' id='line_1_39' title="bbox 587 4400 2173 4486; baseline -0.009 -15"><span class='ocrx_word' id='word_1_266' title='bbox 587 4414 857 4486; x_wconf 83' lang='lat' dir='ltr'><strong>possimus</strong></span> <span class='ocrx_word' id='word_1_267' title='bbox 882 4412 997 4481; x_wconf 83' lang='lat' dir='ltr'><strong>ipso</strong></span> <span class='ocrx_word' id='word_1_268' title='bbox 1024 4408 1202 4463; x_wconf 90' lang='lat' dir='ltr'><strong>animo</strong></span> <span class='ocrx_word' id='word_1_269' title='bbox 1222 4415 1468 4469; x_wconf 82' lang='lat' dir='ltr'><strong>cernere,</strong></span> <span class='ocrx_word' id='word_1_270' title='bbox 1499 4419 1604 4457; x_wconf 92' lang='lat' dir='ltr'><strong>non</strong></span> <span class='ocrx_word' id='word_1_271' title='bbox 1633 4417 1767 4472; x_wconf 91' lang='lat' dir='ltr'><strong>opus</strong></span> <span class='ocrx_word' id='word_1_272' title='bbox 1794 4400 2049 4456; x_wconf 85' lang='lat' dir='ltr'><strong>habemus</strong></span> <span class='ocrx_word' id='word_1_273' title='bbox 2078 4417 2173 4470; x_wconf 87' lang='lat' dir='ltr'><strong>per</strong></span> 
     </span>
    </p>
   </div>
   <div class='ocr_carea' id='block_1_39' title="bbox 588 4491 2170 4574">
    <p class='ocr_par' dir='ltr' id='par_1_39' title="bbox 588 4491 2170 4574">
     <span class='ocr_line' id='line_1_40' title="bbox 588 4491 2170 4574; baseline -0.011 -10"><span class='ocrx_word' id='word_1_274' title='bbox 588 4509 773 4564; x_wconf 89' lang='lat' dir='ltr'><strong>oculos</strong></span> <span class='ocrx_word' id='word_1_275' title='bbox 797 4502 1038 4574; x_wconf 83' lang='lat' dir='ltr'><strong>corporis</strong></span> <span class='ocrx_word' id='word_1_276' title='bbox 1064 4513 1224 4556; x_wconf 87' lang='lat' dir='ltr'><strong>nosse</strong></span> <span class='ocrx_word' id='word_1_277' title='bbox 1250 4514 1265 4551; x_wconf 88' lang='lat'><strong>:</strong></span> <span class='ocrx_word' id='word_1_278' title='bbox 1293 4511 1410 4566; x_wconf 58' lang='lat' dir='ltr'><strong>quas</strong></span> <span class='ocrx_word' id='word_1_279' title='bbox 1437 4503 1617 4549; x_wconf 89' lang='lat' dir='ltr'><strong>autem</strong></span> <span class='ocrx_word' id='word_1_280' title='bbox 1644 4491 1818 4547; x_wconf 86' lang='lat' dir='ltr'><strong>dicitis</strong></span> <span class='ocrx_word' id='word_1_281' title='bbox 1841 4507 1936 4545; x_wconf 95' lang='lat' dir='ltr'><strong>vos</strong></span> <span class='ocrx_word' id='word_1_282' title='bbox 1966 4501 2024 4547; x_wconf 89' lang='lat' dir='ltr'><strong>ut</strong></span> <span class='ocrx_word' id='word_1_283' title='bbox 2050 4506 2170 4547; x_wconf 88' lang='lat' dir='ltr'><strong>cre-</strong></span> 
     </span>
    </p>
   </div>
   <div class='ocr_carea' id='block_1_40' title="bbox 589 4583 2173 4671">
    <p class='ocr_par' dir='ltr' id='par_1_40' title="bbox 589 4583 2173 4671">
     <span class='ocr_line' id='line_1_41' title="bbox 589 4583 2173 4671; baseline -0.011 -16"><span class='ocrx_word' id='word_1_284' title='bbox 589 4603 798 4667; x_wconf 80' lang='lat' dir='ltr'><strong>damus,</strong></span> <span class='ocrx_word' id='word_1_285' title='bbox 831 4612 932 4653; x_wconf 90' lang='lat' dir='ltr'><strong>nec</strong></span> <span class='ocrx_word' id='word_1_286' title='bbox 950 4593 1083 4665; x_wconf 77' lang='lat' dir='ltr'><strong>foris</strong></span> <span class='ocrx_word' id='word_1_287' title='bbox 1107 4588 1407 4671; x_wconf 80' lang='lat' dir='ltr'><strong>ostenditis,</strong></span> <span class='ocrx_word' id='word_1_288' title='bbox 1436 4595 1493 4641; x_wconf 91' lang='lat' dir='ltr'><strong>ut</strong></span> <span class='ocrx_word' id='word_1_289' title='bbox 1517 4601 1579 4641; x_wconf 88' lang='lat' dir='ltr'><strong>ea</strong></span> <span class='ocrx_word' id='word_1_290' title='bbox 1605 4600 1701 4655; x_wconf 88' lang='lat' dir='ltr'><strong>per</strong></span> <span class='ocrx_word' id='word_1_291' title='bbox 1727 4584 1914 4640; x_wconf 89' lang='lat' dir='ltr'><strong>oculos</strong></span> <span class='ocrx_word' id='word_1_292' title='bbox 1933 4583 2173 4654; x_wconf 88' lang='lat' dir='ltr'><strong>corporis</strong></span> 
     </span>
    </p>
   </div>
   <div class='ocr_carea' id='block_1_41' title="bbox 592 4679 2174 4755">
    <p class='ocr_par' dir='ltr' id='par_1_41' title="bbox 592 4679 2174 4755">
     <span class='ocr_line' id='line_1_42' title="bbox 592 4679 2174 4755; baseline -0.011 -8"><span class='ocrx_word' id='word_1_293' title='bbox 592 4692 927 4755; x_wconf 83' lang='lat' dir='ltr'><strong>noverimus;</strong></span> <span class='ocrx_word' id='word_1_294' title='bbox 952 4702 1050 4744; x_wconf 88' lang='lat' dir='ltr'><strong>nec</strong></span> <span class='ocrx_word' id='word_1_295' title='bbox 1076 4687 1216 4745; x_wconf 82' lang='lat' dir='ltr'><strong>intus</strong></span> <span class='ocrx_word' id='word_1_296' title='bbox 1246 4683 1299 4737; x_wconf 93' lang='lat' dir='ltr'><strong>in</strong></span> <span class='ocrx_word' id='word_1_297' title='bbox 1327 4679 1504 4737; x_wconf 84' lang='lat' dir='ltr'><strong>animo</strong></span> <span class='ocrx_word' id='word_1_298' title='bbox 1534 4685 1716 4745; x_wconf 85' lang='lat' dir='ltr'><strong>nostro</strong></span> <span class='ocrx_word' id='word_1_299' title='bbox 1741 4684 1883 4743; x_wconf 86' lang='lat' dir='ltr'><strong>sunt,</strong></span> <span class='ocrx_word' id='word_1_300' title='bbox 1910 4686 1964 4730; x_wconf 91' lang='lat' dir='ltr'><strong>ut</strong></span> <span class='ocrx_word' id='word_1_301' title='bbox 1996 4691 2058 4731; x_wconf 89' lang='lat' dir='ltr'><strong>ea</strong></span> <span class='ocrx_word' id='word_1_302' title='bbox 2084 4690 2174 4730; x_wconf 83' lang='lat' dir='ltr'><strong>co-</strong></span> 
     </span>
    </p>
   </div>
   <div class='ocr_carea' id='block_1_42' title="bbox 591 4767 2171 4854">
    <p class='ocr_par' dir='ltr' id='par_1_42' title="bbox 591 4767 2171 4854">
     <span class='ocr_line' id='line_1_43' title="bbox 591 4767 2171 4854; baseline -0.013 -15"><span class='ocrx_word' id='word_1_303' title='bbox 591 4781 817 4854; x_wconf 77' lang='lat' dir='ltr'><strong>gitando</strong></span> <span class='ocrx_word' id='word_1_304' title='bbox 851 4779 1145 4843; x_wconf 81' lang='lat' dir='ltr'><strong>videamus.</strong></span> <span class='ocrx_word' id='word_1_305' title='bbox 1184 4776 1273 4832; x_wconf 85' lang='lat' dir='ltr'><strong>Sic</strong></span> <span class='ocrx_word' id='word_1_306' title='bbox 1302 4773 1400 4829; x_wconf 81' lang='lat' dir='ltr'><strong>ista</strong></span> <span class='ocrx_word' id='word_1_307' title='bbox 1443 4771 1658 4837; x_wconf 90' lang='lat' dir='ltr'><strong>dicunt,</strong></span> <span class='ocrx_word' id='word_1_308' title='bbox 1705 4768 1854 4839; x_wconf 87' lang='lat' dir='ltr'><strong>quasi</strong></span> <span class='ocrx_word' id='word_1_309' title='bbox 1896 4767 2171 4838; x_wconf 83' lang='lat' dir='ltr'><strong>quisquam</strong></span> 
     </span>
    </p>
   </div>
   <div class='ocr_carea' id='block_1_43' title="bbox 594 4860 2172 4942">
    <p class='ocr_par' dir='ltr' id='par_1_43' title="bbox 594 4860 2172 4942">
     <span class='ocr_line' id='line_1_44' title="bbox 594 4860 2172 4942; baseline -0.011 -13"><span class='ocrx_word' id='word_1_310' title='bbox 594 4873 814 4929; x_wconf 87' lang='lat' dir='ltr'><strong>credere</strong></span> <span class='ocrx_word' id='word_1_311' title='bbox 831 4870 1129 4942; x_wconf 77' lang='lat' dir='ltr'><strong>iuberetur,</strong></span> <span class='ocrx_word' id='word_1_312' title='bbox 1156 4869 1201 4922; x_wconf 94' lang='lat' dir='ltr'><strong>si</strong></span> <span class='ocrx_word' id='word_1_313' title='bbox 1226 4866 1335 4937; x_wconf 86' lang='lat' dir='ltr'><strong>jam</strong></span> <span class='ocrx_word' id='word_1_314' title='bbox 1362 4864 1458 4920; x_wconf 90' lang='lat' dir='ltr'><strong>sibi</strong></span> <span class='ocrx_word' id='word_1_315' title='bbox 1485 4870 1861 4934; x_wconf 84' lang='lat' dir='ltr'><strong>praesentatum</strong></span> <span class='ocrx_word' id='word_1_316' title='bbox 1887 4866 2068 4931; x_wconf 88' lang='lat' dir='ltr'><strong>posset</strong></span> <span class='ocrx_word' id='word_1_317' title='bbox 2091 4860 2172 4914; x_wconf 90' lang='lat' dir='ltr'><strong>vi-</strong></span> 
     </span>
    </p>
   </div>
   <div class='ocr_carea' id='block_1_44' title="bbox 594 4950 2175 5036">
    <p class='ocr_par' dir='ltr' id='par_1_44' title="bbox 594 4950 2175 5036">
     <span class='ocr_line' id='line_1_45' title="bbox 594 4950 2175 5036; baseline -0.011 -14"><span class='ocrx_word' id='word_1_318' title='bbox 594 4967 722 5022; x_wconf 84' lang='lat' dir='ltr'><strong>dere</strong></span> <span class='ocrx_word' id='word_1_319' title='bbox 765 4950 904 5036; x_wconf 87' lang='lat' dir='ltr'><strong>quod</strong></span> <span class='ocrx_word' id='word_1_320' title='bbox 952 4960 1203 5016; x_wconf 85' lang='lat' dir='ltr'><strong>creditur.</strong></span> <span class='ocrx_word' id='word_1_321' title='bbox 1250 4957 1372 5023; x_wconf 82' lang='lat' dir='ltr'><strong>ideo</strong></span> <span class='ocrx_word' id='word_1_322' title='bbox 1420 4957 1605 5027; x_wconf 89' lang='lat' dir='ltr'><strong>utique</strong></span> <span class='ocrx_word' id='word_1_323' title='bbox 1653 4952 1908 5009; x_wconf 88' lang='lat' dir='ltr'><strong>debemus</strong></span> <span class='ocrx_word' id='word_1_324' title='bbox 1954 4950 2175 5007; x_wconf 86' lang='lat' dir='ltr'><strong>credere</strong></span> 
     </span>
    </p>
   </div>
   <div class='ocr_carea' id='block_1_45' title="bbox 595 5046 2177 5122">
    <p class='ocr_par' dir='ltr' id='par_1_45' title="bbox 595 5046 2177 5122">
     <span class='ocr_line' id='line_1_46' title="bbox 595 5046 2177 5122; baseline -0.008 -10"><span class='ocrx_word' id='word_1_325' title='bbox 595 5057 844 5113; x_wconf 88' lang='lat' dir='ltr'><strong>nonnulla</strong></span> <span class='ocrx_word' id='word_1_326' title='bbox 886 5054 1045 5115; x_wconf 86' lang='lat' dir='ltr'><strong>etiam</strong></span> <span class='ocrx_word' id='word_1_327' title='bbox 1092 5050 1433 5122; x_wconf 86' lang='lat' dir='ltr'><strong>temporalia,</strong></span> <span class='ocrx_word' id='word_1_328' title='bbox 1479 5064 1596 5118; x_wconf 82' lang='lat' dir='ltr'><strong>quae</strong></span> <span class='ocrx_word' id='word_1_329' title='bbox 1646 5062 1752 5103; x_wconf 90' lang='lat' dir='ltr'><strong>non</strong></span> <span class='ocrx_word' id='word_1_330' title='bbox 1801 5046 2070 5111; x_wconf 84' lang='lat' dir='ltr'><strong>videmus,</strong></span> <span class='ocrx_word' id='word_1_331' title='bbox 2120 5054 2177 5099; x_wconf 89' lang='lat' dir='ltr'><strong>ut</strong></span> 
     </span>
    </p>
   </div>
   <div class='ocr_carea' id='block_1_46' title="bbox 595 5138 2174 5212">
    <p class='ocr_par' dir='ltr' id='par_1_46' title="bbox 595 5138 2174 5212">
     <span class='ocr_line' id='line_1_47' title="bbox 595 5138 2174 5212; baseline -0.006 -9"><span class='ocrx_word' id='word_1_332' title='bbox 595 5160 793 5206; x_wconf 74' lang='lat' dir='ltr'><strong>aeterna</strong></span> <span class='ocrx_word' id='word_1_333' title='bbox 820 5148 978 5203; x_wconf 83' lang='lat' dir='ltr'><strong>etiam</strong></span> <span class='ocrx_word' id='word_1_334' title='bbox 1009 5159 1309 5201; x_wconf 88' lang='lat' dir='ltr'><strong>mereamur</strong></span> <span class='ocrx_word' id='word_1_335' title='bbox 1342 5143 1555 5208; x_wconf 82' lang='lat' dir='ltr'><strong>videre,</strong></span> <span class='ocrx_word' id='word_1_336' title='bbox 1606 5156 1725 5212; x_wconf 75' lang='lat' dir='ltr'><strong>qua:</strong></span> <span class='ocrx_word' id='word_1_337' title='bbox 1753 5139 2038 5196; x_wconf 88' lang='lat' dir='ltr'><strong>credimus.</strong></span> <span class='ocrx_word' id='word_1_338' title='bbox 2068 5138 2174 5195; x_wconf 88' lang='lat' dir='ltr'><strong>Sed</strong></span> 
     </span>
    </p>
   </div>
   <div class='ocr_carea' id='block_1_47' title="bbox 2279 1855 3829 1937">
    <p class='ocr_par' dir='ltr' id='par_1_47' title="bbox 2279 1855 3829 1937">
     <span class='ocr_line' id='line_1_48' title="bbox 2279 1855 3829 1937; baseline 0.012 -29"><span class='ocrx_word' id='word_1_339' title='bbox 2279 1855 2518 1927; x_wconf 89' lang='lat' dir='ltr'><strong>quisquis</strong></span> <span class='ocrx_word' id='word_1_340' title='bbox 2544 1872 2601 1913; x_wconf 86' lang='lat' dir='ltr'><strong>es</strong></span> <span class='ocrx_word' id='word_1_341' title='bbox 2616 1898 2631 1925; x_wconf 93' lang='lat'><strong>,</strong></span> <span class='ocrx_word' id='word_1_342' title='bbox 2658 1859 2749 1930; x_wconf 91' lang='lat' dir='ltr'><strong>qui</strong></span> <span class='ocrx_word' id='word_1_343' title='bbox 2776 1874 2880 1916; x_wconf 90' lang='lat' dir='ltr'><strong>non</strong></span> <span class='ocrx_word' id='word_1_344' title='bbox 2905 1860 2986 1916; x_wconf 89' lang='lat' dir='ltr'><strong>vis</strong></span> <span class='ocrx_word' id='word_1_345' title='bbox 3009 1861 3231 1918; x_wconf 89' lang='lat' dir='ltr'><strong>credere</strong></span> <span class='ocrx_word' id='word_1_346' title='bbox 3251 1864 3355 1921; x_wconf 82' lang='lat' dir='ltr'><strong>nisi</strong></span> <span class='ocrx_word' id='word_1_347' title='bbox 3378 1865 3522 1935; x_wconf 89' lang='lat' dir='ltr'><strong>quod</strong></span> <span class='ocrx_word' id='word_1_348' title='bbox 3545 1864 3708 1937; x_wconf 82' lang='lat' dir='ltr'><strong>vides,</strong></span> <span class='ocrx_word' id='word_1_349' title='bbox 3729 1882 3829 1925; x_wconf 79' lang='lat' dir='ltr'><strong>ecce</strong></span> 
     </span>
    </p>
   </div>
   <div class='ocr_carea' id='block_1_48' title="bbox 2279 1950 3829 2028">
    <p class='ocr_par' dir='ltr' id='par_1_48' title="bbox 2279 1950 3829 2028">
     <span class='ocr_line' id='line_1_49' title="bbox 2279 1950 3829 2028; baseline 0.01 -27"><span class='ocrx_word' id='word_1_350' title='bbox 2279 1950 2560 2016; x_wconf 83' lang='lat' dir='ltr'><strong>praesentia</strong></span> <span class='ocrx_word' id='word_1_351' title='bbox 2591 1964 2815 2020; x_wconf 89' lang='lat' dir='ltr'><strong>corpora</strong></span> <span class='ocrx_word' id='word_1_352' title='bbox 2850 1955 3124 2023; x_wconf 87' lang='lat' dir='ltr'><strong>corporeis</strong></span> <span class='ocrx_word' id='word_1_353' title='bbox 3151 1955 3323 2012; x_wconf 86' lang='lat' dir='ltr'><strong>oculis</strong></span> <span class='ocrx_word' id='word_1_354' title='bbox 3356 1957 3541 2027; x_wconf 84' lang='lat' dir='ltr'><strong>vides,</strong></span> <span class='ocrx_word' id='word_1_355' title='bbox 3570 1968 3829 2028; x_wconf 67' lang='lat' dir='ltr'><strong>praecata</strong></span> 
     </span>
    </p>
   </div>
   <div class='ocr_carea' id='block_1_49' title="bbox 2278 2037 3829 2117">
    <p class='ocr_par' dir='ltr' id='par_1_49' title="bbox 2278 2037 3829 2117">
     <span class='ocr_line' id='line_1_50' title="bbox 2278 2037 3829 2117; baseline 0.011 -27"><span class='ocrx_word' id='word_1_356' title='bbox 2278 2037 2581 2095; x_wconf 81' lang='lat' dir='ltr'><strong>voluntates</strong></span> <span class='ocrx_word' id='word_1_357' title='bbox 2619 2048 2672 2096; x_wconf 90' lang='lat' dir='ltr'><strong>et</strong></span> <span class='ocrx_word' id='word_1_358' title='bbox 2712 2042 3061 2113; x_wconf 81' lang='lat' dir='ltr'><strong>cogitationes</strong></span> <span class='ocrx_word' id='word_1_359' title='bbox 3099 2052 3248 2113; x_wconf 89' lang='lat' dir='ltr'><strong>tuas,</strong></span> <span class='ocrx_word' id='word_1_360' title='bbox 3289 2047 3413 2117; x_wconf 87' lang='lat' dir='ltr'><strong>quia</strong></span> <span class='ocrx_word' id='word_1_361' title='bbox 3460 2047 3515 2102; x_wconf 90' lang='lat' dir='ltr'><strong>in</strong></span> <span class='ocrx_word' id='word_1_362' title='bbox 3555 2049 3727 2105; x_wconf 89' lang='lat' dir='ltr'><strong>animo</strong></span> <span class='ocrx_word' id='word_1_363' title='bbox 3759 2059 3829 2107; x_wconf 84' lang='lat' dir='ltr'><strong>tuo</strong></span> 
     </span>
    </p>
   </div>
   <div class='ocr_carea' id='block_1_50' title="bbox 2276 2129 3830 2204">
    <p class='ocr_par' dir='ltr' id='par_1_50' title="bbox 2276 2129 3830 2204">
     <span class='ocr_line' id='line_1_51' title="bbox 2276 2129 3830 2204; baseline 0.005 -19"><span class='ocrx_word' id='word_1_364' title='bbox 2276 2136 2434 2196; x_wconf 80' lang='lat' dir='ltr'><strong>Sunt,</strong></span> <span class='ocrx_word' id='word_1_365' title='bbox 2465 2129 2580 2199; x_wconf 88' lang='lat' dir='ltr'><strong>ipso</strong></span> <span class='ocrx_word' id='word_1_366' title='bbox 2608 2130 2787 2185; x_wconf 90' lang='lat' dir='ltr'><strong>animo</strong></span> <span class='ocrx_word' id='word_1_367' title='bbox 2813 2131 2998 2188; x_wconf 91' lang='lat' dir='ltr'><strong>vides:</strong></span> <span class='ocrx_word' id='word_1_368' title='bbox 3030 2133 3118 2189; x_wconf 90' lang='lat' dir='ltr'><strong>dic</strong></span> <span class='ocrx_word' id='word_1_369' title='bbox 3142 2133 3292 2200; x_wconf 84' lang='lat' dir='ltr'><strong>mihi,</strong></span> <span class='ocrx_word' id='word_1_370' title='bbox 3322 2134 3548 2192; x_wconf 88' lang='lat' dir='ltr'><strong>obsecro</strong></span> <span class='ocrx_word' id='word_1_371' title='bbox 3577 2145 3660 2204; x_wconf 89' lang='lat' dir='ltr'><strong>te;</strong></span> <span class='ocrx_word' id='word_1_372' title='bbox 3700 2139 3830 2193; x_wconf 83' lang='lat' dir='ltr'><strong>amici</strong></span> 
     </span>
    </p>
   </div>
   <div class='ocr_carea' id='block_1_51' title="bbox 2278 2219 3830 2295">
    <p class='ocr_par' dir='ltr' id='par_1_51' title="bbox 2278 2219 3830 2295">
     <span class='ocr_line' id='line_1_52' title="bbox 2278 2219 3830 2295; baseline 0.01 -24"><span class='ocrx_word' id='word_1_373' title='bbox 2278 2219 2351 2273; x_wconf 91' lang='lat' dir='ltr'><strong>tui</strong></span> <span class='ocrx_word' id='word_1_374' title='bbox 2374 2235 2498 2290; x_wconf 86' lang='lat' dir='ltr'><strong>erga</strong></span> <span class='ocrx_word' id='word_1_375' title='bbox 2527 2228 2578 2276; x_wconf 90' lang='lat' dir='ltr'><strong>te</strong></span> <span class='ocrx_word' id='word_1_376' title='bbox 2600 2222 2923 2278; x_wconf 87' lang='lat' dir='ltr'><strong>voluntatem</strong></span> <span class='ocrx_word' id='word_1_377' title='bbox 2944 2224 3135 2295; x_wconf 91' lang='lat' dir='ltr'><strong>quibus</strong></span> <span class='ocrx_word' id='word_1_378' title='bbox 3152 2226 3323 2282; x_wconf 90' lang='lat' dir='ltr'><strong>oculis</strong></span> <span class='ocrx_word' id='word_1_379' title='bbox 3346 2227 3533 2284; x_wconf 78' lang='lat' dir='ltr'><strong>vides?</strong></span> <span class='ocrx_word' id='word_1_380' title='bbox 3556 2229 3699 2286; x_wconf 84' lang='lat' dir='ltr'><strong>nulla</strong></span> <span class='ocrx_word' id='word_1_381' title='bbox 3715 2231 3830 2286; x_wconf 86' lang='lat' dir='ltr'><strong>enim</strong></span> 
     </span>
    </p>
   </div>
   <div class='ocr_carea' id='block_1_52' title="bbox 2276 2310 3828 2392">
    <p class='ocr_par' dir='ltr' id='par_1_52' title="bbox 2276 2310 3828 2392">
     <span class='ocr_line' id='line_1_53' title="bbox 2276 2310 3828 2392; baseline 0.01 -29"><span class='ocrx_word' id='word_1_382' title='bbox 2276 2310 2520 2365; x_wconf 85' lang='lat' dir='ltr'><strong>voluntas</strong></span> <span class='ocrx_word' id='word_1_383' title='bbox 2543 2314 2817 2384; x_wconf 87' lang='lat' dir='ltr'><strong>corporeis</strong></span> <span class='ocrx_word' id='word_1_384' title='bbox 2838 2315 3008 2370; x_wconf 90' lang='lat' dir='ltr'><strong>oculis</strong></span> <span class='ocrx_word' id='word_1_385' title='bbox 3032 2315 3202 2373; x_wconf 89' lang='lat' dir='ltr'><strong>videri</strong></span> <span class='ocrx_word' id='word_1_386' title='bbox 3227 2325 3422 2388; x_wconf 88' lang='lat' dir='ltr'><strong>potest.</strong></span> <span class='ocrx_word' id='word_1_387' title='bbox 3448 2319 3679 2392; x_wconf 77' lang='lat' dir='ltr'><strong>Anvero</strong></span> <span class='ocrx_word' id='word_1_388' title='bbox 3699 2322 3828 2378; x_wconf 83' lang='lat' dir='ltr'><strong>etiam</strong></span> 
     </span>
    </p>
   </div>
   <div class='ocr_carea' id='block_1_53' title="bbox 2275 2399 3828 2482">
    <p class='ocr_par' dir='ltr' id='par_1_53' title="bbox 2275 2399 3828 2482">
     <span class='ocr_line' id='line_1_54' title="bbox 2275 2399 3828 2482; baseline 0.008 -29"><span class='ocrx_word' id='word_1_389' title='bbox 2275 2399 2378 2455; x_wconf 87' lang='lat' dir='ltr'><strong>boc</strong></span> <span class='ocrx_word' id='word_1_390' title='bbox 2403 2401 2553 2459; x_wconf 87' lang='lat' dir='ltr'><strong>vides</strong></span> <span class='ocrx_word' id='word_1_391' title='bbox 2588 2404 2766 2461; x_wconf 89' lang='lat' dir='ltr'><strong>animo</strong></span> <span class='ocrx_word' id='word_1_392' title='bbox 2797 2413 2920 2471; x_wconf 90' lang='lat' dir='ltr'><strong>tuo,</strong></span> <span class='ocrx_word' id='word_1_393' title='bbox 2948 2406 3091 2477; x_wconf 90' lang='lat' dir='ltr'><strong>quod</strong></span> <span class='ocrx_word' id='word_1_394' title='bbox 3120 2408 3175 2463; x_wconf 89' lang='lat' dir='ltr'><strong>in</strong></span> <span class='ocrx_word' id='word_1_395' title='bbox 3212 2409 3392 2464; x_wconf 89' lang='lat' dir='ltr'><strong>animo</strong></span> <span class='ocrx_word' id='word_1_396' title='bbox 3434 2411 3608 2482; x_wconf 89' lang='lat' dir='ltr'><strong>agitur</strong></span> <span class='ocrx_word' id='word_1_397' title='bbox 3644 2412 3828 2468; x_wconf 77' lang='lat' dir='ltr'><strong>alieno!</strong></span> 
     </span>
    </p>
   </div>
   <div class='ocr_carea' id='block_1_54' title="bbox 2274 2492 3830 2568">
    <p class='ocr_par' dir='ltr' id='par_1_54' title="bbox 2274 2492 3830 2568">
     <span class='ocr_line' id='line_1_55' title="bbox 2274 2492 3830 2568; baseline 0.01 -22"><span class='ocrx_word' id='word_1_398' title='bbox 2274 2492 2428 2561; x_wconf 84' lang='lat' dir='ltr'><strong>Quod</strong></span> <span class='ocrx_word' id='word_1_399' title='bbox 2462 2495 2505 2549; x_wconf 92' lang='lat' dir='ltr'><strong>si</strong></span> <span class='ocrx_word' id='word_1_400' title='bbox 2535 2510 2641 2550; x_wconf 90' lang='lat' dir='ltr'><strong>non</strong></span> <span class='ocrx_word' id='word_1_401' title='bbox 2678 2495 2832 2553; x_wconf 89' lang='lat' dir='ltr'><strong>vides</strong></span> <span class='ocrx_word' id='word_1_402' title='bbox 2853 2538 2869 2564; x_wconf 89' lang='lat'><strong>,</strong></span> <span class='ocrx_word' id='word_1_403' title='bbox 2897 2499 3165 2568; x_wconf 90' lang='lat' dir='ltr'><strong>quomodo</strong></span> <span class='ocrx_word' id='word_1_404' title='bbox 3194 2501 3406 2557; x_wconf 85' lang='lat' dir='ltr'><strong>amicali</strong></span> <span class='ocrx_word' id='word_1_405' title='bbox 3434 2503 3448 2534; x_wconf 78' lang='grc'>⁸</span> <span class='ocrx_word' id='word_1_406' title='bbox 3481 2502 3830 2560; x_wconf 76' lang='lat' dir='ltr'><strong>benevolentia:</strong></span> 
     </span>
    </p>
   </div>
   <div class='ocr_carea' id='block_1_55' title="bbox 2277 2571 3829 2660">
    <p class='ocr_par' dir='ltr' id='par_1_55' title="bbox 2277 2571 3829 2660">
     <span class='ocr_line' id='line_1_56' title="bbox 2277 2571 3829 2660; baseline 0.007 -24"><span class='ocrx_word' id='word_1_407' title='bbox 2277 2582 2448 2638; x_wconf 87' lang='lat' dir='ltr'><strong>vicem</strong></span> <span class='ocrx_word' id='word_1_408' title='bbox 2473 2585 2742 2654; x_wconf 89' lang='lat' dir='ltr'><strong>rependis,</strong></span> <span class='ocrx_word' id='word_1_409' title='bbox 2765 2587 2809 2642; x_wconf 91' lang='lat' dir='ltr'><strong>si</strong></span> <span class='ocrx_word' id='word_1_410' title='bbox 2833 2587 2974 2659; x_wconf 91' lang='lat' dir='ltr'><strong>quod</strong></span> <span class='ocrx_word' id='word_1_411' title='bbox 3000 2604 3104 2644; x_wconf 91' lang='lat' dir='ltr'><strong>non</strong></span> <span class='ocrx_word' id='word_1_412' title='bbox 3127 2598 3278 2660; x_wconf 89' lang='lat' dir='ltr'><strong>potes</strong></span> <span class='ocrx_word' id='word_1_413' title='bbox 3303 2571 3502 2660; x_wconf 83' lang='lat' dir='ltr'><strong>videre,</strong></span> <span class='ocrx_word' id='word_1_414' title='bbox 3527 2607 3632 2650; x_wconf 87' lang='lat' dir='ltr'><strong>non</strong></span> <span class='ocrx_word' id='word_1_415' title='bbox 3655 2593 3829 2650; x_wconf 79' lang='lat' dir='ltr'><strong>credis?</strong></span> 
     </span>
    </p>
   </div>
   <div class='ocr_carea' id='block_1_56' title="bbox 2274 2674 3829 2755">
    <p class='ocr_par' dir='ltr' id='par_1_56' title="bbox 2274 2674 3829 2755">
     <span class='ocr_line' id='line_1_57' title="bbox 2274 2674 3829 2755; baseline 0.006 -26"><span class='ocrx_word' id='word_1_416' title='bbox 2274 2675 2354 2729; x_wconf 84' lang='lat' dir='ltr'><strong>An</strong></span> <span class='ocrx_word' id='word_1_417' title='bbox 2404 2674 2541 2732; x_wconf 75' lang='lat' dir='ltr'><strong>forte</strong></span> <span class='ocrx_word' id='word_1_418' title='bbox 2576 2675 2815 2743; x_wconf 88' lang='lat' dir='ltr'><strong>dicturus</strong></span> <span class='ocrx_word' id='word_1_419' title='bbox 2851 2692 2944 2745; x_wconf 91' lang='lat' dir='ltr'><strong>es,</strong></span> <span class='ocrx_word' id='word_1_420' title='bbox 2990 2679 3211 2737; x_wconf 81' lang='lat' dir='ltr'><strong>alterius</strong></span> <span class='ocrx_word' id='word_1_421' title='bbox 3251 2682 3577 2739; x_wconf 78' lang='lat' dir='ltr'><strong>voluntatem</strong></span> <span class='ocrx_word' id='word_1_422' title='bbox 3615 2699 3710 2755; x_wconf 88' lang='lat' dir='ltr'><strong>per</strong></span> <span class='ocrx_word' id='word_1_423' title='bbox 3738 2683 3829 2755; x_wconf 81' lang='lat' dir='ltr'><strong>ejus</strong></span> 
     </span>
    </p>
   </div>
   <div class='ocr_carea' id='block_1_57' title="bbox 2273 2765 3827 2839">
    <p class='ocr_par' dir='ltr' id='par_1_57' title="bbox 2273 2765 3827 2839">
     <span class='ocr_line' id='line_1_58' title="bbox 2273 2765 3827 2839; baseline 0.007 -22"><span class='ocrx_word' id='word_1_424' title='bbox 2273 2778 2434 2833; x_wconf 87' lang='lat' dir='ltr'><strong>opera</strong></span> <span class='ocrx_word' id='word_1_425' title='bbox 2467 2773 2518 2821; x_wconf 87' lang='lat' dir='ltr'><strong>te</strong></span> <span class='ocrx_word' id='word_1_426' title='bbox 2560 2765 2781 2823; x_wconf 75' lang='lat' dir='ltr'><strong>videre?</strong></span> <span class='ocrx_word' id='word_1_427' title='bbox 2804 2768 2947 2839; x_wconf 84' lang='lat' dir='ltr'><strong>Ergo</strong></span> <span class='ocrx_word' id='word_1_428' title='bbox 2974 2768 3111 2825; x_wconf 83' lang='lat' dir='ltr'><strong>facta</strong></span> <span class='ocrx_word' id='word_1_429' title='bbox 3142 2770 3350 2827; x_wconf 88' lang='lat' dir='ltr'><strong>visurus</strong></span> <span class='ocrx_word' id='word_1_430' title='bbox 3368 2813 3383 2838; x_wconf 92' lang='lat'><strong>,</strong></span> <span class='ocrx_word' id='word_1_431' title='bbox 3413 2781 3467 2828; x_wconf 90' lang='lat' dir='ltr'><strong>et</strong></span> <span class='ocrx_word' id='word_1_432' title='bbox 3490 2774 3653 2830; x_wconf 87' lang='lat' dir='ltr'><strong>verba</strong></span> <span class='ocrx_word' id='word_1_433' title='bbox 3678 2790 3732 2831; x_wconf 92' lang='lat' dir='ltr'><strong>es</strong></span> <span class='ocrx_word' id='word_1_434' title='bbox 3753 2789 3827 2829; x_wconf 82' lang='lat' dir='ltr'><strong>aa-</strong></span> 
     </span>
    </p>
   </div>
   <div class='ocr_carea' id='block_1_58' title="bbox 2272 2852 3828 2934">
    <p class='ocr_par' dir='ltr' id='par_1_58' title="bbox 2272 2852 3828 2934">
     <span class='ocr_line' id='line_1_59' title="bbox 2272 2852 3828 2934; baseline 0.006 -24"><span class='ocrx_word' id='word_1_435' title='bbox 2272 2855 2516 2925; x_wconf 75' lang='lat' dir='ltr'><strong>diturus,</strong></span> <span class='ocrx_word' id='word_1_436' title='bbox 2547 2856 2621 2917; x_wconf 80' lang='lat' dir='ltr'><strong>de</strong></span> <span class='ocrx_word' id='word_1_437' title='bbox 2645 2857 2801 2917; x_wconf 86' lang='lat' dir='ltr'><strong>amici</strong></span> <span class='ocrx_word' id='word_1_438' title='bbox 2829 2868 3006 2914; x_wconf 92' lang='lat' dir='ltr'><strong>autem</strong></span> <span class='ocrx_word' id='word_1_439' title='bbox 3045 2852 3316 2917; x_wconf 83' lang='lat' dir='ltr'><strong>voluntate</strong></span> <span class='ocrx_word' id='word_1_440' title='bbox 3356 2862 3408 2918; x_wconf 89' lang='lat' dir='ltr'><strong>id</strong></span> <span class='ocrx_word' id='word_1_441' title='bbox 3450 2864 3593 2934; x_wconf 90' lang='lat' dir='ltr'><strong>quod</strong></span> <span class='ocrx_word' id='word_1_442' title='bbox 3616 2864 3768 2920; x_wconf 86' lang='lat' dir='ltr'><strong>videri</strong></span> <span class='ocrx_word' id='word_1_443' title='bbox 3788 2873 3828 2919; x_wconf 83' lang='lat' dir='ltr'><strong>et</strong></span> 
     </span>
    </p>
   </div>
   <div class='ocr_carea' id='block_1_59' title="bbox 2272 2946 3827 3018">
    <p class='ocr_par' dir='ltr' id='par_1_59' title="bbox 2272 2946 3827 3018">
     <span class='ocr_line' id='line_1_60' title="bbox 2272 2946 3827 3018; baseline 0.005 -18"><span class='ocrx_word' id='word_1_444' title='bbox 2272 2946 2443 3002; x_wconf 89' lang='lat' dir='ltr'><strong>audiri</strong></span> <span class='ocrx_word' id='word_1_445' title='bbox 2480 2961 2589 3003; x_wconf 90' lang='lat' dir='ltr'><strong>non</strong></span> <span class='ocrx_word' id='word_1_446' title='bbox 2618 2956 2794 3018; x_wconf 87' lang='lat' dir='ltr'><strong>potest</strong></span> <span class='ocrx_word' id='word_1_447' title='bbox 2820 2949 3137 3006; x_wconf 88' lang='lat' dir='ltr'><strong>crediturus.</strong></span> <span class='ocrx_word' id='word_1_448' title='bbox 3169 2951 3284 3007; x_wconf 90' lang='lat' dir='ltr'><strong>Non</strong></span> <span class='ocrx_word' id='word_1_449' title='bbox 3313 2954 3455 3008; x_wconf 91' lang='lat' dir='ltr'><strong>enim</strong></span> <span class='ocrx_word' id='word_1_450' title='bbox 3486 2955 3726 3010; x_wconf 81' lang='lat' dir='ltr'><strong>voluntas</strong></span> <span class='ocrx_word' id='word_1_451' title='bbox 3759 2954 3827 3009; x_wconf 78' lang='lat' dir='ltr'><strong>illa</strong></span> 
     </span>
    </p>
   </div>
   <div class='ocr_carea' id='block_1_60' title="bbox 2273 3038 3829 3113">
    <p class='ocr_par' dir='ltr' id='par_1_60' title="bbox 2273 3038 3829 3113">
     <span class='ocr_line' id='line_1_61' title="bbox 2273 3038 3829 3113; baseline 0.005 -22"><span class='ocrx_word' id='word_1_452' title='bbox 2273 3038 2420 3092; x_wconf 91' lang='lat' dir='ltr'><strong>color</strong></span> <span class='ocrx_word' id='word_1_453' title='bbox 2440 3047 2523 3093; x_wconf 87' lang='lat' dir='ltr'><strong>est</strong></span> <span class='ocrx_word' id='word_1_454' title='bbox 2543 3047 2634 3093; x_wconf 91' lang='lat' dir='ltr'><strong>aut</strong></span> <span class='ocrx_word' id='word_1_455' title='bbox 2658 3039 2840 3110; x_wconf 83' lang='lat' dir='ltr'><strong>ﬁgura,</strong></span> <span class='ocrx_word' id='word_1_456' title='bbox 2871 3049 2929 3095; x_wconf 90' lang='lat' dir='ltr'><strong>ut</strong></span> <span class='ocrx_word' id='word_1_457' title='bbox 2954 3042 3123 3096; x_wconf 90' lang='lat' dir='ltr'><strong>oculis</strong></span> <span class='ocrx_word' id='word_1_458' title='bbox 3148 3042 3448 3113; x_wconf 87' lang='lat' dir='ltr'><strong>ingeratur;</strong></span> <span class='ocrx_word' id='word_1_459' title='bbox 3477 3044 3558 3100; x_wconf 88' lang='lat' dir='ltr'><strong>vel</strong></span> <span class='ocrx_word' id='word_1_460' title='bbox 3587 3059 3744 3099; x_wconf 81' lang='lat' dir='ltr'><strong>sonus</strong></span> <span class='ocrx_word' id='word_1_461' title='bbox 3759 3054 3829 3100; x_wconf 87' lang='lat' dir='ltr'><strong>aut</strong></span> 
     </span>
    </p>
   </div>
   <div class='ocr_carea' id='block_1_61' title="bbox 2272 3129 3832 3200">
    <p class='ocr_par' dir='ltr' id='par_1_61' title="bbox 2272 3129 3832 3200">
     <span class='ocr_line' id='line_1_62' title="bbox 2272 3129 3832 3200; baseline 0.003 -16"><span class='ocrx_word' id='word_1_462' title='bbox 2272 3129 2533 3195; x_wconf 84' lang='lat' dir='ltr'><strong>cantilena</strong></span> <span class='ocrx_word' id='word_1_463' title='bbox 2552 3170 2566 3196; x_wconf 93' lang='lat'><strong>,</strong></span> <span class='ocrx_word' id='word_1_464' title='bbox 2598 3138 2656 3185; x_wconf 93' lang='lat' dir='ltr'><strong>ut</strong></span> <span class='ocrx_word' id='word_1_465' title='bbox 2681 3130 2897 3187; x_wconf 88' lang='lat' dir='ltr'><strong>auribus</strong></span> <span class='ocrx_word' id='word_1_466' title='bbox 2926 3131 3201 3200; x_wconf 88' lang='lat' dir='ltr'><strong>illabatur;</strong></span> <span class='ocrx_word' id='word_1_467' title='bbox 3232 3142 3324 3187; x_wconf 90' lang='lat' dir='ltr'><strong>aut</strong></span> <span class='ocrx_word' id='word_1_468' title='bbox 3360 3148 3489 3189; x_wconf 91' lang='lat' dir='ltr'><strong>vero</strong></span> <span class='ocrx_word' id='word_1_469' title='bbox 3532 3143 3625 3189; x_wconf 83' lang='lat' dir='ltr'><strong>tua</strong></span> <span class='ocrx_word' id='word_1_470' title='bbox 3663 3142 3765 3199; x_wconf 88' lang='lat' dir='ltr'><strong>est,</strong></span> <span class='ocrx_word' id='word_1_471' title='bbox 3787 3143 3832 3188; x_wconf 90' lang='lat' dir='ltr'><strong>ut</strong></span> 
     </span>
    </p>
   </div>
   <div class='ocr_carea' id='block_1_62' title="bbox 2275 3220 3832 3296">
    <p class='ocr_par' dir='ltr' id='par_1_62' title="bbox 2275 3220 3832 3296">
     <span class='ocr_line' id='line_1_63' title="bbox 2275 3220 3832 3296; baseline 0.004 -23"><span class='ocrx_word' id='word_1_472' title='bbox 2275 3221 2347 3273; x_wconf 90' lang='lat' dir='ltr'><strong>tui</strong></span> <span class='ocrx_word' id='word_1_473' title='bbox 2376 3220 2555 3276; x_wconf 89' lang='lat' dir='ltr'><strong>cordis</strong></span> <span class='ocrx_word' id='word_1_474' title='bbox 2588 3220 2870 3278; x_wconf 82' lang='lat' dir='ltr'><strong>aﬁ‘ectione</strong></span> <span class='ocrx_word' id='word_1_475' title='bbox 2915 3223 3194 3283; x_wconf 87' lang='lat' dir='ltr'><strong>sentiatur.</strong></span> <span class='ocrx_word' id='word_1_476' title='bbox 3235 3224 3419 3279; x_wconf 86' lang='lat' dir='ltr'><strong>Restat</strong></span> <span class='ocrx_word' id='word_1_477' title='bbox 3454 3226 3635 3296; x_wconf 88' lang='lat' dir='ltr'><strong>itaque</strong></span> <span class='ocrx_word' id='word_1_478' title='bbox 3662 3235 3718 3280; x_wconf 91' lang='lat' dir='ltr'><strong>ut</strong></span> <span class='ocrx_word' id='word_1_479' title='bbox 3755 3239 3832 3280; x_wconf 84' lang='lat' dir='ltr'><strong>nec</strong></span> 
     </span>
    </p>
   </div>
   <div class='ocr_carea' id='block_1_63' title="bbox 2272 3310 3829 3386">
    <p class='ocr_par' dir='ltr' id='par_1_63' title="bbox 2272 3310 3829 3386">
     <span class='ocr_line' id='line_1_64' title="bbox 2272 3310 3829 3386; baseline 0.004 -22"><span class='ocrx_word' id='word_1_480' title='bbox 2272 3310 2405 3376; x_wconf 90' lang='lat' dir='ltr'><strong>visa,</strong></span> <span class='ocrx_word' id='word_1_481' title='bbox 2436 3327 2535 3367; x_wconf 89' lang='lat' dir='ltr'><strong>nec</strong></span> <span class='ocrx_word' id='word_1_482' title='bbox 2558 3312 2762 3380; x_wconf 85' lang='lat' dir='ltr'><strong>audita,</strong></span> <span class='ocrx_word' id='word_1_483' title='bbox 2794 3328 2894 3369; x_wconf 90' lang='lat' dir='ltr'><strong>nec</strong></span> <span class='ocrx_word' id='word_1_484' title='bbox 2919 3314 3058 3383; x_wconf 89' lang='lat' dir='ltr'><strong>apud</strong></span> <span class='ocrx_word' id='word_1_485' title='bbox 3085 3322 3135 3369; x_wconf 88' lang='lat' dir='ltr'><strong>te</strong></span> <span class='ocrx_word' id='word_1_486' title='bbox 3156 3315 3298 3369; x_wconf 88' lang='lat' dir='ltr'><strong>intus</strong></span> <span class='ocrx_word' id='word_1_487' title='bbox 3320 3325 3607 3386; x_wconf 88' lang='lat' dir='ltr'><strong>conspecta</strong></span> <span class='ocrx_word' id='word_1_488' title='bbox 3632 3319 3649 3350; x_wconf 83' lang='grc'>¹</span> <span class='ocrx_word' id='word_1_489' title='bbox 3675 3317 3829 3373; x_wconf 83' lang='lat' dir='ltr'><strong>creda-</strong></span> 
     </span>
    </p>
   </div>
   <div class='ocr_carea' id='block_1_64' title="bbox 2276 3403 3830 3479">
    <p class='ocr_par' dir='ltr' id='par_1_64' title="bbox 2276 3403 3830 3479">
     <span class='ocr_line' id='line_1_65' title="bbox 2276 3403 3830 3479; baseline 0.004 -24"><span class='ocrx_word' id='word_1_490' title='bbox 2276 3408 2388 3468; x_wconf 92' lang='lat' dir='ltr'><strong>tur,</strong></span> <span class='ocrx_word' id='word_1_491' title='bbox 2431 3416 2498 3457; x_wconf 90' lang='lat' dir='ltr'><strong>ne</strong></span> <span class='ocrx_word' id='word_1_492' title='bbox 2528 3410 2616 3457; x_wconf 89' lang='lat' dir='ltr'><strong>tua</strong></span> <span class='ocrx_word' id='word_1_493' title='bbox 2657 3403 2762 3457; x_wconf 85' lang='lat' dir='ltr'><strong>vita</strong></span> <span class='ocrx_word' id='word_1_494' title='bbox 2801 3403 3012 3459; x_wconf 90' lang='lat' dir='ltr'><strong>deserta</strong></span> <span class='ocrx_word' id='word_1_495' title='bbox 3051 3405 3167 3460; x_wconf 91' lang='lat' dir='ltr'><strong>sine</strong></span> <span class='ocrx_word' id='word_1_496' title='bbox 3192 3405 3295 3459; x_wconf 87' lang='lat' dir='ltr'><strong>ulla</strong></span> <span class='ocrx_word' id='word_1_497' title='bbox 3331 3407 3562 3461; x_wconf 88' lang='lat' dir='ltr'><strong>amicitia</strong></span> <span class='ocrx_word' id='word_1_498' title='bbox 3590 3410 3830 3479; x_wconf 87' lang='lat' dir='ltr'><strong>relinqua-</strong></span> 
     </span>
    </p>
   </div>
   <div class='ocr_carea' id='block_1_65' title="bbox 2276 3492 3828 3562">
    <p class='ocr_par' dir='ltr' id='par_1_65' title="bbox 2276 3492 3828 3562">
     <span class='ocr_line' id='line_1_66' title="bbox 2276 3492 3828 3562; baseline 0.005 -17"><span class='ocrx_word' id='word_1_499' title='bbox 2276 3499 2380 3557; x_wconf 89' lang='lat' dir='ltr'><strong>tur,</strong></span> <span class='ocrx_word' id='word_1_500' title='bbox 2412 3492 2495 3548; x_wconf 86' lang='lat' dir='ltr'><strong>vel</strong></span> <span class='ocrx_word' id='word_1_501' title='bbox 2523 3493 2762 3562; x_wconf 87' lang='lat' dir='ltr'><strong>impensa</strong></span> <span class='ocrx_word' id='word_1_502' title='bbox 2792 3493 2885 3549; x_wconf 89' lang='lat' dir='ltr'><strong>tibi</strong></span> <span class='ocrx_word' id='word_1_503' title='bbox 2908 3494 3123 3551; x_wconf 86' lang='lat' dir='ltr'><strong>dilectio</strong></span> <span class='ocrx_word' id='word_1_504' title='bbox 3147 3496 3380 3552; x_wconf 84' lang='lat' dir='ltr'><strong>vicissim</strong></span> <span class='ocrx_word' id='word_1_505' title='bbox 3409 3497 3504 3555; x_wconf 81' lang='lat' dir='ltr'><strong>abs</strong></span> <span class='ocrx_word' id='word_1_506' title='bbox 3547 3507 3600 3553; x_wconf 89' lang='lat' dir='ltr'><strong>te</strong></span> <span class='ocrx_word' id='word_1_507' title='bbox 3639 3514 3736 3554; x_wconf 88' lang='lat' dir='ltr'><strong>non</strong></span> <span class='ocrx_word' id='word_1_508' title='bbox 3761 3513 3828 3552; x_wconf 89' lang='lat' dir='ltr'><strong>re-</strong></span> 
     </span>
    </p>
   </div>
   <div class='ocr_carea' id='block_1_66' title="bbox 2273 3581 3828 3656">
    <p class='ocr_par' dir='ltr' id='par_1_66' title="bbox 2273 3581 3828 3656">
     <span class='ocr_line' id='line_1_67' title="bbox 2273 3581 3828 3656; baseline 0.005 -22"><span class='ocrx_word' id='word_1_509' title='bbox 2273 3581 2552 3652; x_wconf 83' lang='lat' dir='ltr'><strong>pendatur.</strong></span> <span class='ocrx_word' id='word_1_510' title='bbox 2580 3583 2681 3643; x_wconf 84' lang='lat' dir='ltr'><strong>Ubi</strong></span> <span class='ocrx_word' id='word_1_511' title='bbox 2705 3592 2787 3639; x_wconf 91' lang='lat' dir='ltr'><strong>est</strong></span> <span class='ocrx_word' id='word_1_512' title='bbox 2814 3598 2943 3655; x_wconf 88' lang='lat' dir='ltr'><strong>ergo</strong></span> <span class='ocrx_word' id='word_1_513' title='bbox 2977 3585 3118 3656; x_wconf 89' lang='lat' dir='ltr'><strong>quod</strong></span> <span class='ocrx_word' id='word_1_514' title='bbox 3141 3585 3386 3654; x_wconf 81' lang='lat' dir='ltr'><strong>dicebas,</strong></span> <span class='ocrx_word' id='word_1_515' title='bbox 3419 3595 3470 3643; x_wconf 88' lang='lat' dir='ltr'><strong>te</strong></span> <span class='ocrx_word' id='word_1_516' title='bbox 3504 3588 3723 3645; x_wconf 88' lang='lat' dir='ltr'><strong>credere</strong></span> <span class='ocrx_word' id='word_1_517' title='bbox 3745 3602 3828 3643; x_wconf 75' lang='lat' dir='ltr'><strong>non</strong></span> 
     </span>
    </p>
   </div>
   <div class='ocr_carea' id='block_1_67' title="bbox 2275 3671 3828 3749">
    <p class='ocr_par' dir='ltr' id='par_1_67' title="bbox 2275 3671 3828 3749">
     <span class='ocr_line' id='line_1_68' title="bbox 2275 3671 3828 3749; baseline 0.005 -23"><span class='ocrx_word' id='word_1_518' title='bbox 2275 3671 2499 3739; x_wconf 88' lang='lat' dir='ltr'><strong>debere,</strong></span> <span class='ocrx_word' id='word_1_519' title='bbox 2543 3673 2644 3729; x_wconf 91' lang='lat' dir='ltr'><strong>nisi</strong></span> <span class='ocrx_word' id='word_1_520' title='bbox 2672 3673 2815 3745; x_wconf 89' lang='lat' dir='ltr'><strong>quod</strong></span> <span class='ocrx_word' id='word_1_521' title='bbox 2859 3674 3068 3730; x_wconf 85' lang='lat' dir='ltr'><strong>videres</strong></span> <span class='ocrx_word' id='word_1_522' title='bbox 3105 3686 3199 3733; x_wconf 86' lang='lat' dir='ltr'><strong>aut</strong></span> <span class='ocrx_word' id='word_1_523' title='bbox 3232 3677 3563 3741; x_wconf 67' lang='lat' dir='ltr'><strong>extrinsecus</strong></span> <span class='ocrx_word' id='word_1_524' title='bbox 3600 3693 3828 3749; x_wconf 85' lang='lat' dir='ltr'><strong>corpore,</strong></span> 
     </span>
    </p>
   </div>
   <div class='ocr_carea' id='block_1_68' title="bbox 2274 3763 3830 3834">
    <p class='ocr_par' dir='ltr' id='par_1_68' title="bbox 2274 3763 3830 3834">
     <span class='ocr_line' id='line_1_69' title="bbox 2274 3763 3830 3834; baseline 0.003 -15"><span class='ocrx_word' id='word_1_525' title='bbox 2274 3773 2365 3823; x_wconf 87' lang='lat' dir='ltr'><strong>aut</strong></span> <span class='ocrx_word' id='word_1_526' title='bbox 2390 3763 2708 3821; x_wconf 89' lang='lat' dir='ltr'><strong>intrinsecus</strong></span> <span class='ocrx_word' id='word_1_527' title='bbox 2728 3766 2924 3823; x_wconf 81' lang='lat' dir='ltr'><strong>corde?</strong></span> <span class='ocrx_word' id='word_1_528' title='bbox 2944 3768 3083 3823; x_wconf 88' lang='lat' dir='ltr'><strong>Ecce</strong></span> <span class='ocrx_word' id='word_1_529' title='bbox 3103 3784 3170 3823; x_wconf 80' lang='lat' dir='ltr'><strong>ex</strong></span> <span class='ocrx_word' id='word_1_530' title='bbox 3191 3768 3356 3826; x_wconf 83' lang='lat' dir='ltr'><strong>corde</strong></span> <span class='ocrx_word' id='word_1_531' title='bbox 3377 3777 3487 3834; x_wconf 88' lang='lat' dir='ltr'><strong>tuo,</strong></span> <span class='ocrx_word' id='word_1_532' title='bbox 3511 3769 3688 3827; x_wconf 89' lang='lat' dir='ltr'><strong>credis</strong></span> <span class='ocrx_word' id='word_1_533' title='bbox 3710 3768 3830 3825; x_wconf 86' lang='lat' dir='ltr'><strong>cordi</strong></span> 
     </span>
    </p>
   </div>
   <div class='ocr_carea' id='block_1_69' title="bbox 2276 3858 3827 3931">
    <p class='ocr_par' dir='ltr' id='par_1_69' title="bbox 2276 3858 3827 3931">
     <span class='ocr_line' id='line_1_70' title="bbox 2276 3858 3827 3931; baseline 0.006 -21"><span class='ocrx_word' id='word_1_534' title='bbox 2276 3871 2383 3911; x_wconf 89' lang='lat' dir='ltr'><strong>non</strong></span> <span class='ocrx_word' id='word_1_535' title='bbox 2411 3864 2533 3923; x_wconf 91' lang='lat' dir='ltr'><strong>tuo;</strong></span> <span class='ocrx_word' id='word_1_536' title='bbox 2563 3865 2618 3911; x_wconf 88' lang='lat' dir='ltr'><strong>et</strong></span> <span class='ocrx_word' id='word_1_537' title='bbox 2643 3870 2748 3927; x_wconf 89' lang='lat' dir='ltr'><strong>quo</strong></span> <span class='ocrx_word' id='word_1_538' title='bbox 2778 3872 2876 3913; x_wconf 88' lang='lat' dir='ltr'><strong>nec</strong></span> <span class='ocrx_word' id='word_1_539' title='bbox 2901 3858 3077 3915; x_wconf 87' lang='lat' dir='ltr'><strong>carnis</strong></span> <span class='ocrx_word' id='word_1_540' title='bbox 3106 3873 3206 3915; x_wconf 89' lang='lat' dir='ltr'><strong>nec</strong></span> <span class='ocrx_word' id='word_1_541' title='bbox 3232 3861 3426 3917; x_wconf 89' lang='lat' dir='ltr'><strong>mentis</strong></span> <span class='ocrx_word' id='word_1_542' title='bbox 3454 3859 3640 3931; x_wconf 77' lang='lat' dir='ltr'><strong>dirigis</strong></span> <span class='ocrx_word' id='word_1_543' title='bbox 3666 3860 3827 3919; x_wconf 76' lang='lat' dir='ltr'><strong>aciem.</strong></span> 
     </span>
    </p>
   </div>
   <div class='ocr_carea' id='block_1_70' title="bbox 2274 3928 3836 4019">
    <p class='ocr_par' dir='ltr' id='par_1_70' title="bbox 2274 3928 3836 4019">
     <span class='ocr_line' id='line_1_71' title="bbox 2274 3928 3836 4019; baseline 0.003 -22"><span class='ocrx_word' id='word_1_544' title='bbox 2274 3944 2648 4001; x_wconf 89' lang='lat' dir='ltr'><strong>accommodas</strong></span> <span class='ocrx_word' id='word_1_545' title='bbox 2668 3946 2846 4001; x_wconf 84' lang='lat' dir='ltr'><strong>tidem.</strong></span> <span class='ocrx_word' id='word_1_546' title='bbox 2873 3947 3041 4003; x_wconf 83' lang='lat' dir='ltr'><strong>Amici</strong></span> <span class='ocrx_word' id='word_1_547' title='bbox 3070 3946 3258 4004; x_wconf 80' lang='lat' dir='ltr'><strong>faciem</strong></span> <span class='ocrx_word' id='word_1_548' title='bbox 3283 3948 3459 4015; x_wconf 83' lang='lat' dir='ltr'><strong>cernis</strong></span> <span class='ocrx_word' id='word_1_549' title='bbox 3483 3928 3706 4019; x_wconf 76' lang='lat' dir='ltr'><strong>corpore</strong></span> <span class='ocrx_word' id='word_1_550' title='bbox 3727 3928 3836 4011; x_wconf 64' lang='lat' dir='ltr'><strong>tuo,</strong></span> 
     </span>
    </p>
   </div>
   <div class='ocr_carea' id='block_1_71' title="bbox 2276 4035 3827 4103">
    <p class='ocr_par' dir='ltr' id='par_1_71' title="bbox 2276 4035 3827 4103">
     <span class='ocr_line' id='line_1_72' title="bbox 2276 4035 3827 4103; baseline 0.001 -13"><span class='ocrx_word' id='word_1_551' title='bbox 2276 4035 2435 4093; x_wconf 85' lang='lat' dir='ltr'><strong>ﬁdem</strong></span> <span class='ocrx_word' id='word_1_552' title='bbox 2466 4045 2609 4093; x_wconf 87' lang='lat' dir='ltr'><strong>tuam</strong></span> <span class='ocrx_word' id='word_1_553' title='bbox 2630 4039 2808 4095; x_wconf 89' lang='lat' dir='ltr'><strong>cernis</strong></span> <span class='ocrx_word' id='word_1_554' title='bbox 2831 4040 3011 4095; x_wconf 87' lang='lat' dir='ltr'><strong>animo</strong></span> <span class='ocrx_word' id='word_1_555' title='bbox 3041 4048 3168 4096; x_wconf 90' lang='lat' dir='ltr'><strong>tuo:</strong></span> <span class='ocrx_word' id='word_1_556' title='bbox 3199 4041 3354 4097; x_wconf 83' lang='lat' dir='ltr'><strong>amici</strong></span> <span class='ocrx_word' id='word_1_557' title='bbox 3383 4056 3523 4103; x_wconf 19' lang='lat' dir='ltr'><strong>vero,</strong></span> <span class='ocrx_word' id='word_1_558' title='bbox 3547 4057 3652 4098; x_wconf 85' lang='lat' dir='ltr'><strong>non</strong></span> <span class='ocrx_word' id='word_1_559' title='bbox 3680 4042 3766 4097; x_wconf 88' lang='lat' dir='ltr'><strong>abs</strong></span> <span class='ocrx_word' id='word_1_560' title='bbox 3789 4050 3827 4093; x_wconf 83' lang='lat' dir='ltr'><strong>te</strong></span> 
     </span>
    </p>
   </div>
   <div class='ocr_carea' id='block_1_72' title="bbox 2275 4128 3826 4199">
    <p class='ocr_par' dir='ltr' id='par_1_72' title="bbox 2275 4128 3826 4199">
     <span class='ocr_line' id='line_1_73' title="bbox 2275 4128 3826 4199; baseline 0.004 -18"><span class='ocrx_word' id='word_1_561' title='bbox 2275 4137 2484 4183; x_wconf 89' lang='lat' dir='ltr'><strong>amatur</strong></span> <span class='ocrx_word' id='word_1_562' title='bbox 2508 4128 2644 4185; x_wconf 85' lang='lat' dir='ltr'><strong>ﬁdes</strong></span> <span class='ocrx_word' id='word_1_563' title='bbox 2664 4171 2681 4197; x_wconf 89' lang='lat'><strong>,</strong></span> <span class='ocrx_word' id='word_1_564' title='bbox 2726 4130 2772 4184; x_wconf 91' lang='lat' dir='ltr'><strong>si</strong></span> <span class='ocrx_word' id='word_1_565' title='bbox 2802 4145 2906 4186; x_wconf 90' lang='lat' dir='ltr'><strong>non</strong></span> <span class='ocrx_word' id='word_1_566' title='bbox 2937 4131 2989 4185; x_wconf 91' lang='lat' dir='ltr'><strong>in</strong></span> <span class='ocrx_word' id='word_1_567' title='bbox 3020 4139 3073 4195; x_wconf 85' lang='lat' dir='ltr'><strong>te</strong></span> <span class='ocrx_word' id='word_1_568' title='bbox 3107 4140 3291 4187; x_wconf 91' lang='lat' dir='ltr'><strong>mutuo</strong></span> <span class='ocrx_word' id='word_1_569' title='bbox 3327 4131 3419 4186; x_wconf 89' lang='lat' dir='ltr'><strong>illa</strong></span> <span class='ocrx_word' id='word_1_570' title='bbox 3447 4132 3517 4186; x_wconf 92' lang='lat' dir='ltr'><strong>sit</strong></span> <span class='ocrx_word' id='word_1_571' title='bbox 3558 4133 3717 4196; x_wconf 83' lang='lat' dir='ltr'><strong>ﬁdes,</strong></span> <span class='ocrx_word' id='word_1_572' title='bbox 3745 4142 3826 4199; x_wconf 73' lang='lat' dir='ltr'><strong>qua</strong></span> 
     </span>
    </p>
   </div>
   <div class='ocr_carea' id='block_1_73' title="bbox 2275 4220 3827 4292">
    <p class='ocr_par' dir='ltr' id='par_1_73' title="bbox 2275 4220 3827 4292">
     <span class='ocr_line' id='line_1_74' title="bbox 2275 4220 3827 4292; baseline -0.005 -13"><span class='ocrx_word' id='word_1_573' title='bbox 2275 4220 2465 4279; x_wconf 85' lang='lat' dir='ltr'><strong>credas</strong></span> <span class='ocrx_word' id='word_1_574' title='bbox 2495 4221 2636 4291; x_wconf 87' lang='lat' dir='ltr'><strong>quod</strong></span> <span class='ocrx_word' id='word_1_575' title='bbox 2666 4222 2718 4277; x_wconf 91' lang='lat' dir='ltr'><strong>in</strong></span> <span class='ocrx_word' id='word_1_576' title='bbox 2746 4221 2835 4277; x_wconf 91' lang='lat' dir='ltr'><strong>illo</strong></span> <span class='ocrx_word' id='word_1_577' title='bbox 2871 4236 2975 4277; x_wconf 89' lang='lat' dir='ltr'><strong>non</strong></span> <span class='ocrx_word' id='word_1_578' title='bbox 3005 4221 3173 4278; x_wconf 89' lang='lat' dir='ltr'><strong>vides.</strong></span> <span class='ocrx_word' id='word_1_579' title='bbox 3214 4222 3466 4292; x_wconf 86' lang='lat' dir='ltr'><strong>Quamvis</strong></span> <span class='ocrx_word' id='word_1_580' title='bbox 3506 4222 3665 4277; x_wconf 86' lang='lat' dir='ltr'><strong>homo</strong></span> <span class='ocrx_word' id='word_1_581' title='bbox 3691 4221 3827 4291; x_wconf 86' lang='lat' dir='ltr'><strong>possit</strong></span> 
     </span>
    </p>
   </div>
   <div class='ocr_carea' id='block_1_74' title="bbox 2274 4309 3823 4383">
    <p class='ocr_par' dir='ltr' id='par_1_74' title="bbox 2274 4309 3823 4383">
     <span class='ocr_line' id='line_1_75' title="bbox 2274 4309 3823 4383; baseline -0.002 -19"><span class='ocrx_word' id='word_1_582' title='bbox 2274 4318 2330 4365; x_wconf 86' lang='lat' dir='ltr'><strong>et</strong></span> <span class='ocrx_word' id='word_1_583' title='bbox 2356 4309 2540 4366; x_wconf 79' lang='lat' dir='ltr'><strong>fallere</strong></span> <span class='ocrx_word' id='word_1_584' title='bbox 2567 4311 2814 4381; x_wconf 87' lang='lat' dir='ltr'><strong>ﬁngendo</strong></span> <span class='ocrx_word' id='word_1_585' title='bbox 2840 4311 3288 4380; x_wconf 88' lang='lat' dir='ltr'><strong>benevolentiam,</strong></span> <span class='ocrx_word' id='word_1_586' title='bbox 3312 4312 3541 4383; x_wconf 87' lang='lat' dir='ltr'><strong>tegendo</strong></span> <span class='ocrx_word' id='word_1_587' title='bbox 3562 4311 3823 4367; x_wconf 80' lang='lat' dir='ltr'><strong>malitiam:</strong></span> 
     </span>
    </p>
   </div>
   <div class='ocr_carea' id='block_1_75' title="bbox 2275 4401 3826 4472">
    <p class='ocr_par' dir='ltr' id='par_1_75' title="bbox 2275 4401 3826 4472">
     <span class='ocr_line' id='line_1_76' title="bbox 2275 4401 3826 4472; baseline -0.002 -17"><span class='ocrx_word' id='word_1_588' title='bbox 2275 4409 2367 4457; x_wconf 88' lang='lat' dir='ltr'><strong>aut</strong></span> <span class='ocrx_word' id='word_1_589' title='bbox 2409 4402 2455 4456; x_wconf 91' lang='lat' dir='ltr'><strong>si</strong></span> <span class='ocrx_word' id='word_1_590' title='bbox 2490 4416 2686 4457; x_wconf 90' lang='lat' dir='ltr'><strong>nocere</strong></span> <span class='ocrx_word' id='word_1_591' title='bbox 2722 4417 2828 4459; x_wconf 91' lang='lat' dir='ltr'><strong>non</strong></span> <span class='ocrx_word' id='word_1_592' title='bbox 2860 4402 3090 4472; x_wconf 88' lang='lat' dir='ltr'><strong>cogitat,</strong></span> <span class='ocrx_word' id='word_1_593' title='bbox 3124 4410 3304 4457; x_wconf 87' lang='lat' dir='ltr'><strong>tamen</strong></span> <span class='ocrx_word' id='word_1_594' title='bbox 3345 4401 3700 4472; x_wconf 78' lang='lat' dir='ltr'><strong>exspectando</strong></span> <span class='ocrx_word' id='word_1_595' title='bbox 3736 4415 3761 4453; x_wconf 86' lang='lat' dir='ltr'><strong>a</strong></span> <span class='ocrx_word' id='word_1_596' title='bbox 3787 4409 3826 4452; x_wconf 89' lang='lat' dir='ltr'><strong>tc</strong></span> 
     </span>
    </p>
   </div>
   <div class='ocr_carea' id='block_1_76' title="bbox 2276 4491 3821 4564">
    <p class='ocr_par' dir='ltr' id='par_1_76' title="bbox 2276 4491 3821 4564">
     <span class='ocr_line' id='line_1_77' title="bbox 2276 4491 3821 4564; baseline -0.004 -17"><span class='ocrx_word' id='word_1_597' title='bbox 2276 4494 2505 4562; x_wconf 87' lang='lat' dir='ltr'><strong>aliquam</strong></span> <span class='ocrx_word' id='word_1_598' title='bbox 2525 4491 2979 4560; x_wconf 86' lang='lat' dir='ltr'><strong>commoditatem,</strong></span> <span class='ocrx_word' id='word_1_599' title='bbox 3004 4492 3237 4561; x_wconf 88' lang='lat' dir='ltr'><strong>simulat,</strong></span> <span class='ocrx_word' id='word_1_600' title='bbox 3265 4493 3387 4564; x_wconf 87' lang='lat' dir='ltr'><strong>quia</strong></span> <span class='ocrx_word' id='word_1_601' title='bbox 3408 4492 3716 4548; x_wconf 88' lang='lat' dir='ltr'><strong>charitatem</strong></span> <span class='ocrx_word' id='word_1_602' title='bbox 3736 4503 3821 4543; x_wconf 88' lang='lat' dir='ltr'><strong>non</strong></span> 
     </span>
    </p>
   </div>
   <div class='ocr_carea' id='block_1_77' title="bbox 2276 4584 2454 4640">
    <p class='ocr_par' dir='ltr' id='par_1_77' title="bbox 2276 4584 2454 4640">
     <span class='ocr_line' id='line_1_78' title="bbox 2276 4584 2454 4640; baseline 0 -2"><span class='ocrx_word' id='word_1_603' title='bbox 2276 4584 2454 4640; x_wconf 87' lang='lat' dir='ltr'><strong>habet.</strong></span> 
     </span>
    </p>
   </div>
   <div class='ocr_carea' id='block_1_78' title="bbox 2348 4672 3825 4747">
    <p class='ocr_par' dir='ltr' id='par_1_78' title="bbox 2348 4672 3825 4747">
     <span class='ocr_line' id='line_1_79' title="bbox 2348 4672 3825 4747; baseline -0.003 -16"><span class='ocrx_word' id='word_1_604' title='bbox 2348 4677 2401 4731; x_wconf 79' lang='lat'><strong>5.</strong></span> <span class='ocrx_word' id='word_1_605' title='bbox 2444 4674 2548 4731; x_wconf 89' lang='lat' dir='ltr'><strong>Sed</strong></span> <span class='ocrx_word' id='word_1_606' title='bbox 2577 4674 2710 4730; x_wconf 90' lang='lat' dir='ltr'><strong>dicis</strong></span> <span class='ocrx_word' id='word_1_607' title='bbox 2729 4717 2745 4744; x_wconf 93' lang='lat'><strong>,</strong></span> <span class='ocrx_word' id='word_1_608' title='bbox 2779 4675 2899 4731; x_wconf 89' lang='lat' dir='ltr'><strong>ideo</strong></span> <span class='ocrx_word' id='word_1_609' title='bbox 2927 4684 2978 4732; x_wconf 91' lang='lat' dir='ltr'><strong>te</strong></span> <span class='ocrx_word' id='word_1_610' title='bbox 3001 4675 3222 4731; x_wconf 89' lang='lat' dir='ltr'><strong>credere</strong></span> <span class='ocrx_word' id='word_1_611' title='bbox 3261 4676 3435 4731; x_wconf 86' lang='lat' dir='ltr'><strong>amico</strong></span> <span class='ocrx_word' id='word_1_612' title='bbox 3458 4718 3473 4744; x_wconf 91' lang='lat'><strong>,</strong></span> <span class='ocrx_word' id='word_1_613' title='bbox 3499 4677 3649 4747; x_wconf 82' lang='lat' dir='ltr'><strong>cujus</strong></span> <span class='ocrx_word' id='word_1_614' title='bbox 3677 4672 3825 4729; x_wconf 84' lang='lat' dir='ltr'><strong>videre</strong></span> 
     </span>
    </p>
   </div>
   <div class='ocr_carea' id='block_1_79' title="bbox 2276 4762 3822 4839">
    <p class='ocr_par' dir='ltr' id='par_1_79' title="bbox 2276 4762 3822 4839">
     <span class='ocr_line' id='line_1_80' title="bbox 2276 4762 3822 4839; baseline 0 -14"><span class='ocrx_word' id='word_1_615' title='bbox 2276 4783 2371 4825; x_wconf 90' lang='lat' dir='ltr'><strong>cor</strong></span> <span class='ocrx_word' id='word_1_616' title='bbox 2389 4783 2493 4825; x_wconf 89' lang='lat' dir='ltr'><strong>non</strong></span> <span class='ocrx_word' id='word_1_617' title='bbox 2516 4776 2684 4839; x_wconf 85' lang='lat' dir='ltr'><strong>potes.</strong></span> <span class='ocrx_word' id='word_1_618' title='bbox 2712 4768 2835 4839; x_wconf 87' lang='lat' dir='ltr'><strong>quia</strong></span> <span class='ocrx_word' id='word_1_619' title='bbox 2858 4768 2911 4823; x_wconf 90' lang='lat' dir='ltr'><strong>in</strong></span> <span class='ocrx_word' id='word_1_620' title='bbox 2935 4769 3037 4824; x_wconf 90' lang='lat' dir='ltr'><strong>tuis</strong></span> <span class='ocrx_word' id='word_1_621' title='bbox 3057 4769 3437 4824; x_wconf 89' lang='lat' dir='ltr'><strong>tentationibus</strong></span> <span class='ocrx_word' id='word_1_622' title='bbox 3458 4784 3581 4824; x_wconf 91' lang='lat' dir='ltr'><strong>eum</strong></span> <span class='ocrx_word' id='word_1_623' title='bbox 3600 4762 3822 4838; x_wconf 78' lang='lat' dir='ltr'><strong>probasti.</strong></span> 
     </span>
    </p>
   </div>
   <div class='ocr_carea' id='block_1_80' title="bbox 2278 4855 3822 4931">
    <p class='ocr_par' dir='ltr' id='par_1_80' title="bbox 2278 4855 3822 4931">
     <span class='ocr_line' id='line_1_81' title="bbox 2278 4855 3822 4931; baseline -0.006 -15"><span class='ocrx_word' id='word_1_624' title='bbox 2278 4868 2332 4916; x_wconf 90' lang='lat' dir='ltr'><strong>et</strong></span> <span class='ocrx_word' id='word_1_625' title='bbox 2350 4858 2647 4931; x_wconf 90' lang='lat' dir='ltr'><strong>cujusmodi</strong></span> <span class='ocrx_word' id='word_1_626' title='bbox 2668 4860 2901 4915; x_wconf 89' lang='lat' dir='ltr'><strong>animum</strong></span> <span class='ocrx_word' id='word_1_627' title='bbox 2922 4874 3047 4928; x_wconf 87' lang='lat' dir='ltr'><strong>erga</strong></span> <span class='ocrx_word' id='word_1_628' title='bbox 3069 4868 3121 4913; x_wconf 90' lang='lat' dir='ltr'><strong>te</strong></span> <span class='ocrx_word' id='word_1_629' title='bbox 3142 4859 3361 4915; x_wconf 87' lang='lat' dir='ltr'><strong>haberet</strong></span> <span class='ocrx_word' id='word_1_630' title='bbox 3383 4858 3436 4913; x_wconf 89' lang='lat' dir='ltr'><strong>in</strong></span> <span class='ocrx_word' id='word_1_631' title='bbox 3464 4860 3565 4913; x_wconf 91' lang='lat' dir='ltr'><strong>tuis</strong></span> <span class='ocrx_word' id='word_1_632' title='bbox 3588 4855 3822 4928; x_wconf 87' lang='lat' dir='ltr'><strong>periculis,</strong></span> 
     </span>
    </p>
   </div>
   <div class='ocr_carea' id='block_1_81' title="bbox 2281 4950 3826 5021">
    <p class='ocr_par' dir='ltr' id='par_1_81' title="bbox 2281 4950 3826 5021">
     <span class='ocr_line' id='line_1_82' title="bbox 2281 4950 3826 5021; baseline 0.002 -13"><span class='ocrx_word' id='word_1_633' title='bbox 2281 4952 2369 5008; x_wconf 92' lang='lat' dir='ltr'><strong>ubi</strong></span> <span class='ocrx_word' id='word_1_634' title='bbox 2403 4960 2454 5008; x_wconf 93' lang='lat' dir='ltr'><strong>te</strong></span> <span class='ocrx_word' id='word_1_635' title='bbox 2484 4966 2588 5008; x_wconf 88' lang='lat' dir='ltr'><strong>non</strong></span> <span class='ocrx_word' id='word_1_636' title='bbox 2626 4950 2889 5017; x_wconf 85' lang='lat' dir='ltr'><strong>deseruit,</strong></span> <span class='ocrx_word' id='word_1_637' title='bbox 2931 4950 3244 5021; x_wconf 89' lang='lat' dir='ltr'><strong>cognovisti.</strong></span> <span class='ocrx_word' id='word_1_638' title='bbox 3287 4950 3553 5020; x_wconf 87' lang='lat' dir='ltr'><strong>Numquid</strong></span> <span class='ocrx_word' id='word_1_639' title='bbox 3594 4964 3744 5019; x_wconf 72' lang='lat' dir='ltr'><strong>ergo.</strong></span> <span class='ocrx_word' id='word_1_640' title='bbox 3783 4952 3826 4997; x_wconf 76' lang='grc' dir='ltr'><strong>ιιι</strong></span> 
     </span>
    </p>
   </div>
   <div class='ocr_carea' id='block_1_82' title="bbox 2279 5033 3825 5116">
    <p class='ocr_par' dir='ltr' id='par_1_82' title="bbox 2279 5033 3825 5116">
     <span class='ocr_line' id='line_1_83' title="bbox 2279 5033 3825 5116; baseline -0.008 -18"><span class='ocrx_word' id='word_1_641' title='bbox 2279 5045 2571 5100; x_wconf 91' lang='lat' dir='ltr'><strong>amicorum</strong></span> <span class='ocrx_word' id='word_1_642' title='bbox 2606 5042 2861 5113; x_wconf 89' lang='lat' dir='ltr'><strong>probetur</strong></span> <span class='ocrx_word' id='word_1_643' title='bbox 2898 5056 3023 5112; x_wconf 83' lang='lat' dir='ltr'><strong>erga</strong></span> <span class='ocrx_word' id='word_1_644' title='bbox 3067 5055 3168 5116; x_wconf 83' lang='lat' dir='ltr'><strong>nos</strong></span> <span class='ocrx_word' id='word_1_645' title='bbox 3210 5041 3468 5104; x_wconf 84' lang='lat' dir='ltr'><strong>ebaritas,</strong></span> <span class='ocrx_word' id='word_1_646' title='bbox 3517 5040 3715 5095; x_wconf 90' lang='lat' dir='ltr'><strong>videtur</strong></span> <span class='ocrx_word' id='word_1_647' title='bbox 3754 5033 3825 5088; x_wconf 80' lang='lat' dir='ltr'><strong>tibi</strong></span> 
     </span>
    </p>
   </div>
   <div class='ocr_carea' id='block_1_83' title="bbox 2282 5122 3828 5202">
    <p class='ocr_par' dir='ltr' id='par_1_83' title="bbox 2282 5122 3828 5202">
     <span class='ocr_line' id='line_1_84' title="bbox 2282 5122 3828 5202; baseline -0.01 -11"><span class='ocrx_word' id='word_1_648' title='bbox 2282 5143 2463 5191; x_wconf 85' lang='lat' dir='ltr'><strong>nostra</strong></span> <span class='ocrx_word' id='word_1_649' title='bbox 2483 5132 2708 5202; x_wconf 87' lang='lat' dir='ltr'><strong>optanda</strong></span> <span class='ocrx_word' id='word_1_650' title='bbox 2723 5130 3032 5189; x_wconf 88' lang='lat' dir='ltr'><strong>calamitas?</strong></span> <span class='ocrx_word' id='word_1_651' title='bbox 3052 5130 3160 5187; x_wconf 85' lang='lat' dir='ltr'><strong>Nec</strong></span> <span class='ocrx_word' id='word_1_652' title='bbox 3179 5131 3458 5202; x_wconf 88' lang='lat' dir='ltr'><strong>quisquam</strong></span> <span class='ocrx_word' id='word_1_653' title='bbox 3474 5130 3573 5187; x_wconf 91' lang='lat' dir='ltr'><strong>crit</strong></span> <span class='ocrx_word' id='word_1_654' title='bbox 3591 5144 3653 5184; x_wconf 72' lang='lat' dir='ltr'><strong>ex</strong></span> <span class='ocrx_word' id='word_1_655' title='bbox 3673 5122 3828 5181; x_wconf 79' lang='lat' dir='ltr'><strong>amicis</strong></span> 
     </span>
    </p>
   </div>
   <div class='ocr_carea' id='block_1_84' title="bbox 1780 5260 2704 5311">
    <p class='ocr_par' dir='ltr' id='par_1_84' title="bbox 1780 5260 2704 5311">
     <span class='ocr_line' id='line_1_85' title="bbox 1780 5260 2704 5311; baseline -0.013 -2"><span class='ocrx_word' id='word_1_656' title='bbox 1780 5269 2068 5310; x_wconf 71' lang='lat' dir='ltr'><strong>ADIIONITIO</strong></span> <span class='ocrx_word' id='word_1_657' title='bbox 2104 5270 2186 5311; x_wconf 71' lang='lat' dir='ltr'><strong>PP.</strong></span> <span class='ocrx_word' id='word_1_658' title='bbox 2226 5260 2704 5309; x_wconf 69' lang='lat' dir='ltr'><strong>BENEDICTINOBUI.</strong></span> 
     </span>
    </p>
   </div>
   <div class='ocr_carea' id='block_1_85' title="bbox 655 5320 3829 5411">
    <p class='ocr_par' dir='ltr' id='par_1_85' title="bbox 655 5320 3829 5411">
     <span class='ocr_line' id='line_1_86' title="bbox 655 5320 3829 5411; baseline -0.01 -6"><span class='ocrx_word' id='word_1_659' title='bbox 655 5353 946 5405; x_wconf 84' lang='lat' dir='ltr'><strong>Emendatus</strong></span> <span class='ocrx_word' id='word_1_660' title='bbox 990 5358 1065 5402; x_wconf 86' lang='lat' dir='ltr'><strong>est</strong></span> <span class='ocrx_word' id='word_1_661' title='bbox 1090 5346 1465 5411; x_wconf 10' lang='lat' dir='ltr'><strong>(Liberdet&#39;iide</strong></span> <span class='ocrx_word' id='word_1_662' title='bbox 1478 5324 1654 5394; x_wconf 84' lang='lat' dir='ltr'><strong>rerum</strong></span> <span class='ocrx_word' id='word_1_663' title='bbox 1671 5356 1785 5411; x_wconf 59' lang='lat' dir='ltr'><strong>quas</strong></span> <span class='ocrx_word' id='word_1_664' title='bbox 1802 5357 1905 5411; x_wconf 71' lang='lat' dir='ltr'><strong>non</strong></span> <span class='ocrx_word' id='word_1_665' title='bbox 1922 5342 2168 5411; x_wconf 79' lang='lat' dir='ltr'><strong>videntur)</strong></span> <span class='ocrx_word' id='word_1_666' title='bbox 2191 5343 2250 5393; x_wconf 89' lang='lat' dir='ltr'><strong>ad</strong></span> <span class='ocrx_word' id='word_1_667' title='bbox 2400 5335 2683 5411; x_wconf 74' lang='lat' dir='ltr'><strong>sorbonicos</strong></span> <span class='ocrx_word' id='word_1_668' title='bbox 2709 5333 2849 5396; x_wconf 88' lang='lat' dir='ltr'><strong>duos,</strong></span> <span class='ocrx_word' id='word_1_669' title='bbox 2888 5333 2949 5383; x_wconf 88' lang='lat' dir='ltr'><strong>ad</strong></span> <span class='ocrx_word' id='word_1_670' title='bbox 2980 5334 3253 5383; x_wconf 81' lang='lat' dir='ltr'><strong>Vaticanum</strong></span> <span class='ocrx_word' id='word_1_671' title='bbox 3267 5344 3435 5393; x_wconf 80' lang='lat' dir='ltr'><strong>unum,</strong></span> <span class='ocrx_word' id='word_1_672' title='bbox 3457 5336 3509 5381; x_wconf 89' lang='lat' dir='ltr'><strong>et</strong></span> <span class='ocrx_word' id='word_1_673' title='bbox 3524 5330 3582 5379; x_wconf 88' lang='lat' dir='ltr'><strong>ad</strong></span> <span class='ocrx_word' id='word_1_674' title='bbox 3602 5320 3829 5378; x_wconf 78' lang='lat' dir='ltr'><strong>Gemmeti-</strong></span> 
     </span>
    </p>
   </div>
   <div class='ocr_carea' id='block_1_86' title="bbox 593 5399 2529 5478">
    <p class='ocr_par' dir='ltr' id='par_1_86' title="bbox 593 5399 2529 5478">
     <span class='ocr_line' id='line_1_87' title="bbox 593 5399 2529 5478; baseline -0.015 -6"><span class='ocrx_word' id='word_1_675' title='bbox 593 5399 1186 5478; x_wconf 43' lang='lat' dir='ltr'><strong>ceis&#39;éb&#39;i;gemmaque</strong></span> <span class='ocrx_word' id='word_1_676' title='bbox 1207 5410 1267 5459; x_wconf 82' lang='lat' dir='ltr'><strong>ad</strong></span> <span class='ocrx_word' id='word_1_677' title='bbox 1291 5410 1533 5459; x_wconf 88' lang='lat' dir='ltr'><strong>editiones</strong></span> <span class='ocrx_word' id='word_1_678' title='bbox 1544 5399 1854 5466; x_wconf 72' lang='lat' dir='ltr'><strong>Amerbaebii,</strong></span> <span class='ocrx_word' id='word_1_679' title='bbox 1883 5406 2059 5454; x_wconf 76' lang='lat' dir='ltr'><strong>Erasmi</strong></span> <span class='ocrx_word' id='word_1_680' title='bbox 2081 5412 2133 5455; x_wconf 83' lang='lat' dir='ltr'><strong>et</strong></span> <span class='ocrx_word' id='word_1_681' title='bbox 2151 5399 2529 5454; x_wconf 73' lang='lat' dir='ltr'><strong>Lovauiensium.</strong></span> 
     </span>
    </p>
   </div>
   <div class='ocr_carea' id='block_1_87' title="bbox 706 5468 3764 5576">
    <p class='ocr_par' dir='ltr' id='par_1_87' title="bbox 706 5468 3764 5576">
     <span class='ocr_line' id='line_1_88' title="bbox 706 5468 3764 5576; baseline -0.012 -13"><span class='ocrx_word' id='word_1_682' title='bbox 706 5468 1205 5576; x_wconf 58' lang='lat' dir='ltr'><strong>Comparavinius</strong></span> <span class='ocrx_word' id='word_1_683' title='bbox 1230 5499 1529 5570; x_wconf 74' lang='lat' dir='ltr'><strong>praeterea</strong></span> <span class='ocrx_word' id='word_1_684' title='bbox 1556 5505 1655 5548; x_wconf 81' lang='lat' dir='ltr'><strong>eas</strong></span> <span class='ocrx_word' id='word_1_685' title='bbox 1685 5504 1886 5548; x_wconf 83' lang='lat' dir='ltr'><strong>omnes</strong></span> <span class='ocrx_word' id='word_1_686' title='bbox 1913 5485 2212 5551; x_wconf 81' lang='lat' dir='ltr'><strong>editiones</strong></span> <span class='ocrx_word' id='word_1_687' title='bbox 2235 5482 2425 5547; x_wconf 76' lang='lat' dir='ltr'><strong>initio</strong></span> <span class='ocrx_word' id='word_1_688' title='bbox 2455 5480 2627 5540; x_wconf 70' lang='lat' dir='ltr'><strong>ltetr.</strong></span> <span class='ocrx_word' id='word_1_689' title='bbox 2648 5485 2710 5540; x_wconf 87' lang='lat' dir='ltr'><strong>et</strong></span> <span class='ocrx_word' id='word_1_690' title='bbox 2731 5476 3015 5540; x_wconf 79' lang='lat' dir='ltr'><strong>Confess.</strong></span> <span class='ocrx_word' id='word_1_691' title='bbox 3059 5483 3106 5537; x_wconf 84' lang='lat' dir='ltr'><strong>t.</strong></span> <span class='ocrx_word' id='word_1_692' title='bbox 3137 5476 3195 5553; x_wconf 85' lang='lat'><strong>1,</strong></span> <span class='ocrx_word' id='word_1_693' title='bbox 3225 5481 3608 5538; x_wconf 69' lang='lat' dir='ltr'><strong>muneratos.</strong></span> <span class='ocrx_word' id='word_1_694' title='bbox 3688 5468 3764 5531; x_wconf 78' lang='lat' dir='ltr'><strong>Id.</strong></span> 
     </span>
    </p>
   </div>
   <div class='ocr_carea' id='block_1_88' title="bbox 668 5609 1434 5685">
    <p class='ocr_par' dir='ltr' id='par_1_88' title="bbox 668 5609 1434 5685">
     <span class='ocr_line' id='line_1_89' title="bbox 668 5609 1434 5685; baseline -0.017 -15"><span class='ocrx_word' id='word_1_695' title='bbox 668 5619 740 5685; x_wconf 86' lang='lat' dir='ltr'><strong>(a)</strong></span> <span class='ocrx_word' id='word_1_696' title='bbox 766 5619 880 5681; x_wconf 61' lang='lat' dir='ltr'><strong>Suri;</strong></span> <span class='ocrx_word' id='word_1_697' title='bbox 898 5625 976 5667; x_wconf 88' lang='lat' dir='ltr'><strong>tus</strong></span> <span class='ocrx_word' id='word_1_698' title='bbox 995 5621 1101 5678; x_wconf 69' lang='lat' dir='ltr'><strong>pcst</strong></span> <span class='ocrx_word' id='word_1_699' title='bbox 1126 5624 1304 5662; x_wconf 82' lang='lat' dir='ltr'><strong>annum</strong></span> <span class='ocrx_word' id='word_1_700' title='bbox 1325 5609 1434 5659; x_wconf 79' lang='lat'><strong>599.</strong></span> 
     </span>
    </p>
   </div>
   <div class='ocr_carea' id='block_1_89' title="bbox 2349 5596 3011 5664">
    <p class='ocr_par' dir='ltr' id='par_1_89' title="bbox 2349 5596 3011 5664">
     <span class='ocr_line' id='line_1_90' title="bbox 2349 5596 3011 5664; baseline -0.002 -14"><span class='ocrx_word' id='word_1_701' title='bbox 2349 5607 2365 5635; x_wconf 74' lang='grc' dir='ltr'><strong><em>ι</em></strong></span> <span class='ocrx_word' id='word_1_702' title='bbox 2393 5599 2579 5664; x_wconf 68' lang='lat' dir='ltr'><strong>Aliquot</strong></span> <span class='ocrx_word' id='word_1_703' title='bbox 2597 5605 2728 5664; x_wconf 65' lang='lat' dir='ltr'><strong>Mss,</strong></span> <span class='ocrx_word' id='word_1_704' title='bbox 2752 5596 3011 5651; x_wconf 83' lang='lat' dir='ltr'><strong>amicabili.</strong></span> 
     </span>
    </p>
   </div>
   <div class='ocr_carea' id='block_1_90' title="bbox 2352 5659 3191 5725">
    <p class='ocr_par' dir='ltr' id='par_1_90' title="bbox 2352 5659 3191 5725">
     <span class='ocr_line' id='line_1_91' title="bbox 2352 5659 3191 5725; baseline -0.002 -13"><span class='ocrx_word' id='word_1_705' title='bbox 2352 5665 2373 5695; x_wconf 76' lang='grc'>⁸</span> <span class='ocrx_word' id='word_1_706' title='bbox 2394 5662 2467 5712; x_wconf 80' lang='lat' dir='ltr'><strong>sic</strong></span> <span class='ocrx_word' id='word_1_707' title='bbox 2481 5659 2585 5710; x_wconf 71' lang='lat' dir='ltr'><strong>Itiss.</strong></span> <span class='ocrx_word' id='word_1_708' title='bbox 2611 5661 2726 5710; x_wconf 61' lang='grc' dir='ltr'><strong>ιτΛίιὶ</strong></span> <span class='ocrx_word' id='word_1_709' title='bbox 2747 5676 2882 5722; x_wconf 85' lang='lat' dir='ltr'><strong>vero,</strong></span> <span class='ocrx_word' id='word_1_710' title='bbox 2906 5659 3191 5725; x_wconf 79' lang='lat' dir='ltr'><strong>conscripta.</strong></span> 
     </span>
    </p>
   </div>
  </div>
