  <div class='ocr_page' id='page_1' title='image "/cluster/home/n/w/nwhite01/storage/ocr_20150623/40/uva.x000669811/094.png"; bbox 0 0 3996 6282; ppageno 0'>
   <div class='ocr_carea' id='block_1_1' title="bbox 233 274 2989 357">
    <p class='ocr_par' dir='ltr' id='par_1_1' title="bbox 233 274 2989 357">
     <span class='ocr_line' id='line_1_1' title="bbox 233 274 2989 357; baseline 0.01 -32"><span class='ocrx_word' id='word_1_1' title='bbox 233 284 316 339; x_wconf 69' lang='lat' dir='ltr'><strong>ns</strong></span> <span class='ocrx_word' id='word_1_2' title='bbox 678 276 759 331; x_wconf 86' lang='lat' dir='ltr'><strong>DE</strong></span> <span class='ocrx_word' id='word_1_3' title='bbox 795 275 952 331; x_wconf 81' lang='lat' dir='ltr'><strong>FIDE</strong></span> <span class='ocrx_word' id='word_1_4' title='bbox 991 276 1229 332; x_wconf 73' lang='lat' dir='ltr'><strong>RERUM-</strong></span> <span class='ocrx_word' id='word_1_5' title='bbox 1267 274 1429 343; x_wconf 66' lang='lat' dir='ltr'><strong>QUAE</strong></span> <span class='ocrx_word' id='word_1_6' title='bbox 1469 277 1602 332; x_wconf 76' lang='lat' dir='ltr'><strong>NON</strong></span> <span class='ocrx_word' id='word_1_7' title='bbox 1648 277 2009 345; x_wconf 66' lang='lat' dir='ltr'><strong>VIDENI‘UR,</strong></span> <span class='ocrx_word' id='word_1_8' title='bbox 2052 282 2107 338; x_wconf 88' lang='lat' dir='ltr'><strong>S.</strong></span> <span class='ocrx_word' id='word_1_9' title='bbox 2147 286 2510 345; x_wconf 77' lang='lat' dir='ltr'><strong>AUGUSTINI</strong></span> <span class='ocrx_word' id='word_1_10' title='bbox 2553 293 2752 351; x_wconf 79' lang='lat' dir='ltr'><strong>LIBER</strong></span> <span class='ocrx_word' id='word_1_11' title='bbox 2796 300 2989 357; x_wconf 71' lang='lat' dir='ltr'><strong>UNUS.</strong></span> 
     </span>
    </p>
   </div>
   <div class='ocr_carea' id='block_1_2' title="bbox 223 390 1752 457">
    <p class='ocr_par' dir='ltr' id='par_1_2' title="bbox 223 390 1752 457">
     <span class='ocr_line' id='line_1_2' title="bbox 223 390 1752 457; baseline -0.005 -4"><span class='ocrx_word' id='word_1_12' title='bbox 223 394 495 453; x_wconf 83' lang='lat' dir='ltr'><strong>certissimis</strong></span> <span class='ocrx_word' id='word_1_13' title='bbox 537 391 688 457; x_wconf 75' lang='lat' dir='ltr'><strong>felix,</strong></span> <span class='ocrx_word' id='word_1_14' title='bbox 734 390 831 445; x_wconf 84' lang='lat' dir='ltr'><strong>nisi</strong></span> <span class='ocrx_word' id='word_1_15' title='bbox 878 390 1034 443; x_wconf 89' lang='lat' dir='ltr'><strong>fuerit</strong></span> <span class='ocrx_word' id='word_1_16' title='bbox 1075 391 1311 445; x_wconf 81' lang='lat' dir='ltr'><strong>adversis</strong></span> <span class='ocrx_word' id='word_1_17' title='bbox 1350 391 1505 445; x_wconf 81' lang='lat' dir='ltr'><strong>rebus</strong></span> <span class='ocrx_word' id='word_1_18' title='bbox 1534 391 1752 445; x_wconf 77' lang='lat' dir='ltr'><strong>infelix:</strong></span> 
     </span>
    </p>
   </div>
   <div class='ocr_carea' id='block_1_3' title="bbox 223 480 1753 551">
    <p class='ocr_par' dir='ltr' id='par_1_3' title="bbox 223 480 1753 551">
     <span class='ocr_line' id='line_1_3' title="bbox 223 480 1753 551; baseline -0.003 -10"><span class='ocrx_word' id='word_1_19' title='bbox 223 500 269 541; x_wconf 93' lang='lat' dir='ltr'><strong>nt</strong></span> <span class='ocrx_word' id='word_1_20' title='bbox 302 486 523 539; x_wconf 74' lang='lat' dir='ltr'><strong>videlicet</strong></span> <span class='ocrx_word' id='word_1_21' title='bbox 565 482 833 551; x_wconf 69' lang='lat' dir='ltr'><strong>esplorato</strong></span> <span class='ocrx_word' id='word_1_22' title='bbox 880 480 1101 535; x_wconf 89' lang='lat' dir='ltr'><strong>alterius</strong></span> <span class='ocrx_word' id='word_1_23' title='bbox 1143 497 1329 535; x_wconf 90' lang='lat' dir='ltr'><strong>amore</strong></span> <span class='ocrx_word' id='word_1_24' title='bbox 1374 497 1477 536; x_wconf 91' lang='lat' dir='ltr'><strong>non</strong></span> <span class='ocrx_word' id='word_1_25' title='bbox 1510 482 1753 549; x_wconf 90' lang='lat' dir='ltr'><strong>fruatur,</strong></span> 
     </span>
    </p>
   </div>
   <div class='ocr_carea' id='block_1_4' title="bbox 219 572 1756 643">
    <p class='ocr_par' dir='ltr' id='par_1_4' title="bbox 219 572 1756 643">
     <span class='ocr_line' id='line_1_4' title="bbox 219 572 1756 643; baseline -0.003 -12"><span class='ocrx_word' id='word_1_26' title='bbox 219 578 301 631; x_wconf 85' lang='lat' dir='ltr'><strong>nisi</strong></span> <span class='ocrx_word' id='word_1_27' title='bbox 338 592 426 629; x_wconf 85' lang='lat' dir='ltr'><strong>suo</strong></span> <span class='ocrx_word' id='word_1_28' title='bbox 453 574 625 627; x_wconf 91' lang='lat' dir='ltr'><strong>dolore</strong></span> <span class='ocrx_word' id='word_1_29' title='bbox 658 572 737 626; x_wconf 89' lang='lat' dir='ltr'><strong>vel</strong></span> <span class='ocrx_word' id='word_1_30' title='bbox 772 572 961 626; x_wconf 89' lang='lat' dir='ltr'><strong>timore</strong></span> <span class='ocrx_word' id='word_1_31' title='bbox 986 572 1271 626; x_wconf 82' lang='lat' dir='ltr'><strong>crucietur.</strong></span> <span class='ocrx_word' id='word_1_32' title='bbox 1303 572 1369 627; x_wconf 87' lang='lat' dir='ltr'><strong>Et</strong></span> <span class='ocrx_word' id='word_1_33' title='bbox 1406 573 1676 643; x_wconf 90' lang='lat' dir='ltr'><strong>quomodo</strong></span> <span class='ocrx_word' id='word_1_34' title='bbox 1705 574 1756 628; x_wconf 93' lang='lat' dir='ltr'><strong>in</strong></span> 
     </span>
    </p>
   </div>
   <div class='ocr_carea' id='block_1_5' title="bbox 216 664 1754 733">
    <p class='ocr_par' dir='ltr' id='par_1_5' title="bbox 216 664 1754 733">
     <span class='ocr_line' id='line_1_5' title="bbox 216 664 1754 733; baseline -0.003 -11"><span class='ocrx_word' id='word_1_35' title='bbox 216 667 438 722; x_wconf 81' lang='lat' dir='ltr'><strong>habendis</strong></span> <span class='ocrx_word' id='word_1_36' title='bbox 474 666 607 721; x_wconf 89' lang='lat' dir='ltr'><strong>veris</strong></span> <span class='ocrx_word' id='word_1_37' title='bbox 642 664 827 718; x_wconf 83' lang='lat' dir='ltr'><strong>amicis</strong></span> <span class='ocrx_word' id='word_1_38' title='bbox 857 664 1028 733; x_wconf 89' lang='lat' dir='ltr'><strong>optari</strong></span> <span class='ocrx_word' id='word_1_39' title='bbox 1076 678 1158 727; x_wconf 88' lang='lat' dir='ltr'><strong>ea,</strong></span> <span class='ocrx_word' id='word_1_40' title='bbox 1184 678 1287 717; x_wconf 92' lang='lat' dir='ltr'><strong>non</strong></span> <span class='ocrx_word' id='word_1_41' title='bbox 1338 664 1513 733; x_wconf 87' lang='lat' dir='ltr'><strong>potius</strong></span> <span class='ocrx_word' id='word_1_42' title='bbox 1559 665 1754 732; x_wconf 84' lang='lat' dir='ltr'><strong>timeri,</strong></span> 
     </span>
    </p>
   </div>
   <div class='ocr_carea' id='block_1_6' title="bbox 217 754 1754 825">
    <p class='ocr_par' dir='ltr' id='par_1_6' title="bbox 217 754 1754 825">
     <span class='ocr_line' id='line_1_6' title="bbox 217 754 1754 825; baseline -0.002 -14"><span class='ocrx_word' id='word_1_43' title='bbox 217 759 404 813; x_wconf 75' lang='lat' dir='ltr'><strong>felicitas</strong></span> <span class='ocrx_word' id='word_1_44' title='bbox 440 763 644 825; x_wconf 88' lang='lat' dir='ltr'><strong>potest,</strong></span> <span class='ocrx_word' id='word_1_45' title='bbox 691 768 849 823; x_wconf 89' lang='lat' dir='ltr'><strong>quam</strong></span> <span class='ocrx_word' id='word_1_46' title='bbox 900 754 1125 823; x_wconf 88' lang='lat' dir='ltr'><strong>probare</strong></span> <span class='ocrx_word' id='word_1_47' title='bbox 1178 754 1278 807; x_wconf 89' lang='lat' dir='ltr'><strong>nisi</strong></span> <span class='ocrx_word' id='word_1_48' title='bbox 1325 754 1604 809; x_wconf 78' lang='lat' dir='ltr'><strong>infelicitas</strong></span> <span class='ocrx_word' id='word_1_49' title='bbox 1652 771 1754 811; x_wconf 92' lang='lat' dir='ltr'><strong>non</strong></span> 
     </span>
    </p>
   </div>
   <div class='ocr_carea' id='block_1_7' title="bbox 215 843 1756 918">
    <p class='ocr_par' dir='ltr' id='par_1_7' title="bbox 215 843 1756 918">
     <span class='ocr_line' id='line_1_7' title="bbox 215 843 1756 918; baseline 0.001 -19"><span class='ocrx_word' id='word_1_50' title='bbox 215 846 401 918; x_wconf 81' lang='lat' dir='ltr'><strong>potest?</strong></span> <span class='ocrx_word' id='word_1_51' title='bbox 437 845 502 899; x_wconf 84' lang='lat' dir='ltr'><strong>Et</strong></span> <span class='ocrx_word' id='word_1_52' title='bbox 538 853 709 897; x_wconf 84' lang='lat' dir='ltr'><strong>tamen</strong></span> <span class='ocrx_word' id='word_1_53' title='bbox 751 858 934 898; x_wconf 90' lang='lat' dir='ltr'><strong>verum</strong></span> <span class='ocrx_word' id='word_1_54' title='bbox 979 852 1060 897; x_wconf 91' lang='lat' dir='ltr'><strong>est</strong></span> <span class='ocrx_word' id='word_1_55' title='bbox 1099 843 1283 898; x_wconf 84' lang='lat' dir='ltr'><strong>haberi</strong></span> <span class='ocrx_word' id='word_1_56' title='bbox 1330 859 1485 913; x_wconf 88' lang='lat' dir='ltr'><strong>posse</strong></span> <span class='ocrx_word' id='word_1_57' title='bbox 1525 845 1756 900; x_wconf 90' lang='lat' dir='ltr'><strong>amicum</strong></span> 
     </span>
    </p>
   </div>
   <div class='ocr_carea' id='block_1_8' title="bbox 212 933 1757 1002">
    <p class='ocr_par' dir='ltr' id='par_1_8' title="bbox 212 933 1757 1002">
     <span class='ocr_line' id='line_1_8' title="bbox 212 933 1757 1002; baseline -0.002 -10"><span class='ocrx_word' id='word_1_58' title='bbox 212 938 346 992; x_wconf 83' lang='lat' dir='ltr'><strong>etiam</strong></span> <span class='ocrx_word' id='word_1_59' title='bbox 372 936 417 989; x_wconf 93' lang='lat' dir='ltr'><strong>in</strong></span> <span class='ocrx_word' id='word_1_60' title='bbox 443 934 592 989; x_wconf 86' lang='lat' dir='ltr'><strong>rebus</strong></span> <span class='ocrx_word' id='word_1_61' title='bbox 615 934 905 1002; x_wconf 88' lang='lat' dir='ltr'><strong>prosperis,</strong></span> <span class='ocrx_word' id='word_1_62' title='bbox 930 933 1143 1002; x_wconf 87' lang='lat' dir='ltr'><strong>probari</strong></span> <span class='ocrx_word' id='word_1_63' title='bbox 1168 940 1346 988; x_wconf 87' lang='lat' dir='ltr'><strong>autem</strong></span> <span class='ocrx_word' id='word_1_64' title='bbox 1372 935 1572 989; x_wconf 81' lang='lat' dir='ltr'><strong>certius</strong></span> <span class='ocrx_word' id='word_1_65' title='bbox 1595 935 1650 989; x_wconf 89' lang='lat' dir='ltr'><strong>in</strong></span> <span class='ocrx_word' id='word_1_66' title='bbox 1673 951 1757 990; x_wconf 90' lang='lat' dir='ltr'><strong>re-</strong></span> 
     </span>
    </p>
   </div>
   <div class='ocr_carea' id='block_1_9' title="bbox 216 1025 562 1082">
    <p class='ocr_par' dir='ltr' id='par_1_9' title="bbox 216 1025 562 1082">
     <span class='ocr_line' id='line_1_9' title="bbox 216 1025 562 1082; baseline -0.012 -1"><span class='ocrx_word' id='word_1_67' title='bbox 216 1031 294 1082; x_wconf 88' lang='lat' dir='ltr'><strong>bus</strong></span> <span class='ocrx_word' id='word_1_68' title='bbox 318 1025 562 1081; x_wconf 88' lang='lat' dir='ltr'><strong>adversis.</strong></span> 
     </span>
    </p>
   </div>
   <div class='ocr_carea' id='block_1_10' title="bbox 268 1113 1753 1186">
    <p class='ocr_par' dir='ltr' id='par_1_10' title="bbox 268 1113 1753 1186">
     <span class='ocr_line' id='line_1_10' title="bbox 268 1113 1753 1186; baseline -0.001 -13"><span class='ocrx_word' id='word_1_69' title='bbox 268 1116 471 1174; x_wconf 85' lang='lat' dir='ltr'><strong>CAPUT</strong></span> <span class='ocrx_word' id='word_1_70' title='bbox 509 1116 570 1170; x_wconf 88' lang='lat' dir='ltr'><strong>ll.</strong></span> <span class='ocrx_word' id='word_1_71' title='bbox 592 1144 662 1156; x_wconf 93' lang='lat'><strong>—</strong></span> <span class='ocrx_word' id='word_1_72' title='bbox 685 1113 818 1170; x_wconf 85' lang='lat' dir='ltr'><strong>Fide</strong></span> <span class='ocrx_word' id='word_1_73' title='bbox 844 1115 907 1168; x_wconf 86' lang='lat' dir='ltr'><strong>de</strong></span> <span class='ocrx_word' id='word_1_74' title='bbox 929 1114 1075 1169; x_wconf 83' lang='lat' dir='ltr'><strong>rebus</strong></span> <span class='ocrx_word' id='word_1_75' title='bbox 1101 1115 1335 1169; x_wconf 81' lang='lat' dir='ltr'><strong>humanis</strong></span> <span class='ocrx_word' id='word_1_76' title='bbox 1358 1117 1577 1183; x_wconf 83' lang='lat' dir='ltr'><strong>sublata,</strong></span> <span class='ocrx_word' id='word_1_77' title='bbox 1604 1134 1753 1186; x_wconf 83' lang='lat' dir='ltr'><strong>quant</strong></span> 
     </span>
    </p>
   </div>
   <div class='ocr_carea' id='block_1_11' title="bbox 212 1204 1753 1276">
    <p class='ocr_par' dir='ltr' id='par_1_11' title="bbox 212 1204 1753 1276">
     <span class='ocr_line' id='line_1_11' title="bbox 212 1204 1753 1276; baseline 0.001 -17"><span class='ocrx_word' id='word_1_78' title='bbox 212 1209 427 1261; x_wconf 80' lang='lat' dir='ltr'><strong>horrenda</strong></span> <span class='ocrx_word' id='word_1_79' title='bbox 450 1206 675 1276; x_wconf 77' lang='lat' dir='ltr'><strong>confusio</strong></span> <span class='ocrx_word' id='word_1_80' title='bbox 705 1213 1008 1275; x_wconf 78' lang='lat' dir='ltr'><strong>sequeretur.</strong></span> <span class='ocrx_word' id='word_1_81' title='bbox 1038 1204 1142 1259; x_wconf 89' lang='lat' dir='ltr'><strong>Sed</strong></span> <span class='ocrx_word' id='word_1_82' title='bbox 1173 1206 1353 1275; x_wconf 89' lang='lat' dir='ltr'><strong>utique</strong></span> <span class='ocrx_word' id='word_1_83' title='bbox 1385 1215 1440 1260; x_wconf 89' lang='lat' dir='ltr'><strong>ut</strong></span> <span class='ocrx_word' id='word_1_84' title='bbox 1468 1222 1591 1261; x_wconf 91' lang='lat' dir='ltr'><strong>cum</strong></span> <span class='ocrx_word' id='word_1_85' title='bbox 1628 1221 1753 1275; x_wconf 83' lang='lat' dir='ltr'><strong>pro-</strong></span> 
     </span>
    </p>
   </div>
   <div class='ocr_carea' id='block_1_12' title="bbox 210 1296 1755 1369">
    <p class='ocr_par' dir='ltr' id='par_1_12' title="bbox 210 1296 1755 1369">
     <span class='ocr_line' id='line_1_12' title="bbox 210 1296 1755 1369; baseline -0.001 -16"><span class='ocrx_word' id='word_1_86' title='bbox 210 1301 303 1362; x_wconf 82' lang='lat' dir='ltr'><strong>bes,</strong></span> <span class='ocrx_word' id='word_1_87' title='bbox 319 1297 553 1369; x_wconf 89' lang='lat' dir='ltr'><strong>periculis</strong></span> <span class='ocrx_word' id='word_1_88' title='bbox 574 1296 674 1350; x_wconf 91' lang='lat' dir='ltr'><strong>tuis</strong></span> <span class='ocrx_word' id='word_1_89' title='bbox 692 1311 790 1350; x_wconf 89' lang='lat' dir='ltr'><strong>nec</strong></span> <span class='ocrx_word' id='word_1_90' title='bbox 810 1303 860 1350; x_wconf 92' lang='lat' dir='ltr'><strong>te</strong></span> <span class='ocrx_word' id='word_1_91' title='bbox 872 1296 1252 1363; x_wconf 89' lang='lat' dir='ltr'><strong>committeres,</strong></span> <span class='ocrx_word' id='word_1_92' title='bbox 1268 1297 1369 1351; x_wconf 90' lang='lat' dir='ltr'><strong>nisi</strong></span> <span class='ocrx_word' id='word_1_93' title='bbox 1390 1297 1636 1352; x_wconf 81' lang='lat' dir='ltr'><strong>crederes</strong></span> <span class='ocrx_word' id='word_1_94' title='bbox 1657 1316 1669 1351; x_wconf 91' lang='lat'>:</span> <span class='ocrx_word' id='word_1_95' title='bbox 1692 1312 1755 1352; x_wconf 90' lang='lat' dir='ltr'><strong>ac</strong></span> 
     </span>
    </p>
   </div>
   <div class='ocr_carea' id='block_1_13' title="bbox 210 1386 1753 1459">
    <p class='ocr_par' dir='ltr' id='par_1_13' title="bbox 210 1386 1753 1459">
     <span class='ocr_line' id='line_1_13' title="bbox 210 1386 1753 1459; baseline -0.001 -15"><span class='ocrx_word' id='word_1_96' title='bbox 210 1406 287 1459; x_wconf 88' lang='lat' dir='ltr'><strong>per</strong></span> <span class='ocrx_word' id='word_1_97' title='bbox 309 1393 397 1443; x_wconf 91' lang='lat' dir='ltr'><strong>hoc</strong></span> <span class='ocrx_word' id='word_1_98' title='bbox 421 1404 537 1444; x_wconf 89' lang='lat' dir='ltr'><strong>cum</strong></span> <span class='ocrx_word' id='word_1_99' title='bbox 566 1396 616 1442; x_wconf 90' lang='lat' dir='ltr'><strong>te</strong></span> <span class='ocrx_word' id='word_1_100' title='bbox 642 1386 934 1440; x_wconf 85' lang='lat' dir='ltr'><strong>committis</strong></span> <span class='ocrx_word' id='word_1_101' title='bbox 962 1395 1019 1440; x_wconf 92' lang='lat' dir='ltr'><strong>ut</strong></span> <span class='ocrx_word' id='word_1_102' title='bbox 1042 1386 1254 1456; x_wconf 86' lang='lat' dir='ltr'><strong>probes,</strong></span> <span class='ocrx_word' id='word_1_103' title='bbox 1278 1387 1453 1442; x_wconf 83' lang='lat' dir='ltr'><strong>credis</strong></span> <span class='ocrx_word' id='word_1_104' title='bbox 1472 1397 1753 1458; x_wconf 90' lang='lat' dir='ltr'><strong>antequam</strong></span> 
     </span>
    </p>
   </div>
   <div class='ocr_carea' id='block_1_14' title="bbox 212 1476 1752 1549">
    <p class='ocr_par' dir='ltr' id='par_1_14' title="bbox 212 1476 1752 1549">
     <span class='ocr_line' id='line_1_14' title="bbox 212 1476 1752 1549; baseline 0 -18"><span class='ocrx_word' id='word_1_105' title='bbox 212 1480 392 1549; x_wconf 79' lang='lat' dir='ltr'><strong>probes.</strong></span> <span class='ocrx_word' id='word_1_106' title='bbox 421 1479 575 1534; x_wconf 88' lang='lat' dir='ltr'><strong>Certe</strong></span> <span class='ocrx_word' id='word_1_107' title='bbox 604 1479 746 1533; x_wconf 92' lang='lat' dir='ltr'><strong>enim</strong></span> <span class='ocrx_word' id='word_1_108' title='bbox 790 1477 833 1530; x_wconf 89' lang='lat' dir='ltr'><strong>si</strong></span> <span class='ocrx_word' id='word_1_109' title='bbox 873 1476 1031 1531; x_wconf 90' lang='lat' dir='ltr'><strong>rebus</strong></span> <span class='ocrx_word' id='word_1_110' title='bbox 1070 1491 1173 1531; x_wconf 92' lang='lat' dir='ltr'><strong>non</strong></span> <span class='ocrx_word' id='word_1_111' title='bbox 1216 1478 1343 1532; x_wconf 86' lang='lat' dir='ltr'><strong>visis</strong></span> <span class='ocrx_word' id='word_1_112' title='bbox 1384 1478 1605 1532; x_wconf 89' lang='lat' dir='ltr'><strong>credere</strong></span> <span class='ocrx_word' id='word_1_113' title='bbox 1648 1494 1752 1532; x_wconf 92' lang='lat' dir='ltr'><strong>non</strong></span> 
     </span>
    </p>
   </div>
   <div class='ocr_carea' id='block_1_15' title="bbox 209 1568 1753 1639">
    <p class='ocr_par' dir='ltr' id='par_1_15' title="bbox 209 1568 1753 1639">
     <span class='ocr_line' id='line_1_15' title="bbox 209 1568 1753 1639; baseline 0.001 -16"><span class='ocrx_word' id='word_1_114' title='bbox 209 1571 431 1625; x_wconf 89' lang='lat' dir='ltr'><strong>debemus</strong></span> <span class='ocrx_word' id='word_1_115' title='bbox 450 1610 462 1631; x_wconf 87' lang='lat'><strong>,</strong></span> <span class='ocrx_word' id='word_1_116' title='bbox 490 1568 920 1639; x_wconf 84' lang='lat' dir='ltr'><strong>quandoquidem</strong></span> <span class='ocrx_word' id='word_1_117' title='bbox 952 1576 1005 1621; x_wconf 90' lang='lat' dir='ltr'><strong>et</strong></span> <span class='ocrx_word' id='word_1_118' title='bbox 1033 1569 1266 1621; x_wconf 91' lang='lat' dir='ltr'><strong>nondum</strong></span> <span class='ocrx_word' id='word_1_119' title='bbox 1296 1570 1495 1623; x_wconf 89' lang='lat' dir='ltr'><strong>certius</strong></span> <span class='ocrx_word' id='word_1_120' title='bbox 1518 1569 1753 1639; x_wconf 89' lang='lat' dir='ltr'><strong>probatis</strong></span> 
     </span>
    </p>
   </div>
   <div class='ocr_carea' id='block_1_16' title="bbox 208 1659 1753 1723">
    <p class='ocr_par' dir='ltr' id='par_1_16' title="bbox 208 1659 1753 1723">
     <span class='ocr_line' id='line_1_16' title="bbox 208 1659 1753 1723; baseline 0 -8"><span class='ocrx_word' id='word_1_121' title='bbox 208 1662 459 1715; x_wconf 89' lang='lat' dir='ltr'><strong>amicorum</strong></span> <span class='ocrx_word' id='word_1_122' title='bbox 487 1660 736 1714; x_wconf 89' lang='lat' dir='ltr'><strong>cordibus</strong></span> <span class='ocrx_word' id='word_1_123' title='bbox 765 1659 1032 1713; x_wconf 89' lang='lat' dir='ltr'><strong>credimus</strong></span> <span class='ocrx_word' id='word_1_124' title='bbox 1060 1661 1073 1690; x_wconf 86' lang='grc'>¹</span> <span class='ocrx_word' id='word_1_125' title='bbox 1098 1676 1112 1723; x_wconf 91' lang='lat'><strong>;</strong></span> <span class='ocrx_word' id='word_1_126' title='bbox 1140 1668 1195 1714; x_wconf 90' lang='lat' dir='ltr'><strong>et</strong></span> <span class='ocrx_word' id='word_1_127' title='bbox 1223 1675 1342 1713; x_wconf 92' lang='lat' dir='ltr'><strong>cum</strong></span> <span class='ocrx_word' id='word_1_128' title='bbox 1371 1676 1430 1715; x_wconf 91' lang='lat' dir='ltr'><strong>ea</strong></span> <span class='ocrx_word' id='word_1_129' title='bbox 1475 1662 1627 1714; x_wconf 89' lang='lat' dir='ltr'><strong>malis</strong></span> <span class='ocrx_word' id='word_1_130' title='bbox 1656 1675 1753 1715; x_wconf 86' lang='lat' dir='ltr'><strong>no-</strong></span> 
     </span>
    </p>
   </div>
   <div class='ocr_carea' id='block_1_17' title="bbox 207 1750 1754 1822">
    <p class='ocr_par' dir='ltr' id='par_1_17' title="bbox 207 1750 1754 1822">
     <span class='ocr_line' id='line_1_17' title="bbox 207 1750 1754 1822; baseline 0.001 -17"><span class='ocrx_word' id='word_1_131' title='bbox 207 1753 309 1805; x_wconf 87' lang='lat' dir='ltr'><strong>stris</strong></span> <span class='ocrx_word' id='word_1_132' title='bbox 326 1751 449 1805; x_wconf 88' lang='lat' dir='ltr'><strong>hona</strong></span> <span class='ocrx_word' id='word_1_133' title='bbox 478 1751 875 1819; x_wconf 79' lang='lat' dir='ltr'><strong>probaverimus</strong></span> <span class='ocrx_word' id='word_1_134' title='bbox 893 1790 907 1814; x_wconf 89' lang='lat'><strong>,</strong></span> <span class='ocrx_word' id='word_1_135' title='bbox 934 1750 1095 1804; x_wconf 87' lang='lat' dir='ltr'><strong>etiam</strong></span> <span class='ocrx_word' id='word_1_136' title='bbox 1139 1758 1263 1804; x_wconf 92' lang='lat' dir='ltr'><strong>tunc</strong></span> <span class='ocrx_word' id='word_1_137' title='bbox 1291 1766 1475 1805; x_wconf 89' lang='lat' dir='ltr'><strong>eorum</strong></span> <span class='ocrx_word' id='word_1_138' title='bbox 1502 1767 1625 1822; x_wconf 88' lang='lat' dir='ltr'><strong>erga</strong></span> <span class='ocrx_word' id='word_1_139' title='bbox 1654 1768 1754 1807; x_wconf 89' lang='lat' dir='ltr'><strong>nos</strong></span> 
     </span>
    </p>
   </div>
   <div class='ocr_carea' id='block_1_18' title="bbox 208 1841 1752 1911">
    <p class='ocr_par' dir='ltr' id='par_1_18' title="bbox 208 1841 1752 1911">
     <span class='ocr_line' id='line_1_18' title="bbox 208 1841 1752 1911; baseline 0 -14"><span class='ocrx_word' id='word_1_140' title='bbox 208 1842 587 1897; x_wconf 67' lang='lat' dir='ltr'><strong>benevolentiam</strong></span> <span class='ocrx_word' id='word_1_141' title='bbox 617 1842 884 1897; x_wconf 89' lang='lat' dir='ltr'><strong>credimus</strong></span> <span class='ocrx_word' id='word_1_142' title='bbox 915 1841 1088 1910; x_wconf 86' lang='lat' dir='ltr'><strong>potius</strong></span> <span class='ocrx_word' id='word_1_143' title='bbox 1108 1882 1122 1905; x_wconf 98' lang='lat'><strong>,</strong></span> <span class='ocrx_word' id='word_1_144' title='bbox 1153 1857 1310 1911; x_wconf 89' lang='lat' dir='ltr'><strong>quam</strong></span> <span class='ocrx_word' id='word_1_145' title='bbox 1341 1842 1616 1897; x_wconf 83' lang='lat' dir='ltr'><strong>videmus:</strong></span> <span class='ocrx_word' id='word_1_146' title='bbox 1649 1843 1752 1897; x_wconf 88' lang='lat' dir='ltr'><strong>nisi</strong></span> 
     </span>
    </p>
   </div>
   <div class='ocr_carea' id='block_1_19' title="bbox 206 1932 1750 2002">
    <p class='ocr_par' dir='ltr' id='par_1_19' title="bbox 206 1932 1750 2002">
     <span class='ocr_line' id='line_1_19' title="bbox 206 1932 1750 2002; baseline 0.001 -17"><span class='ocrx_word' id='word_1_147' title='bbox 206 1935 303 2002; x_wconf 86' lang='lat' dir='ltr'><strong>quia</strong></span> <span class='ocrx_word' id='word_1_148' title='bbox 331 1940 458 1985; x_wconf 88' lang='lat' dir='ltr'><strong>tanta</strong></span> <span class='ocrx_word' id='word_1_149' title='bbox 485 1932 619 1986; x_wconf 89' lang='lat' dir='ltr'><strong>fides</strong></span> <span class='ocrx_word' id='word_1_150' title='bbox 651 1940 752 1995; x_wconf 86' lang='lat' dir='ltr'><strong>est,</strong></span> <span class='ocrx_word' id='word_1_151' title='bbox 785 1942 840 1985; x_wconf 91' lang='lat' dir='ltr'><strong>ut</strong></span> <span class='ocrx_word' id='word_1_152' title='bbox 868 1947 972 1986; x_wconf 89' lang='lat' dir='ltr'><strong>non</strong></span> <span class='ocrx_word' id='word_1_153' title='bbox 1001 1932 1409 2002; x_wconf 86' lang='lat' dir='ltr'><strong>incongruenter</strong></span> <span class='ocrx_word' id='word_1_154' title='bbox 1437 1933 1750 2002; x_wconf 80' lang='lat' dir='ltr'><strong>quibusdam</strong></span> 
     </span>
    </p>
   </div>
   <div class='ocr_carea' id='block_1_20' title="bbox 206 2021 1751 2091">
    <p class='ocr_par' dir='ltr' id='par_1_20' title="bbox 206 2021 1751 2091">
     <span class='ocr_line' id='line_1_20' title="bbox 206 2021 1751 2091; baseline 0.001 -16"><span class='ocrx_word' id='word_1_155' title='bbox 206 2023 343 2077; x_wconf 89' lang='lat' dir='ltr'><strong>oculis</strong></span> <span class='ocrx_word' id='word_1_156' title='bbox 367 2023 471 2091; x_wconf 87' lang='lat' dir='ltr'><strong>ejus</strong></span> <span class='ocrx_word' id='word_1_157' title='bbox 491 2038 592 2076; x_wconf 89' lang='lat' dir='ltr'><strong>nos</strong></span> <span class='ocrx_word' id='word_1_158' title='bbox 612 2022 912 2091; x_wconf 90' lang='lat' dir='ltr'><strong>judicemus</strong></span> <span class='ocrx_word' id='word_1_159' title='bbox 934 2021 1113 2076; x_wconf 87' lang='lat' dir='ltr'><strong>videre</strong></span> <span class='ocrx_word' id='word_1_160' title='bbox 1140 2022 1280 2091; x_wconf 93' lang='lat' dir='ltr'><strong>quod</strong></span> <span class='ocrx_word' id='word_1_161' title='bbox 1302 2022 1602 2087; x_wconf 88' lang='lat' dir='ltr'><strong>credimus;</strong></span> <span class='ocrx_word' id='word_1_162' title='bbox 1632 2039 1751 2077; x_wconf 87' lang='lat' dir='ltr'><strong>cmn</strong></span> 
     </span>
    </p>
   </div>
   <div class='ocr_carea' id='block_1_21' title="bbox 207 2114 1748 2185">
    <p class='ocr_par' dir='ltr' id='par_1_21' title="bbox 207 2114 1748 2185">
     <span class='ocr_line' id='line_1_21' title="bbox 207 2114 1748 2185; baseline 0.002 -18"><span class='ocrx_word' id='word_1_163' title='bbox 207 2124 441 2185; x_wconf 87' lang='lat' dir='ltr'><strong>propterea</strong></span> <span class='ocrx_word' id='word_1_164' title='bbox 455 2115 672 2170; x_wconf 86' lang='lat' dir='ltr'><strong>credere</strong></span> <span class='ocrx_word' id='word_1_165' title='bbox 684 2114 1119 2183; x_wconf 88' lang='lat' dir='ltr'><strong>debeamus,quia</strong></span> <span class='ocrx_word' id='word_1_166' title='bbox 1138 2114 1318 2169; x_wconf 89' lang='lat' dir='ltr'><strong>videre</strong></span> <span class='ocrx_word' id='word_1_167' title='bbox 1330 2131 1433 2168; x_wconf 93' lang='lat' dir='ltr'><strong>non</strong></span> <span class='ocrx_word' id='word_1_168' title='bbox 1447 2130 1748 2184; x_wconf 86' lang='lat' dir='ltr'><strong>possumus.</strong></span> 
     </span>
    </p>
   </div>
   <div class='ocr_carea' id='block_1_22' title="bbox 262 2205 1752 2277">
    <p class='ocr_par' dir='ltr' id='par_1_22' title="bbox 262 2205 1752 2277">
     <span class='ocr_line' id='line_1_22' title="bbox 262 2205 1752 2277; baseline 0 -16"><span class='ocrx_word' id='word_1_169' title='bbox 262 2209 306 2261; x_wconf 72' lang='grc'><strong>4.</strong></span> <span class='ocrx_word' id='word_1_170' title='bbox 339 2206 387 2261; x_wconf 89' lang='lat' dir='ltr'><strong>Si</strong></span> <span class='ocrx_word' id='word_1_171' title='bbox 414 2206 681 2260; x_wconf 78' lang='lat' dir='ltr'><strong>auferatur</strong></span> <span class='ocrx_word' id='word_1_172' title='bbox 716 2205 830 2260; x_wconf 67' lang='lat' dir='ltr'><strong>hinc</strong></span> <span class='ocrx_word' id='word_1_173' title='bbox 856 2206 988 2260; x_wconf 82' lang='lat' dir='ltr'><strong>ﬁdes</strong></span> <span class='ocrx_word' id='word_1_174' title='bbox 1024 2205 1091 2259; x_wconf 91' lang='lat' dir='ltr'><strong>de</strong></span> <span class='ocrx_word' id='word_1_175' title='bbox 1114 2205 1273 2259; x_wconf 90' lang='lat' dir='ltr'><strong>rebus</strong></span> <span class='ocrx_word' id='word_1_176' title='bbox 1303 2205 1548 2260; x_wconf 85' lang='lat' dir='ltr'><strong>humanis</strong></span> <span class='ocrx_word' id='word_1_177' title='bbox 1569 2247 1585 2272; x_wconf 94' lang='lat'><strong>,</strong></span> <span class='ocrx_word' id='word_1_178' title='bbox 1633 2209 1752 2277; x_wconf 88' lang='lat' dir='ltr'><strong>quis</strong></span> 
     </span>
    </p>
   </div>
   <div class='ocr_carea' id='block_1_23' title="bbox 210 2294 1750 2365">
    <p class='ocr_par' dir='ltr' id='par_1_23' title="bbox 210 2294 1750 2365">
     <span class='ocr_line' id='line_1_23' title="bbox 210 2294 1750 2365; baseline 0.001 -17"><span class='ocrx_word' id='word_1_179' title='bbox 210 2312 292 2349; x_wconf 89' lang='lat' dir='ltr'><strong>non</strong></span> <span class='ocrx_word' id='word_1_180' title='bbox 316 2295 530 2349; x_wconf 83' lang='lat' dir='ltr'><strong>attendat</strong></span> <span class='ocrx_word' id='word_1_181' title='bbox 557 2304 755 2365; x_wconf 86' lang='lat' dir='ltr'><strong>quanta</strong></span> <span class='ocrx_word' id='word_1_182' title='bbox 786 2309 966 2348; x_wconf 89' lang='lat' dir='ltr'><strong>earum</strong></span> <span class='ocrx_word' id='word_1_183' title='bbox 997 2294 1340 2363; x_wconf 89' lang='lat' dir='ltr'><strong>perturbatio,</strong></span> <span class='ocrx_word' id='word_1_184' title='bbox 1368 2302 1422 2349; x_wconf 84' lang='lat' dir='ltr'><strong>et</strong></span> <span class='ocrx_word' id='word_1_185' title='bbox 1443 2310 1598 2363; x_wconf 84' lang='lat' dir='ltr'><strong>quam</strong></span> <span class='ocrx_word' id='word_1_186' title='bbox 1627 2294 1750 2349; x_wconf 82' lang='lat' dir='ltr'><strong>hor—</strong></span> 
     </span>
    </p>
   </div>
   <div class='ocr_carea' id='block_1_24' title="bbox 211 2385 1745 2456">
    <p class='ocr_par' dir='ltr' id='par_1_24' title="bbox 211 2385 1745 2456">
     <span class='ocr_line' id='line_1_24' title="bbox 211 2385 1745 2456; baseline -0.001 -14"><span class='ocrx_word' id='word_1_187' title='bbox 211 2389 341 2442; x_wconf 83' lang='lat' dir='ltr'><strong>renda</strong></span> <span class='ocrx_word' id='word_1_188' title='bbox 364 2389 597 2443; x_wconf 75' lang='lat' dir='ltr'><strong>confusio</strong></span> <span class='ocrx_word' id='word_1_189' title='bbox 623 2385 1019 2456; x_wconf 88' lang='lat' dir='ltr'><strong>subsequatur?</strong></span> <span class='ocrx_word' id='word_1_190' title='bbox 1046 2386 1175 2452; x_wconf 88' lang='lat' dir='ltr'><strong>Quis</strong></span> <span class='ocrx_word' id='word_1_191' title='bbox 1199 2386 1338 2439; x_wconf 91' lang='lat' dir='ltr'><strong>enim</strong></span> <span class='ocrx_word' id='word_1_192' title='bbox 1368 2395 1548 2440; x_wconf 92' lang='lat' dir='ltr'><strong>mutua</strong></span> <span class='ocrx_word' id='word_1_193' title='bbox 1572 2386 1745 2440; x_wconf 75' lang='lat' dir='ltr'><strong>chari~</strong></span> 
     </span>
    </p>
   </div>
   <div class='ocr_carea' id='block_1_25' title="bbox 216 2478 1748 2551">
    <p class='ocr_par' dir='ltr' id='par_1_25' title="bbox 216 2478 1748 2551">
     <span class='ocr_line' id='line_1_25' title="bbox 216 2478 1748 2551; baseline 0 -17"><span class='ocrx_word' id='word_1_194' title='bbox 216 2491 296 2536; x_wconf 85' lang='lat' dir='ltr'><strong>tate</strong></span> <span class='ocrx_word' id='word_1_195' title='bbox 319 2481 543 2551; x_wconf 81' lang='lat' dir='ltr'><strong>diligetur</strong></span> <span class='ocrx_word' id='word_1_196' title='bbox 580 2481 645 2535; x_wconf 86' lang='lat' dir='ltr'><strong>ab</strong></span> <span class='ocrx_word' id='word_1_197' title='bbox 667 2480 847 2548; x_wconf 84' lang='lat' dir='ltr'><strong>aliquo</strong></span> <span class='ocrx_word' id='word_1_198' title='bbox 867 2520 881 2543; x_wconf 96' lang='lat'><strong>,</strong></span> <span class='ocrx_word' id='word_1_199' title='bbox 910 2493 1029 2532; x_wconf 91' lang='lat' dir='ltr'><strong>cum</strong></span> <span class='ocrx_word' id='word_1_200' title='bbox 1066 2479 1133 2531; x_wconf 92' lang='lat' dir='ltr'><strong>sit</strong></span> <span class='ocrx_word' id='word_1_201' title='bbox 1160 2478 1443 2532; x_wconf 80' lang='lat' dir='ltr'><strong>invisibilis</strong></span> <span class='ocrx_word' id='word_1_202' title='bbox 1475 2479 1586 2547; x_wconf 85' lang='lat' dir='ltr'><strong>ipsa</strong></span> <span class='ocrx_word' id='word_1_203' title='bbox 1613 2480 1748 2535; x_wconf 83' lang='lat' dir='ltr'><strong>dile-</strong></span> 
     </span>
    </p>
   </div>
   <div class='ocr_carea' id='block_1_26' title="bbox 217 2567 1748 2639">
    <p class='ocr_par' dir='ltr' id='par_1_26' title="bbox 217 2567 1748 2639">
     <span class='ocr_line' id='line_1_26' title="bbox 217 2567 1748 2639; baseline 0.001 -17"><span class='ocrx_word' id='word_1_204' title='bbox 217 2570 311 2634; x_wconf 82' lang='lat' dir='ltr'><strong>etio,</strong></span> <span class='ocrx_word' id='word_1_205' title='bbox 347 2572 383 2624; x_wconf 90' lang='lat' dir='ltr'><strong>si</strong></span> <span class='ocrx_word' id='word_1_206' title='bbox 410 2568 544 2639; x_wconf 90' lang='lat' dir='ltr'><strong>quod</strong></span> <span class='ocrx_word' id='word_1_207' title='bbox 592 2584 696 2623; x_wconf 91' lang='lat' dir='ltr'><strong>non</strong></span> <span class='ocrx_word' id='word_1_208' title='bbox 737 2567 925 2634; x_wconf 88' lang='lat' dir='ltr'><strong>video,</strong></span> <span class='ocrx_word' id='word_1_209' title='bbox 954 2567 1174 2622; x_wconf 90' lang='lat' dir='ltr'><strong>credere</strong></span> <span class='ocrx_word' id='word_1_210' title='bbox 1221 2584 1325 2620; x_wconf 87' lang='lat' dir='ltr'><strong>non</strong></span> <span class='ocrx_word' id='word_1_211' title='bbox 1370 2567 1576 2621; x_wconf 86' lang='lat' dir='ltr'><strong>debeo?</strong></span> <span class='ocrx_word' id='word_1_212' title='bbox 1616 2567 1748 2623; x_wconf 90' lang='lat' dir='ltr'><strong>Tota</strong></span> 
     </span>
    </p>
   </div>
   <div class='ocr_carea' id='block_1_27' title="bbox 222 2658 1749 2732">
    <p class='ocr_par' dir='ltr' id='par_1_27' title="bbox 222 2658 1749 2732">
     <span class='ocr_line' id='line_1_27' title="bbox 222 2658 1749 2732; baseline 0 -19"><span class='ocrx_word' id='word_1_213' title='bbox 222 2661 353 2730; x_wconf 85' lang='lat' dir='ltr'><strong>itaque</strong></span> <span class='ocrx_word' id='word_1_214' title='bbox 379 2661 571 2732; x_wconf 75' lang='lat' dir='ltr'><strong>peribit</strong></span> <span class='ocrx_word' id='word_1_215' title='bbox 606 2659 859 2723; x_wconf 88' lang='lat' dir='ltr'><strong>amicitia,</strong></span> <span class='ocrx_word' id='word_1_216' title='bbox 902 2658 1023 2727; x_wconf 88' lang='lat' dir='ltr'><strong>quia</strong></span> <span class='ocrx_word' id='word_1_217' title='bbox 1066 2658 1300 2712; x_wconf 89' lang='lat' dir='ltr'><strong>nonnisi</strong></span> <span class='ocrx_word' id='word_1_218' title='bbox 1340 2667 1524 2713; x_wconf 91' lang='lat' dir='ltr'><strong>mutuo</strong></span> <span class='ocrx_word' id='word_1_219' title='bbox 1567 2674 1749 2713; x_wconf 84' lang='lat' dir='ltr'><strong>amore</strong></span> 
     </span>
    </p>
   </div>
   <div class='ocr_carea' id='block_1_28' title="bbox 224 2748 1747 2818">
    <p class='ocr_par' dir='ltr' id='par_1_28' title="bbox 224 2748 1747 2818">
     <span class='ocr_line' id='line_1_28' title="bbox 224 2748 1747 2818; baseline -0.001 -14"><span class='ocrx_word' id='word_1_220' title='bbox 224 2760 393 2804; x_wconf 78' lang='lat' dir='ltr'><strong>constat.</strong></span> <span class='ocrx_word' id='word_1_221' title='bbox 417 2750 553 2817; x_wconf 87' lang='lat' dir='ltr'><strong>Quid</strong></span> <span class='ocrx_word' id='word_1_222' title='bbox 586 2750 729 2804; x_wconf 90' lang='lat' dir='ltr'><strong>enim</strong></span> <span class='ocrx_word' id='word_1_223' title='bbox 748 2748 865 2817; x_wconf 88' lang='lat' dir='ltr'><strong>ejus</strong></span> <span class='ocrx_word' id='word_1_224' title='bbox 890 2748 1087 2818; x_wconf 90' lang='lat' dir='ltr'><strong>poterit</strong></span> <span class='ocrx_word' id='word_1_225' title='bbox 1112 2748 1179 2803; x_wconf 87' lang='lat' dir='ltr'><strong>ab</strong></span> <span class='ocrx_word' id='word_1_226' title='bbox 1207 2748 1385 2817; x_wconf 90' lang='lat' dir='ltr'><strong>aliquo</strong></span> <span class='ocrx_word' id='word_1_227' title='bbox 1417 2750 1674 2818; x_wconf 89' lang='lat' dir='ltr'><strong>recipere,</strong></span> <span class='ocrx_word' id='word_1_228' title='bbox 1703 2750 1747 2803; x_wconf 90' lang='lat' dir='ltr'><strong>si</strong></span> 
     </span>
    </p>
   </div>
   <div class='ocr_carea' id='block_1_29' title="bbox 220 2839 1746 2911">
    <p class='ocr_par' dir='ltr' id='par_1_29' title="bbox 220 2839 1746 2911">
     <span class='ocr_line' id='line_1_29' title="bbox 220 2839 1746 2911; baseline 0.001 -18"><span class='ocrx_word' id='word_1_229' title='bbox 220 2839 317 2893; x_wconf 84' lang='lat' dir='ltr'><strong>nihil</strong></span> <span class='ocrx_word' id='word_1_230' title='bbox 348 2841 449 2911; x_wconf 76' lang='lat' dir='ltr'><strong>ejus</strong></span> <span class='ocrx_word' id='word_1_231' title='bbox 490 2840 755 2895; x_wconf 89' lang='lat' dir='ltr'><strong>creditum</strong></span> <span class='ocrx_word' id='word_1_232' title='bbox 794 2839 951 2893; x_wconf 91' lang='lat' dir='ltr'><strong>fuerit</strong></span> <span class='ocrx_word' id='word_1_233' title='bbox 995 2839 1273 2893; x_wconf 80' lang='lat' dir='ltr'><strong>exhiberi?</strong></span> <span class='ocrx_word' id='word_1_234' title='bbox 1317 2840 1481 2893; x_wconf 87' lang='lat' dir='ltr'><strong>Porro</strong></span> <span class='ocrx_word' id='word_1_235' title='bbox 1516 2841 1746 2895; x_wconf 84' lang='lat' dir='ltr'><strong>amicitia</strong></span> 
     </span>
    </p>
   </div>
   <div class='ocr_carea' id='block_1_30' title="bbox 212 2933 1749 3006">
    <p class='ocr_par' dir='ltr' id='par_1_30' title="bbox 212 2933 1749 3006">
     <span class='ocr_line' id='line_1_30' title="bbox 212 2933 1749 3006; baseline 0 -17"><span class='ocrx_word' id='word_1_236' title='bbox 212 2946 439 3005; x_wconf 86' lang='lat' dir='ltr'><strong>pereunte,</strong></span> <span class='ocrx_word' id='word_1_237' title='bbox 467 2951 646 3006; x_wconf 86' lang='lat' dir='ltr'><strong>neque</strong></span> <span class='ocrx_word' id='word_1_238' title='bbox 672 2933 1065 2989; x_wconf 88' lang='lat' dir='ltr'><strong>connubiorum</strong></span> <span class='ocrx_word' id='word_1_239' title='bbox 1098 2948 1268 3003; x_wconf 89' lang='lat' dir='ltr'><strong>neque</strong></span> <span class='ocrx_word' id='word_1_240' title='bbox 1299 2934 1669 3004; x_wconf 83' lang='lat' dir='ltr'><strong>cognationum</strong></span> <span class='ocrx_word' id='word_1_241' title='bbox 1695 2942 1749 2989; x_wconf 91' lang='lat' dir='ltr'><strong>et</strong></span> 
     </span>
    </p>
   </div>
   <div class='ocr_carea' id='block_1_31' title="bbox 210 3023 1745 3094">
    <p class='ocr_par' dir='ltr' id='par_1_31' title="bbox 210 3023 1745 3094">
     <span class='ocr_line' id='line_1_31' title="bbox 210 3023 1745 3094; baseline 0.001 -17"><span class='ocrx_word' id='word_1_242' title='bbox 210 3025 472 3081; x_wconf 79' lang='lat' dir='ltr'><strong>afﬁnitatem</strong></span> <span class='ocrx_word' id='word_1_243' title='bbox 500 3025 717 3081; x_wconf 81' lang='lat' dir='ltr'><strong>vincula</strong></span> <span class='ocrx_word' id='word_1_244' title='bbox 745 3025 794 3078; x_wconf 91' lang='lat' dir='ltr'><strong>in</strong></span> <span class='ocrx_word' id='word_1_245' title='bbox 822 3023 999 3078; x_wconf 89' lang='lat' dir='ltr'><strong>animo</strong></span> <span class='ocrx_word' id='word_1_246' title='bbox 1039 3023 1417 3089; x_wconf 89' lang='lat' dir='ltr'><strong>servabuntur;</strong></span> <span class='ocrx_word' id='word_1_247' title='bbox 1464 3024 1584 3094; x_wconf 91' lang='lat' dir='ltr'><strong>quia</strong></span> <span class='ocrx_word' id='word_1_248' title='bbox 1613 3032 1667 3079; x_wconf 90' lang='lat' dir='ltr'><strong>et</strong></span> <span class='ocrx_word' id='word_1_249' title='bbox 1692 3025 1745 3079; x_wconf 89' lang='lat' dir='ltr'><strong>in</strong></span> 
     </span>
    </p>
   </div>
   <div class='ocr_carea' id='block_1_32' title="bbox 208 3112 1743 3187">
    <p class='ocr_par' dir='ltr' id='par_1_32' title="bbox 208 3112 1743 3187">
     <span class='ocr_line' id='line_1_32' title="bbox 208 3112 1743 3187; baseline 0.001 -20"><span class='ocrx_word' id='word_1_250' title='bbox 208 3115 274 3171; x_wconf 90' lang='lat' dir='ltr'><strong>his</strong></span> <span class='ocrx_word' id='word_1_251' title='bbox 299 3118 454 3187; x_wconf 89' lang='lat' dir='ltr'><strong>utique</strong></span> <span class='ocrx_word' id='word_1_252' title='bbox 490 3121 665 3172; x_wconf 89' lang='lat' dir='ltr'><strong>amica</strong></span> <span class='ocrx_word' id='word_1_253' title='bbox 706 3114 990 3169; x_wconf 89' lang='lat' dir='ltr'><strong>consensio</strong></span> <span class='ocrx_word' id='word_1_254' title='bbox 1015 3122 1115 3168; x_wconf 92' lang='lat' dir='ltr'><strong>cst.</strong></span> <span class='ocrx_word' id='word_1_255' title='bbox 1146 3112 1259 3167; x_wconf 84' lang='lat' dir='ltr'><strong>Non</strong></span> <span class='ocrx_word' id='word_1_256' title='bbox 1300 3128 1426 3183; x_wconf 87' lang='lat' dir='ltr'><strong>ergo</strong></span> <span class='ocrx_word' id='word_1_257' title='bbox 1468 3114 1743 3184; x_wconf 89' lang='lat' dir='ltr'><strong>conjugem</strong></span> 
     </span>
    </p>
   </div>
   <div class='ocr_carea' id='block_1_33' title="bbox 208 3203 1744 3277">
    <p class='ocr_par' dir='ltr' id='par_1_33' title="bbox 208 3203 1744 3277">
     <span class='ocr_line' id='line_1_33' title="bbox 208 3203 1744 3277; baseline -0.001 -16"><span class='ocrx_word' id='word_1_258' title='bbox 208 3207 361 3277; x_wconf 79' lang='lat' dir='ltr'><strong>conjux</strong></span> <span class='ocrx_word' id='word_1_259' title='bbox 383 3208 605 3263; x_wconf 82' lang='lat' dir='ltr'><strong>vicissim</strong></span> <span class='ocrx_word' id='word_1_260' title='bbox 632 3206 853 3276; x_wconf 86' lang='lat' dir='ltr'><strong>diligere</strong></span> <span class='ocrx_word' id='word_1_261' title='bbox 879 3205 1090 3274; x_wconf 89' lang='lat' dir='ltr'><strong>poterit,</strong></span> <span class='ocrx_word' id='word_1_262' title='bbox 1114 3203 1323 3274; x_wconf 86' lang='lat' dir='ltr'><strong>quando</strong></span> <span class='ocrx_word' id='word_1_263' title='bbox 1348 3219 1405 3258; x_wconf 90' lang='lat' dir='ltr'><strong>se</strong></span> <span class='ocrx_word' id='word_1_264' title='bbox 1432 3204 1596 3274; x_wconf 81' lang='lat' dir='ltr'><strong>diligi,</strong></span> <span class='ocrx_word' id='word_1_265' title='bbox 1623 3206 1744 3274; x_wconf 88' lang='lat' dir='ltr'><strong>quia</strong></span> 
     </span>
    </p>
   </div>
   <div class='ocr_carea' id='block_1_34' title="bbox 207 3297 1745 3366">
    <p class='ocr_par' dir='ltr' id='par_1_34' title="bbox 207 3297 1745 3366">
     <span class='ocr_line' id='line_1_34' title="bbox 207 3297 1745 3366; baseline 0.002 -16"><span class='ocrx_word' id='word_1_266' title='bbox 207 3297 342 3365; x_wconf 85' lang='lat' dir='ltr'><strong>ipsam</strong></span> <span class='ocrx_word' id='word_1_267' title='bbox 362 3299 691 3355; x_wconf 87' lang='lat' dir='ltr'><strong>dilectionem</strong></span> <span class='ocrx_word' id='word_1_268' title='bbox 718 3312 825 3352; x_wconf 89' lang='lat' dir='ltr'><strong>non</strong></span> <span class='ocrx_word' id='word_1_269' title='bbox 852 3306 1024 3366; x_wconf 88' lang='lat' dir='ltr'><strong>potest</strong></span> <span class='ocrx_word' id='word_1_270' title='bbox 1048 3297 1226 3351; x_wconf 87' lang='lat' dir='ltr'><strong>videre</strong></span> <span class='ocrx_word' id='word_1_271' title='bbox 1245 3339 1259 3363; x_wconf 94' lang='lat'><strong>,</strong></span> <span class='ocrx_word' id='word_1_272' title='bbox 1293 3311 1399 3351; x_wconf 89' lang='lat' dir='ltr'><strong>non</strong></span> <span class='ocrx_word' id='word_1_273' title='bbox 1425 3298 1611 3351; x_wconf 89' lang='lat' dir='ltr'><strong>credit.</strong></span> <span class='ocrx_word' id='word_1_274' title='bbox 1634 3298 1745 3354; x_wconf 83' lang='lat' dir='ltr'><strong>Nec</strong></span> 
     </span>
    </p>
   </div>
   <div class='ocr_carea' id='block_1_35' title="bbox 206 3387 1746 3455">
    <p class='ocr_par' dir='ltr' id='par_1_35' title="bbox 206 3387 1746 3455">
     <span class='ocr_line' id='line_1_35' title="bbox 206 3387 1746 3455; baseline 0.004 -17"><span class='ocrx_word' id='word_1_275' title='bbox 206 3389 317 3442; x_wconf 81' lang='lat' dir='ltr'><strong>filios</strong></span> <span class='ocrx_word' id='word_1_276' title='bbox 340 3388 523 3444; x_wconf 89' lang='lat' dir='ltr'><strong>habere</strong></span> <span class='ocrx_word' id='word_1_277' title='bbox 562 3387 970 3449; x_wconf 86' lang='lat' dir='ltr'><strong>desiderabunt,</strong></span> <span class='ocrx_word' id='word_1_278' title='bbox 999 3403 1131 3455; x_wconf 90' lang='lat' dir='ltr'><strong>quos</strong></span> <span class='ocrx_word' id='word_1_279' title='bbox 1173 3387 1400 3443; x_wconf 85' lang='lat' dir='ltr'><strong>vicissim</strong></span> <span class='ocrx_word' id='word_1_280' title='bbox 1430 3388 1530 3442; x_wconf 92' lang='lat' dir='ltr'><strong>sibi</strong></span> <span class='ocrx_word' id='word_1_281' title='bbox 1569 3390 1746 3444; x_wconf 90' lang='lat' dir='ltr'><strong>reddi-</strong></span> 
     </span>
    </p>
   </div>
   <div class='ocr_carea' id='block_1_36' title="bbox 206 3478 1739 3549">
    <p class='ocr_par' dir='ltr' id='par_1_36' title="bbox 206 3478 1739 3549">
     <span class='ocr_line' id='line_1_36' title="bbox 206 3478 1739 3549; baseline 0.005 -19"><span class='ocrx_word' id='word_1_282' title='bbox 206 3482 358 3533; x_wconf 78' lang='lat' dir='ltr'><strong>turos&#39;</strong></span> <span class='ocrx_word' id='word_1_283' title='bbox 379 3495 490 3535; x_wconf 90' lang='lat' dir='ltr'><strong>esse</strong></span> <span class='ocrx_word' id='word_1_284' title='bbox 510 3496 614 3534; x_wconf 90' lang='lat' dir='ltr'><strong>non</strong></span> <span class='ocrx_word' id='word_1_285' title='bbox 637 3478 886 3535; x_wconf 89' lang='lat' dir='ltr'><strong>credunt.</strong></span> <span class='ocrx_word' id='word_1_286' title='bbox 906 3478 1004 3546; x_wconf 86' lang='lat' dir='ltr'><strong>Qui</strong></span> <span class='ocrx_word' id='word_1_287' title='bbox 1032 3479 1073 3533; x_wconf 88' lang='lat' dir='ltr'><strong>si</strong></span> <span class='ocrx_word' id='word_1_288' title='bbox 1096 3489 1379 3534; x_wconf 89' lang='lat' dir='ltr'><strong>nascantur</strong></span> <span class='ocrx_word' id='word_1_289' title='bbox 1404 3490 1455 3536; x_wconf 91' lang='lat' dir='ltr'><strong>et</strong></span> <span class='ocrx_word' id='word_1_290' title='bbox 1477 3492 1739 3549; x_wconf 85' lang='lat' dir='ltr'><strong>crescant,</strong></span> 
     </span>
    </p>
   </div>
   <div class='ocr_carea' id='block_1_37' title="bbox 206 3569 1741 3641">
    <p class='ocr_par' dir='ltr' id='par_1_37' title="bbox 206 3569 1741 3641">
     <span class='ocr_line' id='line_1_37' title="bbox 206 3569 1741 3641; baseline 0.003 -19"><span class='ocrx_word' id='word_1_291' title='bbox 206 3570 342 3625; x_wconf 88' lang='lat' dir='ltr'><strong>multo</strong></span> <span class='ocrx_word' id='word_1_292' title='bbox 384 3572 550 3627; x_wconf 91' lang='lat' dir='ltr'><strong>minus</strong></span> <span class='ocrx_word' id='word_1_293' title='bbox 589 3571 691 3640; x_wconf 89' lang='lat' dir='ltr'><strong>ipsi</strong></span> <span class='ocrx_word' id='word_1_294' title='bbox 729 3578 977 3639; x_wconf 86' lang='lat' dir='ltr'><strong>parentes</strong></span> <span class='ocrx_word' id='word_1_295' title='bbox 1011 3569 1136 3624; x_wconf 85' lang='lat' dir='ltr'><strong>s‘uos</strong></span> <span class='ocrx_word' id='word_1_296' title='bbox 1176 3570 1462 3637; x_wconf 89' lang='lat' dir='ltr'><strong>amabunt,</strong></span> <span class='ocrx_word' id='word_1_297' title='bbox 1517 3587 1741 3641; x_wconf 91' lang='lat' dir='ltr'><strong>quorum</strong></span> 
     </span>
    </p>
   </div>
   <div class='ocr_carea' id='block_1_38' title="bbox 204 3661 1740 3733">
    <p class='ocr_par' dir='ltr' id='par_1_38' title="bbox 204 3661 1740 3733">
     <span class='ocr_line' id='line_1_38' title="bbox 204 3661 1740 3733; baseline 0.005 -19"><span class='ocrx_word' id='word_1_298' title='bbox 204 3677 304 3731; x_wconf 84' lang='lat' dir='ltr'><strong>erga</strong></span> <span class='ocrx_word' id='word_1_299' title='bbox 328 3678 379 3718; x_wconf 91' lang='lat' dir='ltr'><strong>se</strong></span> <span class='ocrx_word' id='word_1_300' title='bbox 400 3678 628 3718; x_wconf 89' lang='lat' dir='ltr'><strong>amorem</strong></span> <span class='ocrx_word' id='word_1_301' title='bbox 671 3665 723 3717; x_wconf 91' lang='lat' dir='ltr'><strong>in</strong></span> <span class='ocrx_word' id='word_1_302' title='bbox 753 3676 937 3716; x_wconf 89' lang='lat' dir='ltr'><strong>eorum</strong></span> <span class='ocrx_word' id='word_1_303' title='bbox 974 3661 1220 3717; x_wconf 89' lang='lat' dir='ltr'><strong>cordibus</strong></span> <span class='ocrx_word' id='word_1_304' title='bbox 1240 3705 1254 3728; x_wconf 94' lang='lat'><strong>,</strong></span> <span class='ocrx_word' id='word_1_305' title='bbox 1284 3665 1404 3733; x_wconf 90' lang='lat' dir='ltr'><strong>quia</strong></span> <span class='ocrx_word' id='word_1_306' title='bbox 1444 3674 1525 3719; x_wconf 91' lang='lat' dir='ltr'><strong>est</strong></span> <span class='ocrx_word' id='word_1_307' title='bbox 1556 3666 1740 3721; x_wconf 82' lang='lat' dir='ltr'><strong>invisi-</strong></span> 
     </span>
    </p>
   </div>
   <div class='ocr_carea' id='block_1_39' title="bbox 203 3753 1740 3825">
    <p class='ocr_par' dir='ltr' id='par_1_39' title="bbox 203 3753 1740 3825">
     <span class='ocr_line' id='line_1_39' title="bbox 203 3753 1740 3825; baseline 0.003 -19"><span class='ocrx_word' id='word_1_308' title='bbox 203 3753 317 3818; x_wconf 88' lang='lat' dir='ltr'><strong>bilis,</strong></span> <span class='ocrx_word' id='word_1_309' title='bbox 344 3771 438 3810; x_wconf 92' lang='lat' dir='ltr'><strong>non</strong></span> <span class='ocrx_word' id='word_1_310' title='bbox 466 3756 746 3819; x_wconf 86' lang='lat' dir='ltr'><strong>videbunt;</strong></span> <span class='ocrx_word' id='word_1_311' title='bbox 778 3756 822 3809; x_wconf 92' lang='lat' dir='ltr'><strong>si</strong></span> <span class='ocrx_word' id='word_1_312' title='bbox 846 3769 906 3808; x_wconf 88' lang='lat' dir='ltr'><strong>ea</strong></span> <span class='ocrx_word' id='word_1_313' title='bbox 931 3770 1048 3825; x_wconf 73' lang='lat' dir='ltr'><strong>qua:</strong></span> <span class='ocrx_word' id='word_1_314' title='bbox 1072 3770 1175 3809; x_wconf 92' lang='lat' dir='ltr'><strong>non</strong></span> <span class='ocrx_word' id='word_1_315' title='bbox 1202 3755 1464 3821; x_wconf 90' lang='lat' dir='ltr'><strong>videntur,</strong></span> <span class='ocrx_word' id='word_1_316' title='bbox 1493 3772 1598 3811; x_wconf 91' lang='lat' dir='ltr'><strong>non</strong></span> <span class='ocrx_word' id='word_1_317' title='bbox 1628 3758 1740 3811; x_wconf 85' lang='lat' dir='ltr'><strong>lau-</strong></span> 
     </span>
    </p>
   </div>
   <div class='ocr_carea' id='block_1_40' title="bbox 202 3844 1737 3915">
    <p class='ocr_par' dir='ltr' id='par_1_40' title="bbox 202 3844 1737 3915">
     <span class='ocr_line' id='line_1_40' title="bbox 202 3844 1737 3915; baseline 0.005 -19"><span class='ocrx_word' id='word_1_318' title='bbox 202 3844 336 3899; x_wconf 85' lang='lat' dir='ltr'><strong>dabili</strong></span> <span class='ocrx_word' id='word_1_319' title='bbox 361 3845 455 3899; x_wconf 85' lang='lat' dir='ltr'><strong>fide</strong></span> <span class='ocrx_word' id='word_1_320' title='bbox 475 3887 490 3911; x_wconf 93' lang='lat'><strong>,</strong></span> <span class='ocrx_word' id='word_1_321' title='bbox 518 3846 612 3900; x_wconf 91' lang='lat' dir='ltr'><strong>sed</strong></span> <span class='ocrx_word' id='word_1_322' title='bbox 649 3844 897 3915; x_wconf 72' lang='lat' dir='ltr'><strong>culpabili</strong></span> <span class='ocrx_word' id='word_1_323' title='bbox 929 3845 1226 3900; x_wconf 89' lang='lat' dir='ltr'><strong>temeritate</strong></span> <span class='ocrx_word' id='word_1_324' title='bbox 1253 3846 1558 3900; x_wconf 88' lang='lat' dir='ltr'><strong>creduntur.</strong></span> <span class='ocrx_word' id='word_1_325' title='bbox 1602 3847 1737 3914; x_wconf 89' lang='lat' dir='ltr'><strong>Quid</strong></span> 
     </span>
    </p>
   </div>
   <div class='ocr_carea' id='block_1_41' title="bbox 198 3937 1740 4008">
    <p class='ocr_par' dir='ltr' id='par_1_41' title="bbox 198 3937 1740 4008">
     <span class='ocr_line' id='line_1_41' title="bbox 198 3937 1740 4008; baseline 0.005 -19"><span class='ocrx_word' id='word_1_326' title='bbox 198 3938 287 4004; x_wconf 86' lang='lat' dir='ltr'><strong>jam</strong></span> <span class='ocrx_word' id='word_1_327' title='bbox 309 3938 365 3993; x_wconf 89' lang='lat' dir='ltr'><strong>de</strong></span> <span class='ocrx_word' id='word_1_328' title='bbox 386 3940 581 3993; x_wconf 69' lang='lat' dir='ltr'><strong>cauet-is</strong></span> <span class='ocrx_word' id='word_1_329' title='bbox 606 3937 1087 3994; x_wconf 89' lang='lat' dir='ltr'><strong>necessitudinibus</strong></span> <span class='ocrx_word' id='word_1_330' title='bbox 1107 3938 1299 4003; x_wconf 89' lang='lat' dir='ltr'><strong>dicam,</strong></span> <span class='ocrx_word' id='word_1_331' title='bbox 1324 3938 1564 4008; x_wconf 85' lang='lat' dir='ltr'><strong>fratrum,</strong></span> <span class='ocrx_word' id='word_1_332' title='bbox 1590 3958 1740 3997; x_wconf 78' lang='lat' dir='ltr'><strong>soro-</strong></span> 
     </span>
    </p>
   </div>
   <div class='ocr_carea' id='block_1_42' title="bbox 203 4032 1736 4099">
    <p class='ocr_par' dir='ltr' id='par_1_42' title="bbox 203 4032 1736 4099">
     <span class='ocr_line' id='line_1_42' title="bbox 203 4032 1736 4099; baseline 0.007 -22"><span class='ocrx_word' id='word_1_333' title='bbox 203 4042 323 4091; x_wconf 89' lang='lat' dir='ltr'><strong>rum,</strong></span> <span class='ocrx_word' id='word_1_334' title='bbox 362 4045 665 4099; x_wconf 88' lang='lat' dir='ltr'><strong>generorum</strong></span> <span class='ocrx_word' id='word_1_335' title='bbox 693 4040 851 4099; x_wconf 89' lang='lat' dir='ltr'><strong>atque</strong></span> <span class='ocrx_word' id='word_1_336' title='bbox 879 4044 1219 4094; x_wconf 90' lang='lat' dir='ltr'><strong>socerorum,</strong></span> <span class='ocrx_word' id='word_1_337' title='bbox 1252 4039 1305 4084; x_wconf 92' lang='lat' dir='ltr'><strong>et</strong></span> <span class='ocrx_word' id='word_1_338' title='bbox 1331 4032 1565 4099; x_wconf 89' lang='lat' dir='ltr'><strong>qualibet</strong></span> <span class='ocrx_word' id='word_1_339' title='bbox 1606 4048 1736 4088; x_wconf 92' lang='lat' dir='ltr'><strong>con-</strong></span> 
     </span>
    </p>
   </div>
   <div class='ocr_carea' id='block_1_43' title="bbox 202 4121 1736 4191">
    <p class='ocr_par' dir='ltr' id='par_1_43' title="bbox 202 4121 1736 4191">
     <span class='ocr_line' id='line_1_43' title="bbox 202 4121 1736 4191; baseline 0.005 -20"><span class='ocrx_word' id='word_1_340' title='bbox 202 4121 509 4189; x_wconf 88' lang='lat' dir='ltr'><strong>sanguinitate</strong></span> <span class='ocrx_word' id='word_1_341' title='bbox 538 4132 592 4177; x_wconf 91' lang='lat' dir='ltr'><strong>et</strong></span> <span class='ocrx_word' id='word_1_342' title='bbox 637 4122 895 4176; x_wconf 84' lang='lat' dir='ltr'><strong>affinitate</strong></span> <span class='ocrx_word' id='word_1_343' title='bbox 928 4122 1234 4191; x_wconf 88' lang='lat' dir='ltr'><strong>junctorum</strong></span> <span class='ocrx_word' id='word_1_344' title='bbox 1257 4165 1270 4187; x_wconf 93' lang='lat'><strong>,</strong></span> <span class='ocrx_word' id='word_1_345' title='bbox 1304 4124 1348 4176; x_wconf 92' lang='lat' dir='ltr'><strong>si</strong></span> <span class='ocrx_word' id='word_1_346' title='bbox 1388 4123 1616 4178; x_wconf 88' lang='lat' dir='ltr'><strong>charitas</strong></span> <span class='ocrx_word' id='word_1_347' title='bbox 1656 4127 1736 4179; x_wconf 90' lang='lat' dir='ltr'><strong>in-</strong></span> 
     </span>
    </p>
   </div>
   <div class='ocr_carea' id='block_1_44' title="bbox 201 4212 1737 4283">
    <p class='ocr_par' dir='ltr' id='par_1_44' title="bbox 201 4212 1737 4283">
     <span class='ocr_line' id='line_1_44' title="bbox 201 4212 1737 4283; baseline 0.007 -22"><span class='ocrx_word' id='word_1_348' title='bbox 201 4220 337 4276; x_wconf 89' lang='lat' dir='ltr'><strong>certa,</strong></span> <span class='ocrx_word' id='word_1_349' title='bbox 364 4214 699 4283; x_wconf 69' lang='lat' dir='ltr'><strong>voluntatique</strong></span> <span class='ocrx_word' id='word_1_350' title='bbox 722 4222 966 4283; x_wconf 84' lang='lat' dir='ltr'><strong>suspecta</strong></span> <span class='ocrx_word' id='word_1_351' title='bbox 994 4221 1093 4274; x_wconf 91' lang='lat' dir='ltr'><strong>est,</strong></span> <span class='ocrx_word' id='word_1_352' title='bbox 1124 4223 1178 4268; x_wconf 84' lang='lat' dir='ltr'><strong>et</strong></span> <span class='ocrx_word' id='word_1_353' title='bbox 1207 4212 1328 4266; x_wconf 88' lang='lat' dir='ltr'><strong>filiis</strong></span> <span class='ocrx_word' id='word_1_354' title='bbox 1358 4226 1656 4282; x_wconf 88' lang='lat' dir='ltr'><strong>parentum,</strong></span> <span class='ocrx_word' id='word_1_355' title='bbox 1686 4225 1737 4270; x_wconf 89' lang='lat' dir='ltr'><strong>et</strong></span> 
     </span>
    </p>
   </div>
   <div class='ocr_carea' id='block_1_45' title="bbox 204 4303 1736 4368">
    <p class='ocr_par' dir='ltr' id='par_1_45' title="bbox 204 4303 1736 4368">
     <span class='ocr_line' id='line_1_45' title="bbox 204 4303 1736 4368; baseline 0.005 -15"><span class='ocrx_word' id='word_1_356' title='bbox 204 4304 466 4366; x_wconf 88' lang='lat' dir='ltr'><strong>parentibus</strong></span> <span class='ocrx_word' id='word_1_357' title='bbox 494 4304 748 4368; x_wconf 88' lang='lat' dir='ltr'><strong>filiorum,</strong></span> <span class='ocrx_word' id='word_1_358' title='bbox 781 4303 904 4356; x_wconf 91' lang='lat' dir='ltr'><strong>dum</strong></span> <span class='ocrx_word' id='word_1_359' title='bbox 945 4304 1311 4358; x_wconf 86' lang='lat' dir='ltr'><strong>benevolentia</strong></span> <span class='ocrx_word' id='word_1_360' title='bbox 1354 4321 1455 4359; x_wconf 89' lang='lat' dir='ltr'><strong>non</strong></span> <span class='ocrx_word' id='word_1_361' title='bbox 1501 4307 1736 4361; x_wconf 89' lang='lat' dir='ltr'><strong>redditur</strong></span> 
     </span>
    </p>
   </div>
   <div class='ocr_carea' id='block_1_46' title="bbox 203 4390 1735 4467">
    <p class='ocr_par' dir='ltr' id='par_1_46' title="bbox 203 4390 1735 4467">
     <span class='ocr_line' id='line_1_46' title="bbox 203 4390 1735 4467; baseline 0.008 -26"><span class='ocrx_word' id='word_1_362' title='bbox 203 4390 347 4445; x_wconf 88' lang='lat' dir='ltr'><strong>debita</strong></span> <span class='ocrx_word' id='word_1_363' title='bbox 369 4394 419 4459; x_wconf 82' lang='grc'><strong>²;</strong></span> <span class='ocrx_word' id='word_1_364' title='bbox 445 4396 559 4463; x_wconf 89' lang='lat' dir='ltr'><strong>quia</strong></span> <span class='ocrx_word' id='word_1_365' title='bbox 586 4411 681 4449; x_wconf 88' lang='lat' dir='ltr'><strong>nec</strong></span> <span class='ocrx_word' id='word_1_366' title='bbox 709 4394 886 4449; x_wconf 86' lang='lat' dir='ltr'><strong>deberi</strong></span> <span class='ocrx_word' id='word_1_367' title='bbox 912 4402 1153 4462; x_wconf 89' lang='lat' dir='ltr'><strong>putatur,</strong></span> <span class='ocrx_word' id='word_1_368' title='bbox 1179 4395 1389 4464; x_wconf 89' lang='lat' dir='ltr'><strong>quando</strong></span> <span class='ocrx_word' id='word_1_369' title='bbox 1412 4397 1462 4449; x_wconf 91' lang='lat' dir='ltr'><strong>in</strong></span> <span class='ocrx_word' id='word_1_370' title='bbox 1487 4398 1589 4450; x_wconf 87' lang='lat' dir='ltr'><strong>alio</strong></span> <span class='ocrx_word' id='word_1_371' title='bbox 1616 4415 1735 4467; x_wconf 72' lang='lat' dir='ltr'><strong>qua:</strong></span> 
     </span>
    </p>
   </div>
   <div class='ocr_carea' id='block_1_47' title="bbox 204 4485 1733 4558">
    <p class='ocr_par' dir='ltr' id='par_1_47' title="bbox 204 4485 1733 4558">
     <span class='ocr_line' id='line_1_47' title="bbox 204 4485 1733 4558; baseline 0.007 -25"><span class='ocrx_word' id='word_1_372' title='bbox 204 4496 288 4535; x_wconf 90' lang='lat' dir='ltr'><strong>non</strong></span> <span class='ocrx_word' id='word_1_373' title='bbox 322 4486 537 4545; x_wconf 86' lang='lat' dir='ltr'><strong>videtur,</strong></span> <span class='ocrx_word' id='word_1_374' title='bbox 566 4502 682 4541; x_wconf 89' lang='lat' dir='ltr'><strong>esse</strong></span> <span class='ocrx_word' id='word_1_375' title='bbox 720 4501 822 4539; x_wconf 92' lang='lat' dir='ltr'><strong>non</strong></span> <span class='ocrx_word' id='word_1_376' title='bbox 860 4485 1126 4540; x_wconf 87' lang='lat' dir='ltr'><strong>creditur?</strong></span> <span class='ocrx_word' id='word_1_377' title='bbox 1156 4486 1318 4540; x_wconf 86' lang='lat' dir='ltr'><strong>Porro</strong></span> <span class='ocrx_word' id='word_1_378' title='bbox 1357 4487 1400 4540; x_wconf 91' lang='lat' dir='ltr'><strong>si</strong></span> <span class='ocrx_word' id='word_1_379' title='bbox 1441 4504 1542 4541; x_wconf 92' lang='lat' dir='ltr'><strong>non</strong></span> <span class='ocrx_word' id='word_1_380' title='bbox 1584 4488 1733 4558; x_wconf 90' lang='lat' dir='ltr'><strong>inge-</strong></span> 
     </span>
    </p>
   </div>
   <div class='ocr_carea' id='block_1_48' title="bbox 205 4572 1731 4642">
    <p class='ocr_par' dir='ltr' id='par_1_48' title="bbox 205 4572 1731 4642">
     <span class='ocr_line' id='line_1_48' title="bbox 205 4572 1731 4642; baseline 0.009 -20"><span class='ocrx_word' id='word_1_381' title='bbox 205 4572 341 4639; x_wconf 84' lang='lat' dir='ltr'><strong>niosa,</strong></span> <span class='ocrx_word' id='word_1_382' title='bbox 370 4576 452 4631; x_wconf 88' lang='lat' dir='ltr'><strong>sed</strong></span> <span class='ocrx_word' id='word_1_383' title='bbox 482 4577 657 4631; x_wconf 89' lang='lat' dir='ltr'><strong>odiosa</strong></span> <span class='ocrx_word' id='word_1_384' title='bbox 690 4587 770 4631; x_wconf 90' lang='lat' dir='ltr'><strong>est</strong></span> <span class='ocrx_word' id='word_1_385' title='bbox 798 4576 895 4631; x_wconf 84' lang='lat' dir='ltr'><strong>ista</strong></span> <span class='ocrx_word' id='word_1_386' title='bbox 923 4576 1128 4631; x_wconf 88' lang='lat' dir='ltr'><strong>cautela</strong></span> <span class='ocrx_word' id='word_1_387' title='bbox 1148 4617 1163 4642; x_wconf 90' lang='lat'><strong>,</strong></span> <span class='ocrx_word' id='word_1_388' title='bbox 1197 4576 1282 4630; x_wconf 90' lang='lat' dir='ltr'><strong>ubi</strong></span> <span class='ocrx_word' id='word_1_389' title='bbox 1313 4593 1407 4631; x_wconf 92' lang='lat' dir='ltr'><strong>nos</strong></span> <span class='ocrx_word' id='word_1_390' title='bbox 1436 4579 1602 4633; x_wconf 88' lang='lat' dir='ltr'><strong>amari</strong></span> <span class='ocrx_word' id='word_1_391' title='bbox 1630 4596 1731 4635; x_wconf 91' lang='lat' dir='ltr'><strong>non</strong></span> 
     </span>
    </p>
   </div>
   <div class='ocr_carea' id='block_1_49' title="bbox 204 4662 1730 4740">
    <p class='ocr_par' dir='ltr' id='par_1_49' title="bbox 204 4662 1730 4740">
     <span class='ocr_line' id='line_1_49' title="bbox 204 4662 1730 4740; baseline 0.009 -28"><span class='ocrx_word' id='word_1_392' title='bbox 204 4662 454 4729; x_wconf 84' lang='lat' dir='ltr'><strong>credimus,</strong></span> <span class='ocrx_word' id='word_1_393' title='bbox 498 4668 632 4737; x_wconf 91' lang='lat' dir='ltr'><strong>quod</strong></span> <span class='ocrx_word' id='word_1_394' title='bbox 676 4682 909 4722; x_wconf 91' lang='lat' dir='ltr'><strong>amorem</strong></span> <span class='ocrx_word' id='word_1_395' title='bbox 956 4668 1243 4720; x_wconf 87' lang='lat' dir='ltr'><strong>amantium</strong></span> <span class='ocrx_word' id='word_1_396' title='bbox 1292 4685 1393 4722; x_wconf 92' lang='lat' dir='ltr'><strong>non</strong></span> <span class='ocrx_word' id='word_1_397' title='bbox 1450 4670 1687 4725; x_wconf 84' lang='lat' dir='ltr'><strong>videmus</strong></span> <span class='ocrx_word' id='word_1_398' title='bbox 1715 4715 1730 4740; x_wconf 89' lang='lat'><strong>,</strong></span> 
     </span>
    </p>
   </div>
   <div class='ocr_carea' id='block_1_50' title="bbox 206 4750 1735 4827">
    <p class='ocr_par' dir='ltr' id='par_1_50' title="bbox 206 4750 1735 4827">
     <span class='ocr_line' id='line_1_50' title="bbox 206 4750 1735 4827; baseline 0.009 -26"><span class='ocrx_word' id='word_1_399' title='bbox 206 4750 434 4823; x_wconf 76' lang='lat' dir='ltr'><strong>vicemque</strong></span> <span class='ocrx_word' id='word_1_400' title='bbox 453 4773 550 4810; x_wconf 92' lang='lat' dir='ltr'><strong>non</strong></span> <span class='ocrx_word' id='word_1_401' title='bbox 574 4758 925 4827; x_wconf 80' lang='lat' dir='ltr'><strong>rependimus,</strong></span> <span class='ocrx_word' id='word_1_402' title='bbox 949 4757 1140 4827; x_wconf 89' lang='lat' dir='ltr'><strong>quibus</strong></span> <span class='ocrx_word' id='word_1_403' title='bbox 1164 4773 1279 4811; x_wconf 88' lang='lat' dir='ltr'><strong>eam</strong></span> <span class='ocrx_word' id='word_1_404' title='bbox 1304 4774 1399 4812; x_wconf 91' lang='lat' dir='ltr'><strong>nos</strong></span> <span class='ocrx_word' id='word_1_405' title='bbox 1421 4759 1611 4816; x_wconf 87' lang='lat' dir='ltr'><strong>debere</strong></span> <span class='ocrx_word' id='word_1_406' title='bbox 1627 4778 1735 4815; x_wconf 88' lang='lat' dir='ltr'><strong>mu-</strong></span> 
     </span>
    </p>
   </div>
   <div class='ocr_carea' id='block_1_51' title="bbox 208 4848 1732 4921">
    <p class='ocr_par' dir='ltr' id='par_1_51' title="bbox 208 4848 1732 4921">
     <span class='ocr_line' id='line_1_51' title="bbox 208 4848 1732 4921; baseline 0.01 -30"><span class='ocrx_word' id='word_1_407' title='bbox 208 4850 321 4896; x_wconf 87' lang='lat' dir='ltr'><strong>tuam</strong></span> <span class='ocrx_word' id='word_1_408' title='bbox 347 4862 439 4899; x_wconf 91' lang='lat' dir='ltr'><strong>non</strong></span> <span class='ocrx_word' id='word_1_409' title='bbox 470 4858 709 4918; x_wconf 81' lang='lat' dir='ltr'><strong>putamus</strong></span> <span class='ocrx_word' id='word_1_410' title='bbox 733 4865 745 4901; x_wconf 90' lang='lat'><strong>:</strong></span> <span class='ocrx_word' id='word_1_411' title='bbox 779 4864 944 4919; x_wconf 90' lang='lat' dir='ltr'><strong>usque</strong></span> <span class='ocrx_word' id='word_1_412' title='bbox 973 4848 1106 4903; x_wconf 88' lang='lat' dir='ltr'><strong>adeo</strong></span> <span class='ocrx_word' id='word_1_413' title='bbox 1132 4865 1220 4903; x_wconf 90' lang='lat' dir='ltr'><strong>res</strong></span> <span class='ocrx_word' id='word_1_414' title='bbox 1249 4849 1491 4905; x_wconf 76' lang='lat' dir='ltr'><strong>humana:</strong></span> <span class='ocrx_word' id='word_1_415' title='bbox 1522 4862 1732 4921; x_wconf 85' lang='lat' dir='ltr'><strong>pertur-</strong></span> 
     </span>
    </p>
   </div>
   <div class='ocr_carea' id='block_1_52' title="bbox 207 4931 1731 5009">
    <p class='ocr_par' dir='ltr' id='par_1_52' title="bbox 207 4931 1731 5009">
     <span class='ocr_line' id='line_1_52' title="bbox 207 4931 1731 5009; baseline 0.01 -27"><span class='ocrx_word' id='word_1_416' title='bbox 207 4931 393 4999; x_wconf 84' lang='lat' dir='ltr'><strong>bantur,</strong></span> <span class='ocrx_word' id='word_1_417' title='bbox 435 4939 474 4991; x_wconf 93' lang='lat' dir='ltr'><strong>si</strong></span> <span class='ocrx_word' id='word_1_418' title='bbox 516 4940 649 5009; x_wconf 91' lang='lat' dir='ltr'><strong>quod</strong></span> <span class='ocrx_word' id='word_1_419' title='bbox 698 4956 802 4993; x_wconf 92' lang='lat' dir='ltr'><strong>non</strong></span> <span class='ocrx_word' id='word_1_420' title='bbox 850 4940 1127 5005; x_wconf 87' lang='lat' dir='ltr'><strong>videmus,</strong></span> <span class='ocrx_word' id='word_1_421' title='bbox 1172 4957 1275 4994; x_wconf 91' lang='lat' dir='ltr'><strong>non</strong></span> <span class='ocrx_word' id='word_1_422' title='bbox 1316 4941 1629 5009; x_wconf 90' lang='lat' dir='ltr'><strong>credamus,</strong></span> <span class='ocrx_word' id='word_1_423' title='bbox 1678 4953 1731 4999; x_wconf 90' lang='lat' dir='ltr'><strong>ut</strong></span> 
     </span>
    </p>
   </div>
   <div class='ocr_carea' id='block_1_53' title="bbox 207 5024 1734 5097">
    <p class='ocr_par' dir='ltr' id='par_1_53' title="bbox 207 5024 1734 5097">
     <span class='ocr_line' id='line_1_53' title="bbox 207 5024 1734 5097; baseline 0.011 -26"><span class='ocrx_word' id='word_1_424' title='bbox 207 5024 385 5078; x_wconf 86' lang='lat' dir='ltr'><strong>omnino</strong></span> <span class='ocrx_word' id='word_1_425' title='bbox 408 5026 627 5086; x_wconf 86' lang='lat' dir='ltr'><strong>funditus</strong></span> <span class='ocrx_word' id='word_1_426' title='bbox 654 5038 979 5097; x_wconf 89' lang='lat' dir='ltr'><strong>evertantur,</strong></span> <span class='ocrx_word' id='word_1_427' title='bbox 1003 5030 1044 5084; x_wconf 91' lang='lat' dir='ltr'><strong>si</strong></span> <span class='ocrx_word' id='word_1_428' title='bbox 1069 5030 1237 5085; x_wconf 91' lang='lat' dir='ltr'><strong>nullas</strong></span> <span class='ocrx_word' id='word_1_429' title='bbox 1259 5031 1538 5087; x_wconf 89' lang='lat' dir='ltr'><strong>credamus</strong></span> <span class='ocrx_word' id='word_1_430' title='bbox 1563 5033 1734 5088; x_wconf 87' lang='lat' dir='ltr'><strong>homi-</strong></span> 
     </span>
    </p>
   </div>
   <div class='ocr_carea' id='block_1_54' title="bbox 261 5174 1733 5243">
    <p class='ocr_par' dir='ltr' id='par_1_54' title="bbox 261 5174 1733 5243">
     <span class='ocr_line' id='line_1_54' title="bbox 261 5174 1733 5243; baseline 0.008 -21"><span class='ocrx_word' id='word_1_431' title='bbox 261 5174 272 5203; x_wconf 82' lang='grc'>¹</span> <span class='ocrx_word' id='word_1_432' title='bbox 294 5179 353 5243; x_wconf 60' lang='lat' dir='ltr'><strong>tir.</strong></span> <span class='ocrx_word' id='word_1_433' title='bbox 375 5179 643 5243; x_wconf 80' lang='lat' dir='ltr'><strong>Lugd._ven.</strong></span> <span class='ocrx_word' id='word_1_434' title='bbox 670 5190 777 5231; x_wconf 85' lang='lat' dir='ltr'><strong>Lov.</strong></span> <span class='ocrx_word' id='word_1_435' title='bbox 797 5184 866 5231; x_wconf 86' lang='lat' dir='ltr'><strong>sic</strong></span> <span class='ocrx_word' id='word_1_436' title='bbox 888 5180 1061 5243; x_wconf 81' lang='lat' dir='ltr'><strong>legunt</strong></span> <span class='ocrx_word' id='word_1_437' title='bbox 1076 5180 1204 5229; x_wconf 88' lang='lat' dir='ltr'><strong>hunc</strong></span> <span class='ocrx_word' id='word_1_438' title='bbox 1230 5180 1383 5230; x_wconf 91' lang='lat' dir='ltr'><strong>locum</strong></span> <span class='ocrx_word' id='word_1_439' title='bbox 1408 5196 1419 5231; x_wconf 92' lang='lat'>:</span> <span class='ocrx_word' id='word_1_440' title='bbox 1444 5189 1581 5233; x_wconf 78' lang='lat' dir='ltr'><strong>Certe</strong></span> <span class='ocrx_word' id='word_1_441' title='bbox 1606 5182 1733 5234; x_wconf 74' lang='lat' dir='ltr'><strong>enim</strong></span> 
     </span>
    </p>
   </div>
   <div class='ocr_carea' id='block_1_55' title="bbox 208 5231 1733 5305">
    <p class='ocr_par' dir='ltr' id='par_1_55' title="bbox 208 5231 1733 5305">
     <span class='ocr_line' id='line_1_55' title="bbox 208 5231 1733 5305; baseline 0.008 -21"><span class='ocrx_word' id='word_1_442' title='bbox 208 5231 241 5279; x_wconf 73' lang='grc' dir='ltr'><em>εἰ</em></span> <span class='ocrx_word' id='word_1_443' title='bbox 253 5235 366 5305; x_wconf 60' lang='lat' dir='ltr'><strong>rebus</strong></span> <span class='ocrx_word' id='word_1_444' title='bbox 482 5240 547 5305; x_wconf 75' lang='lat' dir='ltr'><strong>ris</strong></span> <span class='ocrx_word' id='word_1_445' title='bbox 561 5245 774 5305; x_wconf 75' lang='lat' dir='ltr'><strong>credere,</strong></span> <span class='ocrx_word' id='word_1_446' title='bbox 794 5255 886 5292; x_wconf 86' lang='lat' dir='ltr'><strong>non</strong></span> <span class='ocrx_word' id='word_1_447' title='bbox 903 5231 1128 5305; x_wconf 60' lang='lat' dir='ltr'><strong>daremus</strong></span> <span class='ocrx_word' id='word_1_448' title='bbox 1150 5243 1428 5305; x_wconf 75' lang='lat' dir='ltr'><strong>quandoque</strong></span> <span class='ocrx_word' id='word_1_449' title='bbox 1453 5231 1501 5294; x_wconf 83' lang='lat' dir='ltr'><strong>et</strong></span> <span class='ocrx_word' id='word_1_450' title='bbox 1521 5231 1733 5296; x_wconf 74' lang='lat' dir='ltr'><strong>nondum</strong></span> 
     </span>
    </p>
   </div>
   <div class='ocr_carea' id='block_1_56' title="bbox 210 5294 1728 5376">
    <p class='ocr_par' dir='ltr' id='par_1_56' title="bbox 210 5294 1728 5376">
     <span class='ocr_line' id='line_1_56' title="bbox 210 5294 1728 5376; baseline 0.004 -27"><span class='ocrx_word' id='word_1_451' title='bbox 210 5294 352 5376; x_wconf 61' lang='grc' dir='ltr'><strong>ξθζξὶιιςς</strong></span> <span class='ocrx_word' id='word_1_452' title='bbox 372 5294 857 5376; x_wconf 42' lang='grc' dir='ltr'><strong>ρηιὸίερὶἱρῃιὶςοξηηι</strong></span> <span class='ocrx_word' id='word_1_453' title='bbox 894 5303 1114 5376; x_wconf 73' lang='lat' dir='ltr'><strong>cordibus</strong></span> <span class='ocrx_word' id='word_1_454' title='bbox 1145 5294 1362 5376; x_wconf 60' lang='lat' dir='ltr'><strong>credere:</strong></span> <span class='ocrx_word' id='word_1_455' title='bbox 1382 5306 1728 5376; x_wconf 29' lang='lat' dir='ltr'><strong>Morelnﬁlem.</strong></span> 
     </span>
    </p>
   </div>
   <div class='ocr_carea' id='block_1_57' title="bbox 210 5355 1733 5438">
    <p class='ocr_par' dir='ltr' id='par_1_57' title="bbox 210 5355 1733 5438">
     <span class='ocr_line' id='line_1_57' title="bbox 210 5355 1733 5438; baseline 0.009 -33"><span class='ocrx_word' id='word_1_456' title='bbox 210 5355 298 5438; x_wconf 54' lang='lat' dir='ltr'><strong>erit.</strong></span> <span class='ocrx_word' id='word_1_457' title='bbox 437 5362 539 5438; x_wconf 89' lang='lat'><strong>,</strong></span> <span class='ocrx_word' id='word_1_458' title='bbox 553 5366 655 5423; x_wconf 80' lang='lat'><strong>368,</strong></span> <span class='ocrx_word' id='word_1_459' title='bbox 668 5365 1011 5438; x_wconf 41' lang='lat' dir='ltr'><strong>sie&#39;le‘gendum</strong></span> <span class='ocrx_word' id='word_1_460' title='bbox 1035 5371 1168 5426; x_wconf 84' lang='lat' dir='ltr'><strong>putat</strong></span> <span class='ocrx_word' id='word_1_461' title='bbox 1182 5378 1200 5438; x_wconf 42' lang='grc' dir='ltr'><strong>,ε</strong></span> <span class='ocrx_word' id='word_1_462' title='bbox 1236 5372 1371 5438; x_wconf 70' lang='lat' dir='ltr'><strong>Ferte</strong></span> <span class='ocrx_word' id='word_1_463' title='bbox 1384 5366 1511 5438; x_wconf 70' lang='lat' dir='ltr'><strong>enim</strong></span> <span class='ocrx_word' id='word_1_464' title='bbox 1532 5355 1575 5417; x_wconf 73' lang='lat' dir='ltr'><strong>si</strong></span> <span class='ocrx_word' id='word_1_465' title='bbox 1590 5355 1733 5438; x_wconf 64' lang='lat' dir='ltr'><strong>rebus</strong></span> 
     </span>
    </p>
   </div>
   <div class='ocr_carea' id='block_1_58' title="bbox 211 5420 1731 5499">
    <p class='ocr_par' dir='ltr' id='par_1_58' title="bbox 211 5420 1731 5499">
     <span class='ocr_line' id='line_1_58' title="bbox 211 5420 1731 5499; baseline 0.008 -31"><span class='ocrx_word' id='word_1_466' title='bbox 412 5423 592 5493; x_wconf 69' lang='lat' dir='ltr'><strong>credere</strong></span> <span class='ocrx_word' id='word_1_467' title='bbox 606 5420 698 5475; x_wconf 81' lang='lat' dir='ltr'><strong>non</strong></span> <span class='ocrx_word' id='word_1_468' title='bbox 721 5420 961 5499; x_wconf 50' lang='lat' dir='ltr'><strong>debemus,</strong></span> <span class='ocrx_word' id='word_1_469' title='bbox 988 5420 1222 5499; x_wconf 59' lang='lat' dir='ltr'><strong>quomodo</strong></span> <span class='ocrx_word' id='word_1_470' title='bbox 1246 5434 1293 5499; x_wconf 78' lang='lat' dir='ltr'><strong>ct</strong></span> <span class='ocrx_word' id='word_1_471' title='bbox 1314 5429 1523 5476; x_wconf 83' lang='lat' dir='ltr'><strong>nondum</strong></span> <span class='ocrx_word' id='word_1_472' title='bbox 1555 5428 1731 5499; x_wconf 77' lang='lat' dir='ltr'><strong>certius</strong></span> 
     </span>
    </p>
   </div>
   <div class='ocr_carea' id='block_1_59' title="bbox 213 5476 1731 5543">
    <p class='ocr_par' dir='ltr' id='par_1_59' title="bbox 213 5476 1731 5543">
     <span class='ocr_line' id='line_1_59' title="bbox 213 5476 1731 5543; baseline 0.005 -12"><span class='ocrx_word' id='word_1_473' title='bbox 213 5476 384 5543; x_wconf 64' lang='lat' dir='ltr'><strong>Prqbqtis</strong></span> <span class='ocrx_word' id='word_1_474' title='bbox 404 5484 647 5536; x_wconf 70' lang='lat' dir='ltr'><strong>aulicorum</strong></span> <span class='ocrx_word' id='word_1_475' title='bbox 668 5486 893 5537; x_wconf 76' lang='lat' dir='ltr'><strong>cordibus</strong></span> <span class='ocrx_word' id='word_1_476' title='bbox 916 5476 1154 5538; x_wconf 66' lang='lat' dir='ltr'><strong>ciedimus</strong></span> <span class='ocrx_word' id='word_1_477' title='bbox 1170 5486 1194 5537; x_wconf 86' lang='lat'><strong>?</strong></span> <span class='ocrx_word' id='word_1_478' title='bbox 1212 5494 1257 5536; x_wconf 88' lang='lat' dir='ltr'><strong>ct</strong></span> <span class='ocrx_word' id='word_1_479' title='bbox 1274 5500 1382 5537; x_wconf 87' lang='lat' dir='ltr'><strong>cum</strong></span> <span class='ocrx_word' id='word_1_480' title='bbox 1408 5502 1465 5538; x_wconf 90' lang='lat' dir='ltr'><strong>ea</strong></span> <span class='ocrx_word' id='word_1_481' title='bbox 1486 5490 1623 5539; x_wconf 77' lang='lat' dir='ltr'><strong>atatis</strong></span> <span class='ocrx_word' id='word_1_482' title='bbox 1645 5502 1731 5539; x_wconf 85' lang='lat' dir='ltr'><strong>n0-</strong></span> 
     </span>
    </p>
   </div>
   <div class='ocr_carea' id='block_1_60' title="bbox 212 5539 1729 5612">
    <p class='ocr_par' dir='ltr' id='par_1_60' title="bbox 212 5539 1729 5612">
     <span class='ocr_line' id='line_1_60' title="bbox 212 5539 1729 5612; baseline 0.009 -24"><span class='ocrx_word' id='word_1_483' title='bbox 212 5539 305 5612; x_wconf 53' lang='grc' dir='ltr'><strong>ξινξξ</strong></span> <span class='ocrx_word' id='word_1_484' title='bbox 318 5539 422 5591; x_wconf 83' lang='lat' dir='ltr'><strong>bona</strong></span> <span class='ocrx_word' id='word_1_485' title='bbox 442 5546 798 5612; x_wconf 77' lang='lat' dir='ltr'><strong>probaverimus,</strong></span> <span class='ocrx_word' id='word_1_486' title='bbox 833 5549 973 5598; x_wconf 82' lang='lat' dir='ltr'><strong>etiam</strong></span> <span class='ocrx_word' id='word_1_487' title='bbox 991 5555 1099 5612; x_wconf 73' lang='lat' dir='ltr'><strong>huic</strong></span> <span class='ocrx_word' id='word_1_488' title='bbox 1120 5561 1285 5612; x_wconf 68' lang='lat' dir='ltr'><strong>eorum</strong></span> <span class='ocrx_word' id='word_1_489' title='bbox 1306 5563 1421 5612; x_wconf 84' lang='lat' dir='ltr'><strong>erga</strong></span> <span class='ocrx_word' id='word_1_490' title='bbox 1434 5563 1518 5600; x_wconf 85' lang='lat' dir='ltr'><strong>uos</strong></span> <span class='ocrx_word' id='word_1_491' title='bbox 1535 5550 1729 5601; x_wconf 84' lang='lat' dir='ltr'><strong>benevo-</strong></span> 
     </span>
    </p>
   </div>
   <div class='ocr_carea' id='block_1_61' title="bbox 344 5606 1390 5674">
    <p class='ocr_par' dir='ltr' id='par_1_61' title="bbox 344 5606 1390 5674">
     <span class='ocr_line' id='line_1_61' title="bbox 344 5606 1390 5674; baseline 0.008 -24"><span class='ocrx_word' id='word_1_492' title='bbox 344 5616 372 5674; x_wconf 63' lang='grc' dir='ltr'><strong>ιε</strong></span> <span class='ocrx_word' id='word_1_493' title='bbox 398 5606 619 5674; x_wconf 74' lang='lat' dir='ltr'><strong>credimus</strong></span> <span class='ocrx_word' id='word_1_494' title='bbox 664 5606 845 5674; x_wconf 71' lang='lat' dir='ltr'><strong>potius,</strong></span> <span class='ocrx_word' id='word_1_495' title='bbox 854 5623 999 5674; x_wconf 77' lang='lat' dir='ltr'><strong>quam</strong></span> <span class='ocrx_word' id='word_1_496' title='bbox 1020 5609 1273 5660; x_wconf 51' lang='lat' dir='ltr'><strong>addemus?</strong></span> <span class='ocrx_word' id='word_1_497' title='bbox 1334 5606 1390 5659; x_wconf 66' lang='grc' dir='ltr'><strong>δί.</strong></span> 
     </span>
    </p>
   </div>
   <div class='ocr_carea' id='block_1_62' title="bbox 263 5660 1009 5730">
    <p class='ocr_par' dir='ltr' id='par_1_62' title="bbox 263 5660 1009 5730">
     <span class='ocr_line' id='line_1_62' title="bbox 263 5660 1009 5730; baseline 0.013 -21"><span class='ocrx_word' id='word_1_498' title='bbox 263 5660 434 5730; x_wconf 59' lang='grc' dir='ltr'><strong>ξφόρι</strong></span> <span class='ocrx_word' id='word_1_499' title='bbox 454 5660 704 5730; x_wconf 69' lang='lat' dir='ltr'><strong>\‘atiamus,</strong></span> <span class='ocrx_word' id='word_1_500' title='bbox 728 5660 1009 5720; x_wconf 61' lang='lat' dir='ltr'><strong>credituros.</strong></span> 
     </span>
    </p>
   </div>
   <div class='ocr_carea' id='block_1_63' title="bbox 265 5719 1687 5794">
    <p class='ocr_par' dir='ltr' id='par_1_63' title="bbox 265 5719 1687 5794">
     <span class='ocr_line' id='line_1_63' title="bbox 265 5719 1687 5794; baseline 0.008 -22"><span class='ocrx_word' id='word_1_501' title='bbox 265 5719 282 5749; x_wconf 84' lang='grc'>³</span> <span class='ocrx_word' id='word_1_502' title='bbox 302 5722 447 5775; x_wconf 82' lang='lat' dir='ltr'><strong>Plures</strong></span> <span class='ocrx_word' id='word_1_503' title='bbox 465 5735 580 5794; x_wconf 74' lang='lat' dir='ltr'><strong>Mss,</strong></span> <span class='ocrx_word' id='word_1_504' title='bbox 606 5719 721 5783; x_wconf 66' lang='lat' dir='ltr'><strong>dum</strong></span> <span class='ocrx_word' id='word_1_505' title='bbox 745 5719 1069 5784; x_wconf 72' lang='lat' dir='ltr'><strong>benevolentia:</strong></span> <span class='ocrx_word' id='word_1_506' title='bbox 1089 5744 1181 5781; x_wconf 79' lang='lat' dir='ltr'><strong>non</strong></span> <span class='ocrx_word' id='word_1_507' title='bbox 1215 5730 1437 5783; x_wconf 77' lang='lat' dir='ltr'><strong>redditur</strong></span> <span class='ocrx_word' id='word_1_508' title='bbox 1462 5732 1687 5785; x_wconf 83' lang='lat' dir='ltr'><strong>debitum.</strong></span> 
     </span>
    </p>
   </div>
   <div class='ocr_carea' id='block_1_64' title="bbox 3322 312 3420 365">
    <p class='ocr_par' dir='ltr' id='par_1_64' title="bbox 3322 312 3420 365">
     <span class='ocr_line' id='line_1_64' title="bbox 3322 312 3420 365; baseline 0.02 -2"><span class='ocrx_word' id='word_1_509' title='bbox 3322 312 3420 365; x_wconf 71' lang='grc' dir='ltr'><strong>1η</strong></span> 
     </span>
    </p>
   </div>
   <div class='ocr_carea' id='block_1_65' title="bbox 1864 396 3438 489">
    <p class='ocr_par' dir='ltr' id='par_1_65' title="bbox 1864 396 3438 489">
     <span class='ocr_line' id='line_1_65' title="bbox 1864 396 3438 489; baseline 0.022 -43"><span class='ocrx_word' id='word_1_510' title='bbox 1864 408 1990 448; x_wconf 90' lang='lat' dir='ltr'><strong>num</strong></span> <span class='ocrx_word' id='word_1_511' title='bbox 2032 396 2360 468; x_wconf 88' lang='lat' dir='ltr'><strong>voluntates,</strong></span> <span class='ocrx_word' id='word_1_512' title='bbox 2393 419 2523 473; x_wconf 85' lang='lat' dir='ltr'><strong>quas</strong></span> <span class='ocrx_word' id='word_1_513' title='bbox 2555 408 2734 478; x_wconf 88' lang='lat' dir='ltr'><strong>utique</strong></span> <span class='ocrx_word' id='word_1_514' title='bbox 2778 413 2954 470; x_wconf 88' lang='lat' dir='ltr'><strong>videre</strong></span> <span class='ocrx_word' id='word_1_515' title='bbox 2992 432 3094 471; x_wconf 93' lang='lat' dir='ltr'><strong>non</strong></span> <span class='ocrx_word' id='word_1_516' title='bbox 3136 435 3438 489; x_wconf 84' lang='lat' dir='ltr'><strong>possumus.</strong></span> 
     </span>
    </p>
   </div>
   <div class='ocr_carea' id='block_1_66' title="bbox 1862 481 3435 582">
    <p class='ocr_par' dir='ltr' id='par_1_66' title="bbox 1862 481 3435 582">
     <span class='ocr_line' id='line_1_66' title="bbox 1862 481 3435 582; baseline 0.021 -44"><span class='ocrx_word' id='word_1_517' title='bbox 1862 481 2060 542; x_wconf 90' lang='lat' dir='ltr'><strong>Omitto</strong></span> <span class='ocrx_word' id='word_1_518' title='bbox 2088 488 2264 546; x_wconf 89' lang='lat' dir='ltr'><strong>dicere</strong></span> <span class='ocrx_word' id='word_1_519' title='bbox 2289 509 2444 562; x_wconf 85' lang='lat' dir='ltr'><strong>quam</strong></span> <span class='ocrx_word' id='word_1_520' title='bbox 2473 498 2636 552; x_wconf 91' lang='lat' dir='ltr'><strong>multa</strong></span> <span class='ocrx_word' id='word_1_521' title='bbox 2659 500 2765 567; x_wconf 90' lang='lat' dir='ltr'><strong>isti,</strong></span> <span class='ocrx_word' id='word_1_522' title='bbox 2795 504 2882 572; x_wconf 90' lang='lat' dir='ltr'><strong>qui</strong></span> <span class='ocrx_word' id='word_1_523' title='bbox 2905 521 3001 561; x_wconf 90' lang='lat' dir='ltr'><strong>nos</strong></span> <span class='ocrx_word' id='word_1_524' title='bbox 3025 481 3435 582; x_wconf 63' lang='lat' dir='ltr'><strong>reprehendunt,</strong></span> 
     </span>
    </p>
   </div>
   <div class='ocr_carea' id='block_1_67' title="bbox 1863 576 3439 663">
    <p class='ocr_par' dir='ltr' id='par_1_67' title="bbox 1863 576 3439 663">
     <span class='ocr_line' id='line_1_67' title="bbox 1863 576 3439 663; baseline 0.023 -36"><span class='ocrx_word' id='word_1_525' title='bbox 1863 576 1985 643; x_wconf 90' lang='lat' dir='ltr'><strong>quia</strong></span> <span class='ocrx_word' id='word_1_526' title='bbox 2026 579 2291 637; x_wconf 87' lang='lat' dir='ltr'><strong>credimus</strong></span> <span class='ocrx_word' id='word_1_527' title='bbox 2324 599 2443 654; x_wconf 86' lang='lat' dir='ltr'><strong>quae</strong></span> <span class='ocrx_word' id='word_1_528' title='bbox 2484 604 2589 642; x_wconf 93' lang='lat' dir='ltr'><strong>non</strong></span> <span class='ocrx_word' id='word_1_529' title='bbox 2628 591 2888 662; x_wconf 71' lang='lat' dir='ltr'><strong>videmus,</strong></span> <span class='ocrx_word' id='word_1_530' title='bbox 2935 598 3151 655; x_wconf 88' lang='lat' dir='ltr'><strong>credant</strong></span> <span class='ocrx_word' id='word_1_531' title='bbox 3180 601 3334 660; x_wconf 75' lang='lat' dir='ltr'><strong>fama:</strong></span> <span class='ocrx_word' id='word_1_532' title='bbox 3383 619 3439 663; x_wconf 89' lang='lat' dir='ltr'><strong>et</strong></span> 
     </span>
    </p>
   </div>
   <div class='ocr_carea' id='block_1_68' title="bbox 1864 665 3436 761">
    <p class='ocr_par' dir='ltr' id='par_1_68' title="bbox 1864 665 3436 761">
     <span class='ocr_line' id='line_1_68' title="bbox 1864 665 3436 761; baseline 0.021 -42"><span class='ocrx_word' id='word_1_533' title='bbox 1864 665 2118 737; x_wconf 83' lang='lat' dir='ltr'><strong>historiae,</strong></span> <span class='ocrx_word' id='word_1_534' title='bbox 2144 674 2226 728; x_wconf 88' lang='lat' dir='ltr'><strong>vel</strong></span> <span class='ocrx_word' id='word_1_535' title='bbox 2246 674 2312 730; x_wconf 88' lang='lat' dir='ltr'><strong>de</strong></span> <span class='ocrx_word' id='word_1_536' title='bbox 2334 677 2462 732; x_wconf 90' lang='lat' dir='ltr'><strong>locis</strong></span> <span class='ocrx_word' id='word_1_537' title='bbox 2489 680 2574 734; x_wconf 93' lang='lat' dir='ltr'><strong>ubi</strong></span> <span class='ocrx_word' id='word_1_538' title='bbox 2599 682 2695 751; x_wconf 88' lang='lat' dir='ltr'><strong>ipsi</strong></span> <span class='ocrx_word' id='word_1_539' title='bbox 2718 700 2820 738; x_wconf 90' lang='lat' dir='ltr'><strong>non</strong></span> <span class='ocrx_word' id='word_1_540' title='bbox 2851 685 3094 756; x_wconf 87' lang='lat' dir='ltr'><strong>fuerunt;</strong></span> <span class='ocrx_word' id='word_1_541' title='bbox 3122 707 3218 747; x_wconf 92' lang='lat' dir='ltr'><strong>nec</strong></span> <span class='ocrx_word' id='word_1_542' title='bbox 3238 694 3436 761; x_wconf 89' lang='lat' dir='ltr'><strong>dicant,</strong></span> 
     </span>
    </p>
   </div>
   <div class='ocr_carea' id='block_1_69' title="bbox 1862 756 3439 847">
    <p class='ocr_par' dir='ltr' id='par_1_69' title="bbox 1862 756 3439 847">
     <span class='ocr_line' id='line_1_69' title="bbox 1862 756 3439 847; baseline 0.02 -35"><span class='ocrx_word' id='word_1_543' title='bbox 1862 756 1977 813; x_wconf 91' lang='lat' dir='ltr'><strong>Non</strong></span> <span class='ocrx_word' id='word_1_544' title='bbox 2008 763 2292 833; x_wconf 89' lang='lat' dir='ltr'><strong>credimus,</strong></span> <span class='ocrx_word' id='word_1_545' title='bbox 2339 770 2459 838; x_wconf 87' lang='lat' dir='ltr'><strong>quia</strong></span> <span class='ocrx_word' id='word_1_546' title='bbox 2503 787 2607 827; x_wconf 88' lang='lat' dir='ltr'><strong>non</strong></span> <span class='ocrx_word' id='word_1_547' title='bbox 2648 775 2893 832; x_wconf 87' lang='lat' dir='ltr'><strong>vidimus.</strong></span> <span class='ocrx_word' id='word_1_548' title='bbox 2942 780 3201 847; x_wconf 90' lang='lat' dir='ltr'><strong>Quoniam</strong></span> <span class='ocrx_word' id='word_1_549' title='bbox 3247 787 3292 840; x_wconf 92' lang='lat' dir='ltr'><strong>si</strong></span> <span class='ocrx_word' id='word_1_550' title='bbox 3338 789 3439 844; x_wconf 92' lang='lat' dir='ltr'><strong>hoc</strong></span> 
     </span>
    </p>
   </div>
   <div class='ocr_carea' id='block_1_70' title="bbox 1861 847 3439 943">
    <p class='ocr_par' dir='ltr' id='par_1_70' title="bbox 1861 847 3439 943">
     <span class='ocr_line' id='line_1_70' title="bbox 1861 847 3439 943; baseline 0.02 -42"><span class='ocrx_word' id='word_1_551' title='bbox 1861 847 2073 919; x_wconf 87' lang='lat' dir='ltr'><strong>dicant,</strong></span> <span class='ocrx_word' id='word_1_552' title='bbox 2122 866 2384 925; x_wconf 82' lang='lat' dir='ltr'><strong>coguntur</strong></span> <span class='ocrx_word' id='word_1_553' title='bbox 2427 859 2575 915; x_wconf 85' lang='lat' dir='ltr'><strong>fateri</strong></span> <span class='ocrx_word' id='word_1_554' title='bbox 2625 864 2857 921; x_wconf 90' lang='lat' dir='ltr'><strong>incertos</strong></span> <span class='ocrx_word' id='word_1_555' title='bbox 2894 869 2995 924; x_wconf 91' lang='lat' dir='ltr'><strong>sibi</strong></span> <span class='ocrx_word' id='word_1_556' title='bbox 3032 886 3151 927; x_wconf 87' lang='lat' dir='ltr'><strong>esse</strong></span> <span class='ocrx_word' id='word_1_557' title='bbox 3193 888 3439 943; x_wconf 90' lang='lat' dir='ltr'><strong>parentes</strong></span> 
     </span>
    </p>
   </div>
   <div class='ocr_carea' id='block_1_71' title="bbox 1861 949 3437 1040">
    <p class='ocr_par' dir='ltr' id='par_1_71' title="bbox 1861 949 3437 1040">
     <span class='ocr_line' id='line_1_71' title="bbox 1861 949 3437 1040; baseline 0.019 -44"><span class='ocrx_word' id='word_1_558' title='bbox 1861 956 1988 998; x_wconf 89' lang='lat' dir='ltr'><strong>suos</strong></span> <span class='ocrx_word' id='word_1_559' title='bbox 2012 963 2023 998; x_wconf 94' lang='lat'>:</span> <span class='ocrx_word' id='word_1_560' title='bbox 2057 949 2177 1016; x_wconf 90' lang='lat' dir='ltr'><strong>quia</strong></span> <span class='ocrx_word' id='word_1_561' title='bbox 2203 960 2257 1005; x_wconf 91' lang='lat' dir='ltr'><strong>et</strong></span> <span class='ocrx_word' id='word_1_562' title='bbox 2284 952 2406 1007; x_wconf 92' lang='lat' dir='ltr'><strong>hinc</strong></span> <span class='ocrx_word' id='word_1_563' title='bbox 2433 955 2549 1010; x_wconf 88' lang='lat' dir='ltr'><strong>aliis</strong></span> <span class='ocrx_word' id='word_1_564' title='bbox 2582 961 2953 1031; x_wconf 89' lang='lat' dir='ltr'><strong>narrantibus,</strong></span> <span class='ocrx_word' id='word_1_565' title='bbox 2982 980 3084 1021; x_wconf 91' lang='lat' dir='ltr'><strong>nec</strong></span> <span class='ocrx_word' id='word_1_566' title='bbox 3111 976 3285 1023; x_wconf 89' lang='lat' dir='ltr'><strong>tamen</strong></span> <span class='ocrx_word' id='word_1_567' title='bbox 3315 973 3437 1040; x_wconf 88' lang='lat' dir='ltr'><strong>quia</strong></span> 
     </span>
    </p>
   </div>
   <div class='ocr_carea' id='block_1_72' title="bbox 1855 1033 3438 1121">
    <p class='ocr_par' dir='ltr' id='par_1_72' title="bbox 1855 1033 3438 1121">
     <span class='ocr_line' id='line_1_72' title="bbox 1855 1033 3438 1121; baseline 0.02 -36"><span class='ocrx_word' id='word_1_568' title='bbox 1855 1033 1966 1101; x_wconf 89' lang='lat' dir='ltr'><strong>jam</strong></span> <span class='ocrx_word' id='word_1_569' title='bbox 1997 1040 2319 1105; x_wconf 74' lang='lat' dir='ltr'><strong>pra-teritum</strong></span> <span class='ocrx_word' id='word_1_570' title='bbox 2348 1053 2426 1097; x_wconf 89' lang='lat' dir='ltr'><strong>est</strong></span> <span class='ocrx_word' id='word_1_571' title='bbox 2458 1044 2509 1098; x_wconf 91' lang='lat' dir='ltr'><strong>id</strong></span> <span class='ocrx_word' id='word_1_572' title='bbox 2539 1049 2820 1105; x_wconf 88' lang='lat' dir='ltr'><strong>ostendere</strong></span> <span class='ocrx_word' id='word_1_573' title='bbox 2848 1052 3166 1121; x_wconf 87' lang='lat' dir='ltr'><strong>valentibus,</strong></span> <span class='ocrx_word' id='word_1_574' title='bbox 3194 1033 3438 1116; x_wconf 78' lang='lat' dir='ltr'><strong>credide-</strong></span> 
     </span>
    </p>
   </div>
   <div class='ocr_carea' id='block_1_73' title="bbox 1860 1130 3441 1217">
    <p class='ocr_par' dir='ltr' id='par_1_73' title="bbox 1860 1130 3441 1217">
     <span class='ocr_line' id='line_1_73' title="bbox 1860 1130 3441 1217; baseline 0.018 -39"><span class='ocrx_word' id='word_1_575' title='bbox 1860 1134 2016 1193; x_wconf 90' lang='lat' dir='ltr'><strong>runt,</strong></span> <span class='ocrx_word' id='word_1_576' title='bbox 2058 1130 2258 1184; x_wconf 87' lang='lat' dir='ltr'><strong>nullum</strong></span> <span class='ocrx_word' id='word_1_577' title='bbox 2298 1134 2590 1191; x_wconf 90' lang='lat' dir='ltr'><strong>retinentes</strong></span> <span class='ocrx_word' id='word_1_578' title='bbox 2632 1137 2773 1193; x_wconf 91' lang='lat' dir='ltr'><strong>illius</strong></span> <span class='ocrx_word' id='word_1_579' title='bbox 2824 1146 3078 1212; x_wconf 90' lang='lat' dir='ltr'><strong>temporis</strong></span> <span class='ocrx_word' id='word_1_580' title='bbox 3121 1162 3354 1217; x_wconf 88' lang='lat' dir='ltr'><strong>sensum,</strong></span> <span class='ocrx_word' id='word_1_581' title='bbox 3386 1164 3441 1208; x_wconf 91' lang='lat' dir='ltr'><strong>et</strong></span> 
     </span>
    </p>
   </div>
   <div class='ocr_carea' id='block_1_74' title="bbox 1862 1219 3437 1296">
    <p class='ocr_par' dir='ltr' id='par_1_74' title="bbox 1862 1219 3437 1296">
     <span class='ocr_line' id='line_1_74' title="bbox 1862 1219 3437 1296; baseline 0.017 -26"><span class='ocrx_word' id='word_1_582' title='bbox 1862 1224 2036 1271; x_wconf 91' lang='lat' dir='ltr'><strong>tamen</strong></span> <span class='ocrx_word' id='word_1_583' title='bbox 2064 1219 2185 1275; x_wconf 90' lang='lat' dir='ltr'><strong>aliis</strong></span> <span class='ocrx_word' id='word_1_584' title='bbox 2212 1221 2335 1277; x_wconf 91' lang='lat' dir='ltr'><strong>inde</strong></span> <span class='ocrx_word' id='word_1_585' title='bbox 2355 1223 2689 1293; x_wconf 88' lang='lat' dir='ltr'><strong>loquentibus</strong></span> <span class='ocrx_word' id='word_1_586' title='bbox 2715 1230 3025 1288; x_wconf 90' lang='lat' dir='ltr'><strong>adhibentes</strong></span> <span class='ocrx_word' id='word_1_587' title='bbox 3054 1236 3171 1291; x_wconf 90' lang='lat' dir='ltr'><strong>sine</strong></span> <span class='ocrx_word' id='word_1_588' title='bbox 3202 1240 3305 1294; x_wconf 90' lang='lat' dir='ltr'><strong>ulla</strong></span> <span class='ocrx_word' id='word_1_589' title='bbox 3335 1241 3437 1296; x_wconf 85' lang='lat' dir='ltr'><strong>du-</strong></span> 
     </span>
    </p>
   </div>
   <div class='ocr_carea' id='block_1_75' title="bbox 1858 1306 3440 1388">
    <p class='ocr_par' dir='ltr' id='par_1_75' title="bbox 1858 1306 3440 1388">
     <span class='ocr_line' id='line_1_75' title="bbox 1858 1306 3440 1388; baseline 0.017 -28"><span class='ocrx_word' id='word_1_590' title='bbox 1858 1306 2113 1364; x_wconf 89' lang='lat' dir='ltr'><strong>hitatione</strong></span> <span class='ocrx_word' id='word_1_591' title='bbox 2152 1326 2504 1380; x_wconf 89' lang='lat' dir='ltr'><strong>consensum;</strong></span> <span class='ocrx_word' id='word_1_592' title='bbox 2538 1319 2677 1386; x_wconf 92' lang='lat' dir='ltr'><strong>quod</strong></span> <span class='ocrx_word' id='word_1_593' title='bbox 2706 1321 2808 1375; x_wconf 90' lang='lat' dir='ltr'><strong>nisi</strong></span> <span class='ocrx_word' id='word_1_594' title='bbox 2845 1320 2961 1388; x_wconf 82' lang='lat' dir='ltr'><strong>fiat,</strong></span> <span class='ocrx_word' id='word_1_595' title='bbox 3005 1325 3307 1384; x_wconf 90' lang='lat' dir='ltr'><strong>incurratur</strong></span> <span class='ocrx_word' id='word_1_596' title='bbox 3345 1347 3440 1387; x_wconf 84' lang='lat' dir='ltr'><strong>ne-</strong></span> 
     </span>
    </p>
   </div>
   <div class='ocr_carea' id='block_1_76' title="bbox 1858 1401 3435 1487">
    <p class='ocr_par' dir='ltr' id='par_1_76' title="bbox 1858 1401 3435 1487">
     <span class='ocr_line' id='line_1_76' title="bbox 1858 1401 3435 1487; baseline 0.016 -36"><span class='ocrx_word' id='word_1_597' title='bbox 1858 1411 2008 1453; x_wconf 90' lang='lat' dir='ltr'><strong>cesse</strong></span> <span class='ocrx_word' id='word_1_598' title='bbox 2040 1410 2124 1455; x_wconf 86' lang='lat' dir='ltr'><strong>est</strong></span> <span class='ocrx_word' id='word_1_599' title='bbox 2163 1401 2419 1459; x_wconf 89' lang='lat' dir='ltr'><strong>adversus</strong></span> <span class='ocrx_word' id='word_1_600' title='bbox 2450 1417 2694 1474; x_wconf 86' lang='lat' dir='ltr'><strong>parentes</strong></span> <span class='ocrx_word' id='word_1_601' title='bbox 2732 1410 2962 1468; x_wconf 87' lang='lat' dir='ltr'><strong>infidelis</strong></span> <span class='ocrx_word' id='word_1_602' title='bbox 3005 1414 3277 1487; x_wconf 89' lang='lat' dir='ltr'><strong>impietas,</strong></span> <span class='ocrx_word' id='word_1_603' title='bbox 3308 1421 3435 1475; x_wconf 89' lang='lat' dir='ltr'><strong>dum</strong></span> 
     </span>
    </p>
   </div>
   <div class='ocr_carea' id='block_1_77' title="bbox 1858 1490 3435 1575">
    <p class='ocr_par' dir='ltr' id='par_1_77' title="bbox 1858 1490 3435 1575">
     <span class='ocr_line' id='line_1_77' title="bbox 1858 1490 3435 1575; baseline 0.018 -35"><span class='ocrx_word' id='word_1_604' title='bbox 1858 1490 2007 1559; x_wconf 86' lang='lat' dir='ltr'><strong>quasi</strong></span> <span class='ocrx_word' id='word_1_605' title='bbox 2028 1492 2221 1546; x_wconf 86' lang='lat' dir='ltr'><strong>vitatur</strong></span> <span class='ocrx_word' id='word_1_606' title='bbox 2240 1494 2292 1547; x_wconf 91' lang='lat' dir='ltr'><strong>in</strong></span> <span class='ocrx_word' id='word_1_607' title='bbox 2317 1494 2397 1550; x_wconf 90' lang='lat' dir='ltr'><strong>his</strong></span> <span class='ocrx_word' id='word_1_608' title='bbox 2415 1512 2530 1566; x_wconf 68' lang='lat' dir='ltr'><strong>qua:</strong></span> <span class='ocrx_word' id='word_1_609' title='bbox 2554 1499 2732 1557; x_wconf 90' lang='lat' dir='ltr'><strong>videre</strong></span> <span class='ocrx_word' id='word_1_610' title='bbox 2752 1518 2857 1557; x_wconf 91' lang='lat' dir='ltr'><strong>non</strong></span> <span class='ocrx_word' id='word_1_611' title='bbox 2879 1519 3159 1575; x_wconf 88' lang='lat' dir='ltr'><strong>possumus</strong></span> <span class='ocrx_word' id='word_1_612' title='bbox 3178 1511 3435 1569; x_wconf 86' lang='lat' dir='ltr'><strong>credendi</strong></span> 
     </span>
    </p>
   </div>
   <div class='ocr_carea' id='block_1_78' title="bbox 1860 1580 2263 1636">
    <p class='ocr_par' dir='ltr' id='par_1_78' title="bbox 1860 1580 2263 1636">
     <span class='ocr_line' id='line_1_78' title="bbox 1860 1580 2263 1636; baseline 0.015 -4"><span class='ocrx_word' id='word_1_613' title='bbox 1860 1580 2147 1636; x_wconf 89' lang='lat' dir='ltr'><strong>temeritas.</strong></span> <span class='ocrx_word' id='word_1_614' title='bbox 2234 1598 2263 1630; x_wconf 66' lang='grc' dir='ltr'><strong>κ</strong></span> 
     </span>
    </p>
   </div>
   <div class='ocr_carea' id='block_1_79' title="bbox 1929 1670 3436 1759">
    <p class='ocr_par' dir='ltr' id='par_1_79' title="bbox 1929 1670 3436 1759">
     <span class='ocr_line' id='line_1_79' title="bbox 1929 1670 3436 1759; baseline 0.017 -35"><span class='ocrx_word' id='word_1_615' title='bbox 1929 1670 2157 1728; x_wconf 83' lang='lat' dir='ltr'><strong>CAPUT</strong></span> <span class='ocrx_word' id='word_1_616' title='bbox 2196 1673 2280 1728; x_wconf 86' lang='lat' dir='ltr'><strong>Ill.</strong></span> <span class='ocrx_word' id='word_1_617' title='bbox 2302 1706 2373 1715; x_wconf 92' lang='lat'><strong>—</strong></span> <span class='ocrx_word' id='word_1_618' title='bbox 2393 1676 2596 1733; x_wconf 83' lang='lat' dir='ltr'><strong>Indicia</strong></span> <span class='ocrx_word' id='word_1_619' title='bbox 2619 1698 2733 1752; x_wconf 75' lang='lat' dir='ltr'><strong>qua:</strong></span> <span class='ocrx_word' id='word_1_620' title='bbox 2761 1686 3061 1755; x_wconf 77' lang='lat' dir='ltr'><strong>conﬁrmant</strong></span> <span class='ocrx_word' id='word_1_621' title='bbox 3087 1690 3260 1759; x_wconf 79' lang='lat' dir='ltr'><strong>ﬁdem.</strong></span> <span class='ocrx_word' id='word_1_622' title='bbox 3302 1692 3436 1749; x_wconf 89' lang='lat' dir='ltr'><strong>Pro-</strong></span> 
     </span>
    </p>
   </div>
   <div class='ocr_carea' id='block_1_80' title="bbox 1859 1759 3436 1843">
    <p class='ocr_par' dir='ltr' id='par_1_80' title="bbox 1859 1759 3436 1843">
     <span class='ocr_line' id='line_1_80' title="bbox 1859 1759 3436 1843; baseline 0.019 -33"><span class='ocrx_word' id='word_1_623' title='bbox 1859 1759 2042 1827; x_wconf 73' lang='lat' dir='ltr'><strong>plietia:</strong></span> <span class='ocrx_word' id='word_1_624' title='bbox 2071 1760 2134 1815; x_wconf 88' lang='lat' dir='ltr'><strong>de</strong></span> <span class='ocrx_word' id='word_1_625' title='bbox 2160 1760 2389 1818; x_wconf 75' lang='lat' dir='ltr'><strong>Ecclesia</strong></span> <span class='ocrx_word' id='word_1_626' title='bbox 2435 1768 2672 1838; x_wconf 74' lang='lat' dir='ltr'><strong>impletae.</strong></span> <span class='ocrx_word' id='word_1_627' title='bbox 2723 1770 2780 1826; x_wconf 91' lang='lat' dir='ltr'><strong>Si</strong></span> <span class='ocrx_word' id='word_1_628' title='bbox 2812 1788 2938 1843; x_wconf 84' lang='lat' dir='ltr'><strong>ergo</strong></span> <span class='ocrx_word' id='word_1_629' title='bbox 2964 1791 3068 1831; x_wconf 91' lang='lat' dir='ltr'><strong>non</strong></span> <span class='ocrx_word' id='word_1_630' title='bbox 3095 1781 3436 1840; x_wconf 88' lang='lat' dir='ltr'><strong>credentibus</strong></span> 
     </span>
    </p>
   </div>
   <div class='ocr_carea' id='block_1_81' title="bbox 1858 1849 3434 1934">
    <p class='ocr_par' dir='ltr' id='par_1_81' title="bbox 1858 1849 3434 1934">
     <span class='ocr_line' id='line_1_81' title="bbox 1858 1849 3434 1934; baseline 0.017 -32"><span class='ocrx_word' id='word_1_631' title='bbox 1858 1849 2011 1905; x_wconf 92' lang='lat' dir='ltr'><strong>nobis</strong></span> <span class='ocrx_word' id='word_1_632' title='bbox 2038 1868 2158 1920; x_wconf 64' lang='lat' dir='ltr'><strong>qua:</strong></span> <span class='ocrx_word' id='word_1_633' title='bbox 2181 1853 2360 1910; x_wconf 89' lang='lat' dir='ltr'><strong>videre</strong></span> <span class='ocrx_word' id='word_1_634' title='bbox 2385 1872 2490 1911; x_wconf 91' lang='lat' dir='ltr'><strong>non</strong></span> <span class='ocrx_word' id='word_1_635' title='bbox 2531 1875 2832 1928; x_wconf 89' lang='lat' dir='ltr'><strong>possumus,</strong></span> <span class='ocrx_word' id='word_1_636' title='bbox 2859 1866 2971 1934; x_wconf 91' lang='lat' dir='ltr'><strong>ipsa</strong></span> <span class='ocrx_word' id='word_1_637' title='bbox 3002 1867 3233 1925; x_wconf 88' lang='lat' dir='ltr'><strong>humana</strong></span> <span class='ocrx_word' id='word_1_638' title='bbox 3259 1875 3434 1929; x_wconf 89' lang='lat' dir='ltr'><strong>socie-</strong></span> 
     </span>
    </p>
   </div>
   <div class='ocr_carea' id='block_1_82' title="bbox 1860 1944 3437 2034">
    <p class='ocr_par' dir='ltr' id='par_1_82' title="bbox 1860 1944 3437 2034">
     <span class='ocr_line' id='line_1_82' title="bbox 1860 1944 3437 2034; baseline 0.016 -41"><span class='ocrx_word' id='word_1_639' title='bbox 1860 1948 1960 2006; x_wconf 89' lang='lat' dir='ltr'><strong>tas,</strong></span> <span class='ocrx_word' id='word_1_640' title='bbox 2001 1944 2285 1998; x_wconf 90' lang='lat' dir='ltr'><strong>concordia</strong></span> <span class='ocrx_word' id='word_1_641' title='bbox 2326 1958 2604 2015; x_wconf 88' lang='lat' dir='ltr'><strong>pereunte,</strong></span> <span class='ocrx_word' id='word_1_642' title='bbox 2650 1967 2755 2006; x_wconf 90' lang='lat' dir='ltr'><strong>non</strong></span> <span class='ocrx_word' id='word_1_643' title='bbox 2795 1954 2956 2010; x_wconf 87' lang='lat' dir='ltr'><strong>stabit</strong></span> <span class='ocrx_word' id='word_1_644' title='bbox 2987 1975 3000 2010; x_wconf 91' lang='lat'>:</span> <span class='ocrx_word' id='word_1_645' title='bbox 3031 1969 3230 2027; x_wconf 88' lang='lat' dir='ltr'><strong>quanto</strong></span> <span class='ocrx_word' id='word_1_646' title='bbox 3268 1966 3437 2034; x_wconf 89' lang='lat' dir='ltr'><strong>magis</strong></span> 
     </span>
    </p>
   </div>
   <div class='ocr_carea' id='block_1_83' title="bbox 1856 2034 3431 2117">
    <p class='ocr_par' dir='ltr' id='par_1_83' title="bbox 1856 2034 3431 2117">
     <span class='ocr_line' id='line_1_83' title="bbox 1856 2034 3431 2117; baseline 0.016 -32"><span class='ocrx_word' id='word_1_647' title='bbox 1856 2042 1939 2086; x_wconf 91' lang='lat' dir='ltr'><strong>est</strong></span> <span class='ocrx_word' id='word_1_648' title='bbox 1980 2034 2145 2102; x_wconf 86' lang='lat' dir='ltr'><strong>fides,</strong></span> <span class='ocrx_word' id='word_1_649' title='bbox 2188 2039 2430 2106; x_wconf 89' lang='lat' dir='ltr'><strong>quamvis</strong></span> <span class='ocrx_word' id='word_1_650' title='bbox 2469 2057 2587 2110; x_wconf 70' lang='lat' dir='ltr'><strong>qua:</strong></span> <span class='ocrx_word' id='word_1_651' title='bbox 2626 2059 2730 2097; x_wconf 91' lang='lat' dir='ltr'><strong>non</strong></span> <span class='ocrx_word' id='word_1_652' title='bbox 2773 2046 3038 2117; x_wconf 85' lang='lat' dir='ltr'><strong>videntur,</strong></span> <span class='ocrx_word' id='word_1_653' title='bbox 3080 2052 3247 2108; x_wconf 89' lang='lat' dir='ltr'><strong>rebus</strong></span> <span class='ocrx_word' id='word_1_654' title='bbox 3283 2055 3431 2110; x_wconf 85' lang='lat' dir='ltr'><strong>adhi-</strong></span> 
     </span>
    </p>
   </div>
   <div class='ocr_carea' id='block_1_84' title="bbox 1858 2124 3435 2207">
    <p class='ocr_par' dir='ltr' id='par_1_84' title="bbox 1858 2124 3435 2207">
     <span class='ocr_line' id='line_1_84' title="bbox 1858 2124 3435 2207; baseline 0.014 -28"><span class='ocrx_word' id='word_1_655' title='bbox 1858 2124 2025 2180; x_wconf 86' lang='lat' dir='ltr'><strong>benda</strong></span> <span class='ocrx_word' id='word_1_656' title='bbox 2066 2127 2297 2191; x_wconf 87' lang='lat' dir='ltr'><strong>divinis;</strong></span> <span class='ocrx_word' id='word_1_657' title='bbox 2336 2147 2453 2201; x_wconf 78' lang='lat' dir='ltr'><strong>qum</strong></span> <span class='ocrx_word' id='word_1_658' title='bbox 2492 2134 2537 2186; x_wconf 88' lang='lat' dir='ltr'><strong>si</strong></span> <span class='ocrx_word' id='word_1_659' title='bbox 2578 2150 2683 2188; x_wconf 93' lang='lat' dir='ltr'><strong>non</strong></span> <span class='ocrx_word' id='word_1_660' title='bbox 2710 2136 3040 2207; x_wconf 86' lang='lat' dir='ltr'><strong>adhibeatur,</strong></span> <span class='ocrx_word' id='word_1_661' title='bbox 3073 2158 3177 2197; x_wconf 90' lang='lat' dir='ltr'><strong>non</strong></span> <span class='ocrx_word' id='word_1_662' title='bbox 3206 2146 3435 2201; x_wconf 87' lang='lat' dir='ltr'><strong>amicitia</strong></span> 
     </span>
    </p>
   </div>
   <div class='ocr_carea' id='block_1_85' title="bbox 1855 2216 3435 2303">
    <p class='ocr_par' dir='ltr' id='par_1_85' title="bbox 1855 2216 3435 2303">
     <span class='ocr_line' id='line_1_85' title="bbox 1855 2216 3435 2303; baseline 0.016 -37"><span class='ocrx_word' id='word_1_663' title='bbox 1855 2216 2211 2283; x_wconf 87' lang='lat' dir='ltr'><strong>quorumlibet</strong></span> <span class='ocrx_word' id='word_1_664' title='bbox 2238 2218 2535 2288; x_wconf 89' lang='lat' dir='ltr'><strong>hominum,</strong></span> <span class='ocrx_word' id='word_1_665' title='bbox 2578 2223 2673 2278; x_wconf 90' lang='lat' dir='ltr'><strong>sed</strong></span> <span class='ocrx_word' id='word_1_666' title='bbox 2712 2225 2824 2294; x_wconf 88' lang='lat' dir='ltr'><strong>ipsa</strong></span> <span class='ocrx_word' id='word_1_667' title='bbox 2867 2242 3072 2283; x_wconf 89' lang='lat' dir='ltr'><strong>summa</strong></span> <span class='ocrx_word' id='word_1_668' title='bbox 3102 2233 3286 2303; x_wconf 83' lang='lat' dir='ltr'><strong>religio</strong></span> <span class='ocrx_word' id='word_1_669' title='bbox 3326 2237 3435 2291; x_wconf 87' lang='lat' dir='ltr'><strong>vio-</strong></span> 
     </span>
    </p>
   </div>
   <div class='ocr_carea' id='block_1_86' title="bbox 1856 2305 3067 2388">
    <p class='ocr_par' dir='ltr' id='par_1_86' title="bbox 1856 2305 3067 2388">
     <span class='ocr_line' id='line_1_86' title="bbox 1856 2305 3067 2388; baseline 0.014 -30"><span class='ocrx_word' id='word_1_670' title='bbox 1856 2305 2018 2371; x_wconf 91' lang='lat' dir='ltr'><strong>latur,</strong></span> <span class='ocrx_word' id='word_1_671' title='bbox 2070 2318 2123 2360; x_wconf 90' lang='lat' dir='ltr'><strong>ut</strong></span> <span class='ocrx_word' id='word_1_672' title='bbox 2165 2322 2371 2363; x_wconf 91' lang='lat' dir='ltr'><strong>summa</strong></span> <span class='ocrx_word' id='word_1_673' title='bbox 2414 2314 2626 2368; x_wconf 90' lang='lat' dir='ltr'><strong>miseria</strong></span> <span class='ocrx_word' id='word_1_674' title='bbox 2666 2322 3067 2388; x_wconf 84' lang='lat' dir='ltr'><strong>consequatur?</strong></span> 
     </span>
    </p>
   </div>
   <div class='ocr_carea' id='block_1_87' title="bbox 1925 2394 3433 2480">
    <p class='ocr_par' dir='ltr' id='par_1_87' title="bbox 1925 2394 3433 2480">
     <span class='ocr_line' id='line_1_87' title="bbox 1925 2394 3433 2480; baseline 0.015 -29"><span class='ocrx_word' id='word_1_675' title='bbox 1925 2395 1979 2451; x_wconf 83' lang='lat'><strong>5.</strong></span> <span class='ocrx_word' id='word_1_676' title='bbox 2008 2394 2112 2451; x_wconf 89' lang='lat' dir='ltr'><strong>Sed</strong></span> <span class='ocrx_word' id='word_1_677' title='bbox 2135 2399 2289 2454; x_wconf 89' lang='lat' dir='ltr'><strong>amici</strong></span> <span class='ocrx_word' id='word_1_678' title='bbox 2321 2400 2570 2469; x_wconf 90' lang='lat' dir='ltr'><strong>hominis,</strong></span> <span class='ocrx_word' id='word_1_679' title='bbox 2598 2404 2823 2475; x_wconf 89' lang='lat' dir='ltr'><strong>inquies,</strong></span> <span class='ocrx_word' id='word_1_680' title='bbox 2852 2424 2976 2480; x_wconf 89' lang='lat' dir='ltr'><strong>erga</strong></span> <span class='ocrx_word' id='word_1_681' title='bbox 2999 2427 3087 2468; x_wconf 91' lang='lat' dir='ltr'><strong>me</strong></span> <span class='ocrx_word' id='word_1_682' title='bbox 3111 2414 3433 2473; x_wconf 87' lang='lat' dir='ltr'><strong>benevolen-</strong></span> 
     </span>
    </p>
   </div>
   <div class='ocr_carea' id='block_1_88' title="bbox 1857 2486 3435 2568">
    <p class='ocr_par' dir='ltr' id='par_1_88' title="bbox 1857 2486 3435 2568">
     <span class='ocr_line' id='line_1_88' title="bbox 1857 2486 3435 2568; baseline 0.016 -29"><span class='ocrx_word' id='word_1_683' title='bbox 1857 2486 1981 2540; x_wconf 88' lang='lat' dir='ltr'><strong>tiam</strong></span> <span class='ocrx_word' id='word_1_684' title='bbox 2025 2502 2326 2560; x_wconf 88' lang='lat' dir='ltr'><strong>quanquam</strong></span> <span class='ocrx_word' id='word_1_685' title='bbox 2366 2492 2546 2548; x_wconf 86' lang='lat' dir='ltr'><strong>videre</strong></span> <span class='ocrx_word' id='word_1_686' title='bbox 2588 2512 2699 2550; x_wconf 86' lang='lat' dir='ltr'><strong>non</strong></span> <span class='ocrx_word' id='word_1_687' title='bbox 2739 2514 2993 2568; x_wconf 88' lang='lat' dir='ltr'><strong>possum,</strong></span> <span class='ocrx_word' id='word_1_688' title='bbox 3040 2506 3220 2560; x_wconf 89' lang='lat' dir='ltr'><strong>multis</strong></span> <span class='ocrx_word' id='word_1_689' title='bbox 3261 2518 3435 2564; x_wconf 74' lang='lat' dir='ltr'><strong>tamen</strong></span> 
     </span>
    </p>
   </div>
   <div class='ocr_carea' id='block_1_89' title="bbox 1856 2576 3436 2661">
    <p class='ocr_par' dir='ltr' id='par_1_89' title="bbox 1856 2576 3436 2661">
     <span class='ocr_line' id='line_1_89' title="bbox 1856 2576 3436 2661; baseline 0.017 -34"><span class='ocrx_word' id='word_1_690' title='bbox 1856 2576 2064 2632; x_wconf 88' lang='lat' dir='ltr'><strong>indiciis</strong></span> <span class='ocrx_word' id='word_1_691' title='bbox 2100 2579 2353 2651; x_wconf 88' lang='lat' dir='ltr'><strong>indagare</strong></span> <span class='ocrx_word' id='word_1_692' title='bbox 2381 2598 2595 2651; x_wconf 91' lang='lat' dir='ltr'><strong>possum</strong></span> <span class='ocrx_word' id='word_1_693' title='bbox 2628 2604 2641 2639; x_wconf 90' lang='lat'><strong>:</strong></span> <span class='ocrx_word' id='word_1_694' title='bbox 2680 2602 2776 2641; x_wconf 89' lang='lat' dir='ltr'><strong>vos</strong></span> <span class='ocrx_word' id='word_1_695' title='bbox 2812 2598 2987 2645; x_wconf 90' lang='lat' dir='ltr'><strong>autem</strong></span> <span class='ocrx_word' id='word_1_696' title='bbox 3028 2608 3148 2661; x_wconf 72' lang='lat' dir='ltr'><strong>quze</strong></span> <span class='ocrx_word' id='word_1_697' title='bbox 3187 2597 3349 2652; x_wconf 90' lang='lat' dir='ltr'><strong>vultis</strong></span> <span class='ocrx_word' id='word_1_698' title='bbox 3380 2609 3436 2653; x_wconf 91' lang='lat' dir='ltr'><strong>ut</strong></span> 
     </span>
    </p>
   </div>
   <div class='ocr_carea' id='block_1_90' title="bbox 1855 2671 3430 2749">
    <p class='ocr_par' dir='ltr' id='par_1_90' title="bbox 1855 2671 3430 2749">
     <span class='ocr_line' id='line_1_90' title="bbox 1855 2671 3430 2749; baseline 0.015 -28"><span class='ocrx_word' id='word_1_699' title='bbox 1855 2682 1959 2721; x_wconf 88' lang='lat' dir='ltr'><strong>non</strong></span> <span class='ocrx_word' id='word_1_700' title='bbox 1982 2673 2093 2723; x_wconf 89' lang='lat' dir='ltr'><strong>visa</strong></span> <span class='ocrx_word' id='word_1_701' title='bbox 2117 2671 2418 2739; x_wconf 87' lang='lat' dir='ltr'><strong>credamus,</strong></span> <span class='ocrx_word' id='word_1_702' title='bbox 2449 2676 2606 2729; x_wconf 91' lang='lat' dir='ltr'><strong>nullis</strong></span> <span class='ocrx_word' id='word_1_703' title='bbox 2636 2677 2844 2733; x_wconf 89' lang='lat' dir='ltr'><strong>iudiciis</strong></span> <span class='ocrx_word' id='word_1_704' title='bbox 2878 2684 3101 2749; x_wconf 88' lang='lat' dir='ltr'><strong>potestis</strong></span> <span class='ocrx_word' id='word_1_705' title='bbox 3127 2689 3430 2745; x_wconf 88' lang='lat' dir='ltr'><strong>ostendere.</strong></span> 
     </span>
    </p>
   </div>
   <div class='ocr_carea' id='block_1_91' title="bbox 1854 2756 3431 2844">
    <p class='ocr_par' dir='ltr' id='par_1_91' title="bbox 1854 2756 3431 2844">
     <span class='ocr_line' id='line_1_91' title="bbox 1854 2756 3431 2844; baseline 0.016 -34"><span class='ocrx_word' id='word_1_706' title='bbox 1854 2756 2069 2812; x_wconf 84' lang='lat' dir='ltr'><strong>Interim</strong></span> <span class='ocrx_word' id='word_1_707' title='bbox 2117 2776 2221 2814; x_wconf 90' lang='lat' dir='ltr'><strong>non</strong></span> <span class='ocrx_word' id='word_1_708' title='bbox 2262 2778 2447 2831; x_wconf 88' lang='lat' dir='ltr'><strong>parum</strong></span> <span class='ocrx_word' id='word_1_709' title='bbox 2498 2774 2613 2832; x_wconf 90' lang='lat' dir='ltr'><strong>est,</strong></span> <span class='ocrx_word' id='word_1_710' title='bbox 2654 2768 2795 2837; x_wconf 91' lang='lat' dir='ltr'><strong>quod</strong></span> <span class='ocrx_word' id='word_1_711' title='bbox 2846 2770 3030 2827; x_wconf 86' lang='lat' dir='ltr'><strong>fateris</strong></span> <span class='ocrx_word' id='word_1_712' title='bbox 3081 2779 3431 2844; x_wconf 89' lang='lat' dir='ltr'><strong>quorumdam</strong></span> 
     </span>
    </p>
   </div>
   <div class='ocr_carea' id='block_1_92' title="bbox 1853 2849 3431 2938">
    <p class='ocr_par' dir='ltr' id='par_1_92' title="bbox 1853 2849 3431 2938">
     <span class='ocr_line' id='line_1_92' title="bbox 1853 2849 3431 2938; baseline 0.016 -35"><span class='ocrx_word' id='word_1_713' title='bbox 1853 2849 2165 2906; x_wconf 89' lang='lat' dir='ltr'><strong>indiciorum</strong></span> <span class='ocrx_word' id='word_1_714' title='bbox 2196 2856 2570 2925; x_wconf 84' lang='lat' dir='ltr'><strong>perspicuitate</strong></span> <span class='ocrx_word' id='word_1_715' title='bbox 2600 2874 2686 2915; x_wconf 89' lang='lat' dir='ltr'><strong>res</strong></span> <span class='ocrx_word' id='word_1_716' title='bbox 2713 2861 2919 2932; x_wconf 90' lang='lat' dir='ltr'><strong>aliquas</strong></span> <span class='ocrx_word' id='word_1_717' title='bbox 2940 2905 2955 2931; x_wconf 94' lang='lat'><strong>,</strong></span> <span class='ocrx_word' id='word_1_718' title='bbox 2988 2867 3145 2923; x_wconf 87' lang='lat' dir='ltr'><strong>etiam</strong></span> <span class='ocrx_word' id='word_1_719' title='bbox 3176 2886 3294 2938; x_wconf 74' lang='lat' dir='ltr'><strong>qua:</strong></span> <span class='ocrx_word' id='word_1_720' title='bbox 3322 2888 3431 2928; x_wconf 92' lang='lat' dir='ltr'><strong>non</strong></span> 
     </span>
    </p>
   </div>
   <div class='ocr_carea' id='block_1_93' title="bbox 1852 2940 3429 3029">
    <p class='ocr_par' dir='ltr' id='par_1_93' title="bbox 1852 2940 3429 3029">
     <span class='ocr_line' id='line_1_93' title="bbox 1852 2940 3429 3029; baseline 0.015 -35"><span class='ocrx_word' id='word_1_721' title='bbox 1852 2940 2115 3009; x_wconf 85' lang='lat' dir='ltr'><strong>videntur,</strong></span> <span class='ocrx_word' id='word_1_722' title='bbox 2160 2945 2307 3000; x_wconf 84' lang='lat' dir='ltr'><strong>credi</strong></span> <span class='ocrx_word' id='word_1_723' title='bbox 2353 2960 2607 3016; x_wconf 90' lang='lat' dir='ltr'><strong>oportere</strong></span> <span class='ocrx_word' id='word_1_724' title='bbox 2644 2968 2657 3003; x_wconf 88' lang='lat'><strong>:</strong></span> <span class='ocrx_word' id='word_1_725' title='bbox 2703 2953 2861 3006; x_wconf 90' lang='lat' dir='ltr'><strong>etiam</strong></span> <span class='ocrx_word' id='word_1_726' title='bbox 2898 2956 2975 3009; x_wconf 91' lang='lat' dir='ltr'><strong>sic</strong></span> <span class='ocrx_word' id='word_1_727' title='bbox 3020 2958 3161 3012; x_wconf 87' lang='lat' dir='ltr'><strong>enim</strong></span> <span class='ocrx_word' id='word_1_728' title='bbox 3205 2973 3429 3029; x_wconf 88' lang='lat' dir='ltr'><strong>constat,</strong></span> 
     </span>
    </p>
   </div>
   <div class='ocr_carea' id='block_1_94' title="bbox 1850 3036 3429 3119">
    <p class='ocr_par' dir='ltr' id='par_1_94' title="bbox 1850 3036 3429 3119">
     <span class='ocr_line' id='line_1_94' title="bbox 1850 3036 3429 3119; baseline 0.015 -34"><span class='ocrx_word' id='word_1_729' title='bbox 1850 3047 1956 3086; x_wconf 90' lang='lat' dir='ltr'><strong>non</strong></span> <span class='ocrx_word' id='word_1_730' title='bbox 1986 3036 2163 3089; x_wconf 86' lang='lat' dir='ltr'><strong>omnia</strong></span> <span class='ocrx_word' id='word_1_731' title='bbox 2203 3052 2321 3106; x_wconf 78' lang='lat' dir='ltr'><strong>qua:</strong></span> <span class='ocrx_word' id='word_1_732' title='bbox 2369 3053 2472 3093; x_wconf 92' lang='lat' dir='ltr'><strong>non</strong></span> <span class='ocrx_word' id='word_1_733' title='bbox 2510 3040 2790 3109; x_wconf 90' lang='lat' dir='ltr'><strong>videntur,</strong></span> <span class='ocrx_word' id='word_1_734' title='bbox 2823 3060 2929 3099; x_wconf 90' lang='lat' dir='ltr'><strong>non</strong></span> <span class='ocrx_word' id='word_1_735' title='bbox 2968 3061 3089 3103; x_wconf 88' lang='lat' dir='ltr'><strong>esse</strong></span> <span class='ocrx_word' id='word_1_736' title='bbox 3129 3050 3429 3119; x_wconf 87' lang='lat' dir='ltr'><strong>credenda;</strong></span> 
     </span>
    </p>
   </div>
   <div class='ocr_carea' id='block_1_95' title="bbox 1852 3123 3430 3210">
    <p class='ocr_par' dir='ltr' id='par_1_95' title="bbox 1852 3123 3430 3210">
     <span class='ocr_line' id='line_1_95' title="bbox 1852 3123 3430 3210; baseline 0.015 -33"><span class='ocrx_word' id='word_1_737' title='bbox 1852 3123 2091 3195; x_wconf 83' lang='lat' dir='ltr'><strong>iacetque</strong></span> <span class='ocrx_word' id='word_1_738' title='bbox 2121 3127 2252 3182; x_wconf 91' lang='lat' dir='ltr'><strong>illud</strong></span> <span class='ocrx_word' id='word_1_739' title='bbox 2278 3129 2543 3199; x_wconf 83' lang='lat' dir='ltr'><strong>abjcctum</strong></span> <span class='ocrx_word' id='word_1_740' title='bbox 2570 3140 2729 3203; x_wconf 84' lang='lat' dir='ltr'><strong>atque</strong></span> <span class='ocrx_word' id='word_1_741' title='bbox 2757 3138 3057 3192; x_wconf 89' lang='lat' dir='ltr'><strong>convictum</strong></span> <span class='ocrx_word' id='word_1_742' title='bbox 3080 3181 3094 3204; x_wconf 93' lang='lat'><strong>,</strong></span> <span class='ocrx_word' id='word_1_743' title='bbox 3124 3142 3265 3210; x_wconf 91' lang='lat' dir='ltr'><strong>quod</strong></span> <span class='ocrx_word' id='word_1_744' title='bbox 3295 3144 3430 3199; x_wconf 90' lang='lat' dir='ltr'><strong>dici-</strong></span> 
     </span>
    </p>
   </div>
   <div class='ocr_carea' id='block_1_96' title="bbox 1854 3223 3427 3291">
    <p class='ocr_par' dir='ltr' id='par_1_96' title="bbox 1854 3223 3427 3291">
     <span class='ocr_line' id='line_1_96' title="bbox 1854 3223 3427 3291; baseline 0.012 -21"><span class='ocrx_word' id='word_1_745' title='bbox 1854 3227 1969 3281; x_wconf 91' lang='lat' dir='ltr'><strong>tur,</strong></span> <span class='ocrx_word' id='word_1_746' title='bbox 2003 3233 2063 3272; x_wconf 90' lang='lat' dir='ltr'><strong>ca</strong></span> <span class='ocrx_word' id='word_1_747' title='bbox 2102 3234 2220 3289; x_wconf 78' lang='lat' dir='ltr'><strong>qua:</strong></span> <span class='ocrx_word' id='word_1_748' title='bbox 2249 3237 2354 3275; x_wconf 92' lang='lat' dir='ltr'><strong>non</strong></span> <span class='ocrx_word' id='word_1_749' title='bbox 2388 3223 2661 3291; x_wconf 87' lang='lat' dir='ltr'><strong>videmus,</strong></span> <span class='ocrx_word' id='word_1_750' title='bbox 2695 3240 2800 3281; x_wconf 92' lang='lat' dir='ltr'><strong>non</strong></span> <span class='ocrx_word' id='word_1_751' title='bbox 2840 3228 3034 3286; x_wconf 90' lang='lat' dir='ltr'><strong>debere</strong></span> <span class='ocrx_word' id='word_1_752' title='bbox 3064 3247 3162 3286; x_wconf 91' lang='lat' dir='ltr'><strong>nos</strong></span> <span class='ocrx_word' id='word_1_753' title='bbox 3188 3234 3427 3291; x_wconf 87' lang='lat' dir='ltr'><strong>credere.</strong></span> 
     </span>
    </p>
   </div>
   <div class='ocr_carea' id='block_1_97' title="bbox 1848 3305 3430 3385">
    <p class='ocr_par' dir='ltr' id='par_1_97' title="bbox 1848 3305 3430 3385">
     <span class='ocr_line' id='line_1_97' title="bbox 1848 3305 3430 3385; baseline 0.015 -27"><span class='ocrx_word' id='word_1_754' title='bbox 1848 3305 2068 3361; x_wconf 84' lang='lat' dir='ltr'><strong>Multum</strong></span> <span class='ocrx_word' id='word_1_755' title='bbox 2103 3316 2280 3364; x_wconf 91' lang='lat' dir='ltr'><strong>autem</strong></span> <span class='ocrx_word' id='word_1_756' title='bbox 2308 3309 2564 3367; x_wconf 86' lang='lat' dir='ltr'><strong>falluntur</strong></span> <span class='ocrx_word' id='word_1_757' title='bbox 2603 3315 2690 3384; x_wconf 92' lang='lat' dir='ltr'><strong>qui</strong></span> <span class='ocrx_word' id='word_1_758' title='bbox 2725 3326 2909 3385; x_wconf 90' lang='lat' dir='ltr'><strong>putant</strong></span> <span class='ocrx_word' id='word_1_759' title='bbox 2932 3335 3031 3375; x_wconf 92' lang='lat' dir='ltr'><strong>nos</strong></span> <span class='ocrx_word' id='word_1_760' title='bbox 3059 3322 3175 3377; x_wconf 89' lang='lat' dir='ltr'><strong>sine</strong></span> <span class='ocrx_word' id='word_1_761' title='bbox 3205 3325 3325 3380; x_wconf 90' lang='lat' dir='ltr'><strong>ullis</strong></span> <span class='ocrx_word' id='word_1_762' title='bbox 3361 3326 3430 3381; x_wconf 88' lang='lat' dir='ltr'><strong>de</strong></span> 
     </span>
    </p>
   </div>
   <div class='ocr_carea' id='block_1_98' title="bbox 1848 3395 3430 3485">
    <p class='ocr_par' dir='ltr' id='par_1_98' title="bbox 1848 3395 3430 3485">
     <span class='ocr_line' id='line_1_98' title="bbox 1848 3395 3430 3485; baseline 0.015 -35"><span class='ocrx_word' id='word_1_763' title='bbox 1848 3395 2065 3453; x_wconf 88' lang='lat' dir='ltr'><strong>Christo</strong></span> <span class='ocrx_word' id='word_1_764' title='bbox 2093 3400 2300 3455; x_wconf 89' lang='lat' dir='ltr'><strong>iudiciis</strong></span> <span class='ocrx_word' id='word_1_765' title='bbox 2327 3403 2547 3458; x_wconf 89' lang='lat' dir='ltr'><strong>credere</strong></span> <span class='ocrx_word' id='word_1_766' title='bbox 2590 3405 2640 3459; x_wconf 92' lang='lat' dir='ltr'><strong>in</strong></span> <span class='ocrx_word' id='word_1_767' title='bbox 2667 3404 2961 3463; x_wconf 90' lang='lat' dir='ltr'><strong>Christum.</strong></span> <span class='ocrx_word' id='word_1_768' title='bbox 3002 3410 3131 3466; x_wconf 87' lang='lat' dir='ltr'><strong>Nam</strong></span> <span class='ocrx_word' id='word_1_769' title='bbox 3161 3431 3278 3485; x_wconf 76' lang='lat' dir='ltr'><strong>qua:</strong></span> <span class='ocrx_word' id='word_1_770' title='bbox 3304 3428 3430 3473; x_wconf 85' lang='lat' dir='ltr'><strong>sunt</strong></span> 
     </span>
    </p>
   </div>
   <div class='ocr_carea' id='block_1_99' title="bbox 1849 3487 3428 3575">
    <p class='ocr_par' dir='ltr' id='par_1_99' title="bbox 1849 3487 3428 3575">
     <span class='ocr_line' id='line_1_99' title="bbox 1849 3487 3428 3575; baseline 0.014 -36"><span class='ocrx_word' id='word_1_771' title='bbox 1849 3487 2042 3542; x_wconf 90' lang='lat' dir='ltr'><strong>indicia</strong></span> <span class='ocrx_word' id='word_1_772' title='bbox 2091 3489 2352 3556; x_wconf 85' lang='lat' dir='ltr'><strong>clariora,</strong></span> <span class='ocrx_word' id='word_1_773' title='bbox 2385 3509 2542 3562; x_wconf 91' lang='lat' dir='ltr'><strong>quam</strong></span> <span class='ocrx_word' id='word_1_774' title='bbox 2583 3509 2643 3548; x_wconf 87' lang='lat' dir='ltr'><strong>ea</strong></span> <span class='ocrx_word' id='word_1_775' title='bbox 2684 3511 2802 3565; x_wconf 72' lang='lat' dir='ltr'><strong>qua:</strong></span> <span class='ocrx_word' id='word_1_776' title='bbox 2846 3514 2988 3555; x_wconf 91' lang='lat' dir='ltr'><strong>nunc</strong></span> <span class='ocrx_word' id='word_1_777' title='bbox 3019 3502 3258 3558; x_wconf 91' lang='lat' dir='ltr'><strong>videmus</strong></span> <span class='ocrx_word' id='word_1_778' title='bbox 3290 3522 3428 3575; x_wconf 70' lang='lat' dir='ltr'><strong>prae-</strong></span> 
     </span>
    </p>
   </div>
   <div class='ocr_carea' id='block_1_100' title="bbox 1847 3578 3429 3656">
    <p class='ocr_par' dir='ltr' id='par_1_100' title="bbox 1847 3578 3429 3656">
     <span class='ocr_line' id='line_1_100' title="bbox 1847 3578 3429 3656; baseline 0.013 -25"><span class='ocrx_word' id='word_1_779' title='bbox 1847 3578 1984 3634; x_wconf 91' lang='lat' dir='ltr'><strong>dicta</strong></span> <span class='ocrx_word' id='word_1_780' title='bbox 2016 3591 2069 3634; x_wconf 92' lang='lat' dir='ltr'><strong>et</strong></span> <span class='ocrx_word' id='word_1_781' title='bbox 2116 3581 2371 3650; x_wconf 89' lang='lat' dir='ltr'><strong>impleta?</strong></span> <span class='ocrx_word' id='word_1_782' title='bbox 2416 3584 2640 3639; x_wconf 88' lang='lat' dir='ltr'><strong>Proinde</strong></span> <span class='ocrx_word' id='word_1_783' title='bbox 2668 3587 2757 3656; x_wconf 88' lang='lat' dir='ltr'><strong>qui</strong></span> <span class='ocrx_word' id='word_1_784' title='bbox 2799 3590 2994 3656; x_wconf 88' lang='lat' dir='ltr'><strong>putatis</strong></span> <span class='ocrx_word' id='word_1_785' title='bbox 3023 3593 3167 3647; x_wconf 80' lang='lat' dir='ltr'><strong>nulla</strong></span> <span class='ocrx_word' id='word_1_786' title='bbox 3197 3609 3317 3651; x_wconf 91' lang='lat' dir='ltr'><strong>esse</strong></span> <span class='ocrx_word' id='word_1_787' title='bbox 3347 3598 3429 3651; x_wconf 88' lang='lat' dir='ltr'><strong>iu-</strong></span> 
     </span>
    </p>
   </div>
   <div class='ocr_carea' id='block_1_101' title="bbox 1846 3669 3426 3753">
    <p class='ocr_par' dir='ltr' id='par_1_101' title="bbox 1846 3669 3426 3753">
     <span class='ocr_line' id='line_1_101' title="bbox 1846 3669 3426 3753; baseline 0.009 -30"><span class='ocrx_word' id='word_1_788' title='bbox 1846 3669 1983 3726; x_wconf 88' lang='lat' dir='ltr'><strong>dicia</strong></span> <span class='ocrx_word' id='word_1_789' title='bbox 2025 3676 2120 3725; x_wconf 74' lang='lat' dir='ltr'><strong>cor</strong></span> <span class='ocrx_word' id='word_1_790' title='bbox 2148 3670 2215 3727; x_wconf 92' lang='lat' dir='ltr'><strong>de</strong></span> <span class='ocrx_word' id='word_1_791' title='bbox 2251 3671 2462 3729; x_wconf 88' lang='lat' dir='ltr'><strong>Christo</strong></span> <span class='ocrx_word' id='word_1_792' title='bbox 2492 3676 2711 3732; x_wconf 90' lang='lat' dir='ltr'><strong>credere</strong></span> <span class='ocrx_word' id='word_1_793' title='bbox 2738 3678 2979 3736; x_wconf 90' lang='lat' dir='ltr'><strong>debeatis</strong></span> <span class='ocrx_word' id='word_1_794' title='bbox 3008 3699 3126 3753; x_wconf 70' lang='lat' dir='ltr'><strong>qua:</strong></span> <span class='ocrx_word' id='word_1_795' title='bbox 3155 3702 3260 3740; x_wconf 91' lang='lat' dir='ltr'><strong>non</strong></span> <span class='ocrx_word' id='word_1_796' title='bbox 3288 3690 3426 3743; x_wconf 80' lang='lat' dir='ltr'><strong>vidi.</strong></span> 
     </span>
    </p>
   </div>
   <div class='ocr_carea' id='block_1_102' title="bbox 1846 3762 3426 3841">
    <p class='ocr_par' dir='ltr' id='par_1_102' title="bbox 1846 3762 3426 3841">
     <span class='ocr_line' id='line_1_102' title="bbox 1846 3762 3426 3841; baseline 0.013 -25"><span class='ocrx_word' id='word_1_797' title='bbox 1846 3762 2001 3828; x_wconf 69' lang='lat' dir='ltr'><strong>stis‘,</strong></span> <span class='ocrx_word' id='word_1_798' title='bbox 2044 3765 2299 3819; x_wconf 89' lang='lat' dir='ltr'><strong>attendite</strong></span> <span class='ocrx_word' id='word_1_799' title='bbox 2341 3782 2461 3836; x_wconf 80' lang='lat' dir='ltr'><strong>qua:</strong></span> <span class='ocrx_word' id='word_1_800' title='bbox 2500 3768 2708 3824; x_wconf 89' lang='lat' dir='ltr'><strong>videtis.</strong></span> <span class='ocrx_word' id='word_1_801' title='bbox 2755 3769 2872 3841; x_wconf 90' lang='lat' dir='ltr'><strong>lpsa</strong></span> <span class='ocrx_word' id='word_1_802' title='bbox 2913 3788 3009 3829; x_wconf 89' lang='lat' dir='ltr'><strong>vos</strong></span> <span class='ocrx_word' id='word_1_803' title='bbox 3051 3776 3286 3833; x_wconf 83' lang='lat' dir='ltr'><strong>Ecclesia</strong></span> <span class='ocrx_word' id='word_1_804' title='bbox 3330 3796 3426 3837; x_wconf 90' lang='lat' dir='ltr'><strong>ore</strong></span> 
     </span>
    </p>
   </div>
   <div class='ocr_carea' id='block_1_103' title="bbox 1848 3856 3423 3935">
    <p class='ocr_par' dir='ltr' id='par_1_103' title="bbox 1848 3856 3423 3935">
     <span class='ocr_line' id='line_1_103' title="bbox 1848 3856 3423 3935; baseline 0.011 -27"><span class='ocrx_word' id='word_1_805' title='bbox 1848 3862 2101 3910; x_wconf 78' lang='lat' dir='ltr'><strong>materna:</strong></span> <span class='ocrx_word' id='word_1_806' title='bbox 2129 3856 2427 3912; x_wconf 89' lang='lat' dir='ltr'><strong>dilectionis</strong></span> <span class='ocrx_word' id='word_1_807' title='bbox 2454 3859 2736 3930; x_wconf 83' lang='lat' dir='ltr'><strong>alloquitur</strong></span> <span class='ocrx_word' id='word_1_808' title='bbox 2760 3879 2773 3915; x_wconf 90' lang='lat'>:</span> <span class='ocrx_word' id='word_1_809' title='bbox 2806 3863 2939 3933; x_wconf 85' lang='lat' dir='ltr'><strong>Ego,</strong></span> <span class='ocrx_word' id='word_1_810' title='bbox 2968 3873 3423 3935; x_wconf 79' lang='lat' dir='ltr'><strong>quantmiramini</strong></span> 
     </span>
    </p>
   </div>
   <div class='ocr_carea' id='block_1_104' title="bbox 1847 3948 3419 4030">
    <p class='ocr_par' dir='ltr' id='par_1_104' title="bbox 1847 3948 3419 4030">
     <span class='ocr_line' id='line_1_104' title="bbox 1847 3948 3419 4030; baseline 0.012 -30"><span class='ocrx_word' id='word_1_811' title='bbox 1847 3962 1941 4016; x_wconf 90' lang='lat' dir='ltr'><strong>per</strong></span> <span class='ocrx_word' id='word_1_812' title='bbox 1989 3948 2295 4002; x_wconf 82' lang='lat' dir='ltr'><strong>universum</strong></span> <span class='ocrx_word' id='word_1_813' title='bbox 2346 3950 2599 4005; x_wconf 90' lang='lat' dir='ltr'><strong>mundum</strong></span> <span class='ocrx_word' id='word_1_814' title='bbox 2645 3952 3052 4012; x_wconf 89' lang='lat' dir='ltr'><strong>fructificantem</strong></span> <span class='ocrx_word' id='word_1_815' title='bbox 3096 3967 3254 4030; x_wconf 91' lang='lat' dir='ltr'><strong>atque</strong></span> <span class='ocrx_word' id='word_1_816' title='bbox 3299 3978 3419 4018; x_wconf 86' lang='lat' dir='ltr'><strong>cre-</strong></span> 
     </span>
    </p>
   </div>
   <div class='ocr_carea' id='block_1_105' title="bbox 1843 4040 3418 4115">
    <p class='ocr_par' dir='ltr' id='par_1_105' title="bbox 1843 4040 3418 4115">
     <span class='ocr_line' id='line_1_105' title="bbox 1843 4040 3418 4115; baseline 0.011 -25"><span class='ocrx_word' id='word_1_817' title='bbox 1843 4046 2080 4092; x_wconf 90' lang='lat' dir='ltr'><strong>scentcm</strong></span> <span class='ocrx_word' id='word_1_818' title='bbox 2102 4080 2117 4105; x_wconf 91' lang='lat'><strong>,</strong></span> <span class='ocrx_word' id='word_1_819' title='bbox 2145 4040 2357 4108; x_wconf 90' lang='lat' dir='ltr'><strong>qualem</strong></span> <span class='ocrx_word' id='word_1_820' title='bbox 2398 4057 2484 4095; x_wconf 89' lang='lat' dir='ltr'><strong>me</strong></span> <span class='ocrx_word' id='word_1_821' title='bbox 2525 4044 2832 4112; x_wconf 83' lang='lat' dir='ltr'><strong>conSpicitis</strong></span> <span class='ocrx_word' id='word_1_822' title='bbox 2874 4047 3157 4115; x_wconf 89' lang='lat' dir='ltr'><strong>aliquando</strong></span> <span class='ocrx_word' id='word_1_823' title='bbox 3187 4067 3293 4105; x_wconf 92' lang='lat' dir='ltr'><strong>non</strong></span> <span class='ocrx_word' id='word_1_824' title='bbox 3326 4053 3418 4107; x_wconf 90' lang='lat' dir='ltr'><strong>fui.</strong></span> 
     </span>
    </p>
   </div>
   <div class='ocr_carea' id='block_1_106' title="bbox 1843 4128 3416 4213">
    <p class='ocr_par' dir='ltr' id='par_1_106' title="bbox 1843 4128 3416 4213">
     <span class='ocr_line' id='line_1_106' title="bbox 1843 4128 3416 4213; baseline 0.01 -30"><span class='ocrx_word' id='word_1_825' title='bbox 1843 4128 1944 4183; x_wconf 90' lang='lat' dir='ltr'><strong>Sed</strong></span> <span class='ocrx_word' id='word_1_826' title='bbox 1967 4169 1982 4196; x_wconf 94' lang='lat'><strong>,</strong></span> <span class='ocrx_word' id='word_1_827' title='bbox 2011 4128 2077 4182; x_wconf 83' lang='lat' dir='ltr'><strong>In</strong></span> <span class='ocrx_word' id='word_1_828' title='bbox 2106 4132 2293 4184; x_wconf 84' lang='lat' dir='ltr'><strong>semine</strong></span> <span class='ocrx_word' id='word_1_829' title='bbox 2332 4141 2417 4184; x_wconf 86' lang='lat' dir='ltr'><strong>tuo</strong></span> <span class='ocrx_word' id='word_1_830' title='bbox 2459 4133 2808 4187; x_wconf 75' lang='lat' dir='ltr'><strong>benedicentur</strong></span> <span class='ocrx_word' id='word_1_831' title='bbox 2847 4152 3017 4191; x_wconf 85' lang='lat' dir='ltr'><strong>omnes</strong></span> <span class='ocrx_word' id='word_1_832' title='bbox 3055 4150 3221 4208; x_wconf 80' lang='lat' dir='ltr'><strong>gentes</strong></span> <span class='ocrx_word' id='word_1_833' title='bbox 3264 4143 3416 4213; x_wconf 83' lang='lat' dir='ltr'><strong>(Ceu.</strong></span> 
     </span>
    </p>
   </div>
   <div class='ocr_carea' id='block_1_107' title="bbox 1843 4220 3418 4297">
    <p class='ocr_par' dir='ltr' id='par_1_107' title="bbox 1843 4220 3418 4297">
     <span class='ocr_line' id='line_1_107' title="bbox 1843 4220 3418 4297; baseline 0.01 -23"><span class='ocrx_word' id='word_1_834' title='bbox 1843 4237 1991 4287; x_wconf 74' lang='lat' dir='ltr'><strong>xxu,</strong></span> <span class='ocrx_word' id='word_1_835' title='bbox 2020 4220 2143 4292; x_wconf 86' lang='grc'><strong>18).</strong></span> <span class='ocrx_word' id='word_1_836' title='bbox 2192 4221 2414 4287; x_wconf 88' lang='lat' dir='ltr'><strong>Quando</strong></span> <span class='ocrx_word' id='word_1_837' title='bbox 2444 4223 2586 4278; x_wconf 89' lang='lat' dir='ltr'><strong>Deus</strong></span> <span class='ocrx_word' id='word_1_838' title='bbox 2630 4225 2860 4281; x_wconf 68' lang='lat' dir='ltr'><strong>Abrahae</strong></span> <span class='ocrx_word' id='word_1_839' title='bbox 2905 4228 3285 4297; x_wconf 85' lang='lat' dir='ltr'><strong>benedicebat,</strong></span> <span class='ocrx_word' id='word_1_840' title='bbox 3333 4252 3418 4290; x_wconf 88' lang='lat' dir='ltr'><strong>me</strong></span> 
     </span>
    </p>
   </div>
   <div class='ocr_carea' id='block_1_108' title="bbox 1843 4312 3415 4386">
    <p class='ocr_par' dir='ltr' id='par_1_108' title="bbox 1843 4312 3415 4386">
     <span class='ocr_line' id='line_1_108' title="bbox 1843 4312 3415 4386; baseline 0.011 -23"><span class='ocrx_word' id='word_1_841' title='bbox 1843 4312 2185 4379; x_wconf 89' lang='lat' dir='ltr'><strong>promittebat</strong></span> <span class='ocrx_word' id='word_1_842' title='bbox 2216 4330 2227 4365; x_wconf 95' lang='lat'>:</span> <span class='ocrx_word' id='word_1_843' title='bbox 2264 4328 2356 4382; x_wconf 91' lang='lat' dir='ltr'><strong>per</strong></span> <span class='ocrx_word' id='word_1_844' title='bbox 2385 4329 2572 4368; x_wconf 89' lang='lat' dir='ltr'><strong>omnes</strong></span> <span class='ocrx_word' id='word_1_845' title='bbox 2600 4316 2741 4369; x_wconf 90' lang='lat' dir='ltr'><strong>enim</strong></span> <span class='ocrx_word' id='word_1_846' title='bbox 2786 4327 2972 4386; x_wconf 85' lang='lat' dir='ltr'><strong>gentes</strong></span> <span class='ocrx_word' id='word_1_847' title='bbox 3013 4320 3063 4373; x_wconf 92' lang='lat' dir='ltr'><strong>in</strong></span> <span class='ocrx_word' id='word_1_848' title='bbox 3093 4321 3289 4378; x_wconf 87' lang='lat' dir='ltr'><strong>Christi</strong></span> <span class='ocrx_word' id='word_1_849' title='bbox 3318 4325 3415 4380; x_wconf 83' lang='lat' dir='ltr'><strong>be-</strong></span> 
     </span>
    </p>
   </div>
   <div class='ocr_carea' id='block_1_109' title="bbox 1841 4401 3418 4470">
    <p class='ocr_par' dir='ltr' id='par_1_109' title="bbox 1841 4401 3418 4470">
     <span class='ocr_line' id='line_1_109' title="bbox 1841 4401 3418 4470; baseline 0.009 -15"><span class='ocrx_word' id='word_1_850' title='bbox 1841 4401 2143 4457; x_wconf 90' lang='lat' dir='ltr'><strong>nedictione</strong></span> <span class='ocrx_word' id='word_1_851' title='bbox 2173 4402 2458 4458; x_wconf 84' lang='lat' dir='ltr'><strong>diffundor.</strong></span> <span class='ocrx_word' id='word_1_852' title='bbox 2493 4404 2690 4460; x_wconf 88' lang='lat' dir='ltr'><strong>Semen</strong></span> <span class='ocrx_word' id='word_1_853' title='bbox 2721 4406 2949 4462; x_wconf 60' lang='lat' dir='ltr'><strong>Abrahae</strong></span> <span class='ocrx_word' id='word_1_854' title='bbox 2978 4410 3249 4466; x_wconf 89' lang='lat' dir='ltr'><strong>Christum</strong></span> <span class='ocrx_word' id='word_1_855' title='bbox 3291 4431 3418 4470; x_wconf 77' lang='lat' dir='ltr'><strong>suc-</strong></span> 
     </span>
    </p>
   </div>
   <div class='ocr_carea' id='block_1_110' title="bbox 1840 4492 3419 4571">
    <p class='ocr_par' dir='ltr' id='par_1_110' title="bbox 1840 4492 3419 4571">
     <span class='ocr_line' id='line_1_110' title="bbox 1840 4492 3419 4571; baseline 0.008 -24"><span class='ocrx_word' id='word_1_856' title='bbox 1840 4492 2141 4547; x_wconf 89' lang='lat' dir='ltr'><strong>cedentium</strong></span> <span class='ocrx_word' id='word_1_857' title='bbox 2193 4495 2595 4564; x_wconf 85' lang='lat' dir='ltr'><strong>generationum</strong></span> <span class='ocrx_word' id='word_1_858' title='bbox 2665 4497 2796 4552; x_wconf 91' lang='lat' dir='ltr'><strong>ordo</strong></span> <span class='ocrx_word' id='word_1_859' title='bbox 2861 4507 3101 4555; x_wconf 87' lang='lat' dir='ltr'><strong>testatur.</strong></span> <span class='ocrx_word' id='word_1_860' title='bbox 3157 4503 3309 4571; x_wconf 90' lang='lat' dir='ltr'><strong>Quod</strong></span> <span class='ocrx_word' id='word_1_861' title='bbox 3364 4517 3419 4560; x_wconf 91' lang='lat' dir='ltr'><strong>ut</strong></span> 
     </span>
    </p>
   </div>
   <div class='ocr_carea' id='block_1_111' title="bbox 1840 4584 3419 4662">
    <p class='ocr_par' dir='ltr' id='par_1_111' title="bbox 1840 4584 3419 4662">
     <span class='ocr_line' id='line_1_111' title="bbox 1840 4584 3419 4662; baseline 0.007 -25"><span class='ocrx_word' id='word_1_862' title='bbox 1840 4584 2073 4638; x_wconf 90' lang='lat' dir='ltr'><strong>breviter</strong></span> <span class='ocrx_word' id='word_1_863' title='bbox 2097 4584 2363 4655; x_wconf 86' lang='lat' dir='ltr'><strong>colligam,</strong></span> <span class='ocrx_word' id='word_1_864' title='bbox 2386 4586 2652 4640; x_wconf 83' lang='lat' dir='ltr'><strong>Abraham</strong></span> <span class='ocrx_word' id='word_1_865' title='bbox 2678 4588 2858 4656; x_wconf 84' lang='lat' dir='ltr'><strong>genuit</strong></span> <span class='ocrx_word' id='word_1_866' title='bbox 2881 4588 3044 4655; x_wconf 88' lang='lat' dir='ltr'><strong>Isaac,</strong></span> <span class='ocrx_word' id='word_1_867' title='bbox 3072 4590 3216 4647; x_wconf 86' lang='lat' dir='ltr'><strong>Isaac</strong></span> <span class='ocrx_word' id='word_1_868' title='bbox 3238 4598 3419 4662; x_wconf 87' lang='lat' dir='ltr'><strong>genuit</strong></span> 
     </span>
    </p>
   </div>
   <div class='ocr_carea' id='block_1_112' title="bbox 1838 4675 3417 4751">
    <p class='ocr_par' dir='ltr' id='par_1_112' title="bbox 1838 4675 3417 4751">
     <span class='ocr_line' id='line_1_112' title="bbox 1838 4675 3417 4751; baseline 0.007 -22"><span class='ocrx_word' id='word_1_869' title='bbox 1838 4675 2024 4741; x_wconf 83' lang='lat' dir='ltr'><strong>Jacob,</strong></span> <span class='ocrx_word' id='word_1_870' title='bbox 2052 4675 2217 4730; x_wconf 85' lang='lat' dir='ltr'><strong>Jacob</strong></span> <span class='ocrx_word' id='word_1_871' title='bbox 2249 4676 2431 4746; x_wconf 86' lang='lat' dir='ltr'><strong>genuit</strong></span> <span class='ocrx_word' id='word_1_872' title='bbox 2465 4676 2745 4732; x_wconf 85' lang='lat' dir='ltr'><strong>duodecim</strong></span> <span class='ocrx_word' id='word_1_873' title='bbox 2772 4677 2930 4744; x_wconf 81' lang='lat' dir='ltr'><strong>ﬁlios,</strong></span> <span class='ocrx_word' id='word_1_874' title='bbox 2959 4695 3022 4734; x_wconf 79' lang='lat' dir='ltr'><strong>ex</strong></span> <span class='ocrx_word' id='word_1_875' title='bbox 3050 4683 3239 4751; x_wconf 89' lang='lat' dir='ltr'><strong>quibus</strong></span> <span class='ocrx_word' id='word_1_876' title='bbox 3267 4697 3417 4741; x_wconf 88' lang='lat' dir='ltr'><strong>ortus</strong></span> 
     </span>
    </p>
   </div>
   <div class='ocr_carea' id='block_1_113' title="bbox 1841 4768 3417 4844">
    <p class='ocr_par' dir='ltr' id='par_1_113' title="bbox 1841 4768 3417 4844">
     <span class='ocr_line' id='line_1_113' title="bbox 1841 4768 3417 4844; baseline 0.008 -23"><span class='ocrx_word' id='word_1_877' title='bbox 1841 4778 1913 4821; x_wconf 86' lang='lat' dir='ltr'><strong>est</strong></span> <span class='ocrx_word' id='word_1_878' title='bbox 1952 4768 2178 4837; x_wconf 89' lang='lat' dir='ltr'><strong>populus</strong></span> <span class='ocrx_word' id='word_1_879' title='bbox 2206 4769 2386 4823; x_wconf 88' lang='lat' dir='ltr'><strong>Israel.</strong></span> <span class='ocrx_word' id='word_1_880' title='bbox 2432 4769 2597 4823; x_wconf 87' lang='lat' dir='ltr'><strong>Jacob</strong></span> <span class='ocrx_word' id='word_1_881' title='bbox 2626 4769 2822 4840; x_wconf 91' lang='lat' dir='ltr'><strong>quippe</strong></span> <span class='ocrx_word' id='word_1_882' title='bbox 2853 4772 2967 4841; x_wconf 90' lang='lat' dir='ltr'><strong>ipse</strong></span> <span class='ocrx_word' id='word_1_883' title='bbox 3004 4776 3299 4844; x_wconf 79' lang='lat' dir='ltr'><strong>appellatus</strong></span> <span class='ocrx_word' id='word_1_884' title='bbox 3337 4792 3417 4834; x_wconf 89' lang='lat' dir='ltr'><strong>est</strong></span> 
     </span>
    </p>
   </div>
   <div class='ocr_carea' id='block_1_114' title="bbox 1841 4858 3416 4935">
    <p class='ocr_par' dir='ltr' id='par_1_114' title="bbox 1841 4858 3416 4935">
     <span class='ocr_line' id='line_1_114' title="bbox 1841 4858 3416 4935; baseline 0.006 -21"><span class='ocrx_word' id='word_1_885' title='bbox 1841 4860 2022 4914; x_wconf 88' lang='lat' dir='ltr'><strong>Israel.</strong></span> <span class='ocrx_word' id='word_1_886' title='bbox 2075 4860 2131 4913; x_wconf 91' lang='lat' dir='ltr'><strong>ln</strong></span> <span class='ocrx_word' id='word_1_887' title='bbox 2173 4859 2254 4913; x_wconf 94' lang='lat' dir='ltr'><strong>his</strong></span> <span class='ocrx_word' id='word_1_888' title='bbox 2299 4858 2578 4913; x_wconf 91' lang='lat' dir='ltr'><strong>duodecim</strong></span> <span class='ocrx_word' id='word_1_889' title='bbox 2623 4859 2745 4916; x_wconf 89' lang='lat' dir='ltr'><strong>filiis</strong></span> <span class='ocrx_word' id='word_1_890' title='bbox 2783 4863 2963 4932; x_wconf 89' lang='lat' dir='ltr'><strong>genuit</strong></span> <span class='ocrx_word' id='word_1_891' title='bbox 3009 4864 3232 4935; x_wconf 86' lang='lat' dir='ltr'><strong>Judam,</strong></span> <span class='ocrx_word' id='word_1_892' title='bbox 3278 4870 3416 4924; x_wconf 89' lang='lat' dir='ltr'><strong>unde</strong></span> 
     </span>
    </p>
   </div>
   <div class='ocr_carea' id='block_1_115' title="bbox 1840 4949 3415 5030">
    <p class='ocr_par' dir='ltr' id='par_1_115' title="bbox 1840 4949 3415 5030">
     <span class='ocr_line' id='line_1_115' title="bbox 1840 4949 3415 5030; baseline 0.006 -25"><span class='ocrx_word' id='word_1_893' title='bbox 1840 4966 2034 5007; x_wconf 90' lang='lat' dir='ltr'><strong>nomen</strong></span> <span class='ocrx_word' id='word_1_894' title='bbox 2082 4958 2165 5005; x_wconf 91' lang='lat' dir='ltr'><strong>est</strong></span> <span class='ocrx_word' id='word_1_895' title='bbox 2210 4949 2513 5006; x_wconf 84' lang='lat' dir='ltr'><strong>Judaeorum</strong></span> <span class='ocrx_word' id='word_1_896' title='bbox 2543 4992 2558 5017; x_wconf 93' lang='lat'><strong>,</strong></span> <span class='ocrx_word' id='word_1_897' title='bbox 2609 4966 2673 5006; x_wconf 83' lang='lat' dir='ltr'><strong>ex</strong></span> <span class='ocrx_word' id='word_1_898' title='bbox 2724 4952 2914 5023; x_wconf 88' lang='lat' dir='ltr'><strong>quibus</strong></span> <span class='ocrx_word' id='word_1_899' title='bbox 2966 4967 3087 5010; x_wconf 90' lang='lat' dir='ltr'><strong>nata</strong></span> <span class='ocrx_word' id='word_1_900' title='bbox 3140 4970 3220 5012; x_wconf 90' lang='lat' dir='ltr'><strong>est</strong></span> <span class='ocrx_word' id='word_1_901' title='bbox 3268 4962 3415 5030; x_wconf 83' lang='lat' dir='ltr'><strong>virgo</strong></span> 
     </span>
    </p>
   </div>
   <div class='ocr_carea' id='block_1_116' title="bbox 1838 5038 3412 5114">
    <p class='ocr_par' dir='ltr' id='par_1_116' title="bbox 1838 5038 3412 5114">
     <span class='ocr_line' id='line_1_116' title="bbox 1838 5038 3412 5114; baseline 0.006 -18"><span class='ocrx_word' id='word_1_902' title='bbox 1838 5042 2021 5108; x_wconf 79' lang='lat' dir='ltr'><strong>Maria,</strong></span> <span class='ocrx_word' id='word_1_903' title='bbox 2052 5056 2171 5109; x_wconf 63' lang='lat' dir='ltr'><strong>quae</strong></span> <span class='ocrx_word' id='word_1_904' title='bbox 2202 5041 2402 5111; x_wconf 88' lang='lat' dir='ltr'><strong>peperit</strong></span> <span class='ocrx_word' id='word_1_905' title='bbox 2428 5038 2717 5097; x_wconf 90' lang='lat' dir='ltr'><strong>Christum.</strong></span> <span class='ocrx_word' id='word_1_906' title='bbox 2758 5045 2826 5099; x_wconf 85' lang='lat' dir='ltr'><strong>Et</strong></span> <span class='ocrx_word' id='word_1_907' title='bbox 2852 5060 2979 5102; x_wconf 91' lang='lat' dir='ltr'><strong>ecce</strong></span> <span class='ocrx_word' id='word_1_908' title='bbox 3006 5048 3057 5102; x_wconf 91' lang='lat' dir='ltr'><strong>in</strong></span> <span class='ocrx_word' id='word_1_909' title='bbox 3090 5048 3321 5114; x_wconf 88' lang='lat' dir='ltr'><strong>Christo,</strong></span> <span class='ocrx_word' id='word_1_910' title='bbox 3364 5054 3412 5106; x_wconf 93' lang='lat' dir='ltr'><strong>id</strong></span> 
     </span>
    </p>
   </div>
   <div class='ocr_carea' id='block_1_117' title="bbox 1838 5131 3414 5209">
    <p class='ocr_par' dir='ltr' id='par_1_117' title="bbox 1838 5131 3414 5209">
     <span class='ocr_line' id='line_1_117' title="bbox 1838 5131 3414 5209; baseline 0.006 -21"><span class='ocrx_word' id='word_1_911' title='bbox 1838 5142 1921 5188; x_wconf 89' lang='lat' dir='ltr'><strong>est</strong></span> <span class='ocrx_word' id='word_1_912' title='bbox 1946 5134 1998 5186; x_wconf 90' lang='lat' dir='ltr'><strong>in</strong></span> <span class='ocrx_word' id='word_1_913' title='bbox 2025 5134 2227 5187; x_wconf 90' lang='lat' dir='ltr'><strong>semine</strong></span> <span class='ocrx_word' id='word_1_914' title='bbox 2248 5131 2501 5201; x_wconf 87' lang='lat' dir='ltr'><strong>Abrahae,</strong></span> <span class='ocrx_word' id='word_1_915' title='bbox 2526 5133 2767 5190; x_wconf 79' lang='lat' dir='ltr'><strong>benedici</strong></span> <span class='ocrx_word' id='word_1_916' title='bbox 2794 5151 2985 5193; x_wconf 89' lang='lat' dir='ltr'><strong>omnes</strong></span> <span class='ocrx_word' id='word_1_917' title='bbox 3009 5150 3193 5209; x_wconf 83' lang='lat' dir='ltr'><strong>gentes</strong></span> <span class='ocrx_word' id='word_1_918' title='bbox 3225 5144 3414 5198; x_wconf 83' lang='lat' dir='ltr'><strong>videtis</strong></span> 
     </span>
    </p>
   </div>
   <div class='ocr_carea' id='block_1_118' title="bbox 1838 5223 3409 5302">
    <p class='ocr_par' dir='ltr' id='par_1_118' title="bbox 1838 5223 3409 5302">
     <span class='ocr_line' id='line_1_118' title="bbox 1838 5223 3409 5302; baseline 0.004 -21"><span class='ocrx_word' id='word_1_919' title='bbox 1838 5234 1891 5281; x_wconf 90' lang='lat' dir='ltr'><strong>et</strong></span> <span class='ocrx_word' id='word_1_920' title='bbox 1916 5223 2173 5294; x_wconf 88' lang='lat' dir='ltr'><strong>stupetis;</strong></span> <span class='ocrx_word' id='word_1_921' title='bbox 2197 5232 2250 5279; x_wconf 90' lang='lat' dir='ltr'><strong>et</strong></span> <span class='ocrx_word' id='word_1_922' title='bbox 2269 5223 2442 5278; x_wconf 89' lang='lat' dir='ltr'><strong>adhuc</strong></span> <span class='ocrx_word' id='word_1_923' title='bbox 2463 5225 2515 5279; x_wconf 92' lang='lat' dir='ltr'><strong>in</strong></span> <span class='ocrx_word' id='word_1_924' title='bbox 2538 5241 2656 5279; x_wconf 90' lang='lat' dir='ltr'><strong>eum</strong></span> <span class='ocrx_word' id='word_1_925' title='bbox 2684 5227 2907 5283; x_wconf 88' lang='lat' dir='ltr'><strong>credere</strong></span> <span class='ocrx_word' id='word_1_926' title='bbox 2936 5228 3152 5297; x_wconf 89' lang='lat' dir='ltr'><strong>timetis,</strong></span> <span class='ocrx_word' id='word_1_927' title='bbox 3178 5234 3228 5285; x_wconf 94' lang='lat' dir='ltr'><strong>in</strong></span> <span class='ocrx_word' id='word_1_928' title='bbox 3255 5250 3409 5302; x_wconf 83' lang='lat' dir='ltr'><strong>quem</strong></span> 
     </span>
    </p>
   </div>
   <div class='ocr_carea' id='block_1_119' title="bbox 1840 5313 3413 5385">
    <p class='ocr_par' dir='ltr' id='par_1_119' title="bbox 1840 5313 3413 5385">
     <span class='ocr_line' id='line_1_119' title="bbox 1840 5313 3413 5385; baseline 0.006 -16"><span class='ocrx_word' id='word_1_929' title='bbox 1840 5332 1942 5369; x_wconf 92' lang='lat' dir='ltr'><strong>non</strong></span> <span class='ocrx_word' id='word_1_930' title='bbox 1965 5313 2185 5370; x_wconf 90' lang='lat' dir='ltr'><strong>credere</strong></span> <span class='ocrx_word' id='word_1_931' title='bbox 2208 5314 2382 5385; x_wconf 90' lang='lat' dir='ltr'><strong>potius</strong></span> <span class='ocrx_word' id='word_1_932' title='bbox 2405 5314 2592 5369; x_wconf 89' lang='lat' dir='ltr'><strong>timere</strong></span> <span class='ocrx_word' id='word_1_933' title='bbox 2612 5315 2901 5373; x_wconf 77' lang='lat' dir='ltr'><strong>debuistis!</strong></span> <span class='ocrx_word' id='word_1_934' title='bbox 2922 5317 3004 5373; x_wconf 83' lang='grc' dir='ltr'><strong>Αη</strong></span> <span class='ocrx_word' id='word_1_935' title='bbox 3024 5320 3245 5375; x_wconf 85' lang='lat' dir='ltr'><strong>credere</strong></span> <span class='ocrx_word' id='word_1_936' title='bbox 3266 5322 3413 5377; x_wconf 88' lang='lat' dir='ltr'><strong>dubi-</strong></span> 
     </span>
    </p>
   </div>
   <div class='ocr_carea' id='block_1_120' title="bbox 1839 5404 3411 5478">
    <p class='ocr_par' dir='ltr' id='par_1_120' title="bbox 1839 5404 3411 5478">
     <span class='ocr_line' id='line_1_120' title="bbox 1839 5404 3411 5478; baseline 0.005 -19"><span class='ocrx_word' id='word_1_937' title='bbox 1839 5406 1960 5459; x_wconf 91' lang='lat' dir='ltr'><strong>tatis</strong></span> <span class='ocrx_word' id='word_1_938' title='bbox 1999 5405 2079 5459; x_wconf 88' lang='lat' dir='ltr'><strong>vel</strong></span> <span class='ocrx_word' id='word_1_939' title='bbox 2122 5404 2380 5461; x_wconf 86' lang='lat' dir='ltr'><strong>rccusatis</strong></span> <span class='ocrx_word' id='word_1_940' title='bbox 2412 5406 2630 5474; x_wconf 80' lang='lat' dir='ltr'><strong>virginis</strong></span> <span class='ocrx_word' id='word_1_941' title='bbox 2669 5416 2898 5475; x_wconf 90' lang='lat' dir='ltr'><strong>partum,</strong></span> <span class='ocrx_word' id='word_1_942' title='bbox 2945 5425 3064 5463; x_wconf 90' lang='lat' dir='ltr'><strong>cum</strong></span> <span class='ocrx_word' id='word_1_943' title='bbox 3096 5412 3262 5478; x_wconf 81' lang='lat' dir='ltr'><strong>magis</strong></span> <span class='ocrx_word' id='word_1_944' title='bbox 3292 5428 3411 5467; x_wconf 79' lang='lat' dir='ltr'><strong>ere-</strong></span> 
     </span>
    </p>
   </div>
   <div class='ocr_carea' id='block_1_121' title="bbox 1838 5496 3413 5565">
    <p class='ocr_par' dir='ltr' id='par_1_121' title="bbox 1838 5496 3413 5565">
     <span class='ocr_line' id='line_1_121' title="bbox 1838 5496 3413 5565; baseline 0.004 -12"><span class='ocrx_word' id='word_1_945' title='bbox 1838 5500 1964 5554; x_wconf 91' lang='lat' dir='ltr'><strong>dere</strong></span> <span class='ocrx_word' id='word_1_946' title='bbox 1991 5497 2249 5565; x_wconf 89' lang='lat' dir='ltr'><strong>debeatis,</strong></span> <span class='ocrx_word' id='word_1_947' title='bbox 2277 5498 2354 5551; x_wconf 90' lang='lat' dir='ltr'><strong>sic</strong></span> <span class='ocrx_word' id='word_1_948' title='bbox 2377 5496 2621 5553; x_wconf 89' lang='lat' dir='ltr'><strong>decuisse</strong></span> <span class='ocrx_word' id='word_1_949' title='bbox 2651 5500 2797 5553; x_wconf 88' lang='lat' dir='ltr'><strong>nasci</strong></span> <span class='ocrx_word' id='word_1_950' title='bbox 2831 5500 3098 5555; x_wconf 91' lang='lat' dir='ltr'><strong>hominem</strong></span> <span class='ocrx_word' id='word_1_951' title='bbox 3122 5502 3318 5557; x_wconf 88' lang='lat' dir='ltr'><strong>Deum?</strong></span> <span class='ocrx_word' id='word_1_952' title='bbox 3344 5505 3413 5560; x_wconf 89' lang='lat' dir='ltr'><strong>Et</strong></span> 
     </span>
    </p>
   </div>
   <div class='ocr_carea' id='block_1_122' title="bbox 1885 5667 3414 5784">
    <p class='ocr_par' dir='ltr' id='par_1_122' title="bbox 1885 5667 3414 5784">
     <span class='ocr_line' id='line_1_122' title="bbox 1885 5667 3414 5784; baseline 0.006 -64"><span class='ocrx_word' id='word_1_953' title='bbox 1885 5676 1917 5784; x_wconf 53' lang='grc' dir='ltr'>ἆ</span> <span class='ocrx_word' id='word_1_954' title='bbox 1944 5672 2129 5734; x_wconf 75' lang='lat' dir='ltr'><strong>Aliquot</strong></span> <span class='ocrx_word' id='word_1_955' title='bbox 2169 5678 2293 5731; x_wconf 74' lang='lat' dir='ltr'><strong>Mss,</strong></span> <span class='ocrx_word' id='word_1_956' title='bbox 2318 5676 2440 5731; x_wconf 86' lang='lat' dir='ltr'><strong>post,</strong></span> <span class='ocrx_word' id='word_1_957' title='bbox 2466 5680 2683 5732; x_wconf 74' lang='lat' dir='ltr'><strong>quwnou</strong></span> <span class='ocrx_word' id='word_1_958' title='bbox 2706 5667 2903 5731; x_wconf 80' lang='lat' dir='ltr'><strong>vidistis,</strong></span> <span class='ocrx_word' id='word_1_959' title='bbox 2948 5669 3145 5735; x_wconf 84' lang='lat' dir='ltr'><strong>addunt,</strong></span> <span class='ocrx_word' id='word_1_960' title='bbox 3185 5679 3269 5727; x_wconf 79' lang='lat' dir='ltr'><strong>aut</strong></span> <span class='ocrx_word' id='word_1_961' title='bbox 3322 5688 3414 5729; x_wconf 71' lang='lat' dir='ltr'><strong>tu&#39;n</strong></span> 
     </span>
     <span class='ocr_line' id='line_1_123' title="bbox 1918 5734 2020 5784; baseline -0.029 0"><span class='ocrx_word' id='word_1_962' title='bbox 1918 5734 2020 5784; x_wconf 74' lang='lat' dir='ltr'><strong>t’tfs.</strong></span> 
     </span>
    </p>
   </div>
   <div class='ocr_carea' id='block_1_123' title="bbox 1837 5733 2020 5787">
    <p class='ocr_par' dir='ltr' id='par_1_123' title="bbox 1837 5733 2020 5787">
     <span class='ocr_line' id='line_1_124' title="bbox 1837 5733 2020 5787; baseline -0.022 -1"><span class='ocrx_word' id='word_1_963' title='bbox 1837 5733 2020 5787; x_wconf 78' lang='lat' dir='ltr'><strong>ridetis.</strong></span> 
     </span>
    </p>
   </div>
  </div>
