3996 6282
529 315 630 370 173
1200 309 1285 364 DE
1325 307 1478 364 FIDE
1518 306 1757 363 RERUM
1798 305 1961 375 QUAS
2003 301 2135 359 NON
2180 302 2544 375 VIDENTUB,
2587 309 2642 365 S.
2687 311 3059 371 AUGUSTlNl
3710 334 3796 392 [76

527 432 627 483 hoc
649 442 876 498 namque
895 426 1119 496 accipite
1141 441 1234 496 per
1252 426 1568 496 prophetam
1591 425 1753 482 fuisse
1773 425 2107 496 przedictum:

526 519 658 574 Ecce
685 519 822 588 virgo
852 518 1060 586 accipiet
1100 518 1153 571 in
1181 527 1323 571 utero
1349 559 1364 582 ,
1407 526 1454 571 et
1482 517 1638 588 pariet
1667 517 1832 584 [ilium
1851 558 1864 579 ,
1893 525 1938 568 et
1966 531 2113 569 voca-

525 611 646 663 bunt
675 625 856 662 tamen
895 609 1006 678 ejus
1046 606 1382 674 Emm‘anuel,
1415 608 1550 677 quod
1590 617 1661 660 est
1708 608 2108 676 interpretatum,

527 701 806 757 Nobiscum
831 700 967 755 Deus
997 698 1160 768 (Isai.
1192 716 1283 766 vn,
1318 698 1440 769 M).
1491 699 1605 753 Non
1645 714 1772 767 ergo
1802 697 2109 752 dubitabitis

521 796 782 864 virginem
810 793 1124 863 parientem,
1158 792 1201 845 si
1233 791 1405 845 velitis
1434 789 1654 844 credere
1683 789 1849 842 Deum
1883 802 2106 842 nascen-

526 895 631 938 tem
656 901 669 948 ;
702 882 882 937 mundi
913 881 1149 953 regimen
1179 896 1283 934 non
1311 880 1732 950 relinquentem,
1762 889 1814 934 et
1844 879 1908 930 ad
1938 878 2107 932 homi-

525 990 620 1028 nes
650 975 702 1028 in
727 988 888 1028 carne
918 973 1217 1026 venientem
1245 987 1260 1036 ;
1291 971 1447 1024 matri
1475 970 1848 1024 fecunditatem
1879 969 2108 1023 atleren-

524 1074 667 1128 tem,
723 1064 1081 1134 integritatem
1140 1077 1243 1116 non
1291 1060 1646 1116 auferentem.
1701 1061 1790 1116 Sic
1837 1061 2104 1115 hominem

524 1155 667 1209 nasci
715 1155 1008 1225 oportebat,
1061 1153 1159 1207 etsi
1206 1168 1420 1222 semper
1466 1164 1583 1207 erat
1626 1153 1769 1207 Deus
1799 1153 1837 1215 ’,
1887 1167 1954 1206 ex
2000 1167 2106 1222 quo

523 1245 788 1301 nascendo
835 1245 980 1299 fieret
1031 1243 1187 1299 nobis
1233 1243 1394 1298 Deus.
1445 1243 1582 1298 Hinc
1626 1243 1693 1297 de
1745 1259 1810 1297 eo
1857 1257 2043 1298 rursus
2083 1244 2102 1274 ‘

521 1337 776 1408 propheta
813 1335 942 1390 dicit
970 1353 983 1388 :
1015 1333 1250 1389 Thronus
1276 1345 1424 1401 tuus,
1456 1334 1626 1399 Deus,
1658 1335 1709 1386 in
1739 1334 1977 1388 saxulum
2003 1349 2102 1388 ste-

518 1429 654 1495 culi;
693 1429 832 1499 virga
857 1426 1144 1481 directionis
1164 1468 1178 1493 ,
1210 1427 1352 1497 virga
1375 1427 1517 1496 regni
1554 1427 1645 1478 tui.
1674 1424 1912 1479 Dileaisti
1940 1425 2098 1492 justi-

518 1522 638 1575 tiam
659 1562 673 1586 ,
706 1529 752 1574 et
790 1519 940 1574 odisti
969 1519 1325 1589 iniquitatem;
1371 1526 1633 1588 propterea
1670 1517 1814 1570 unxit
1857 1526 1904 1570 te
1937 1515 2095 1583 Deus,

515 1611 656 1666 Deus
685 1619 799 1664 tuus
827 1611 936 1664 oleo
964 1609 1313 1663 exsultationis
1342 1623 1449 1678 prce
1477 1609 1805 1679 participibus
1837 1609 1953 1662 tuis.
1995 1606 2097 1662 Ista

513 1704 694 1758 unctio
723 1701 1016 1771 spiritualis
1058 1708 1170 1764 est,
1211 1715 1314 1769 qua
1361 1700 1499 1753 Deus
1527 1701 1676 1752 unxit
1708 1699 1905 1764 Deum,
1941 1698 2099 1752 Pater

515 1793 720 1847 scilicet
742 1791 930 1844 Filium
957 1807 969 1842 :
1000 1788 1142 1842 unde
1167 1789 1490 1857 appellatum
1518 1803 1547 1842 a
1573 1788 1878 1854 chrismate,
1912 1789 1964 1841 id
1991 1796 2094 1855 est,

511 1881 580 1938 ab
626 1879 877 1938 unctione
918 1878 1164 1932 novimus
1198 1877 1491 1932 Christum.
1544 1878 1652 1948 ligo
1697 1892 1812 1931 sum
1859 1877 2094 1932 Ecclesia

515 1974 582 2028 de
623 1988 726 2043 qua
773 1969 849 2026 illi
895 1969 948 2024 iu
997 1967 1186 2022 eodem
1235 1968 1442 2037 psalmo
1490 1970 1702 2034 dicitur,
1751 1979 1804 2022 et
1848 1979 2094 2040 tanquam

511 2063 709 2118 factum
758 2061 901 2132 quod
947 2061 1181 2115 futurum
1227 2057 1399 2115 fuerat
1448 2061 1834 2129 prmnuntiatur
1871 2077 1886 2115 :
1926 2061 2096 2114 Astitit

511 2154 686 2225 regina
713 2169 745 2206 a
775 2153 965 2206 dextris
994 2153 1116 2218 tuis,
1148 2151 1199 2205 in
1226 2151 1405 2206 uestitu
1431 2149 1695 2219 deaurato,
1723 2153 2094 2206 circumamicta

510 2247 767 2310 varietate,
803 2244 868 2300 id
911 2253 1011 2309 est,
1045 2245 1096 2298 in
1128 2254 1462 2299 sacramento
1492 2244 1512 2276 ³
1558 2244 1857 2315 sapientiai,
1889 2245 2095 2317 lingua-

512 2354 626 2392 rum
657 2338 912 2391 varietate
937 2337 1206 2392 decorata.
1255 2335 1327 2390 lbi
1358 2335 1484 2390 mihi
1516 2336 1742 2403 dicitur,
1773 2337 1924 2403 Audi,
1957 2339 2088 2407 ﬁlia,

509 2437 556 2481 et
585 2428 725 2490 vide,
759 2437 804 2481 et
834 2425 1023 2480 inclina
1051 2442 1224 2480 aurem
1249 2434 1422 2491 tuam,
1450 2435 1496 2479 et
1527 2425 1814 2480 obliviscere
1849 2427 2093 2498 papulum

511 2528 672 2582 tuum,
697 2529 741 2572 et
763 2517 968 2570 domum
997 2517 1155 2587 patris
1180 2517 1252 2570 tui
1274 2532 1292 2570 :
1313 2517 1430 2586 quia
1455 2518 1741 2585 concupivit
1767 2534 1856 2571 rex
1875 2519 2091 2588 speciem

507 2621 644 2663 tuam
666 2624 686 2673 ;
715 2609 949 2681 quoniam
977 2609 1085 2676 ipse
1110 2618 1183 2662 est
1214 2606 1460 2662 Dominus
1483 2606 1622 2662 Deus
1647 2618 1760 2663 tuus
1780 2650 1792 2673 ,
1822 2618 1868 2662 et
1899 2609 2089 2662 adora-

507 2700 628 2752 bunt
665 2715 778 2753 eum
805 2699 929 2768 ﬁlice
952 2697 1078 2769 Tyri
1102 2699 1154 2752 in
1181 2697 1486 2762 muneribus,
1515 2699 1707 2751 uultum
1737 2709 1874 2752 tuum
1903 2698 2087 2768 depre-

505 2789 751 2844 cabuntur
778 2806 950 2844 omnes
991 2789 1167 2843 divites
1202 2789 1380 2860 plebis.
1430 2789 1606 2843 Omnis
1635 2790 1796 2860 gloria
1825 2792 1935 2861 ejus
1964 2790 2090 2859 ﬁlia:

505 2882 638 2952 regis
660 2881 978 2945 intrinsecus,
1005 2880 1060 2932 in
1087 2878 1296 2947 ﬁmbriis
1325 2879 1493 2933 aureis
1521 2880 1897 2934 circumamicta
1923 2882 2087 2935 uarie-

507 2981 628 3024 tate.
657 2969 988 3022 Adducentur
1022 2968 1128 3038 regi
1157 2969 1370 3036 uirgines
1394 2977 1502 3037 post
1535 2985 1680 3032 eam,
1713 2970 1957 3038 proaimae
1981 2972 2088 3040 ejus

503 3061 818 3115 adducentur
842 3059 927 3112 tibi
955 3075 974 3112 :
1002 3058 1318 3112 adducentur
1354 3062 1406 3111 in
1436 3059 1609 3112 lwtitia
1648 3071 1695 3114 et
1734 3061 2081 3130 exsultatione,

503 3152 820 3208 adducentur
862 3152 913 3204 in
947 3152 1187 3219 tempfum
1229 3151 1377 3221 regis.
1428 3150 1533 3204 Pro
1573 3153 1798 3222 putribus
1841 3156 1938 3209 tuis
1979 3158 2086 3210 nati

501 3253 620 3298 sunt
656 3244 745 3297 tibi
783 3243 916 3312 ﬁlii,
958 3242 1226 3295 constitues
1270 3258 1352 3295 eos
1397 3243 1649 3313 principes
1693 3259 1846 3312 super
1889 3261 2085 3300 omnem

503 3346 706 3390 terram.
743 3334 988 3388 Mentorea
1031 3343 1177 3387 erunt
1221 3333 1437 3387 nominis
1472 3334 1576 3399 tui,
1613 3335 1666 3388 in
1705 3335 1843 3388 omni
1870 3353 2082 3407 genera-

501 3427 636 3481 tione
673 3434 716 3478 et
763 3423 1100 3495 generatione.
1157 3420 1436 3492 Drapterea
1492 3423 1668 3494 papuli
1715 3425 2085 3493 conﬁtebuntur

502 3517 590 3571 tibi
625 3517 677 3570 in
719 3513 992 3579 saeculum,
1036 3521 1081 3567 et
1133 3512 1184 3566 in
1214 3513 1450 3567 saxulum
1496 3515 1671 3569 swculi
1721 3514 1903 3588 (Psal.
1933 3534 2080 3585 κων,

502 3605 714 3680 ηοιεγ

571 3699 625 3755 6.
659 3698 714 3754 Si
746 3697 882 3752 hanc
925 3697 1162 3770 reginam
1194 3712 1298 3752 non
1329 3698 1553 3766 videtis,
1592 3697 1702 3769 jam
1741 3699 1902 3755 etiam
1937 3701 2078 3772 regia

498 3789 652 3861 prole
682 3788 982 3844 fecundam.
1013 3788 1068 3842 Si
1099 3803 1206 3842 non
1236 3788 1379 3843 videt
1407 3790 1683 3860 impletum
1711 3791 1850 3860 quod
1879 3792 2082 3847 audivit

498 3896 623 3937 esse
645 3864 989 3950 promissum,
1022 3879 1106 3932 cui
1132 3879 1332 3934 dictum
1363 3889 1465 3946 est,
1499 3880 1666 3946 Audi,
1697 3883 1840 3950 ﬁlia,
1871 3892 1916 3936 et
1947 3883 2075 3936 vide.

499 3970 556 4026 Si
585 3985 690 4025 non
720 3969 930 4038 reliquit
957 3968 1087 4023 ritus
1114 3969 1368 4039 pristinos
1393 3969 1606 4036 mundi,
1635 3972 1722 4025 cui
1747 3970 1946 4026 dictum
1974 3982 2075 4039 est,

502 4061 803 4115 Obliviscere
828 4059 1070 4130 populum
1096 4070 1258 4138 tuum,
1281 4069 1330 4113 et
1353 4059 1558 4115 domum
1584 4063 1743 4132 patris
1769 4065 1860 4116 tui.
1892 4063 1947 4119 Si
1969 4080 2075 4120 non

496 4152 690 4224 ubique
735 4151 1005 4207 Christum
1061 4151 1343 4207 Dominum
1390 4153 1696 4220 conﬁtetur,
1744 4155 1832 4210 cui
1875 4155 2075 4211 dictum

495 4252 613 4310 est,
646 4241 941 4312 Concupivit
966 4258 1058 4296 rex
1084 4244 1298 4313 speciem
1325 4257 1492 4312 tuam,
1520 4246 1638 4316 quia
1668 4246 1776 4316 ipse
1802 4258 1873 4302 est
1903 4248 2074 4303 Domi-

495 4349 590 4387 nus
623 4331 758 4386 Deus
789 4341 924 4385 tuus.
955 4331 1011 4387 Si
1038 4347 1142 4385 non
1165 4333 1308 4387 videt
1337 4335 1579 4390 civitates
1603 4337 1837 4406 gentium
1863 4338 2074 4394 Christo

495 4435 682 4490 preces
711 4419 954 4486 fundere,
980 4429 1034 4474 et
1061 4435 1278 4474 munera
1305 4421 1518 4490 olIcrre,
1542 4424 1609 4478 de
1639 4442 1742 4494 quo
1774 4427 1844 4480 illi
1874 4427 2071 4483 dictum

493 4519 610 4576 cst,
640 4510 936 4565 Adorabunt
978 4525 1090 4562 eum
1129 4510 1250 4578 [ilice
1277 4509 1403 4581 Tyri
1432 4512 1483 4565 in
1523 4515 1828 4570 muneribus.
1876 4517 1932 4572 Si
1966 4534 2072 4573 non

492 4599 654 4653 etiam
697 4599 944 4668 superbia
993 4598 1278 4669 deponitur
1323 4599 1567 4670 divitum,
1617 4611 1672 4657 et
1717 4604 1785 4659 ab
1831 4606 2069 4663 Ecclesia

493 4692 851 4761 deprecantur
879 4692 1132 4746 auxilium
1153 4733 1166 4757 ,
1199 4692 1283 4746 cui
1327 4691 1525 4747 dictum
1555 4703 1655 4762 est,
1692 4695 1899 4752 Vultum
1928 4711 2070 4756 tuum

493 4786 893 4852 deprecabuntur
919 4801 1090 4840 omnes
1135 4787 1311 4842 divites
1359 4788 1534 4858 plebis.
1585 4790 1641 4845 Si
1687 4807 1794 4847 non
1830 4797 2071 4865 agnoscit

491 4877 653 4930 tiliam
685 4876 842 4946 regis,
873 4877 956 4930 cui
987 4877 1164 4934 dicere
1199 4879 1346 4949 jussa
1377 4890 1477 4945 est,
1502 4881 1658 4937 Pater
1686 4895 1874 4953 noster,
1905 4889 1990 4958 qui
2017 4906 2068 4945 es

487 4969 542 5021 in
571 4968 706 5021 caelis
737 4966 949 5037 (Matth.
979 4984 1054 5036 vI,
1086 4969 1176 5040 9);
1210 4979 1264 5025 et
1293 4971 1343 5025 itt
1372 4975 1570 5028 sanctis
1596 4976 1706 5030 suis
1732 4976 1784 5031 in
1812 4979 2066 5036 interiore

489 5057 704 5112 homine
745 5068 1032 5112 renovatur
1069 5059 1134 5114 de
1177 5059 1264 5114 die
1307 5061 1360 5116 in
1401 5062 1540 5119 diem
1586 5067 1663 5134 (ll
1694 5065 1811 5122 Cor.
1839 5085 1912 5136 tv,
1943 5069 2061 5144 16),

484 5151 553 5204 de
582 5165 682 5220 qua
723 5150 922 5205 dictum
954 5161 1069 5217 est,
1119 5151 1296 5207 Omnis
1326 5155 1486 5225 gloria
1527 5160 1634 5229 ejus
1664 5161 1786 5229 ﬁlice
1814 5165 1944 5235 regis
1984 5167 2066 5220 in-

483 5241 726 5296 trinsecus
747 5256 766 5294 :
796 5243 1038 5312 quamvis
1075 5252 1132 5299 et
1172 5245 1356 5300 oculos
1386 5257 1755 5306 extraneorum
1802 5253 2062 5325 fulgentes

485 5332 560 5407 (a)
589 5333 728 5387 fama
758 5334 1162 5403 prmdicatorum
1196 5351 1410 5392 suorum
1440 5339 1491 5394 in
1522 5341 1826 5400 diversitate
1856 5347 2058 5417 lingua-

543 5468 558 5498 ι
586 5472 636 5515 In
653 5475 780 5518 Mssa
824 5465 903 5518 sic
931 5466 1166 5519 hominem
1203 5470 1337 5522 nasci
1373 5475 1640 5538 Oportebat,
1664 5476 1709 5528 si
1734 5492 1920 5543 semper
1956 5490 2060 5532 erat

480 5535 775 5664 Deg‘iliquot
796 5597 902 5664 itss.
913 5603 929 5664 :_
935 5653 944 5662 .
952 5589 1076 5664 ttuic
1101 5599 1198 5642 Deo
1207 5605 1406 5664 .rursus.

539 5651 561 5681 ³
579 5657 643 5699 tta
669 5659 770 5700 MSS.
792 5659 845 5699 Αι
870 5651 1004 5710 editi,
1030 5654 1262 5705 sacrario.

536 5710 610 5774 (a)
643 5717 799 5772 Vorte,
825 5711 1047 5776 fulgente.

2218 436 2336 475 rum
2366 422 2507 477 velut
2547 424 2598 479 in
2646 426 2866 482 fimbriis
2896 433 3077 489 aureis
3118 441 3173 490 et
3201 436 3363 494 vestis
3389 441 3657 500 varietate
3686 462 3798 517 per-

2218 513 2462 582 stringat.
2498 515 2552 570 Si
2583 532 2686 571 non
2721 529 3062 591 posteaquam
3093 525 3397 586 difl‘amatur
3435 534 3488 588 in
3537 513 3798 606 quocum-

2217 618 2319 672 que
2343 604 2461 659 loco
2485 605 2650 661 odore
2672 608 2812 663 bono
2834 613 2969 680 ejus,
2992 615 3150 670 etiam
3173 604 3802 698 consecrandtevvirgiues

2216 692 2557 751 adducuntur
2602 697 2669 751 ad
2713 697 3018 770 Christum,
3069 705 3136 760 de
3179 724 3284 779 quo
3331 712 3564 783 dicitur,
3624 692 3691 772 et
3726 722 3800 776 cui

2216 782 2432 851 dicitur,
2466 785 2798 842 Adducentur
2836 793 2944 862 regi
2979 795 3194 867 virgines
3235 811 3344 869 post
3383 782 3802 877 eam,pro.1:ima:

2215 875 2325 944 ejus
2355 875 2672 932 adducentur
2702 881 2808 933 tibi.
2859 883 2922 936 Et
2953 900 3022 940 ne
3051 889 3200 957 quasi
3230 893 3454 961 captiva:
3488 895 3540 948 in
3562 875 3798 968 aliquem

2215 965 2356 1019 velut
2403 983 2676 1023 carcerem
2724 971 3034 1030 viderentur
3062 978 3293 1048 adduci,
3325 965 3700 1053 Adducenturi,
3731 990 3803 1045 in-

2211 1056 2320 1123 quit
2345 1097 2360 1122 ,
2390 1057 2441 1110 in
2469 1058 2643 1112 [iutilia
2673 1070 2720 1114 et
2745 1063 3098 1134 exsultatione,
3131 1070 3451 1128 adducentur
3478 1076 3531 1130 in
3563 1079 3801 1150 tentpltuu

2213 1145 2364 1214 regis.
2395 1147 2450 1200 Si
2493 1163 2596 1202 non
2629 1151 2765 1218 parit
2793 1151 2960 1220 filios,
3003 1171 3069 1210 ex
3097 1159 3290 1227 quibus
3331 1163 3524 1221 habeat
3550 1145 3800 1239 tanquam

2212 1243 2412 1302 patres,
2443 1252 2578 1306 quos
2604 1241 2895 1298 constituat
2924 1246 3024 1300 sibi
3054 1247 3250 1320 ubique
3275 1263 3534 1324 rectores,
3556 1260 3652 1313 cui
3683 1261 3802 1316 dici-

2210 1332 2313 1388 tur,
2350 1324 2453 1378 Pro
2484 1330 2712 1398 patribus
2741 1335 2839 1387 tuis
2873 1336 2978 1389 nati
3006 1349 3124 1393 sunt
3153 1341 3242 1395 tibi
3271 1345 3385 1412 lilii,
3418 1351 3704 1408 constitues
3727 1370 3802 1409 eos

2209 1415 2459 1488 principes
2485 1436 2638 1490 super
2666 1439 2865 1479 omnem
2909 1436 3094 1483 terram
3122 1447 3141 1485 :
3169 1449 3392 1504 quorum
3434 1454 3495 1495 sc
3535 1445 3800 1498 orationi-

2208 1506 2307 1561 bus
2346 1518 2516 1564 mater
2556 1521 2608 1566 ct
2637 1515 2853 1583 praelata
2883 1527 2938 1573 et
2976 1521 3213 1590 subjecta
3244 1532 3630 1599 commendat;
3667 1536 3801 1593 unde

2205 1598 2546 1668 subjunctum
2589 1613 2706 1672 est,
2738 1606 2988 1664 Memores
3027 1623 3172 1666 erunt
3198 1618 3414 1674 nominis
3440 1623 3547 1690 tui,
3583 1624 3639 1678 in
3668 1629 3802 1682 omni

2203 1694 2524 1759 generatione
2572 1705 2616 1749 et
2665 1702 3002 1767 generatione.
3060 1703 3115 1759 Si
3159 1721 3262 1761 non
3315 1723 3534 1782 propter
3578 1731 3797 1772 eorum-

2202 1780 2323 1835 dem
2376 1795 2586 1853 patrum
2638 1789 3090 1862 prmdicationem,
3142 1797 3194 1850 in
3245 1815 3349 1869 qua
3397 1780 3638 1861 nominis
3686 1810 3798 1878 ejus

2201 1870 2317 1925 sine
2361 1874 2755 1933 intermissione
2810 1883 3188 1952 meminerunt,
3241 1897 3350 1943 tam
3397 1907 3611 1964 magna:
3643 1897 3699 1951 in
3741 1915 3796 1955 ea

2203 1963 2570 2021 multitudines
2599 1983 3010 2042 congregantur,
3039 1977 3194 2048 eique
3221 1980 3431 2036 laudem
3459 1963 3654 2054 gratia:
3684 1989 3796 2046 sine

2203 2051 2308 2108 line
2359 2054 2549 2126 linguis
2597 2062 2828 2130 propriis
2871 2066 3225 2138 conﬁtentur,
3273 2074 3357 2129 cui
3403 2051 3626 2147 dicitur,
3659 2080 3794 2138 Pro-

2199 2153 2370 2211 pterea
2399 2151 2575 2219 papuli
2603 2155 2971 2222 conﬁtebuntur
2999 2159 3086 2213 tibi
3113 2161 3166 2216 in
3192 2168 3450 2238 sarculum,
3478 2183 3526 2226 et
3553 2173 3612 2227 in
3637 2191 3794 2231 secu-

2198 2234 2304 2288 lunt
2347 2240 2541 2294 swculi.

2267 2325 2495 2385 CAPUT
2535 2332 2623 2387 IV.
2657 2364 2727 2375 —
2753 2337 2834 2392 Ad
2863 2343 3113 2399 credenda
3151 2364 3265 2418 qua:
3292 2367 3391 2404 non
3431 2352 3656 2410 uidimus
3683 2374 3788 2413 mo-

2194 2434 2307 2473 vere
2335 2420 2514 2476 debent
2540 2439 2654 2493 qua
2681 2442 2816 2482 nunc
2839 2430 3046 2501 impleta
3075 2439 3429 2508 conspicimus.
3461 2443 3519 2499 Si
3549 2460 3665 2501 non
3693 2446 3787 2504 ista

2195 2787 2476 2844 manifeste
2506 2792 2522 2823 ¹
2573 2807 2874 2865 cogantur:
2912 2802 3106 2858 merito
3152 2803 3378 2876 fortasse
3420 2809 3600 2868 dicitis
3643 2815 3782 2885 quod

2195 2877 2338 2931 nulla
2371 2881 2518 2936 vobis
2547 2886 2896 2943 ostendantur
2921 2889 3138 2961 indicia,
3166 2898 3355 2966 quibus
3386 2901 3514 2956 visis
3543 2877 3779 2963 credatis

2190 2969 2351 3022 etiam
2377 2971 2464 3025 il'ia
2495 2990 2614 3042 quae
2642 2991 2747 3032 non
2777 2979 2986 3035 videtis.
3030 2983 3088 3039 Si
3119 3001 3243 3042 vero
3274 2987 3390 3045 bzec
3415 3007 3535 3060 qua:
3564 2995 3776 3064 videtis,

2189 3067 2243 3112 et
2271 3060 2425 3131 longe
2461 3073 2584 3119 ante
2619 3067 2870 3136 prmdicta
2897 3083 3041 3141 sunt,
3072 3084 3125 3129 et
3156 3085 3297 3132 tanta
3345 3060 3777 3142 manifestatione

2188 3153 2571 3222 complentur;
2628 3158 2675 3213 si
2725 3175 2784 3215 se
2839 3162 2950 3232 ipsa
3005 3167 3200 3223 veritas
3249 3179 3303 3224 et
3355 3174 3775 3240 przecedentibus

2188 3243 2341 3298 vobis
2384 3253 2437 3299 et
2479 3253 2927 3319 consequentibus
2968 3255 3204 3312 declarat
3244 3260 3553 3332 etleclibus,
3583 3282 3618 3319 ο
3647 3269 3775 3323 reli-

2186 3332 2325 3402 quia:
2368 3334 2726 3407 infidelitatis,
2761 3352 2817 3397 ut
2861 3345 3091 3401 credatis
3142 3364 3260 3419 qua:
3306 3367 3410 3406 non
3439 3354 3668 3424 videtis,
3710 3359 3771 3414 iis

2186 3426 2485 3484 erubescite
2511 3446 2630 3500 quae
2657 3427 2850 3489 videtis
2878 3436 2892 3489 ι

2257 3518 2308 3571 7.
2339 3518 2420 3574 Me
2462 3521 2739 3590 attendite,
2771 3526 2920 3581 vobis
2965 3527 3096 3584 dicit
3143 3530 3424 3601 Ecclesia;
3471 3553 3555 3592 me
3598 3548 3767 3595 atten-

2183 3606 2290 3661 dite
2314 3649 2329 3674 ,
2358 3623 2516 3678 quam
2548 3611 2770 3681 videtis,
2804 3617 3007 3673 etiamsi
3040 3620 3220 3677 videre
3251 3625 3448 3680 nolitis.
3485 3628 3586 3696 Qui
3625 3634 3764 3687 enim

2185 3702 2512 3771 temporibus
2561 3704 2662 3760 illis
2707 3707 2760 3760 in
2785 3707 2965 3763 Iudaea
3013 3720 3154 3768 terra
3201 3714 3383 3772 fideles
3428 3718 3670 3791 fuerunt,
3701 3741 3760 3781 es

2183 3792 2388 3863 virgine
2418 3795 2752 3851 nativitatem
2785 3799 3104 3869 mirabilem,
3138 3819 3199 3861 ac
3231 3809 3550 3878 passionem,
3583 3829 3761 3871 resur-

2182 3886 2509 3955 rectionem,
2539 3891 2906 3946 ascensionem
2942 3891 3172 3963 Christi,
3211 3901 3387 3954 omnia
3419 3901 3595 3957 divina
3627 3907 3759 3962 dicta

2181 3977 2295 4046 ejus
2339 3989 2393 4033 et
2441 3979 2575 4034 facta
2617 3993 2908 4052 praesentes
2954 3992 3235 4056 praesentia
3278 3992 3597 4052 didicerunt.
3641 4000 3758 4056 Hzcc

2181 4087 2277 4127 vos
2319 4087 2423 4126 non
2456 4074 2680 4144 vidistis,
2720 4088 3000 4149 propterea
3032 4082 3253 4140 credere
3297 4091 3574 4145 recusatis.
3623 4093 3758 4164 Ergo

2179 4162 2296 4218 haec
2339 4165 2595 4234 aspicite,
2643 4168 2694 4222 in
2743 4168 2858 4225 htec
2898 4171 3194 4239 intendite,
3243 4175 3356 4232 hinc
3402 4195 3520 4249 qua:
3548 4162 3756 4241 cernit—is

2178 4255 2426 4324 Cogitate,
2476 4273 2594 4328 qua:
2637 4259 2789 4314 vobis
2839 4277 2942 4315 non
2996 4267 3258 4334 printer-ita
3310 4282 3614 4340 narrantur,
3661 4291 3752 4330 nec

2177 4345 2350 4401 futura
2381 4364 2476 4416 pra
2492 4350 2838 4420 nuntiantur,
2868 4353 2961 4408 sed
2989 4358 3270 4424 praesentia
3307 4359 3746 4420 demonstrantur.

2180 4437 2259 4491 An
2288 4438 2438 4493 vobis
2481 4439 2638 4495 inane
2664 4443 2746 4496 vel
2792 4442 2909 4499 leve
2936 4445 3164 4511 videtur,
3195 4459 3250 4502 et
3290 4451 3488 4505 nullum
3517 4455 3599 4508 vel
3635 4472 3748 4525 par-

2177 4545 2298 4584 vum
2332 4532 2528 4600 putatis
2571 4549 2689 4588 esse
2735 4536 3049 4592 miraculum
3094 4540 3352 4608 divinum,
3382 4547 3522 4614 quod
3569 4549 3620 4602 in
3657 4564 3746 4603 no-

2175 4621 2318 4676 mine
2359 4623 2515 4677 unius
2557 4624 2789 4680 crucifixi
2836 4630 3141 4686 universum
3171 4648 3336 4702 genus
3377 4639 3544 4694 currit
3570 4641 3744 4695 huma-

2175 4712 2351 4765 num?
2400 4712 2514 4768 Non
2564 4715 2771 4771 vidistis
2821 4719 2960 4788 quod
3019 4723 3330 4790 prtedietum
3380 4738 3432 4783 et
3483 4730 3743 4800 impletum

2174 4810 2255 4856 est
2281 4802 2348 4857 dc
2373 4802 2600 4858 humana
2631 4805 2832 4862 Christi
2861 4811 3161 4879 nativitate,
3194 4815 3322 4870 Ecce
3349 4819 3488 4890 virgo
3526 4822 3578 4874 in
3619 4834 3743 4876 utero

2171 4894 2401 4965 accipiet,
2431 4907 2476 4949 et
2504 4898 2664 4968 pariet
2689 4900 2853 4967 ﬁlium
2881 4917 2900 4954 :
2928 4904 3025 4957 sed
3055 4905 3245 4961 videtis
3271 4910 3411 4978 quod
3444 4913 3739 4980 prmdictum

2171 4999 2222 5040 et
2250 4987 2520 5056 impletum
2557 4999 2638 5045 est
2673 4991 2738 5045 ad
2766 4993 3032 5049 Abraham
3079 4998 3170 5053 Dei
3201 5002 3440 5067 verbum,
3471 5003 3538 5059 In
3572 5007 3740 5060 semine

2169 5085 2253 5130 tuo
2292 5077 2642 5133 benedicentur
2670 5098 2840 5136 omnes
2867 5095 3056 5154 gentes.
3101 5088 3216 5144 Non
3254 5092 3460 5148 vidistis
3500 5096 3635 5165 quod
3676 5096 3736 5148 de

2170 5168 2497 5224 mirabilibus
2541 5171 2738 5226 Christi
2783 5175 3092 5242 prtedictum
3117 5189 3235 5245 est,
3275 5180 3468 5249 Venite,
3509 5195 3555 5238 et
3588 5185 3737 5238 videte

2168 5275 2320 5326 opera
2347 5258 2569 5327 Domini,
2599 5279 2712 5331 qua:
2739 5266 2906 5333 posuit
2931 5268 3165 5340 prodigia
3189 5288 3340 5342 super
3365 5283 3548 5328 terram
3569 5275 3729 5346 (Psal.

2170 5364 2298 5413 λιν,
2322 5349 2419 5420 9):
2453 5352 2548 5408 scd
2577 5353 2766 5411 videtis
2813 5359 2954 5427 quod
3003 5362 3311 5430 praedictum
3352 5376 3462 5433 est,
3505 5368 3730 5422 Dominus

2165 5443 2292 5494 dixit
2331 5443 2399 5495 ad
2442 5461 2548 5511 me,
2585 5445 2748 5502 Filius
2785 5466 2922 5505 meus
2959 5469 3014 5506 es
3059 5463 3134 5520 tu,
3166 5471 3258 5527 ego
3302 5458 3452 5513 hodie
3485 5461 3626 5530 genui
3652 5468 3728 5513 te:

2164 5532 2363 5600 postulo
2389 5550 2420 5585 a
2445 5551 2522 5587 me
2542 5577 2557 5601 ,
2585 5547 2631 5589 et
2657 5538 2788 5594 dabo
2818 5541 2905 5595 tibi
2929 5553 3101 5612 gentes
3131 5546 3470 5604 han-editatem
3499 5561 3656 5616 tuam,
3684 5558 3724 5604 et

2162 5624 2520 5692 possessionem
2576 5637 2711 5680 luant
2765 5633 3002 5688 terminos
3050 5646 3197 5691 terra:
3242 5637 3398 5709 (Psal
3447 5657 3510 5708 ll,
3544 5641 3724 5711 7et8)o

2227 5743 2242 5767 ν
2264 5741 2312 5784 In
2334 5742 2460 5798 Mss,
2484 5738 2748 5804 uitari/esto.
