3988 6398
292 361 390 417 ,τι
1645 345 1846 402 LIBER
1887 343 2085 403 unus.

279 477 389 533 Non
434 469 608 528 vidistis
648 465 787 538 quod
834 462 1138 535 praedictum
1187 467 1271 517 est
1319 467 1372 515 et
1420 458 1693 530 impletum
1738 458 1806 512 de

276 565 498 636 passione
519 559 716 623 Christi,
742 555 1001 610 Foderunt
1024 568 1207 607 manus
1231 566 1367 605 meas
1391 560 1440 605 et
1469 550 1618 621 pedes
1647 564 1807 616 meos,

273 660 671 711 dinumeraverunt
711 649 877 703 omnia
903 663 1015 703 ossa
1046 662 1198 711 mea;
1239 645 1338 714 ipsi
1369 660 1485 698 vero
1514 642 1805 698 considera-

271 755 424 800 verunt
448 753 489 798 et
526 747 884 811 conspexerunt
912 754 991 792 me
1012 755 1031 804 ;
1078 737 1351 791 diviserunt
1395 736 1489 789 sibi
1517 735 1809 789 vestimenta

268 853 380 901 mea,
406 844 447 888 et
471 850 612 903 super
634 841 809 886 vestem
836 846 995 883 meam
1021 829 1263 882 miserunt
1287 835 1470 881 sortem
1500 841 1519 880 :
1543 825 1637 881 sed
1664 824 1809 879 vide-

264 929 324 981 tis
348 925 472 996 quod
510 925 558 978 in
595 924 782 979 eodem
824 922 1031 992 psalmo
1075 918 1388 989 praedictum
1419 925 1539 982 est,
1587 925 1641 971 et
1668 930 1809 971 nunc

262 1026 451 1088 apparet
484 1016 748 1087 impletum
774 1056 789 1081 ,
821 1011 1357 1068 Commemorabuntur
1385 1020 1432 1065 et
1461 1018 1807 1064 convertentur

257 1110 317 1162 ad
337 1108 587 1161 Dominum
616 1106 835 1159 universi
861 1106 989 1174 ﬁnes
1019 1113 1196 1172 terraz,
1222 1113 1267 1157 et
1293 1103 1578 1156 adorabunt
1604 1102 1655 1156 in
1681 1118 1804 1155 con-

254 1208 402 1269 spectu
428 1200 529 1269 ejus
555 1198 799 1251 universa:
823 1196 1004 1266 patria:
1032 1196 1256 1267 gentium
1278 1210 1298 1258 ;
1337 1195 1576 1266 quoniam
1600 1193 1807 1248 Domini

254 1299 317 1345 est
356 1305 582 1359 regnum,
614 1298 662 1342 et
699 1289 807 1358 ipse
853 1287 1195 1341 dominabitur
1236 1286 1457 1357 gentium
1490 1283 1658 1356 (Psal.
1691 1300 1801 1350 xxv,

258 1380 419 1444 17-19,
444 1379 531 1446 28,
560 1378 677 1450 29).
729 1378 845 1433 Non
872 1378 1082 1433 vidistis
1124 1378 1265 1449 quod
1309 1377 1376 1431 de
1416 1376 1805 1432 resurrectione

261 1474 427 1530 Christi
467 1472 775 1542 prmdietum
820 1481 979 1542 atque
1014 1471 1338 1540 completum
1385 1478 1505 1537 est,
1555 1469 1805 1539 loquente

260 1566 437 1622 Psalmo
461 1582 522 1621 ex
566 1581 794 1636 persona
838 1566 954 1633 ejus
997 1564 1143 1635 prius
1180 1563 1248 1618 de
1286 1562 1542 1617 traditore
1586 1571 1639 1616 et
1678 1576 1802 1628 per-

258 1659 549 1713 secutoribus
578 1658 695 1728 ejus
724 1677 738 1711 :
772 1654 1177 1727 Egrediebantur
1205 1658 1363 1727 foras,
1401 1666 1447 1708 et
1477 1654 1806 1723 loquebantur

258 1749 381 1803 simul
418 1750 467 1802 in
502 1764 705 1811 unum;
754 1750 1022 1803 adversum
1072 1764 1151 1801 me
1202 1745 1587 1799 insusurrabant
1634 1760 1804 1797 omnes

260 1843 418 1896 inimici
456 1844 567 1909 mei,
595 1843 862 1895 adversum
903 1858 982 1895 me
1019 1839 1306 1912 cogitabant
1337 1838 1473 1891 mala
1503 1838 1664 1900 mihi;
1691 1853 1803 1890 ver-

262 1933 353 1986 bum
370 1934 577 2002 iniquum
604 1932 956 2003 disposuerunt
981 1932 1247 1985 adversum
1273 1947 1367 1983 mc.
1395 1929 1515 1994 Ubi,
1546 1939 1601 1982 ut
1626 1937 1806 1983 osten-

264 2022 384 2076 deret
422 2022 543 2076 nihil
589 2038 683 2076 eos
727 2022 955 2075 valuisse
1007 2020 1301 2075 occidendo
1352 2026 1800 2081 resurrecturum,

265 2113 451 2182 subjecit
481 2124 636 2182 atque
671 2113 746 2166 ait
774 2130 786 2165 :
820 2110 1083 2181 Numquid
1107 2111 1194 2181 qui
1230 2110 1434 2173 dormit,
1464 2126 1566 2161 non
1601 2108 1804 2179 ndjiciet

266 2214 308 2255 ut
329 2203 572 2273 resurgat?
612 2203 675 2256 Et
705 2204 861 2271 paulo
888 2210 1008 2271 post
1034 2216 1154 2255 eum
1182 2200 1250 2255 de
1281 2201 1396 2271 ipso
1425 2217 1522 2254 suo
1551 2200 1803 2255 traditore

269 2308 343 2362 per
362 2294 578 2348 eamdem
610 2293 942 2363 pr0phetiam
976 2291 1341 2362 praedixisset,
1370 2291 1512 2361 quod
1545 2292 1595 2344 in
1624 2292 1801 2345 Evan-

270 2388 378 2457 gelio
402 2402 593 2457 quoque
621 2387 877 2456 scriptum
926 2393 1028 2451 cst,
1074 2384 1175 2450 Qui
1219 2384 1392 2438 edebat
1436 2401 1591 2453 panes
1642 2400 1799 2450 meos,

274 2480 480 2549 ainpliavit
516 2496 665 2549 super
693 2496 772 2533 me
810 2479 1138 2544 calcaneum;
1180 2476 1280 2532 hoc
1318 2486 1420 2541 est,
1469 2476 1803 2530 conculcavit

277 2584 374 2623 me:
410 2572 642 2625 continuo
668 2570 936 2633 subdidit,
971 2568 1048 2622 Tu
1077 2579 1275 2631 autent,
1314 2568 1543 2634 Domine,
1574 2568 1804 2622 miserere

286 2663 372 2726 mei,
395 2673 429 2715 et
451 2664 679 2717 resuscita
709 2680 787 2717 me
808 2704 822 2725 ,
855 2673 900 2716 et
940 2662 1149 2715 reddam
1183 2663 1283 2715 illis
1317 2661 1486 2731 (Psal.
1516 2678 1610 2722 XL,
1637 2663 1756 2716 7-H
1786 2678 1800 2728 ;

290 2750 404 2805 Joau.
428 2769 522 2819 sui,
550 2752 660 2825 t8).
691 2754 968 2823 lmpletnm
998 2763 1079 2807 cst
1110 2753 1231 2817 hoc,
1259 2752 1513 2806 dormivit
1535 2752 1799 2820 Christus,

291 2850 330 2892 et
348 2842 558 2912 evigilavit
584 2885 597 2906 ,
632 2845 733 2897 hoc
762 2853 875 2908 est,
908 2844 1197 2897 resurrexit
1231 2861 1243 2895 :
1278 2843 1370 2913 qui
1416 2858 1513 2912 per
1559 2843 1800 2898 eamdem

288 2932 550 3001 prophetiam
580 2937 630 2989 in
673 2935 777 2988 alio
809 2936 1013 3003 psalmo
1056 2934 1149 2998 ait,
1185 2932 1295 3003 Ego
1322 2934 1554 3000 dormivi,
1587 2944 1632 2989 et
1669 2952 1805 2988 som-

285 3036 375 3073 num
408 3026 525 3091 cepi;
563 3034 606 3078 et
651 3026 930 3088 casurrexi,
978 3026 1216 3097 quitiam
1262 3024 1513 3079 Dominus
1568 3028 1803 3096 suscipiet

283 3127 343 3164 me
372 3111 511 3182 (Psal.
538 3117 642 3188 ut).
676 3118 870 3172 Verum
917 3116 1018 3170 hoc
1060 3132 1162 3170 non
1201 3116 1425 3182 vidistis,
1475 3117 1569 3172 sed
1614 3118 1803 3173 videtis

285 3202 374 3270 ejus
393 3204 673 3275 Ecclesium,
708 3210 774 3263 de
803 3224 903 3279 qua
935 3210 1182 3263 similiter
1211 3210 1411 3264 dictum
1444 3219 1497 3265 et
1524 3211 1799 3281 impletum

286 3302 374 3359 est,
398 3294 578 3353 Domine
600 3300 735 3354 Deus
764 3318 902 3354 mens
927 3343 941 3365 ,
984 3302 1051 3353 ad
1089 3310 1134 3353 le
1178 3311 1349 3371 gentes
1374 3303 1568 3355 venient
1607 3305 1670 3356 ab
1708 3320 1798 3357 ea:-

286 3394 407 3440 tremo
430 3398 573 3457 terris,
598 3403 639 3445 et
667 3394 853 3459 dicent,
892 3391 1015 3446 Vere
1050 3394 1311 3446 mendacia
1338 3395 1599 3448 coluerunt
1634 3407 1801 3465 patres

286 3476 407 3528 nostri
431 3480 704 3547 simulacra,
736 3493 781 3537 et
813 3499 910 3535 non
944 3492 1015 3536 est
1050 3484 1101 3535 in
1133 3483 1236 3537 illis
1273 3484 1485 3538 utilitas.
1516 3485 1624 3539 lloc
1655 3496 1801 3542 certe

286 3565 371 3620 sive
399 3571 547 3625 velitis
580 3588 669 3629 seu
717 3574 915 3637 nolitis,
944 3573 1181 3643 aspicitis
1210 3592 1222 3627 :
1258 3584 1313 3628 ut
1356 3575 1399 3629 si
1443 3576 1616 3631 adhuc
1647 3578 1661 3607 ¹
1698 3578 1799 3631 ali-

284 3669 405 3722 quam
428 3662 594 3727 putatis
615 3679 735 3718 esse
768 3664 851 3717 vel
882 3663 1047 3718 fuisse
1075 3664 1125 3718 in
1154 3665 1456 3720 simulacris
1488 3668 1795 3734 utilitatem;

283 3755 396 3802 certe
429 3758 578 3808 tamen
608 3756 918 3810 innumeros
962 3757 1196 3825 gentium
1228 3758 1452 3826 populos
1482 3758 1684 3813 relictis
1715 3762 1796 3815 vel

281 3836 457 3906 abiectis
479 3846 549 3899 vel
576 3847 859 3902 contractis
888 3847 1196 3916 hujusmodi
1223 3850 1543 3905 vanitatibus
1572 3851 1797 3907 audistis

280 3926 437 3994 dicere,
464 3934 573 3991 Vere
610 3940 869 3993 mendacia
912 3941 1174 3994 coluerunt
1210 3950 1374 4012 patres
1433 3944 1591 3997 nostri
1633 3946 1796 3998 simu-

279 4017 405 4089 lucra,
430 4037 581 4084 etnon
611 4043 678 4086 est
726 4034 776 4085 in
800 4033 900 4087 illis
931 4033 1121 4087 utilitas
1150 4050 1168 4086 :
1211 4035 1255 4088 si
1299 4036 1445 4104 faciet
1475 4036 1623 4090 homo
1653 4038 1793 4104 deos,

275 4122 312 4165 α
344 4131 433 4172 ecce
467 4122 554 4191 ipsi
579 4142 675 4180 non
717 4134 833 4180 sunt
878 4127 951 4179 dii
986 4125 1209 4197 (Jerem.
1242 4143 1362 4191 xvi,
1397 4129 1484 4196 l9,
1514 4128 1641 4203 ΞΟ).
1687 4130 1795 4186 Nec

274 4211 428 4272 putetis
464 4226 623 4272 autem
665 4218 732 4272 ad
776 4235 937 4272 unum
985 4219 1216 4289 aliquem
1246 4220 1341 4275 Dei
1390 4221 1563 4275 locum
1609 4232 1795 4292 gentes

271 4301 501 4364 [medietas
540 4308 697 4365 fuisse
732 4322 1012 4375 venturas,
1044 4312 1294 4381 quoniam
1337 4311 1533 4365 dictum
1564 4322 1647 4366 est
1670 4354 1685 4381 ,
1713 4313 1793 4366 Ad

268 4396 305 4439 te
325 4405 467 4461 gentes
490 4402 673 4455 venient
698 4401 759 4453 ab
787 4411 1011 4456 extremo
1039 4412 1205 4457 teme.
1236 4401 1535 4473 lntelligite,
1570 4402 1614 4456 si
1647 4413 1793 4472 pote-

264 4482 372 4550 stis,
397 4488 453 4543 ad
482 4491 637 4548 Deum
670 4494 1116 4562 Christianorum,
1149 4497 1238 4564 qui
1281 4512 1528 4551 summus
1557 4506 1610 4551 et
1634 4513 1792 4552 verus

262 4578 500 4651 cstDeus,
540 4602 641 4641 non
685 4587 1003 4642 ambulando
1032 4589 1212 4642 venire
1257 4589 1491 4657 gentium
1546 4590 1787 4659 populus,

261 4669 333 4722 sed
357 4674 617 4733 credendo.
650 4679 782 4733 Nam
815 4694 899 4733 res
928 4679 1113 4733 eadem
1158 4680 1224 4733 ab
1263 4681 1370 4734 alio
1415 4681 1672 4750 propheta
1717 4683 1794 4736 sic

259 4768 560 4828 praenuntiata
598 4778 682 4824 est
714 4788 727 4823 ε
762 4768 1086 4837 Prwvnlebit,
1117 4771 1307 4841 inquit,
1339 4770 1587 4825 Dominus
1616 4772 1792 4825 adver-

257 4866 323 4905 sus
346 4872 450 4923 eos,
491 4869 534 4912 et
578 4860 924 4915 exterminabit
956 4878 1127 4915 omnes
1179 4861 1299 4914 deos
1342 4861 1563 4930 gentium
1605 4871 1792 4925 terrm;

255 4955 291 4994 et
314 4948 562 5005 adorabunt
590 4969 706 5006 eum
746 4953 1087 5022 unusquisque
1125 4955 1187 5006 de
1234 4952 1343 5007 loco
1382 4969 1473 5007 suo
1517 4954 1795 5025 amnesin-

253 5036 356 5091 ευιω
390 5044 597 5110 gentium
626 5042 883 5113 (Sep/ton.
919 5061 951 5097 ll
973 5086 986 5110 ,
1018 5042 1129 5115 11).
1174 5044 1325 5111 Quod
1369 5045 1444 5098 ait
1485 5044 1604 5108 ille,
1635 5045 1716 5098 Ad
1746 5056 1792 5098 te

254 5142 389 5184 omnes
422 5145 580 5205 gentes
632 5136 869 5200 venient;
913 5135 1013 5189 hoc
1056 5138 1129 5189 ait
1174 5137 1291 5202 iste,
1343 5136 1633 5189 Adornbunt
1677 5154 1791 5189 eum

254 5228 547 5299 unusquisque
588 5231 652 5284 de
694 5230 805 5282 loco
852 5246 962 5283 suo.
1011 5229 1152 5300 Ergo
1183 5229 1399 5283 venient
1435 5229 1501 5283 ad
1531 5245 1652 5283 cum
1685 5245 1788 5283 non

254 5317 515 5375 rt‘Cedcntes
540 5322 604 5376 de
634 5322 754 5375 loco
781 5336 899 5385 suo,
943 5322 1062 5390 quia
1092 5322 1376 5376 credentes
1406 5323 1454 5375 in
1486 5338 1605 5375 cum
1638 5322 1787 5377 inve-

253 5407 370 5461 nient
392 5424 500 5463 eum
529 5413 579 5466 in
608 5412 775 5467 corde
800 5426 917 5465 suo.
946 5411 1061 5466 Non
1083 5412 1287 5465 vidistis
1314 5411 1452 5481 quod
1479 5412 1788 5481 praedictum

255 5508 295 5549 et
314 5498 554 5569 impletqu
581 5512 668 5559 est
694 5503 763 5558 de
792 5503 1106 5557 ascensione
1129 5502 1347 5569 Christi,
1372 5503 1616 5557 Exaltare
1639 5519 1790 5570 super

256 5590 389 5658 talos,
416 5593 541 5651 Deus
580 5614 599 5651 :
646 5596 742 5651 sed
792 5595 981 5650 videtis
1035 5596 1177 5665 quod
1230 5596 1483 5651 continuo
1530 5595 1786 5664 sequitur,

261 5675 311 5731 Et
347 5699 475 5754 super
526 5706 726 5744 onmem
772 5696 957 5740 terram
998 5688 1160 5758 gloria
1204 5698 1289 5742 tua
1333 5688 1502 5757 (Psal.
1537 5702 1671 5752 cvn,
1703 5683 1785 5759 6).

306 5794 387 5845 'sie
404 5801 671 5855 Scrbonicus
693 5806 777 5853 διε,
810 5797 969 5865 [etiam
993 5798 1035 5849 si
1051 5799 1251 5865 φυκία]

3397 360 3505 418 173

1924 456 2013 511 Illa
2044 457 2111 513 de
2135 456 2346 514 Christo
2367 459 2474 528 jam
2515 461 2649 516 facta
2675 470 2835 533 atque
2875 471 3141 522 transacta
3172 470 3349 525 oumia
3388 488 3497 528 non

1920 548 2163 613 vidistis;
2211 549 2306 604 sed
2334 550 2434 605 ista
2477 553 2758 621 przesentia
2803 553 2856 608 in
2899 555 3015 624 ejus
3041 556 3280 614 Ecclesia
3317 561 3499 617 videre

1921 656 2018 696 vos
2046 657 2151 697 non
2192 644 2415 714 negatis.
2468 644 2700 716 Utraque
2728 646 2880 701 vobis
2926 648 3181 718 praedicta
3229 663 3500 709 monstra-

1917 749 2035 788 mus
2061 752 2074 788 :
2098 743 2321 807 utraque
2347 746 2526 793 autem
2548 738 2696 794 vobis
2725 739 2940 809 impleta
2968 752 3247 811 propterea
3274 744 3500 799 demon-

1915 834 2086 879 strare
2110 825 2333 881 videnda
2363 843 2469 883 non
2498 844 2800 898 possumus,
2830 832 2949 901 quia
2995 848 3246 890 revocare
3278 838 3328 888 in
3363 851 3496 891 con-

1914 925 2154 984 spectum
2186 920 2452 986 praeterita
2492 936 2599 975 non
2638 923 2897 977 valemus.

2003 1006 2227 1063 CAPUT
2281 1009 2342 1061 V.
2404 1040 2475 1050 —
2535 1010 2588 1065 8.
2647 1011 2983 1067 Prwsentium
3028 1016 3265 1070 exltibitio
3322 1020 3501 1072 astruit

1914 1095 2066 1163 [idem
2130 1100 2499 1166 praeteritorum
2550 1111 2596 1155 et
2652 1105 2963 1174 futurorum.
3057 1106 3164 1161 Sed
3228 1110 3492 1178 quemad-

1914 1188 2133 1245 modum
2190 1193 2483 1248 voluntates
2544 1196 2836 1250 amicorum
2890 1212 3009 1266 qua:
3060 1215 3165 1253 non
3222 1200 3488 1265 videntur,

1913 1282 2203 1340 creduntur
2252 1300 2345 1355 per
2390 1286 2578 1341 iudicia
2632 1303 2751 1358 quae
2797 1287 3073 1355 videntur;
3131 1291 3209 1345 sic
3257 1292 3494 1347 Ecclesia

1913 1390 2032 1445 quae
2082 1393 2225 1432 nune
2279 1378 2523 1446 videtur,
2576 1381 2814 1435 omnium
2864 1396 2985 1451 qua:
3036 1396 3142 1436 non
3198 1381 3485 1447 videntur,

1910 1467 2004 1522 sed
2054 1468 2106 1523 in
2155 1470 2233 1525 eis
2272 1470 2461 1526 litteris
2511 1471 2602 1526 ubi
2655 1481 2709 1527 et
2746 1474 2858 1542 ipsa
2904 1482 2987 1527 est
3036 1473 3283 1543 prmdicta
3333 1490 3490 1529 mon-

1909 1568 2170 1627 strantur,
2221 1570 2274 1615 et
2322 1561 2478 1616 index
2525 1573 2605 1617 cst
2656 1564 3081 1633 praeteritorum,
3140 1573 3193 1618 et
3240 1580 3494 1633 praenun-

1913 1648 1982 1702 tia
2013 1647 2326 1704 t'uturorum.
2366 1650 2499 1718 Quia
2526 1659 2581 1705 et
2622 1655 2887 1720 przeterita
2914 1668 3032 1721 qua:
3072 1652 3179 1721 jam
3213 1668 3317 1707 non
3364 1669 3493 1723 pos-

1910 1749 2035 1795 sunt
2076 1741 2278 1807 videri,
2329 1751 2384 1797 et
2428 1745 2705 1813 praesentia
2752 1760 2869 1813 qua:
2918 1759 3019 1799 nec
3055 1753 3276 1814 poSsuat
3319 1747 3491 1801 videri

1908 1832 2086 1886 omnia
2118 1833 2167 1898 ⁸,
2198 1848 2319 1888 cum
2363 1835 2873 1903 praenuntiarcutur,
2908 1836 3034 1889 nihil
3066 1837 3254 1891 horum
3283 1848 3493 1907 poterat

1910 1930 2035 1977 tunc
2089 1922 2276 1978 videri.
2352 1924 2487 1979 Cum
2536 1941 2664 1996 ergo
2722 1926 2831 1981 lieri
2888 1928 3142 1997 praedicta
3192 1938 3493 2000 creperum,

1908 2029 1971 2069 ex
2016 2015 2121 2070 illis
2158 2032 2276 2086 qua:
2313 2016 2450 2073 facta
2480 2029 2602 2073 sunt
2630 2035 2796 2089 usque
2826 2020 2892 2073 ad
2937 2021 3033 2075 ista
3060 2037 3179 2091 qua:
3218 2022 3381 2086 ﬁunt,
3424 2023 3493 2077 de

1908 2106 2119 2161 Christo
2143 2116 2197 2162 et
2224 2108 2461 2163 Ecclesia
2490 2126 2607 2179 quae
2645 2110 2897 2180 praedicta
2924 2122 3046 2166 sunt
3085 2112 3323 2167 ordinata
3352 2116 3492 2167 serie

1907 2208 2255 2254 cucurrerunt
2284 2200 2385 2255 :ad
2412 2216 2572 2271 quam
2611 2201 2802 2257 seriem
2833 2204 3103 2271 pertinent
3125 2203 3192 2257 de
3220 2202 3309 2257 die
3345 2204 3493 2272 judi-

1907 2287 1996 2351 cii,
2023 2287 2091 2343 de
2120 2292 2505 2345 resurrectione
2530 2300 2880 2358 mortuorum,
2909 2292 2975 2347 de
2994 2294 3271 2362 impiorum
3294 2302 3493 2348 :rtcrua

1907 2376 2249 2434 damnatione
2280 2395 2400 2434 cum
2442 2380 2690 2448 diabolo,
2731 2392 2785 2436 et
2817 2381 2884 2437 de
2924 2384 3129 2451 piorum
3173 2394 3370 2438 interna
3413 2400 3498 2438 re.-

1908 2471 2279 2525 muneratione
2322 2486 2442 2526 cum
2489 2471 2740 2539 Christo,
2797 2489 2916 2543 qua:
2954 2474 3200 2529 similiter
3243 2475 3493 2545 przcdicta

1907 2570 2128 2616 ventura
2177 2570 2313 2617 sunt.
2372 2562 2479 2619 Cur
2529 2581 2656 2636 ergo
2699 2580 2786 2621 res
2834 2566 3031 2635 primas
3077 2578 3131 2622 et
3179 2569 3495 2622 novissimos

1906 2670 2037 2722 quas
2075 2669 2179 2709 non
2210 2656 2449 2711 videmus
2492 2672 2595 2711 non
2640 2657 2955 2723 credamus,
2988 2674 3107 2712 cum
3150 2668 3309 2713 testes
3349 2669 3496 2712 utra-

1907 2762 2130 2816 rumque
2173 2762 2261 2801 res
2298 2747 2500 2802 medias
2524 2763 2656 2817 quas
2694 2748 2937 2803 videmus
2966 2747 3253 2802 habeamus
3277 2789 3294 2815 ,
3334 2758 3493 2818 atque

1907 2838 1959 2891 in
1993 2839 2312 2907 propheticis
2343 2839 2493 2894 libris
2514 2850 2567 2895 et
2586 2843 2782 2909 primas
2801 2848 2851 2894 ct
2874 2840 3075 2895 medias
3097 2850 3150 2895 et
3170 2841 3488 2895 novissimus

1907 2931 1990 2984 vel
2016 2931 2291 2985 audiamus
2330 2932 2709 3002 przcnuntiatas
2732 2942 3015 3003 antequam
3056 2932 3270 2995 tierent,
3301 2934 3384 2987 vel
3412 2936 3490 2989 le—

1907 3024 2134 3091 gamus?
2176 3023 2285 3078 Nisi
2332 3024 2469 3079 forte
2511 3025 2837 3080 arbitrantur
2884 3026 3125 3081 homines
3174 3025 3417 3081 inﬁdeles
3456 3042 3487 3080 a

1906 3113 2225 3169 Christianis
2252 3115 2340 3168 illa
2370 3130 2491 3170 esse
2517 3116 2816 3185 conscripta
2841 3158 2856 3183 ,
2889 3126 2944 3170 ut
2976 3116 3072 3171 ista
3100 3132 3218 3185 quae
3240 3117 3347 3186 jam
3376 3132 3495 3173 cre-

1906 3204 2101 3259 debant
2139 3205 2309 3275 majus
2346 3206 2604 3262 haberent
2632 3206 2838 3277 pondus
2863 3206 3191 3263 auctoritatis
3213 3248 3227 3272 ,
3261 3208 3310 3261 si
3336 3217 3489 3261 auteo

1905 3312 2062 3366 quam
2092 3299 2361 3363 venirent,
2389 3306 2697 3367 putarentur
2716 3312 2834 3353 esse
2868 3297 3151 3366 promissa.

1976 3388 2199 3444 CAPUT
2242 3388 2325 3442 Vl.
2364 3419 2437 3429 -—
2479 3388 2531 3445 9.
2570 3389 2869 3444 Judworum
2915 3389 3111 3444 codices
3136 3388 3269 3459 ﬁdei
3304 3399 3490 3443 nostris

1909 3481 2272 3551 astipulantur.
2328 3481 2628 3536 Juda’orum
2662 3494 2795 3536 secta
2832 3498 2986 3553 quare
3019 3499 3121 3536 non
3165 3498 3370 3551 prorsus
3396 3481 3491 3535 de-

1907 3575 2027 3628 leta.
2080 3573 2233 3641 Quod
2285 3575 2329 3629 si
2370 3577 2738 3645 SttSpicantur,
2791 3576 3124 3630 inimicorum
3181 3584 3485 3630 nostrorum

1902 3666 2207 3722 Iudaeorum
2237 3667 2451 3722 codices
2482 3676 2898 3737 perscrutentur.
2932 3668 3025 3722 lbi‘
3044 3668 3220 3739 legant
3246 3669 3341 3722 ista
3369 3684 3489 3737 quae

1902 3758 2469 3825 commemoravimus,
2512 3760 2861 3829 praenuntiata
2886 3759 2953 3814 de
2986 3758 3199 3815 Christo
3242 3759 3294 3813 in
3326 3775 3486 3829 quem

1902 3848 2172 3903 credimus
2196 3891 2209 3915 ,
2243 3857 2295 3905 et
2325 3850 2564 3905 Ecclesia
2591 3866 2749 3931 quam
2777 3852 3046 3906 cernimus
3075 3851 3142 3905 ab
3166 3851 3315 3906 initio
3341 3851 3490 3907 labo-

1900 3941 2045 3996 rioso
2062 3942 2184 3999 ﬁdei
2206 3947 2225 3976 ¹
2250 3960 2414 4015 usque
2434 3946 2499 3999 ad
2517 3949 2893 4017 sempiternam
2917 3947 3293 4003 beatitudinem
3316 3948 3487 4016 regni.

1900 4031 2006 4087 Sed
2032 4049 2153 4088 cum
2185 4035 2395 4105 legunt,
2437 4053 2541 4090 non
2572 4022 2830 4093 mirentur
2854 4037 2994 4107 quod
3022 4039 3118 4091 ista
3162 4038 3235 4090 illi
3259 4051 3486 4106 quorum

1900 4124 2114 4179 codices
2140 4134 2262 4179 sunt
2280 4167 2293 4190 ,
2327 4136 2544 4196 propter
2571 4128 2967 4181 inimicitiarum
3001 4128 3247 4181 tenebras
3273 4142 3376 4180 non
3405 4127 3487 4180 in-

1900 4216 2161 4286 telligunt.
2204 4217 2336 4271 Nam
2378 4233 2471 4273 eos
2496 4234 2602 4272 non
2646 4218 3011 4272 intellecturos
3034 4218 3100 4271 ab
3124 4218 3321 4272 eisdem
3350 4219 3486 4273 Pro-

1900 4306 2074 4376 phetis
2119 4317 2244 4362 ante
2285 4308 2594 4377 prmdictum
2639 4318 2722 4363 est
2755 4327 2767 4362 :
2800 4307 2943 4379 quod
2974 4318 3029 4362 ut
3057 4316 3247 4362 caetera
3272 4318 3487 4378 Oporte-

1898 4401 1987 4454 bat
2032 4399 2238 4470 impleri
2265 4444 2280 4465 ,
2312 4410 2365 4457 et
2394 4401 2607 4457 occulto
2640 4402 2891 4473 justeque
2931 4401 3131 4473 judicio
3158 4402 3251 4457 Dei
3280 4403 3485 4459 meritis

1898 4507 2081 4547 corum
2116 4507 2324 4562 pmnam
2356 4493 2585 4549 debitam
2614 4492 2787 4550 reddi.
2821 4494 2915 4550 llle
2944 4496 3135 4565 quippe
3166 4511 3323 4565 quem
3356 4510 3485 4548 cru-

1897 4584 2199 4650 cilixerunt,
2231 4596 2282 4640 et
2306 4586 2391 4640 cui
2433 4584 2499 4640 fel
2526 4594 2576 4640 et
2604 4594 2810 4641 acetum
2836 4585 3128 4651 dederunt,
3162 4586 3402 4656 quamvis
3429 4587 3482 4642 in

1898 4676 2042 4746 ligno
2071 4676 2310 4745 pendens
2330 4719 2344 4743 ,
2392 4689 2607 4746 propter
2636 4693 2729 4733 eos
2765 4692 2897 4747 quos
2938 4676 3104 4731 fuerat
3135 4678 3185 4731 in
3211 4679 3383 4733 lucem
3416 4678 3485 4733 de

1899 4768 2132 4822 tenebris
2158 4768 2444 4823 educturus
2466 4808 2481 4834 ,
2536 4769 2729 4823 dixerit
2768 4768 2944 4831 Patri,
2974 4767 3187 4839 Ignosce
3211 4770 3332 4834 illis,
3365 4772 3482 4840 quia

1896 4858 2121 4911 nesciunt
2146 4858 2269 4927 quid
2297 4859 2491 4927 faciunt
2519 4858 2671 4928 (Luc.
2705 4874 2836 4913 χχιιι
2860 4900 2873 4923 ,
2903 4859 2992 4929 54)
3018 4876 3032 4924 ς
3066 4867 3243 4915 tamen
3267 4871 3483 4932 preptcr

1895 4957 2140 5014 caeteros,
2182 4962 2318 5017 quos
2343 4948 2721 5004 occultioribus
2750 4949 2927 5006 causis
2953 4949 3123 5005 fuerat
3150 4951 3481 5021 deserturos,

1897 5055 1991 5109 per
2018 5039 2328 5108 prophetam
2355 5048 2501 5093 tanto
2516 5051 2639 5095 ante
2662 5040 2926 5111 praedixit,
2968 5040 3226 5095 Dederunt
3251 5043 3301 5096 in
3317 5060 3481 5098 escam

1895 5148 2058 5184 nteant
2103 5131 2206 5203 fel,
2256 5140 2303 5184 et
2350 5132 2402 5185 in
2443 5132 2527 5186 siti
2565 5149 2676 5187 mea
2723 5143 3015 5204 potaverunt
3062 5151 3139 5188 me
3182 5144 3320 5190 aceto
3349 5151 3367 5189 :
3390 5136 3482 5203 ﬁat

1894 5240 2061 5276 mensa
2087 5238 2259 5275 eorum
2287 5240 2457 5276 coram
2484 5225 2608 5293 ipsis
2634 5226 2685 5278 in
2707 5226 3042 5297 muscipulam
3061 5269 3073 5290 ,
3105 5236 3153 5280 et
3179 5228 3231 5280 in
3263 5226 3479 5280 retribu-

1895 5315 2079 5366 tionem
2109 5322 2154 5366 et
2183 5315 2233 5366 in
2265 5315 2601 5379 scandalum;
2642 5316 2968 5370 obscurentur
3009 5318 3144 5371 oculi
3181 5332 3351 5370 eorum
3372 5358 3386 5381 ,
3420 5334 3480 5375 ns

1894 5406 2112 5470 videant,
2144 5417 2188 5460 et
2215 5406 2421 5460 dorsum
2440 5408 2645 5461 illorum
2660 5425 2855 5479 semper
2874 5410 3079 5461 incurva
3100 5408 3118 5479 (
3129 5406 3268 5460 Psal.
3296 5422 3477 5471 vaut,

1896 5501 2112 5573 22-24).
2141 5498 2272 5555 Cutn
2299 5515 2474 5569 causa:
2508 5501 2684 5573 itaque
2712 5510 2907 5557 nostra:
2947 5498 3369 5569 prtcclarissimis
3400 5506 3479 5552 te-

1961 5682 1975 5711 ι
2004 5685 2130 5734 Mss,
2162 5689 2273 5740 qua?
2288 5689 2414 5726 nunc
2429 5681 2625 5740 possunt»
2644 5675 2815 5740 rideri,
2832 5672 2990 5725 omnia
3012 5685 3137 5730 cmn,
3162 5679 3255 5721 etc.

1960 5745 1979 5771 ³
2005 5733 2341 5798 Μδεςγξιιῇαιηί
2362 5733 2671 5798 et'Galhcani.
2697 5733 2811 5798 fidei
2831 5749 2970 5798 quam
2991 5740 3215 5785 tenemus.
3243 5742 3291 5785 tit
3316 5748 3376 5784 ex
3404 5733 3480 5797 his

1898 5799 2105 5871 quidam,
2132 5797 2191 5849 ab
2214 5796 2348 5850 initio
2364 5797 2611 5865 laboriosa:
2621 5796 2752 5861 fidei.
