3996 6282
550 365 652 422 179

546 481 810 536 stimoniis
847 479 1261 552 circumquaque
1302 482 1575 539 ambulant
1602 485 1767 540 oculis
1808 488 2124 555 obscuratis,

548 583 601 625 ut
627 588 723 643 per
745 587 838 627 eos
864 573 977 629 haec
1013 574 1306 645 probentur
1329 617 1345 639 ,
1392 576 1480 631 ubi
1521 585 1575 633 et
1613 577 1709 648 ipsi
1756 579 2124 648 reprobantur.

547 663 670 718 Ideo
696 662 892 719 factum
921 673 1004 720 est
1025 705 1039 730 ,
1089 682 1157 720 ne
1186 667 1263 721 sic
1288 667 1596 724 delerentur
1616 711 1631 736 ,
1683 680 1739 727 ut
1767 671 1954 727 eadem
1980 682 2127 728 secta

548 752 768 808 omnino
806 754 947 808 nulla
979 764 1121 810 esset
1152 756 1167 787 ¹
1197 772 1219 821 ;
1247 758 1340 813 sed
1369 758 1607 829 dispersa
1634 770 1716 816 est
1744 776 1906 831 super
1934 771 2122 831 terras,

548 852 604 896 ut
632 854 853 912 portans
897 846 951 901 in
990 862 1089 903 nos
1115 849 1323 903 collata:
1347 851 1533 921 gratiae
1561 851 1867 921 prephetias
1895 852 1963 909 ad
1999 869 2128 909 con—

546 936 831 994 viucendos
872 939 1074 994 ﬁrmius
1112 940 1373 1008 inﬁdeles,
1405 943 1558 998 nobis
1587 944 1780 1015 ubique
1823 946 2123 1017 prodesset.

542 1025 612 1080 Et
653 1026 754 1083 hoc
799 1028 969 1099 ipsum
1018 1031 1160 1101 quod
1203 1031 1361 1100 dico,
1411 1034 1634 1105 accipite
1675 1037 2124 1107 quemadmodum

541 1118 700 1176 fuerit
747 1121 1113 1192 prophetatum
1156 1143 1170 1179 :
1212 1123 1293 1180 Ne
1345 1126 1587 1182 occideris
1634 1145 1751 1195 eos,
1804 1130 2011 1203 inquit,
2063 1147 2128 1184 ne

544 1212 744 1277 quando
782 1213 1136 1270 obliviscantur
1163 1217 1322 1284 legem
1361 1229 1535 1287 tuam;
1569 1216 1802 1295 disperge
1829 1239 1912 1295 eos
1937 1223 1990 1277 in
2017 1223 2123 1277 vir-

541 1311 642 1355 tute
667 1312 752 1355 tua
780 1301 949 1375 (Psal.
978 1321 1107 1362 LVII!
1130 1347 1144 1372 ,
1176 1306 1285 1380 12).
1311 1307 1427 1363 Non
1454 1318 1578 1364 sunt
1600 1326 1731 1382 ergo
1760 1312 1942 1380 occisi,
1977 1313 2027 1366 in
2058 1328 2124 1369 eo

536 1391 677 1460 quod
708 1407 813 1448 non
844 1407 965 1450 sunt
992 1413 1109 1467 quae
1136 1400 1272 1469 apud
1301 1416 1392 1456 eos
1423 1402 1733 1473 legebantur
1759 1413 1813 1460 et
1835 1405 2125 1463 audieban-
2153 1474 2157 1479 ν

540 1493 626 1537 tur
660 1483 830 1538 obliti.
869 1486 924 1541 Si
969 1489 1110 1543 enim
1153 1488 1451 1561 Scripturas
1476 1503 1688 1549 sanctas
1710 1534 1724 1561 ,
1765 1497 2005 1566 quamvis
2031 1512 2123 1552 cas

516 1587 643 1640 .non
670 1573 1001 1646 intelligant,
1034 1580 1243 1648 penitus
1269 1582 1711 1639 obliviscerentur
1731 1627 1745 1652 ,
1781 1587 1833 1641 in
1876 1588 1993 1657 ipso
2022 1588 2118 1644 Ju-

536 1662 687 1721 daico
726 1666 831 1722 ritu
857 1669 1262 1740 occiderentur;
1310 1674 1432 1744 quia
1464 1691 1586 1730 cum
1615 1678 1771 1748 Legis
1797 1689 1852 1734 et
1880 1680 2120 1751 Prophe-

537 1762 709 1809 tarum
756 1757 891 1815 nihil
934 1770 1154 1816 nossent
1196 1762 1365 1819 Judaei
1390 1807 1405 1830 ,
1458 1767 1712 1840 prodesse
1738 1785 1841 1824 non
1879 1783 2118 1841 possent.

536 1844 677 1916 Ergo
702 1848 861 1903 occisi
902 1865 1008 1905 non
1047 1862 1206 1920 sunt,
1259 1854 1354 1909 sed
1396 1855 1625 1926 dispersi
1658 1877 1670 1913 :
1700 1868 1757 1929 ut
1797 1865 2039 1933 quamvis
2066 1865 2120 1919 in

535 1940 642 1995 lide
673 1943 718 2007 ³,
746 1943 885 1998 unde
909 1945 1038 2000 salvi
1069 1946 1278 2015 ﬁerent,
1312 1966 1415 2006 n0n
1441 1952 1731 2025 haberent;
1761 1963 1940 2013 tamen
1980 1958 2122 2014 unde

541 2047 640 2088 nos
689 2034 1103 2105 adjuvaremur,
1153 2042 1410 2098 memoria
1464 2046 1795 2114 retinerent,
1844 2049 1897 2105 in
1946 2048 2123 2107 Libris

536 2123 915 2196 suifragatores
937 2170 952 2196 ,
990 2129 1043 2184 in
1073 2132 1324 2189 cordibus
1353 2137 1521 2191 nostri
1564 2137 1747 2196 hostes
1770 2179 1788 2210 ,
1827 2140 1881 2196 in
1917 2142 2120 2198 codici-

533 2215 636 2271 bus
662 2226 845 2275 testes.

606 2309 830 2366 CAPUT
855 2310 967 2369 VII.
984 2345 1056 2355 —
1068 2316 1153 2372 10.
1173 2316 1348 2374 Totius
1365 2323 1541 2377 mundi
1555 2324 1681 2392 ﬁdes
1695 2326 1747 2381 in
1765 2326 2017 2383 Christum
2034 2330 2122 2384 mi-

532 2397 758 2454 rabiliter
769 2403 1054 2461 conciliata.
1079 2406 1390 2481 Quanquam
1402 2412 1562 2467 etiam
1582 2415 1626 2470 si
1648 2416 1714 2472 de
1725 2416 1937 2474 Christo
1949 2430 2002 2475 et
2018 2420 2122 2477 Ee-

532 2490 692 2549 clcsia
713 2493 1011 2550 testimonia
1028 2498 1167 2553 nulla
1188 2503 1575 2572 praecederent,
1594 2524 1750 2576 quem
1777 2526 1881 2566 non
1904 2527 2121 2569 movere

531 2578 755 2636 deberet
779 2591 837 2638 ut
855 2586 1118 2655 crederet,
1136 2602 1354 2660 repente
1379 2595 1613 2654 illuxisse
1632 2598 1861 2655 divinam
1888 2602 2120 2660 humano

530 2672 715 2741 generi
753 2675 1069 2748 claritatem,
1097 2684 1308 2752 quando
1330 2687 1567 2746 videmus
1593 2692 1790 2748 relictis
1815 2694 1918 2751 diis
1948 2696 2114 2764 falsis,

531 2770 792 2820 eteorum
818 2768 1105 2828 confractis
1152 2789 1529 2850 usquequaque
1555 2783 1874 2852 simulacris,
1905 2789 2118 2858 templis

529 2852 833 2924 subversis,
875 2860 989 2916 sive
1018 2863 1069 2919 in
1111 2880 1239 2921 usus
1279 2870 1415 2927 alios
1452 2877 1827 2940 commutatis,
1870 2888 2027 2948 atque
2050 2880 2118 2935 ab

531 2943 762 3001 humana
793 2953 1221 3010 vetcrnosissima
1248 2964 1631 3021 consuetudine
1654 2976 1733 3022 tot
1758 2968 1909 3024 vanis
1929 2971 2117 3028 ritibus

532 3037 858 3109 exstirpatis,
884 3057 1046 3098 unum
1070 3062 1256 3103 verum
1283 3050 1448 3107 Deum
1477 3054 1546 3109 ab
1568 3058 1816 3115 omnibus
1846 3061 2119 3120 invocari?

467 3120 476 3129 ’
531 3126 599 3181 Et
628 3127 728 3184 hoc
755 3146 874 3187 esse
898 3133 1092 3193 factum
1119 3154 1214 3208 per
1237 3157 1395 3197 unum
1427 3144 1696 3205 hominem
1718 3151 1787 3205 ab
1813 3151 2117 3211 hominibus

532 3218 766 3289 illusum,
791 3228 1258 3300 comprehensum,
1288 3234 1540 3303 vinctum,
1566 3237 1907 3311 ﬂagellatam,
1934 3248 2115 3318 expal-

531 3321 731 3367 matum
762 3313 804 3382 ³,
835 3318 1235 3387 exprobratum,
1260 3327 1592 3397 crucifixum,
1625 3334 1862 3390 occisum
1897 3354 1910 3391 :
1943 3337 2105 3394 disci—

527 3402 669 3470 pulis
693 3403 829 3475 ejus,
870 3423 1005 3477 quos
1030 3411 1220 3470 idiotas
1243 3456 1257 3478 ,
1290 3426 1344 3471 et
1384 3418 1691 3497 imperitos,
1718 3436 1770 3480 et
1802 3427 2110 3496 piscatores.

529 3502 587 3548 et
614 3494 921 3564 publicanos
942 3543 959 3569 ,
1009 3519 1103 3573 per
1129 3521 1262 3576 quos
1289 3510 1404 3579 ejus
1446 3494 1805 3585 magisterium
1834 3536 2110 3579 commen-

528 3583 779 3654 daretur,
819 3591 981 3663 elegit
1003 3636 1020 3662 ,
1050 3600 1481 3661 annuntiantibus
1504 3606 1619 3677 ejus
1644 3613 2107 3681 resurrectionem,

525 3678 895 3736 ascensionem
918 3724 933 3748 ,
977 3700 1134 3755 quam
1165 3704 1224 3745 se
1254 3691 1449 3749 vidisse
1488 3696 1768 3768 dixerunt,
1813 3712 1868 3759 et
1905 3704 2107 3776 impleti

527 3764 725 3837 Spiritu
746 3782 948 3842 sancto,
971 3777 1070 3833 hoc
1094 3778 1438 3853 Evangelium
1469 3786 1951 3874 linguispmnibus,
1977 3814 2110 3869 quas

505 3873 632 3937 non
664 3860 973 3932 didicerant,
1006 3883 1319 3929 sonuerunt.
1351 3876 1496 3942 Quos
1518 3882 1605 3950 qui
1636 3860 1951 3956 abdierunt,
1982 3906 2107 3959 par-

525 3947 621 4002 tim
648 3951 1008 4023 crediderunt,
1039 3962 1230 4029 partim
1259 3980 1365 4020 non
1389 3947 1669 4029 credentes
1696 3947 2107 4044 praedicantibus

527 4038 775 4097 ferociter
817 4048 1147 4107 restiterunt.
1192 4053 1267 4110 ita
1306 4056 1551 4117 ﬁdelibus
1576 4038 1745 4136 usque
1774 4068 1840 4124 ad
1877 4067 2105 4129 mortem

522 4144 622 4200 pro
652 4134 872 4193 veritate
890 4180 904 4204 ,
934 4156 1040 4197 non
1067 4145 1202 4201 mala
1224 4151 1568 4219 rependendo
1590 4197 1604 4222 ,
1635 4134 1730 4214 sed
1761 4166 2108 4232 perpetiendo

521 4228 877 4297 certantibus,
919 4249 1019 4290 nec
1044 4238 1338 4297 occidendo
1361 4285 1377 4310 ,
1409 4246 1502 4302 sed
1529 4250 1807 4309 moriendo
1842 4256 2104 4315 vincenti-

520 4311 660 4382 bus;
702 4319 778 4374 sic
823 4321 875 4374 in
906 4323 1069 4399 istam
1104 4329 1416 4401 religionem
1454 4348 1687 4396 mutatus
1729 4354 1811 4400 est
1852 4349 2102 4418 mundus,

520 4405 599 4460 sic
631 4406 696 4463 ad
740 4408 841 4465 hoc
882 4411 1229 4485 Evangelium
1273 4424 1434 4479 corda
1477 4442 1734 4486 conversa
1776 4440 2100 4509 mortalium,

521 4498 747 4553 marium
770 4510 822 4555 et
844 4499 1158 4563 feminarum
1175 4551 1191 4577 ,
1223 4502 1564 4582 parvulorum
1590 4528 1748 4591 atque
1770 4540 2101 4597 magnorum,

520 4583 796 4646 doctorum
823 4602 877 4649 et
905 4596 1234 4681 indoctorum
1256 4645 1270 4669 ,
1300 4606 1615 4675 sapientium
1641 4622 1695 4667 et
1721 4614 2100 4691 insipientium,

519 4682 815 4744 potentium
848 4694 900 4739 et
922 4674 1276 4765 inﬁrmorum,
1307 4674 1560 4755 nobilium
1581 4711 1634 4757 et
1656 4674 1983 4775 ignobilium,
2013 4674 2105 4767 ex:

520 4767 786 4829 celsorum
810 4785 864 4830 et
886 4776 1159 4841 humilium
1180 4829 1196 4855 ,
1237 4797 1293 4847 et
1323 4805 1419 4861 per
1444 4806 1630 4851 omnes
1651 4804 1841 4867 gentes
1865 4799 2102 4859 Ecclesia

720 4926 938 4986 potiores
955 4937 1058 4984 atss.
1085 4944 1143 4988 At
1159 4940 1296 5004 editi,
1320 4952 1373 4998 ut
1393 4949 1563 5003 eadem
1595 4955 1726 5018 facta
1758 4961 1947 5016 arietino
1965 4968 2101 5020 nulla

580 5044 602 5135 ξ
622 5046 1158 5135 ξᾞῗῖῗέἕὲἱᾞῖβϋα,
1171 5068 1384 5135 quamvis
1402 5069 1567 5135 βάθη·

515 5105 761 5220 ὼς]
775 5105 1198 5241 ἓέιδξειὲιῖἓίέιέὸῐιῖ
1218 5105 1691 5198 Μεεηωεᾶῖῖἇίῖἶᾶιωηι
1702 5157 1723 5208 ;
1743 5148 1873 5210 quod
1890 5154 2094 5207 verbum

1372 5332 1969 5363 ᾗ

995 364 1082 419 DE
1122 366 1275 420 FIDE
1318 366 1555 425 RERUM
1594 369 1758 437 QUIE
1798 371 1931 429 NON
1973 372 2335 440 VIDENTUR,
2375 375 2429 430 S.
2475 376 2839 436 AUGUSTINI
2883 383 3086 443 LIBER
3123 387 3319 446 UNUS.
3707 399 3794 459 {80

2236 487 2424 543 diffusa
2465 490 2543 546 sic
2579 493 2776 563 crevit,
2808 503 2864 551 ut
2890 498 3051 555 etiam
3081 510 3265 556 contra
3308 503 3476 573 ipsam
3503 507 3791 569 catholicam

2236 576 2394 632 ﬁdem
2423 581 2567 637 nulla
2614 591 2759 641 secta
2788 601 3035 654 perversa
3057 630 3073 656 ,
3113 592 3313 647 nullum
3349 610 3520 664 genus
3550 601 3788 660 exoriatur

2234 669 2455 735 erroris,
2481 671 2622 739 quod
2650 673 2719 727 ita
2748 676 3048 744 reperiatur
3068 680 3372 739 christiana:
3396 689 3604 743 veritati
3622 691 3791 747 adver-

2233 758 2340 812 sari
2364 799 2378 823 ,
2426 769 2483 814 ut
2527 777 2632 818 non
2676 763 2888 822 affectet
2925 778 3087 838 atque
3124 774 3325 829 ambiat
3365 776 3561 834 Christi
3599 754 3807 842 neruiuel

2230 848 2449 918 gloriari
2486 867 2499 905 :
2530 852 2672 921 quod
2710 856 2926 925 quidem
2976 875 3080 914 non
3121 863 3385 920 sineretur
3432 870 3686 938 pullulare
3716 890 3793 944 per

2234 946 2449 1005 terram,
2482 943 2583 997 nisi
2613 956 2891 1002 exerceret
2913 963 3096 1005 sanam
3123 961 3176 1007 et
3206 955 3317 1024 ipsa
3344 959 3688 1017 contradictio
3720 943 3794 1019 fdi.

2231 1028 2531 1099 sciplinam.
2570 1032 2795 1101 Quando
2820 1045 3021 1092 tantum
3067 1042 3354 1101 cruciﬁxus
3400 1047 3491 1104 ille
3532 1052 3789 1119 potuisset,

2232 1119 2335 1173 nisi
2378 1120 2517 1176 Deus
2568 1122 2840 1180 hominem
2887 1132 3248 1202 suscepisset,
3295 1136 3504 1193 etiamsi
3550 1139 3690 1195 nulla
3716 1158 3793 1212 per

2231 1208 2526 1282 Prophetas
2572 1214 2744 1273 futura
2792 1220 2913 1274 talia
2963 1223 3331 1291 prmdixissct?
3376 1229 3510 1285 Cum
3549 1247 3675 1289 vero
3704 1208 3792 1289 tam

2229 1317 2479 1375 magnum
2509 1307 2716 1377 pietatis
2737 1322 3129 1370 sacramentum
3171 1317 3415 1374 habuerit
3437 1324 3792 1382 antecedentes

2228 1405 2377 1452 vates
2403 1414 2529 1454 suos
2558 1402 2573 1432 ¹
2601 1410 2760 1471 atque
2780 1418 3059 1474 prsccones
3078 1449 3092 1475 ,
3125 1424 3350 1478 quorum
3380 1413 3572 1470 divinis
3593 1419 3791 1479 vocibus

2229 1494 2313 1540 est
2341 1490 2746 1556 prtenuntiatum
2773 1533 2788 1558 ,
2819 1501 2876 1548 et
2912 1495 2991 1549 sic
3022 1499 3225 1553 venerit
3252 1503 3695 1571 quemadmodum
3722 1520 3791 1566 est

2228 1580 2660 1649 praenuntiatum,
2693 1584 2809 1654 quis
2840 1586 2907 1641 ita
2937 1587 3001 1642 sit
3038 1588 3258 1647 demens
3278 1632 3292 1660 ,
3321 1603 3378 1648 ut
3411 1596 3552 1653 dicat
3579 1601 3791 1671 Aposto-

2227 1668 2308 1724 los
2335 1671 2401 1725 de
2422 1672 2633 1729 Christo
2660 1674 2821 1731 fuisse
2844 1681 3117 1748 mentitos,
3141 1698 3299 1753 quem
3330 1687 3407 1742 sic
3430 1690 3646 1746 venisse
3669 1709 3787 1762 pra:-

2226 1759 2567 1832 dieaverunt,
2598 1767 3046 1835 quemadmodum
3078 1788 3199 1828 eum
3229 1786 3509 1833 venturum
3530 1781 3791 1853 Propheta:

2226 1860 2350 1907 ante
2396 1855 2791 1926 praedixerunt,
2844 1863 2934 1932 qui
2981 1879 3078 1919 nec
3106 1865 3173 1921 de
3217 1867 3345 1938 ipsis
3373 1871 3646 1941 Apostolis
3684 1890 3790 1932 vera

2227 1939 2397 1997 futura
2426 1948 2747 2001 tacuerunt?
2785 1950 2860 2005 De
2896 1951 2977 2007 his
3002 1956 3199 2027 quippe
3223 1939 3469 2016 dixerant
3500 1982 3514 2019 :
3548 1963 3674 2021 Non
3692 1978 3792 2022 sunt

2225 2031 2436 2102 loquela:
2460 2051 2617 2105 neque
2649 2055 2902 2097 sermones
2922 2085 2936 2109 ,
2980 2062 3197 2115 quorum
3234 2067 3333 2106 non
3370 2055 3651 2111 audiantur
3672 2074 3793 2114 voces

2225 2139 2397 2178 eorum
2415 2145 2434 2192 ;
2454 2128 2507 2182 in
2533 2145 2729 2185 omnem
2755 2142 2940 2188 terram
2966 2139 3119 2193 exiuit
3138 2157 3291 2197 sonus
3314 2160 3507 2215 eorum,
3530 2159 3582 2202 et
3610 2148 3661 2203 in
3685 2151 3793 2219 ﬁnes

2224 2216 2357 2270 orbis
2379 2226 2525 2274 terra
2552 2222 2698 2276 verba
2722 2241 2891 2280 eorum
2921 2226 3091 2299 (Psal.
3110 2248 3255 2298 xvttt,
3275 2236 3363 2290 ιιι
3378 2237 3456 2307 5).
3485 2239 3643 2307 Quod
3668 2216 3794 2299 certe

2226 2304 2277 2358 in
2312 2306 2443 2363 orbe
2490 2310 2730 2368 videmus
2771 2315 3083 2389 impletum,
3133 2325 3232 2379 etsi
3272 2326 3323 2380 in
3367 2343 3526 2384 carne
3572 2333 3787 2389 nondum

2225 2398 2450 2456 vidimus
2476 2401 2768 2461 Christum.
2802 2409 2931 2476 Quis
2957 2412 3134 2484 itaque
3158 2417 3260 2473 nisi
3288 2419 3514 2476 mirabili
3544 2423 3791 2480 dementia

2224 2501 2487 2558 emeatus,
2535 2503 2628 2548 aut
2675 2496 2902 2554 mirabili
2942 2504 3232 2571 pertinacia
3275 2507 3443 2566 durus
3475 2526 3540 2567 ac
3590 2515 3788 2581 ferreus,

2225 2581 2354 2637 nolit
2379 2582 2576 2640 habere
2617 2591 2784 2645 sacris
2826 2590 3046 2649 Litteris
3075 2595 3234 2652 ﬁdem
3260 2639 3274 2664 ,
3317 2616 3438 2672 quae
3466 2605 3632 2663 totius
3663 2607 3789 2663 orbis

2225 2674 2590 2742 prmdixcruut
2620 2678 2816 2736 ﬁdem?

2294 2764 2515 2822 CAPUT
2535 2767 2667 2823 VIII.
2684 2800 2757 2811 -
2783 2772 2867 2826 Η.
2890 2774 2972 2828 Ad
2991 2776 3111 2844 ﬁdei
3128 2779 3428 2836 immobilem
3444 2784 3788 2843 observantiam

2221 2855 2520 2911 cohortatio.
2551 2857 2658 2915 Vos
2678 2870 2877 2930 autem,
2901 2854 3222 2934 charissimi,
3251 2873 3339 2941 qui
3364 2873 3503 2930 hanc
3530 2876 3684 2932 ﬁdem
3711 2879 3788 2933 ha-

2222 2945 2378 3014 betis,
2397 2949 2477 3005 vel
2499 2953 2586 3022 qui
2605 2969 2745 3010 nunc
2756 2971 2946 3011 novam
2971 2958 3166 3016 habere
3185 2965 3443 3034 coepistis,
3466 2972 3725 3025 nutriatur
3741 2980 3786 3026 et

2221 3046 2428 3093 crescat
2447 3039 2499 3094 in
2522 3042 2691 3098 vobis.
2720 3044 2868 3101 Sicut
2890 3049 3031 3103 enim
3056 3063 3312 3108 venerunt
3332 3062 3643 3128 temporalia
3662 3071 3786 3116 tanto

2220 3142 2343 3183 ante
2368 3131 2617 3200 praedicta
2635 3136 2677 3201 ⁸,
2710 3139 2922 3193 venient
2949 3151 3002 3195 et
3029 3145 3351 3214 sempiterna
3379 3152 3660 3219 promissa.
3692 3153 3786 3209 Nec

2220 3233 2313 3274 vos
2343 3220 2609 3293 decipiant
2645 3229 2733 3283 vel
2770 3231 2891 3285 vani
2920 3232 3148 3304 Pagani,
3191 3239 3276 3293 vel
3323 3239 3439 3296 falsi
3482 3243 3689 3303 Judzei.
3715 3246 3784 3301 vel

2220 3308 2429 3367 fallaces
2455 3313 2706 3383 haeretici,
2735 3335 2835 3375 nec
2854 3324 3034 3378 nonin
3064 3326 3178 3397 ipsa
3204 3328 3473 3387 Catholica
3496 3336 3621 3389 mali
3649 3335 3785 3392 Chri-

2217 3402 2404 3468 stiani,
2436 3413 2581 3461 tanto
2606 3411 2938 3468 nocentiores
2968 3457 2982 3482 ,
3014 3428 3213 3486 quanto
3256 3420 3540 3481 interiores
3584 3427 3783 3483 inimici.

2217 3493 2351 3560 Quia
2396 3505 2452 3551 et
2494 3497 2617 3553 hinc
2656 3517 2725 3557 ne
2767 3506 3205 3574 perturbarentur
3251 3510 3478 3583 inﬁrmi,
3527 3519 3781 3588 prophetia

2215 3583 2392 3638 divina
2420 3603 2526 3642 non
2559 3591 2753 3659 tacuit,
2784 3593 2871 3648 ubi
2898 3595 3122 3667 loquens
3145 3600 3195 3654 in
3222 3598 3442 3659 Cantica
3474 3609 3780 3664 canticorum

2215 3689 2443 3745 sponsus
2471 3679 2535 3734 ad
2578 3669 2825 3751 sponsam
2851 3726 2866 3751 ,
2917 3686 2968 3742 id
3012 3699 3127 3753 est,
3172 3691 3416 3750 Christus
3454 3697 3707 3756 Dominus
3725 3700 3780 3756 ad

2214 3766 2507 3825 Ecclesium
2538 3790 2551 3826 :
2586 3773 2728 3828 Sicut
2757 3776 2954 3846 lilium,
2984 3781 3187 3851 inquit,
3219 3785 3271 3839 in
3298 3788 3461 3842 medio
3507 3792 3775 3861 spinarum,

2213 3858 2285 3912 ita
2319 3862 2550 3929 proxima
2590 3880 2700 3917 mea
2724 3866 2776 3919 in
2806 3868 2969 3923 medio
2991 3871 3218 3939 ﬁliarum
3258 3876 3428 3946 (Cant.
3456 3895 3492 3935 ll
3517 3858 3640 3955 ,2).
3680 3882 3778 3938 Non

2213 3951 2376 4020 dixit,
2410 3955 2461 4009 in
2490 3956 2666 4012 medio
2686 3967 3094 4031 extraneorum;
3127 3968 3243 4037 sed,
3276 3970 3327 4024 in
3351 3974 3514 4028 medio
3543 3976 3775 4044 ﬁliarum.

2216 4046 2317 4112 Qui
2361 4048 2509 4103 habet
2552 4067 2702 4106 aures
2747 4054 3020 4125 audiendi,
3076 4061 3300 4117 audiat:
3327 4074 3380 4120 et
3429 4066 3553 4123 dum
3605 4083 3776 4141 sagcna

2212 4154 2329 4209 quae
2356 4138 2517 4195 missa
2546 4152 2630 4197 est
2659 4144 2711 4199 in
2743 4162 2924 4215 mare,
2961 4159 3015 4206 et
3054 4164 3342 4227 congregat
3386 4159 3562 4215 omnia
3602 4177 3775 4234 genera

2213 4232 2435 4301 piscium
2462 4277 2477 4302 ,
2521 4236 2655 4292 sicut
2693 4249 2932 4296 sanctum
2960 4244 3196 4315 loquitur
3222 4249 3564 4323 Evangelium
3587 4232 3776 4320 ,vtrahi-

2213 4334 2298 4379 tur
2325 4327 2392 4382 ad
2432 4328 2578 4384 littus
2598 4371 2613 4396 ,
2644 4330 2693 4385 id
2730 4342 2810 4387 est
2829 4375 2846 4401 ,
2882 4336 2947 4392 ad
2970 4341 3151 4396 smculi
3188 4342 3348 4399 ﬁnem
3369 4388 3385 4413 ,
3413 4360 3655 4405 secernat
3676 4364 3729 4405 se
3747 4364 3770 4403 a

2213 4416 2447 4487 piscibus
2489 4422 2677 4487 malis,
2719 4427 2913 4493 corde,
2965 4446 3070 4486 non
3106 4447 3371 4505 corpore;
3410 4454 3587 4497 mores
3625 4442 3773 4496 malos

2213 4508 2492 4574 mutando,
2540 4527 2646 4567 non
2694 4516 2825 4571 retia
2865 4529 3045 4575 sancta
3074 4527 3375 4595 rumpendo
3401 4546 3417 4585 :
3447 4545 3514 4585 ne
3538 4532 3629 4602 qui
3652 4546 3773 4587 nunc

2214 4598 2416 4667 probati
2457 4603 2695 4672 reprobis
2724 4606 2973 4665 videntur
3009 4626 3129 4669 esse
3158 4618 3444 4687 permixti,
3473 4598 3578 4678 non
3605 4624 3768 4682 vitam.

2209 4690 2301 4743 sed
2332 4707 2539 4759 poenam
2569 4694 2589 4726 ³
2619 4699 2885 4765 reperiant
2918 4706 3291 4775 sempiternam
3319 4752 3335 4776 ,
3380 4726 3501 4768 eum
3532 4715 3770 4787 cmperiut

2210 4778 2262 4834 in
2294 4780 2471 4838 littore
2497 4788 2731 4855 separari
2756 4789 2968 4862 (Matth.
2999 4807 3096 4851 xr-‘t
3121 4838 3135 4863 ,
3164 4798 3218 4866 9,
3252 4801 3468 4876 47-50).

2271 4979 2287 5011 ³
2327 4980 2462 5054 editi,
2477 5051 2493 5062 Α
2508 4988 2649 5048 atque
2676 4986 2923 5041 credentes
2944 4995 3072 5042 vates
3101 5006 3229 5046 suos.
3270 4998 3573 5062 castigantur
3600 4999 3767 5049 auxilio

2204 5051 2650 5106 manuscriptorum.

2268 5101 2290 5174 ξ
2313 5101 2600 5174 mssa-tanta
2620 5109 2896 5174 pgrtedicta;
2918 5115 3114 5174 omisso,
3135 5121 3261 5167 ante.

2267 5163 2289 5195 ³
2321 5163 2764 5249 Nonnullioodices,
2789 5180 2840 5249 ut
2863 5163 2947 5235 qui
2966 5163 3301 5249 mapalia:
3318 5182 3534 5246 reprobis
3568 5181 3767 5234 ridentur

2198 5236 2300 5276 esse
2321 5229 2577 5291 permixti,
2600 5245 2693 5282 non
2728 5229 2945 5297 plenam,
2964 5238 3049 5287 sed
3072 5229 3232 5290 vitam.

523 5306 3754 5431 Im:
628 5309 642 5316 '
682 5312 793 5321 “’“““
824 5315 838 5322 “
912 5318 919 5325 “
1746 5348 1751 5356 ’
1814 5352 3525 5389 ""—’

601 5495 1306 5630 Inpiilbri'xgtmdenzid‘e‘ft
1323 5514 1631 5630 .Symbolg
1660 5527 1801 5630 vidis
1828 5529 2347 5630 lib.'1,nca‘p.ﬂi7,
2383 5543 2954 5630 Retractationum,
2992 5557 3138 5612 tom.
3170 5552 3228 5627 1,
3263 5553 3383 5617 col.
3412 5552 3553 5630 612,
3583 5572 3619 5615 a
3644 5567 3762 5614 ver-

509 5570 624 5649 bis,
658 5577 776 5638 Per
805 5581 969 5645 idem
1012 5590 1288 5671 tempus,
1323 5570 1513 5679 usique
1544 5603 1625 5664 ad
1648 5570 1979 5673 eldrbav‘cvol.

2027 5613 2166 5690 613‘,
2203 5620 2525 5695 Quoniam
2557 5627 2866 5705 scriptum
2898 5613 3015 5691 est.
3100 5632 3187 5693 M.

491 5806 3751 5908 ..___.___________________________________

3956 1612 3959 1641 ἶ

3950 1884 3960 1919 i

3956 2162 3959 2195 l

3957 2346 3959 2377 Ι

3956 2448 3960 2471 ι

3957 3080 3959 3112 l

3958 3172 3959 3203 l

3957 3454 3960 3480 l

3956 3646 3959 3663 ι

3957 3724 3959 3757 1

3957 3814 3960 3849 Ι

3957 3906 3959 3942 l

3956 3999 3960 4033 i

3954 4094 3960 4127 1

3956 4188 3960 4205 ι

3956 4280 3960 4309 ι

3956 4562 3959 4587 ι
