3988 6406
1065 381 2180 429 -ρ--ῤ--ο--η-σ--μ-μξὲ
2213 380 2220 430 !

1065 432 1405 443 _—_.__._..-__-
1428 431 1472 435 ._
1503 428 1642 433 .-._--.
1660 425 1772 432 ..α-...-
1825 422 2042 428 η-...ηυ-ν-

179 417 238 428 ..ρ
249 407 570 423 ..ᾔ-..ῤ-
578 407 911 413 -ή

176 415 849 457 ’μή
307 455 325 457 _
333 448 515 457 ..ο-.-.ο
537 446 606 454 __.
615 447 636 452 -
643 410 1088 452 ,ψῃ-ο...
1011 407 1314 444 .—_——_
1150 435 1228 442 ...ο
1239 434 1287 440 _.
1294 407 1398 439 ..—__.
1389 407 1418 437 -l
1428 407 1472 435 .⁵³-¹
1497 407 1505 433 Ι.
1527 407 1544 433 .¹.
1553 407 1644 433 __-..".
1650 407 1680 432 ..-

177 429 326 466 .σο-,αυ-Ι
333 429 370 459 -ρΙ
371 429 460 458 ...ο-ν.
455 429 607 455 I—ll—L'
615 429 1055 452 .-..___.__-——-—"—_—.._..—.—
1061 429 1108 443 ..-
1097 429 1142 442 —_—
1150 429 1228 442 ...μή
1239 433 1380 440 ._..-__.
1389 432 1405 437 -
1428 431 1435 435 .
1449 431 1472 434 _
1503 430 1505 433 .
1527 430 1544 433 --
1554 429 1598 433 _

650 495 805 638 S.
903 469 1722 630 AURELll

1084 686 1847 781 HIPPONENSIS
1905 682 2434 766 EPISCOPI

529 831 848 1000 DE
927 817 1494 995 FIDE
1556 809 1871 978 ET
1938 795 3033 974 SYMBOLO

1392 1066 1668 1154 uim
1717 1075 1934 1153 uiuis
1986 1041 2110 1141 (α).

1559 1226 1982 1288 εθζὶθο

225 1367 402 1434 smmi
419 1365 568 1426 capita
588 1356 782 1422 singula
801 1351 1015 1404 studiose
1039 1345 1342 1410 explicantur
1358 1375 1374 1402 ,
1397 1351 1509 1392 cum
1531 1324 2007 1456 ὺένὲΐιὲῖοέἓὲὶὲἓρὶ
2029 1324 2275 1376 catholicte
2308 1323 2692 1382 adversantium,
2718 1328 2770 1371 et
2788 1323 2995 1370 maxime
3021 1321 3385 1370 Manicixeoruui

241 1532 430 1591 CAPUT
467 1525 748 1585 PRlMUM.
780 1554 848 1564 ——
865 1525 916 1578 1.
942 1521 1067 1586 Qua?
1095 1532 1250 1570 causa
1276 1522 1320 1566 et
1337 1523 1520 1580 scapus
1547 1502 1713 1573 aperis

180 1627 412 1700 proiectis.
459 1621 722 1689 Quoniam
768 1617 1022 1682 scriptum
1077 1619 1159 1666 est
1197 1616 1252 1660 et
1290 1600 1598 1674 apostolicm
1637 1595 1719 1649 di-

179 1688 376 1790 sciplinae
406 1712 772 1772 robustissima
808 1705 1122 1762 auctoritate
1150 1703 1438 1757 ﬁrmatum,
1475 1689 1606 1755 Quia
1624 1688 1716 1790 j‘u-

179 1777 266 1866 stus
305 1826 363 1864 ex
401 1807 497 1877 ﬁde
524 1805 639 1858 vivit
680 1800 700 1874 (
735 1799 929 1853 Habeo.
982 1810 1040 1860 ιι,
1083 1793 1154 1855 4;
1207 1787 1377 1843 Gulat.
1430 1799 1521 1877 tu,
1555 1781 1615 1834 11
1647 1777 1665 1849 )
1703 1794 1717 1843 ;

180 1913 318 1971 eaque
342 1873 462 1954 ﬁdes
475 1873 710 1952 ofﬁcium
738 1906 768 1944 a
790 1888 942 1943 nobis
961 1884 1118 1954 exigit
1135 1889 1188 1936 et
1213 1877 1387 1934 cordis
1413 1882 1466 1929 et
1493 1873 1718 1941 linguae;

180 1968 385 2048 aitvenim
429 1985 735 2058 Apostolus,
766 1981 926 2037 Corde
976 1977 1198 2032 creditur
1221 1971 1289 2026 ad
1333 1968 1611 2040 justitiam,
1638 1979 1723 2016 ore

182 2094 319 2138 autent
338 2081 569 2153 confessio
599 2080 659 2148 ﬁt
695 2075 763 2130 ad
791 2073 1006 2127 salutem
1037 2069 1056 2139 (
1090 2066 1243 2121 Rom.
1269 2079 1326 2126 χ.
1372 2062 1440 2117 10
1560 2071 1720 2153 opor-

187 2187 245 2232 tet
263 2191 345 2231 nos
367 2148 478 2230 esse
503 2180 559 2228 et
581 2168 800 2241 iustitia:
828 2175 1092 2218 memores
1133 2167 1187 2212 ct
1235 2153 1440 2211 salutis.
1465 2148 1721 2218 Quando-

186 2266 360 2337 quidem
383 2266 432 2318 in
474 2237 801 2330 sempiterna
834 2253 1038 2324 justitia
1071 2244 1364 2318 regnatnri,
1396 2257 1426 2296 a
1468 2237 1724 2312 praesenti

189 2331 348 2413 seculo
370 2355 590 2424 maligno
638 2349 770 2406 salvi
807 2345 1066 2416 ﬁerinon
1093 2351 1399 2410 possumus,
1430 2331 1532 2387 nisi
1557 2339 1610 2386 et
1627 2342 1726 2382 nos

193 2450 442 2504 adsalutem
471 2422 840 2516 proximorum
871 2437 1126 2497 nitentes,
1156 2430 1320 2486 etiam
1345 2441 1440 2482 ore
1472 2422 1724 2494 proﬁtea-

198 2557 289 2596 ntur
310 2540 441 2595 ﬁdem
455 2552 613 2609 quam
642 2533 807 2590 corde
838 2521 1140 2601 gestamus:
1165 2538 1283 2594 qua
1325 2520 1456 2576 ﬁdes
1483 2533 1551 2574 ne
1575 2517 1725 2572 frau-

203 2633 380 2687 dulentis
422 2607 798 2688 eailiditatibus
844 2622 1216 2676 haereticorum
1256 2613 1422 2685 possit
1463 2611 1516 2664 in
1576 2607 1728 2663 nobis

210 2722 343 2791 aliqua
365 2736 415 2775 ex
454 2728 603 2790 parte
632 2714 843 2778 violari,
886 2713 969 2781 pia
995 2715 1258 2776 cautaque
1302 2700 1570 2772 vigilantia
1599 2711 1726 2768 pro-

213 2788 431 2866 videndum
455 2788 562 2864 est.
613 2807 713 2861 Est
737 2813 916 2858 autem
947 2797 1204 2855 catholica
1238 2793 1368 2849 ﬁdes
1389 2793 1440 2846 in
1472 2788 1729 2862 Symbolo

212 2911 302 2956 nota
338 2901 594 2966 ﬁdelibus,
652 2893 1036 2961 memoriaeque
1078 2886 1347 2950 mandata,
1399 2889 1594 2952 quanta
1642 2893 1730 2933 res

207 3008 321 3062 passa
345 3003 414 3048 est
435 2991 692 3048 brevitate
733 2984 998 3042 sermonis
1029 2999 1043 3036 :
1076 2988 1132 3036 ut
1163 2975 1542 3049 incipientibus
1568 2983 1731 3043 atque

205 3086 484 3152 lactentibus,
505 3085 587 3139 eis
607 3082 698 3153 qui
738 3080 790 3134 in
838 3075 1052 3132 Christo
1075 3071 1245 3128 renati
1301 3077 1444 3135 sunt,
1497 3065 1731 3121 nondum

203 3177 545 3246 Scripturarum
593 3172 896 3228 divinarum
926 3163 1330 3236 diligentissima
1373 3169 1429 3222 et
1470 3157 1732 3230 spirituali

203 3269 461 3324 tractatione
475 3277 636 3337 atque
668 3262 975 3332 cognitione
1027 3254 1313 3316 roboratis,
1346 3251 1528 3321 paucis
1557 3248 1736 3303 verbis

203 3359 474 3414 credendum
515 3357 950 3416 constitueretur,-
976 3347 1119 3420 qnod
1147 3345 1326 3401 multis
1359 3341 1536 3397 verbis
1566 3355 1734 3409 expo-

204 3451 391 3506 nendum
433 3458 574 3506 esset
619 3442 1038 3518 proﬁcientibus,
1072 3447 1126 3495 et
1151 3437 1216 3491 ad
1243 3435 1477 3490 divinam
1536 3431 1736 3485 doctri-

203 3555 299 3594 nam
317 3549 445 3596 certa
473 3537 786 3595 humilitatis
833 3543 995 3604 atque
1035 3527 1311 3586 charitatis
1337 3523 1588 3578 ﬁrmitate
1615 3531 1738 3575 Sur-

203 3633 425 3700 gentibus.
453 3632 562 3689 Sub
588 3629 719 3699 ipsis
766 3642 894 3696 ergo
949 3622 1132 3691 paucis
1169 3618 1346 3674 verbis
1393 3616 1444 3670 in
1481 3611 1741 3685 Symbole

205 3727 481 3793 constitutis,
510 3725 751 3796 plerique
781 3717 1016 3774 haeretici
1068 3728 1271 3770 venena
1327 3725 1420 3765 sua
1471 3706 1743 3762 occultare

206 3818 347 3871 conati
386 3827 542 3873 sunt:
587 3815 780 3885 quibus
811 3809 1006 3866 restitit
1033 3815 1090 3863 et
1133 3803 1332 3860 resistit
1357 3801 1533 3858 divina
1578 3798 1742 3852 mise-

207 3909 396 3965 ricordia
424 3925 512 3982 per
553 3905 861 3980 spirituales
889 3903 1050 3966 viros,
1079 3899 1167 3970 qui
1193 3895 1511 3952 catholicam
1552 3891 1736 3950 ﬁdem,

210 4014 295 4054 non
327 4011 509 4058 tantum
540 4002 592 4056 in
629 3999 734 4053 illis
765 3994 945 4052 verbis
997 3992 1240 4060 accipere
1269 3998 1325 4044 et
1353 3986 1596 4051 credere,
1645 3983 1740 4038 sed

137 4157 150 4172 ι
210 4093 339 4148 etiam
363 4094 576 4149 Domino
614 4089 884 4146 revelantc
924 4084 1218 4154 intelligere
1243 4088 1401 4149 atque
1429 4090 1750 4148 cognoscere

214 4196 498 4242 meruerunt.
522 4186 791 4254 Scriptum
819 4178 1090 4243 cstenim,
1135 4175 1250 4229 Nisi
1274 4171 1608 4235 credideritis,
1651 4183 1750 4221 non

215 4275 456 4347 intelligetis
483 4276 502 4349 (
526 4275 651 4330 Isai.
677 4289 770 4338 vn,
800 4273 854 4334 9,
887 4287 987 4324 sec.
1007 4259 1146 4322 LXX
1173 4265 1211 4335 ).
1237 4263 1342 4319 Sed
1367 4261 1609 4316 tractatio
1630 4257 1751 4312 ﬁdei

216 4366 270 4420 ad
310 4369 633 4424 muniendum
675 4363 987 4437 Symbolum
1041 4360 1226 4414 valet:
1259 4371 1364 4411 non
1391 4362 1448 4410 ut
1495 4353 1609 4422 ipsa
1657 4363 1754 4420 pro

216 4458 429 4530 Symbolo
449 4463 668 4534 gratiam
698 4458 792 4514 Dei
817 4452 1269 4524 consequentibus
1291 4447 1567 4504 meruerim
1602 4460 1753 4500 man—

219 4553 426 4611 dandaet
449 4554 713 4612 reddenda
746 4552 1023 4612 tradatur;
1054 4547 1150 4602 sed
1177 4554 1233 4600 ut
1255 4545 1342 4598 illa
1372 4557 1491 4612 quae
1514 4541 1565 4594 in
1591 4540 1749 4612 Sym-

223 4644 323 4700 bolo
342 4649 636 4713 retinentur,
671 4652 854 4701 contra
879 4641 1252 4695 hmreticorum
1277 4635 1496 4690 insidias
1522 4633 1756 4688 auctori-

225 4745 312 4792 tate
327 4741 565 4796 eatholica
591 4747 645 4794 et
662 4735 946 4792 munitiore
974 4730 1284 4787 defensione
1309 4726 1594 4781 custodiat.

283 4857 481 4915 CAPUT
518 4859 579 4914 Il.
604 4857 747 4911 —2.
781 4854 933 4920 Quod
976 4852 1120 4906 nulla
1147 4851 1294 4921 fuerit
1312 4857 1492 4901 natura
1518 4856 1763 4899 coarterna

232 4945 335 5014 Deo,
355 4968 408 5005 ex
424 4969 517 5022 qua
552 4950 798 5005 mundum
827 4947 1016 5019 fecerit.
1049 4941 1311 5010 Quomodo
1360 4939 1579 4992 mundus
1607 4955 1668 4992 ex
1689 4939 1764 4991 ni-

233 5038 393 5107 liito,si
416 5062 473 5098 ea:
518 5044 727 5098 materia
765 5039 970 5110 informi
1002 5041 1181 5108 factus.
1236 5031 1419 5086 Conati
1464 5041 1586 5085 sunt
1624 5031 1766 5085 enim

235 5131 413 5198 quidam
439 5135 760 5207 persuadere
790 5132 954 5187 Deum
979 5129 1191 5183 Patrem
1224 5140 1330 5180 non
1376 5139 1494 5178 esse
1524 5123 1768 5191 omnipo-

1828 1502 2023 1547 tentem
2052 1510 2064 1547 :
2093 1507 2198 1546 non
2235 1493 2359 1562 quia
2411 1493 2508 1545 hoc
2540 1491 2715 1559 dicere
2752 1489 2866 1544 ausi
2911 1499 3051 1554 sunt,
3084 1489 3174 1544 sed
3205 1490 3255 1542 in
3295 1488 3408 1543 suis

1826 1584 2195 1638 traditionibus
2245 1583 2344 1636 hoc
2390 1584 2587 1636 sentire
2636 1591 2688 1638 et
2737 1582 2957 1636 credere
2994 1584 3398 1635 convincuntur.

1824 1675 1957 1729 Cum
1988 1675 2127 1728 enim
2157 1674 2340 1728 dicunt
2361 1687 2478 1727 esse
2507 1681 2750 1726 naturam
2780 1687 2938 1742 quam
2969 1672 3104 1726 Deus
3151 1673 3399 1739 omnipo-

1827 1775 1944 1820 tens
1973 1781 2077 1819 non
2105 1765 2385 1827 creaverit,
2409 1763 2474 1818 de
2500 1779 2600 1830 qua
2633 1772 2806 1816 tamen
2832 1763 2990 1816 istum
3029 1762 3282 1815 mundum
3329 1761 3408 1814 fa-

1825 1858 2126 1921 bricaverit,
2145 1872 2300 1927 quem
2324 1855 2544 1926 pulchre
2564 1855 2860 1908 ordinatum
2880 1857 2896 1886 ί
2920 1869 3037 1908 esse
3062 1855 3360 1927 concedunt
3385 1873 3397 1912 ;

1827 1950 1898 2005 ita
1930 1949 2344 2018 omnipotentem
2378 1947 2540 2000 Deum
2571 1953 2784 2015 negant,
2809 1953 2867 1999 ut
2896 1960 3002 2000 non
3043 1960 3161 1998 eum
3186 1925 3410 1999 credant

1829 2041 2083 2095 mundum
2149 2041 2386 2109 potuisse
2418 2039 2612 2105 facere,
2645 2038 2744 2092 nisi
2777 2035 2841 2090 ad
2873 2052 2994 2091 cum
3045 2036 3410 2091 fabricandum

1828 2135 1928 2188 alia
1961 2141 2164 2198 natura,
2191 2147 2308 2202 qua:
2333 2131 2439 2200 jam
2473 2129 2662 2192 fuerat,
2691 2137 2744 2184 et
2775 2143 2934 2197 quam
2985 2127 3097 2196 ipse
3124 2144 3228 2181 non
3271 2127 3411 2182 fece-

1828 2234 1928 2288 rat,
1969 2230 2243 2278 utcretur:
2277 2221 2476 2276 carnali
2509 2221 2711 2275 scilicet
2759 2228 3015 2274 consuetu
3039 2219 3143 2272 line
3188 2219 3404 2273 videnli

1829 2314 2004 2369 fabros
2031 2322 2084 2368 et
2111 2313 2389 2367 domorum
2441 2318 2730 2365 structores
2760 2319 2812 2364 et
2851 2309 3117 2379 quoslibet
3163 2310 3404 2378 opiﬁces,

1829 2408 1920 2478 qui
1953 2407 2052 2460 nisi
2081 2406 2397 2475 adjuventur
2427 2411 2608 2474 parata
2647 2401 2886 2466 materia,
2918 2401 2982 2454 ad
3014 2400 3259 2456 effectum
3298 2417 3408 2454 sua:

1830 2500 1960 2554 artis
1990 2497 2271 2568 pervenire
2294 2511 2396 2550 non
2445 2501 2686 2563 possunt.
2721 2493 2792 2546 Ita
2821 2493 2978 2546 etiam
3010 2492 3308 2560 intelligunt
3333 2491 3414 2544 fi—

1833 2591 2145 2644 bricatorem
2177 2587 2356 2641 mundi
2379 2603 2480 2639 non
2511 2601 2631 2640 esse
2657 2584 3101 2653 omnipotentem,
3135 2583 3177 2636 si
3206 2584 3225 2612 ²
3258 2598 3412 2635 inun-

1833 2679 1956 2736 duln
2002 2678 2262 2733 fabricare
2304 2693 2406 2729 non
2446 2683 2646 2744 posset,
2692 2673 2792 2728 nisi
2839 2689 2960 2727 cum
3008 2673 3178 2742 aliqua
3216 2688 3320 2726 non
3351 2674 3418 2726 ab

1833 2772 1924 2827 illo
1953 2767 2203 2824 fabricata
2255 2775 2462 2828 natura,
2497 2773 2744 2835 tanquam
2793 2762 3062 2827 materies,
3114 2762 3407 2829 adiuvaret.

1833 2862 2002 2917 Autsi
2027 2862 2442 2930 omnipotentem
2477 2858 2641 2910 Deum
2664 2854 3031 2910 fabricatorcal
3063 2857 3242 2908 mundi
3289 2871 3411 2909 esse

1832 2951 2149 3017 concedunt,
2174 2949 2436 3004 fateantur
2459 2961 2678 3000 necesse
2701 2953 2784 3000 est
2815 2960 2882 2998 ex
2919 2944 3082 2997 nihilo
3122 2945 3242 2998 eum
3267 2946 3421 2998 fecis-

1837 3062 1894 3100 se
1932 3060 2046 3114 qum
2085 3041 2228 3098 fecit.
2289 3040 2398 3094 Non
2429 3040 2569 3093 enim
2607 3036 2806 3107 aliquid
2860 3051 2978 3090 esse
3021 3044 3213 3104 potest,
3269 3036 3421 3104 Cujus

1835 3144 2044 3192 creator
2073 3149 2176 3189 non
2228 3140 2388 3194 esset,
2436 3145 2557 3184 cum
2605 3121 2745 3184 esset
2782 3127 3137 3196 omnipotens.
3171 3127 3300 3194 Quia
3322 3129 3422 3182 etsi

1837 3228 2033 3298 aliquid
2082 3226 2203 3280 fecit
2227 3240 2291 3278 ex
2330 3225 2525 3292 aliqua,
2557 3221 2689 3275 sicut
2718 3220 2987 3273 hominem
3015 3217 3082 3273 de
3114 3219 3262 3283 limo,
3298 3233 3404 3271 non

1842 3321 2020 3389 utique
2043 3313 2163 3372 fecit
2192 3333 2253 3371 ex
2282 3331 2345 3370 eo
2392 3313 2531 3385 quod
2554 3313 2668 3382 ipse
2690 3328 2794 3366 non
2825 3311 3056 3375 fecerat;
3090 3310 3422 3380 quiatcrram

1841 3411 1981 3466 unde
2011 3412 2167 3466 limus
2191 3417 2291 3474 cst,
2324 3423 2390 3463 ex
2418 3407 2583 3461 nihilo
2606 3405 2825 3460 fecerat.
2852 3404 2918 3457 Et
2945 3403 2986 3457 si
3017 3405 3188 3472 ipsum
3216 3402 3409 3456 malum

1844 3512 1895 3557 et
1931 3512 2148 3566 terram,
2181 3501 2228 3554 ill
2261 3509 2361 3564 est,
2387 3498 2638 3553 mundum
2667 3505 2718 3551 et
2744 3497 2921 3550 omnia
2953 3511 3072 3566 qua:
3094 3496 3147 3548 ill
3189 3510 3253 3548 eo
3280 3505 3423 3562 sunt,

1845 3611 1905 3649 ex
1934 3595 2104 3664 aliqua
2129 3591 2346 3646 materia
2375 3590 2592 3652 fecerat,
2621 3589 2758 3642 sicut
2803 3589 3060 3656 scriptum
3092 3587 3199 3654 est,‘
3221 3587 3319 3653 Qui
3349 3591 3426 3658 fe-

1846 3686 1954 3739 cisti
1990 3683 2232 3736 mundum
2280 3699 2340 3736 ea:
2389 3680 2596 3734 materia
2641 3679 2800 3733 invisa
2831 3675 2849 3750 (
2875 3677 3004 3748 Sep.
3057 3693 3128 3743 XI,
3169 3676 3230 3731 l8
3261 3676 3320 3747 ),'
3346 3677 3430 3732 vel

1846 3778 2004 3832 etiam
2056 3775 2284 3844 informi,
2336 3759 2475 3827 sicut
2522 3771 2770 3826 nonnulla
2819 3769 3148 3838 exemplaria
3199 3777 3429 3832 tenent;

1851 3867 1995 3920 nullo
2022 3865 2179 3919 modo
2206 3863 2528 3920 credendum
2556 3874 2638 3916 est
2686 3862 2826 3914 illiilli
2861 3861 3027 3930 ipsam
3061 3860 3334 3914 materiam
3363 3860 3432 3916 de

1851 3973 1954 4028 qua
1991 3956 2157 4010 factus
2190 3965 2271 4009 est
2305 3953 2554 4018 mundus,
2596 3950 3155 4022 quamvisinformem,
3194 3953 3434 4020 quamvis

1854 4053 2096 4113 invisam,
2127 4061 2463 4118 quocumque
2493 4045 2652 4099 modo
2695 4052 2856 4107 esset,
2887 4059 2988 4114 per
3035 4059 3092 4097 se
3119 4044 3284 4111 ipsam
3315 4058 3435 4098 esse

1858 4141 2111 4212 potuisse,
2152 4149 2400 4206 tanquam
2450 4143 2771 4189 comternam
2809 4141 2864 4187 ct
2887 4147 3119 4186 comvam
3153 4135 3260 4187 Deo
3293 4150 3306 4185 :
3339 4135 3431 4187 sed

1855 4232 2144 4303 quemlibet
2169 4229 2382 4283 modum
2428 4242 2604 4289 suum,
2652 4241 2809 4295 quem
2841 4224 3089 4288 habebat,
3124 4233 3180 4277 ut
3200 4239 3439 4294 quoquo-

1860 4323 2017 4379 modo
2042 4329 2218 4385 esset,
2270 4328 2322 4374 et
2373 4318 2737 4372 distinetarum
2790 4330 2969 4370 rerum
3021 4313 3218 4368 formas
3259 4325 3440 4384 posset

1860 4431 1935 4470 ac:
1955 4415 2120 4483 ipere,
2152 4427 2254 4464 non
2282 4410 2508 4463 habebat
2556 4407 2656 4462 nisi
2698 4408 2765 4462 ab
2791 4406 3154 4475 omnipotente
3183 4405 3311 4470 Deo,
3343 4420 3434 4466 eu-

1857 4507 1943 4577 jlis
1970 4503 2226 4559 benelicio
2250 4514 2329 4556 est
2367 4516 2450 4554 res
2487 4515 2588 4554 non
2616 4499 2788 4555 solum
2824 4492 3166 4568 quméumque
3196 4498 3438 4560 formata,

1863 4596 1954 4651 sed
2007 4595 2164 4648 etiam
2214 4607 2561 4662 qua-cultique
2623 4589 2933 4644 forinabilis.
2975 4587 3113 4640 Inter
3158 4585 3441 4643 formatum

1866 4700 2039 4741 autem
2061 4683 2405 4740 etforlnabile
2433 4683 2534 4736 hoc
2569 4683 2804 4742 interest,
2835 4679 2972 4748 quod
3019 4678 3301 4733 formatum
3332 4679 3444 4750 jam

1867 4783 2072 4851 accepit
2101 4781 2354 4845 formam,
2409 4777 2684 4831 formabile
2730 4786 2907 4829 autem
2954 4783 3128 4845 potest
3180 4778 3442 4847 accipere.

1869 4874 1971 4928 Sed
1999 4873 2085 4943 qni
2129 4882 2343 4942 praestat
2395 4870 2554 4925 rebus
2585 4870 2829 4934 formam,
2862 4869 2975 4938 ipse
3025 4879 3241 4939 prmstat
3283 4873 3445 4928 etiam

1871 4980 2026 5034 posse
2055 4963 2266 5016 formari
2293 4980 2304 5014 :
2350 4961 2596 5030 quoniam
2621 4961 2688 5013 de
2717 4961 2810 5015 illo
2849 4970 2901 5014 et
2923 4960 2974 5014 in
3000 4961 3088 5014 illo
3109 4971 3191 5014 est
3212 4963 3448 5016 omnium

1873 5056 2255 5127 speciosissima
2306 5054 2510 5121 species
2562 5053 3039 5118 incommutabilis;
3077 5061 3132 5106 et
3179 5053 3298 5109 ideo
3339 5054 3453 5124 ipse

1874 5162 2010 5200 unus
2031 5155 2113 5200 est
2141 5144 2229 5213 qui
2269 5144 2483 5198 cuilibet
2532 5143 2630 5208 rei,
2675 5158 2777 5196 non
2822 5144 2991 5198 stilum
3023 5153 3076 5196 ut
3113 5143 3328 5213 pulchra
3364 5145 3453 5209 sit,

1355 5228 1634 5270 aniioxrrio
1673 5229 1753 5268 rp.
1795 5215 2265 5271 sitneolcrisonun.

287 5294 447 5346 Utrum
483 5297 545 5347 de
587 5296 700 5345 Fide
741 5300 793 5344 et
829 5289 1262 5355 Symbolocastiga

1263 5288 1418 5354 vimus
1439 5285 1658 5354 subsidio
1689 5292 1914 5354 veterum
1961 5284 2310 5354 exemplarium
2345 5297 2406 5354 ei:
2427 5282 2758 5354 bibliothecis
2781 5283 2930 5354 variis
2959 5281 3208 5331 Gallicanis
3224 5283 3454 5354 iscilicet

242 5362 295 5426 ei
312 5344 571 5426 Γρὶῠρὴἱῇξι,
588 5344 658 5408 εκ
679 5344 976 5426 bibiiotheca
998 5344 1276 5425 abhastas.
1296 5350 1495 5426 victpris
1508 5347 1800 5426 Parisiensis,
1828 5350 1945 5398 item
1974 5344 2165 5408 collegii
2183 5345 2459 5426 'Sprbonici,
2483 5344 2676 5407 collegii
2691 5345 2952 5426 INavarriei,
2978 5344 3255 5426 monasterii
3279 5352 3322 5390 ς.
3345 5351 3456 5391 Ger-

871 5424 892 5426 _
1160 5421 1180 5426 _
1227 5419 1258 5426 -.
1346 5422 1395 5426 Α-
1421 5423 1459 5426 -,_
1483 5422 1528 5426 _..
1556 5419 1718 5426 ...ι-.--η
1747 5421 1767 5426 Α
1791 5412 1930 5426 ..-ᾼΑεμ
1985 5417 2006 5426 η
2065 5416 2176 5426 ι--..η
2203 5421 2224 5426 -.
2251 5409 2277 5426 .2
2305 5407 2527 5426 .n....----2-
2580 5413 2593 5426 I
2612 5419 2681 5426 η...
2707 5406 2900 5426 ...η--.αξη
2924 5412 3005 5426 nun
3193 5411 3232 5426 nl
3258 5405 3456 5426 .l..n.......

241 5417 388 5488 _a
407 5403 1134 5488 Pratis;siiuemiéiiﬁemeusis,
1156 5421 1211 5486 S._
1227 5409 1463 5482 Michaelis
1477 5410 1533 5488 in
1556 5407 1772 5488 periculo
1788 5403 1961 5488 maris,
1985 5417 2028 5456 S.
2055 5403 2281 5488 Ariiulphi
2305 5407 2555 5463 Metensis,
2580 5403 2903 5454 Léudnnensis
2922 5403 3161 5488 rlelclesizv,
3191 5411 3240 5450 et
3255 5405 3456 5451 duorum

999 5485 1007 5488 .
1181 5481 1192 5488 Α
1223 5486 1235 5488 -
1262 5487 1285 5488 η
1348 5485 1424 5488 ,μκξ
1447 5486 1452 5488 Α
1503 5477 1667 5488 --1-Α-ι-
1691 5481 1761 5488 ια-.-
1788 5477 1844 5488 ..Α
1876 5473 2080 5488 __!__._--_-
2113 5481 2310 5488 μ-.Α---...
2337 5480 2458 5488 ..-η-σι.
2480 5468 2760 5488 ,ιιι-2-,Ιλ-..-ιι
2788 5479 2906 5488 ιιι-..η
2936 5473 2957 5488 Ἰ
2991 5477 3061 5488 aut.
3087 5466 3160 5488 ..ηοξ
3197 5471 3208 5488 Ι
3227 5465 3428 5488 ιιι-ηιιῖ.ιιὶ

245 5479 476 5548 f‘aticaaa
496 5463 1456 5548 bibliotheca?iuvantibusetiam‘variis
1477 5463 1765 5548 lectionibus
1788 5463 2082 5548 uolgicorum
2109 5463 2313 5548 quoium
2337 5468 2762 5548 nia-nuscripteruln
2786 5479 2909 5527 quos
2936 5473 2957 5510 't
2972 5463 3161 5526 lieologi
3197 5465 3458 5512 Lovanien-

243 5545 312 5583 505
323 5529 760 5604 videruntnieenon
785 5529 1078 5590 editionibus
1098 5543 1212 5586 ante
1236 5533 1460 5597 vulgatis,
1484 5529 1777 5604 Frobeniana
1800 5529 1994 5604 tira'smi,
2021 5537 2079 5604 et
2093 5530 2382 5604 Flaminiana
2407 5529 2784 5604 tofaiiieiisini‘n.

310 5585 1106 5682 σοηιῇἆὲᾏῦῧήἷίῇθλᾶεενθα
1137 5616 1234 5660 eos
1263 5585 1464 5658 omnes
1495 5591 1792 5654 editiones
1820 5585 2005 5656 initio
2036 5594 2205 5653 Retr.
2231 5597 2293 5652 et
2318 5592 2602 5652 Confess.
2643 5598 2686 5647 t.
2725 5591 2778 5657 1,
2814 5593 3199 5644 inmoratus.
3291 5585 3375 5644 Μ.

298 5696 361 5762 (α)
386 5703 578 5765 Scriptus
599 5714 722 5753 anno
741 5700 853 5750 593.

1955 5695 1968 5723 ¹
2009 5692 2123 5740 mliti
2150 5690 2347 5743 habent,
2367 5695 2599 5738 ornatam.
2629 5696 2676 5736 At
2703 5694 2788 5734 Mss
2814 5719 2825 5742 ,
2851 5680 3139 5730 ordiluttmlt.

1955 5756 1975 5786 ¹
2008 5763 2106 5803 Mss.
2131 5753 2242 5810 duo,
2260 5749 2355 5811 qui.
