3996 6282
525 249 630 312 iss
1510 240 1594 295 ne
1637 239 1790 294 FIDE
1832 238 1918 293 ET
1955 234 2287 303 svnsow,
2327 235 2386 292 s.
2430 236 2796 295 AUGUSTIM
3694 245 3790 302 ιει

519 360 613 415 sed
643 358 802 414 etiam
829 365 887 412 ut
928 355 1148 428 pulchra
1191 371 1311 412 esse
1359 354 1527 425 possit
1569 352 1827 409 attribuit.
1857 352 2097 420 Quapro-

520 459 637 517 pter
663 449 959 504 rectissime
1005 447 1273 503 credimus
1295 447 1472 503 omnia
1504 445 1669 499 Deum
1707 444 1894 497 fecisse
1915 442 1981 496 de
2015 441 2098 495 ni-

516 541 626 596 hilo
659 559 674 597 :
703 541 825 610 quia
839 543 997 595 etiam
1019 541 1064 594 si
1093 540 1160 596 de
1183 541 1354 610 aliqua
1383 538 1602 594 materia
1629 537 1802 591 factus
1823 543 1908 591 est
1937 550 2098 590 mun-

516 630 637 697 dus,
662 629 848 687 eadem
897 631 1007 700 ipsa
1047 631 1269 686 materia
1297 629 1364 685 de
1409 628 1576 684 nihilo
1612 627 1752 683 facta
1781 634 1894 690 est,
1925 633 1985 680 ut
2010 639 2098 678 or-

515 721 850 777 dinatissimo
878 721 971 776 Dei
1016 736 1239 776 munere
1266 720 1436 790 prima
1469 721 1485 751 ¹
1509 718 1772 788 capacitas
1803 717 2094 771 formarum

515 813 689 878 tieret,
737 825 800 866 ac
837 810 1030 867 deinde
1071 811 1427 866 formarentur
1475 823 1822 879 quaecumque
1872 805 2098 860 formata

515 911 660 958 sunt.
695 901 806 957 Hoc
827 951 831 957 .
853 910 1029 956 autem
1052 901 1303 967 diximus,
1333 915 1401 955 ne
1429 900 1551 970 quis
1577 898 1846 954 existimet
1886 905 2100 952 contra-

516 994 624 1049 rias
661 991 762 1047 sibi
828 1007 948 1046 esse
990 991 1290 1045 divinarum
1345 990 1738 1059 Scripturarum
1782 987 2094 1053 sententias,

515 1085 766 1155 quoniam
815 1092 868 1138 et
925 1083 1101 1138 omnia
1157 1083 1320 1137 Deum
1387 1081 1579 1137 fecisse
1631 1080 1698 1136 de
1744 1079 1913 1134 nihilo
1960 1079 2096 1134 scri-

520 1187 665 1245 ptum
714 1185 829 1244 est,
883 1183 936 1230 et
996 1173 1254 1229 mundum
1316 1188 1437 1230 esse
1494 1173 1689 1228 factum
1750 1171 1818 1227 de
1885 1169 2098 1224 informi

515 1267 755 1320 materia.

586 1359 642 1412 3.
666 1356 959 1413 Credentes
987 1358 1166 1428 itaque
1207 1358 1259 1412 in
1311 1357 1476 1412 Deum
1506 1356 1718 1411 Patrem
1755 1355 2096 1426 omnipoten-

516 1457 646 1512 tem,
701 1448 900 1503 nullam
950 1459 1250 1504 creaturam
1298 1463 1420 1504 esse
1454 1463 1575 1518 quae
1625 1447 1693 1502 ab
1735 1448 2096 1516 omnipotente

514 1559 618 1599 non
647 1551 823 1598 creata
869 1542 957 1610 sit,
1021 1543 1327 1599 existimare
1351 1541 1627 1597 debemus.
1660 1539 1728 1596 Et
1753 1539 1877 1610 quia
1918 1538 2097 1594 omnia

517 1648 612 1704 per
639 1633 873 1689 Verbum
917 1634 1138 1701 creavit,
1167 1633 1310 1704 quod
1340 1632 1573 1688 Verbum
1599 1641 1654 1687 et
1678 1631 1884 1687 Veritas
1907 1631 2100 1685 dicitur

518 1723 716 1796 (Juan.
743 1742 850 1788 xiv,
886 1725 919 1780 6
949 1723 991 1798 ),
1020 1734 1075 1781 et
1128 1724 1311 1780 Virtus
1353 1734 1407 1779 et
1441 1723 1711 1794 Sapientia
1757 1724 1849 1778 Dei
1875 1723 1932 1794 (l
1971 1722 2090 1778 Cor.

515 1829 555 1880 ι,
582 1814 654 1868 24
678 1814 718 1884 ),
746 1813 1034 1884 multisque
1049 1814 1168 1868 aliis
1190 1814 1491 1869 insinuatur
1527 1813 1799 1869 vocabulis
1826 1813 1919 1883 qui
1950 1815 1971 1844 ¹
2000 1829 2100 1868 no-

517 1914 644 1960 stra:
683 1904 802 1960 ﬁdei
845 1905 998 1960 Jesus
1025 1904 1272 1960 Christus
1302 1904 1556 1959 Dominus
1581 1903 2003 1972 commendatur,
2037 1904 2099 1958 Ii-

519 1997 735 2052 berator
777 1997 981 2053 scilicet
1013 2005 1197 2052 noster
1244 2005 1299 2052 et
1350 1997 1561 2051 rector’
1592 1995 1759 2051 Filius
1804 1995 1937 2061 Dei;
1988 2011 2093 2050 non

516 2089 660 2143 eiiim
697 2088 930 2145 Verbum
978 2089 1108 2145 illud
1152 2105 1248 2161 per
1286 2089 1426 2160 quod
1468 2097 1594 2144 sunt
1635 2089 1811 2144 omnia
1864 2088 2096 2155 condita,

517 2195 775 2251 generare
827 2181 997 2251 potuit
1049 2181 1149 2236 nisi
1200 2181 1287 2237 ille
1340 2181 1428 2252 qui
1483 2197 1579 2253 per
1637 2181 1807 2253 ipsum
1862 2181 2100 2238 condidit

518 2271 719 2327 omnia.

589 2362 818 2420 CAPUT
848 2363 934 2419 Ill.
963 2394 1031 2406 —-
1063 2364 1280 2420 Verbum
1299 2383 1453 2434 quare
1493 2368 1679 2422 dictum
1705 2368 1769 2423 de
1814 2367 1950 2423 Filio
1981 2367 2095 2423 Dei.

521 2454 674 2524 Quod
705 2452 921 2511 Verbum
949 2457 1014 2511 sit
1037 2457 1256 2530 idipsnm
1281 2459 1417 2531 quod
1441 2459 1614 2516 Pater.
1638 2460 1919 2516 Credimus
1935 2461 2098 2518 etiam

523 2549 579 2603 in
607 2547 788 2604 Jesum
835 2547 1102 2604 Christum
1153 2551 1346 2607 Filium
1376 2552 1492 2617 Dei,
1523 2553 1694 2609 Patris
1741 2555 2095 2625 unigenitum,

518 2636 575 2692 id
602 2643 687 2694 est
708 2639 942 2705 unicum,
975 2639 1256 2696 Dominum
1283 2651 1544 2697 nostrum.
1577 2641 1727 2710 Quod
1761 2653 1938 2702 tamen
1969 2645 2099 2701 Ver-

519 2727 646 2783 bum
674 2743 780 2784 non
815 2729 951 2785 sicut
976 2731 1135 2786 verba
1165 2742 1348 2789 nostra
1391 2733 1647 2791 debemus
1675 2737 1943 2808 accipere,
1974 2755 2096 2810 quae

519 2833 654 2875 voce
687 2829 844 2890 atque
873 2835 970 2876 ore
1019 2823 1228 2892 prolata
1284 2823 1566 2882 verberato
1615 2841 1740 2882 aere
1795 2838 2096 2896 transeunt,

516 2925 618 2966 nec
634 2911 831 2966 diutius
851 2923 1067 2967 manent
1107 2929 1264 2983 quam
1315 2925 1525 2970 sonant.
1585 2917 1763 2973 Manet
1796 2919 1936 2973 enim
1967 2920 2100 2976 illud

519 2999 750 3055 Verbum
781 3001 1283 3059 incommutabiliter
1319 3021 1332 3058 :
1362 3020 1483 3059 nam
1511 3006 1578 3062 de
1613 3007 1727 3076 ipso
1769 3008 1964 3064 dictum
1995 3019 2097 3076 est,

517 3102 642 3145 cum
687 3090 754 3145 de
775 3090 1042 3162 Sapientia
1068 3092 1352 3158 diceretur,
1385 3094 1453 3150 In
1495 3114 1549 3152 se
1570 3098 1682 3168 ipsa
1711 3117 1918 3156 manens
1947 3103 2098 3156 inno-

516 3187 603 3234 vat
620 3181 789 3235 omnia
817 3180 838 3254 (
863 3179 994 3252 Sap.
1023 3198 1114 3247 vn,
1165 3183 1234 3238 27
1258 3185 1298 3256 ).
1325 3184 1554 3241 Verbum
1581 3197 1757 3244 autem
1785 3190 1955 3245 Patris
1979 3191 2099 3249 ideo

517 3269 716 3326 dictum
746 3281 848 3340 est,
891 3275 1011 3344 quia
1056 3291 1148 3345 per
1181 3275 1350 3345 ipsum
1400 3278 1682 3336 innotescit
1724 3281 1901 3338 Pater.
1951 3283 2100 3340 Sicut

516 3375 646 3432 ergo
672 3362 850 3417 verbis
875 3365 1072 3419 nostris
1101 3365 1153 3420 id
1173 3368 1397 3437 agimus,
1426 3384 1546 3425 cum
1575 3385 1757 3426 verum
1807 3373 2095 3446 loquimur,

517 3458 578 3506 ut
602 3460 785 3508 noster
807 3453 1017 3510 animus
1043 3458 1341 3514 innotescat
1376 3460 1634 3530 audienti,
1659 3473 1711 3519 et
1740 3465 1994 3537 quidquid
2021 3483 2100 3524 se-

517 3551 723 3599 cretum
751 3544 802 3599 in
826 3546 991 3602 corde
1036 3549 1290 3619 gerimus,
1343 3567 1439 3623 per
1485 3555 1633 3624 signa
1683 3555 1987 3628 hujusmodi
2030 3561 2097 3617 ad

516 3635 873 3706 cognitionem
914 3639 1131 3695 alterius
1194 3641 1524 3712 proferatur:
1552 3645 1629 3700 sic
1675 3647 1762 3702 illa
1799 3647 2092 3720 Sapientia,

515 3742 674 3798 quam
707 3727 846 3784 Deus
872 3729 1240 3801 Patergenuit,
1268 3738 1517 3804 quoniam
1558 3751 1651 3806 per
1693 3737 1861 3808 ipsam
1891 3741 2099 3799 innote-

515 3817 618 3874 scit
667 3816 837 3889 dignis
888 3819 1080 3876 animis
1123 3826 1510 3880 secretissimus
1563 3827 1718 3883 Pater
1748 3827 1791 3896 ⁸,
1849 3829 2078 3889 Verbum

516 3909 632 3976 ejus
649 3910 1149 3968 convenientissime
1179 3912 1501 3970 nominatur.

587 3999 641 4053 4.
674 3999 814 4055 lntcr
858 4001 1092 4057 animum
1145 4013 1322 4058 autem
1365 4015 1600 4062 nostrum
1624 4017 1679 4064 et
1704 4011 1860 4068 verba
1893 4023 2092 4082 nostra,

513 4087 708 4158 quibus
735 4091 978 4146 eumdem
1009 4094 1246 4150 animum
1291 4097 1575 4154 ostendere
1624 4115 1900 4171 conamur,
1933 4105 2096 4176 pluri-

513 4197 660 4237 mum
681 4183 856 4239 distat.
883 4184 990 4240 Nos
1028 4187 1222 4258 quippe
1250 4203 1354 4244 non
1393 4190 1657 4261 gignimus
1698 4195 1937 4251 sonantia
1977 4213 2095 4254 ver-

513 4273 605 4340 ba,
647 4273 741 4328 sed
778 4275 996 4331 facimus
1021 4293 1035 4343 ;
1065 4279 1255 4348 quibus
1307 4280 1561 4344 faciendis
1593 4286 1815 4342 materia
1854 4287 2095 4360 subjacet

511 4380 728 4437 corpus.
766 4368 1055 4425 Plurimum
1092 4382 1267 4428 autem
1317 4374 1542 4431 interest
1573 4378 1712 4434 inter
1753 4382 1990 4439 animum
2039 4393 2094 4440 et

511 4471 727 4528 corpus.
760 4458 899 4514 Deus
927 4475 1055 4516 vero
1083 4478 1201 4519 cum
1241 4464 1476 4522 Verbum
1505 4471 1707 4540 genuit,
1756 4471 1808 4526 id
1848 4474 1987 4544 quod
2010 4484 2094 4531 est

511 4547 626 4619 ipse
649 4551 859 4620 genuit;
891 4567 1063 4624 neque
1088 4555 1153 4610 dc
1174 4556 1358 4623 nihilo,
1379 4575 1550 4631 neque
1577 4561 1644 4616 de
1681 4562 1853 4633 aliqua
1881 4565 1991 4635 jam
2015 4567 2093 4622 fa-

509 4651 594 4698 cta
630 4645 946 4716 conditaque
997 4649 1253 4715 materia;
1287 4651 1380 4708 sed
1410 4651 1478 4708 de
1518 4655 1694 4724 seipso
1745 4655 1796 4710 id
1826 4656 1968 4726 quod
2011 4669 2093 4715 est

511 4735 645 4804 ipse.
669 4735 780 4793 Hoc
794 4737 935 4792 enim
963 4750 1014 4796 et
1041 4756 1137 4797 nos
1157 4757 1432 4811 conamur,
1459 4759 1581 4800 cum
1624 4745 1910 4816 loquimur,
1936 4749 1981 4804 si
2012 4750 2092 4806 di-

510 4823 737 4893 ligenter
759 4827 1153 4887 consideremus
1194 4842 1391 4888 nostrm
1415 4834 1705 4890 voluntatis
1754 4840 2085 4908 appetitum;

508 4933 618 4972 non
646 4933 766 4974 eum
796 4925 1098 4994 mentimur,
1135 4925 1229 4982 sed
1259 4942 1380 4982 cum
1408 4941 1593 4983 verum
1632 4928 1922 5000 loquimur.
1947 4934 2084 5001 Quid

509 5011 651 5068 enim
678 5013 817 5071 aliud
841 5017 1106 5087 molimur,
1129 5019 1230 5074 nisi
1271 5019 1505 5074 animum
1537 5020 1707 5091 ipsum
1747 5033 2009 5093 nostrum,
2041 5025 2084 5082 si

572 5192 587 5262 ξ
755 5202 977 5262 quatuor,
1003 5198 1173 5262 primo.

567 5255 589 5322 ξ
623 5261 726 5322 ltiss.
753 5255 984 5322 quinque,
1003 5255 1195 5322 quibus.

569 5315 591 5378 ἒ
621 5320 703 5364 Ms.
728 5315 1048 5378 colbertinus',
1074 5327 1280 5370 creator.
1767 5364 1770 5367 λ

567 5375 590 5408 ι
620 5383 929 5449 ρωκοιηιλογ.
955 5375 1203 5449 innotescit
1231 5381 1419 5434 animus
1429 5383 1770 5436 secretissimae
1789 5387 1962 5449 Patris.
1987 5396 2082 5449 Er.,

499 5435 927 5512 irmotesciteignis
962 5441 1308 5512 secretissimae
1329 5451 1506 5512 APater.
1551 5435 1656 5512 Mss.
1679 5435 1804 5512 sei,
1829 5435 2085 5502 amri

500 5497 662 5562 dignis
682 5497 854 5553 animis
876 5501 1224 5556 secretissimae
1247 5510 1408 5556 Pater.
1433 5514 1562 5558 Hanc
1576 5497 2082 5562 lectionemesse've;

498 5561 698 5631 riorem,
722 5562 770 5611 id
792 5565 964 5631 partim
990 5568 1228 5631 persuasit
1251 5567 1378 5631 quod
1409 5569 1634 5628 inferius,
1659 5585 1708 5619 n.
1734 5571 1783 5629 4,
1815 5571 2008 5631 dicitur,
2034 5561 2084 5625 ac

497 5620 620 5696 indit
634 5636 714 5673 ars
739 5620 927 5696 animis,
947 5620 1073 5696 eum,
1089 5629 1259 5696 partim
1268 5620 1414 5696 '_quod_
1427 5633 1481 5696 in
1503 5620 1702 5696 caeteris
1713 5620 2083 5696 usfsiiiisiifci-Z

497 5684 631 5748 Man,
657 5684 922 5753 innotescit,
945 5684 1166 5752 habetur,
1189 5684 1314 5756 ἰσιήὲ
1334 5691 1512 5758 mtinzi;
1536 5699 1636 5755 aut,
1660 5692 1807 5760 signis
1826 5684 1991 5748 animi.

2210 347 2324 404 fieri
2347 358 2540 418 potest,
2584 350 3014 422 cognoscendum
3056 360 3110 408 et
3147 352 3578 424 perspiciendum
3615 357 3790 414 animo

2206 439 2460 496 auditoris
2490 439 2687 496 inferre
2715 458 2730 497 :
2763 441 2892 496 utin
2924 442 3076 497 nobis
3096 443 3196 513 ipsi
3215 444 3429 513 quidem
3451 461 3782 516 maneamus,

2207 546 2307 586 nec
2333 531 2644 589 recedamus
2677 548 2707 601 a
2737 534 2910 599 nobis,
2943 543 2998 589 et
3025 544 3198 591 tamen
3227 537 3330 592 tale
3376 538 3659 607 indicium,
3688 557 3788 610 quo

2211 623 2302 678 ﬁat
2321 624 2374 680 in
2421 624 2588 680 altero
2625 633 2808 681 nostra
2846 627 3052 694 notitia,
3108 632 3470 698 proferamus;
3497 641 3577 698 ut,
3609 648 3780 703 quan-

2210 723 2317 768 tum
2336 714 2556 772 facultas
2583 717 2896 772 conceditur
2917 719 2958 784 ί,
2985 719 3135 788 quasi
3163 721 3300 776 alter
3318 722 3529 777 animus
3557 723 3630 778 ab
3669 725 3787 778 ani-

2209 819 2296 858 mo
2323 819 2416 874 per
2459 821 2616 876 quem
2644 822 2703 863 se
2748 807 2943 863 indicet
2996 809 3336 879 proferatur?
3365 813 3419 868 ld
3445 813 3670 871 facimus
3697 831 3792 871 co-

2209 903 2397 949 nantes
2436 904 2490 950 ct
2529 897 2708 952 verbis
2733 899 2777 964 ³,
2807 907 2862 954 et
2914 899 3029 969 ipso
3070 915 3205 957 sono
3234 902 3398 970 vocis,
3427 913 3483 960 et
3529 906 3703 974 vultu,
3735 916 3788 962 et

2205 993 2358 1053 gestu
2397 987 2658 1056 corporis,
2705 996 2782 1043 tot
2820 990 3026 1046 scilicet
3054 993 3500 1051 machinamentis
3544 996 3598 1052 id
3645 999 3786 1068 quod

2207 1077 2350 1132 intus
2395 1088 2478 1134 est
2531 1079 2900 1138 demonstrare
2942 1084 3259 1154 cupientes:
3291 1087 3413 1157 quia
3460 1088 3563 1144 tale
3590 1090 3789 1160 aliquid

2208 1167 2446 1237 proferre
2471 1185 2577 1225 non
2607 1187 2910 1239 possumus,
2932 1182 2987 1228 et
3014 1174 3134 1230 ideo
3179 1191 3284 1231 non
3306 1186 3482 1248 potest
3511 1179 3788 1250 loquentis

2205 1257 2416 1314 animus
2443 1260 2651 1329 penitus
2695 1262 3058 1331 innotescere;
3091 1265 3232 1322 unde
3278 1267 3440 1323 etiam
3487 1269 3788 1328 mendaciis

2205 1348 2353 1404 locus
2383 1359 2546 1420 patet.
2579 1351 2716 1407 Deus
2735 1361 2912 1408 autem
2953 1355 3129 1421 Pater,
3153 1357 3242 1428 qui
3265 1357 3545 1415 verissime
3566 1375 3628 1416 se
3660 1360 3792 1416 indi-

2209 1454 2332 1495 care
2351 1441 2543 1496 animis
2569 1443 2860 1512 cognituris
2885 1453 2940 1500 et
2959 1445 3126 1501 voluit
3149 1455 3202 1502 et
3231 1448 3420 1518 potuit,
3459 1449 3562 1506 hoc
3608 1450 3680 1505 ad
3731 1466 3790 1507 se

2210 1530 2383 1599 ipsum
2406 1530 2744 1588 indicandum
2769 1535 2971 1604 genuit,
3012 1536 3154 1606 quod
3182 1547 3264 1594 est
3290 1539 3403 1609 ipse
3431 1541 3523 1610 qui
3569 1543 3790 1612 genuit:

2206 1621 2296 1691 qui
2343 1622 2502 1677 etiam
2534 1623 2712 1679 Virtus
2759 1625 2875 1695 ejus
2919 1636 2972 1682 et
3006 1627 3274 1698 Sapientia
3299 1629 3510 1696 dicitur,
3540 1632 3671 1703 quia
3703 1648 3794 1704 per

2206 1712 2380 1782 ipsum
2411 1723 2661 1785 operatus
2706 1725 2792 1770 est
2820 1725 2876 1772 et
2893 1716 3154 1788 disposuit
3181 1720 3394 1788 omnia;
3417 1721 3486 1778 de
3513 1738 3626 1794 quo
3666 1740 3795 1796 pro-

2208 1812 2387 1873 pterea
2415 1803 2628 1871 dicitur,
2657 1805 2868 1878 Attingit
2893 1825 2924 1861 a
2952 1809 3056 1877 ﬁne
3089 1827 3246 1882 usque
3265 1813 3334 1866 ad
3377 1813 3532 1882 ﬁnem
3569 1817 3788 1886 fortiter,

2207 1903 2254 1949 et
2278 1896 2498 1965 disponit
2526 1897 2695 1952 omnia
2713 1899 2932 1955 suaviter
2959 1902 2978 1972 (
3006 1901 3137 1974 Sap.
3159 1920 3270 1972 vnn,
3306 1910 3329 1963 1
3352 1906 3396 1978 ).

2279 1985 2504 2044 CAPUT
2544 1989 2630 2044 IV.
2656 2019 2730 2031 —
2753 1992 2808 2048 5.
2841 1991 3009 2048 Filius
3043 1993 3138 2050 Dei
3170 2013 3271 2052 non
3309 1999 3475 2068 {actus
3502 2018 3597 2058 nec
3627 2003 3792 2059 utilior

2207 2095 2240 2132 a
2270 2077 2442 2133 Patre.
2473 2079 2654 2136 Creare
2681 2090 2726 2137 et
2751 2084 2968 2139 condere
2999 2086 3149 2141 idem.
3181 2087 3346 2144 Filius
3376 2089 3475 2147 Dei
3497 2109 3590 2148 cur
3625 2099 3791 2166 facta

2209 2170 2375 2223 homo.
2397 2167 2585 2225 Contra
2623 2170 3022 2228 Manio/ratorum
3049 2175 3298 2233 Itwrrsim.
3339 2179 3494 2238 Totus
3521 2185 3680 2238 homo
3704 2201 3792 2240 att-

2207 2269 2405 2330 sceptus
2443 2277 2475 2314 a
2521 2258 2696 2317 Verbo.
2739 2262 2996 2320 Nativitas
3029 2266 3217 2324 Christi
3255 2287 3319 2325 ea:
3358 2274 3568 2344 [entiam
3602 2273 3792 2331 Contra

2209 2351 2540 2440 Manicheam.
2579 2355 2934 2422 Quamobrem
2951 2361 3249 2432 unigenitus
3277 2363 3440 2421 Filius
3471 2366 3588 2432 Dei,
3621 2384 3792 2440 neque

2209 2439 2377 2498 factus
2405 2452 2486 2498 est
2512 2459 2544 2498 a
2573 2444 2732 2501 Patre
2761 2461 2777 2512 ;
2820 2448 2942 2519 quia
2971 2449 3107 2506 sicut
3133 2451 3262 2507 dicit
3289 2456 3636 2526 evangelista,
3671 2439 3792 2514 0n:-

2208 2533 2295 2585 nia
2322 2550 2412 2604 per
2436 2535 2602 2604 ipsum
2629 2540 2764 2607 facta
2783 2549 2900 2594 sunt
2925 2539 3108 2612 (Joan.
3136 2558 3174 2610 ι,
3206 2544 3277 2614 5)
3308 2562 3322 2598 :
3351 2561 3521 2618 neque
3557 2563 3627 2605 ex
3658 2560 3789 2606 tem-

2209 2638 2339 2694 pore
2376 2626 2583 2694 genitus
2615 2646 2628 2682 :
2669 2630 2917 2700 quoniam
2961 2639 3282 2704 sempiterna
3311 2637 3332 2668 ³
3361 2639 3502 2695 Deus
3540 2644 3787 2713 sapiens,

2209 2715 2584 2785 sempiternam
2613 2734 2795 2776 secum
2830 2722 2990 2778 habet
3025 2726 3339 2794 sapientiam
3381 2745 3532 2786 suam
3577 2751 3590 2786 :
3619 2750 3791 2806 neque

2210 2804 2382 2876 impar
2416 2818 2498 2864 est
2543 2809 2707 2879 Patri,
2740 2811 2792 2867 id
2834 2824 2934 2881 est,
2971 2815 3025 2869 in
3071 2816 3248 2887 aliquo
3287 2819 3460 2876 minor
3500 2839 3515 2888 ;
3575 2804 3791 2895 quiaﬁet

2209 2898 2495 2969 Apostolus
2523 2902 2668 2970 dicit,
2705 2905 2808 2972 Qui
2833 2921 2944 2959 cum
2976 2907 3029 2961 in
3055 2908 3221 2976 [arma
3260 2910 3357 2966 Dei
3394 2926 3520 2970 esset
3545 2919 3789 2973 constitu-

2211 2996 2310 3056 tus,
2343 3006 2443 3045 non
2463 2993 2696 3061 rapinam
2730 2995 3002 3051 arbitratus
3023 3007 3094 3054 est
3119 3016 3224 3055 esse
3245 3005 3453 3073 requalis
3483 3005 3591 3062 Deo
3625 3007 3786 3078 (ΡΙιὶ-

2210 3078 2336 3152 lipp.
2362 3097 2418 3149 ιι,
2446 3083 2532 3154 6).
2555 3083 2664 3140 Hae
2681 3085 2838 3156 igitur
2861 3087 2966 3145 ﬁde
2988 3089 3242 3147 catholica
3263 3103 3318 3149 et
3343 3094 3418 3149 illi
3440 3098 3788 3156 excluduntur

2208 3173 2297 3242 qui
2338 3174 2586 3230 eumdem
2616 3177 2799 3233 dicunt
2826 3178 3016 3236 Filium
3045 3196 3162 3238 esse
3191 3185 3277 3255 qui
3305 3186 3458 3243 Pater
3492 3199 3574 3244 est
3601 3207 3616 3256 ;
3669 3193 3786 3264 quia

2209 3270 2264 3318 et
2302 3261 2404 3318 hoc
2453 3263 2688 3321 Verbum
2734 3268 2873 3338 apud
2925 3270 3089 3327 Deum
3138 3288 3259 3330 esse
3305 3291 3410 3331 non
3463 3288 3646 3348 posset
3687 3261 3786 3338 nisi

2208 3352 2346 3422 apud
2373 3353 2584 3410 Patrem
2609 3355 2795 3426 Deum,
2821 3369 2875 3415 et
2901 3362 3030 3417 nulli
3058 3372 3140 3419 est
3163 3366 3379 3436 aequalis
3405 3369 3497 3439 qui
3516 3370 3663 3426 solus
3688 3382 3782 3428 est.

2209 3442 2575 3503 Excluduntur
2618 3449 2776 3504 etiam
2831 3451 2907 3506 illi
2954 3455 3047 3524 qui
3098 3465 3395 3514 creaturam
3448 3475 3569 3517 esse
3609 3463 3785 3521 dicunt

2207 3534 2422 3603 Filium,
2453 3538 2694 3608 quamvis
2722 3556 2826 3596 non
2859 3543 3039 3610 talem,
3066 3546 3249 3616 quales
3274 3559 3398 3604 sunt
3419 3559 3627 3608 caeteras
3649 3570 3785 3612 crea-

2209 3634 2361 3683 turae.
2415 3629 2908 3706 Quantumcumque
2954 3637 3096 3694 enim
3144 3649 3439 3698 creaturam
3481 3644 3692 3714 dicant,
3740 3649 3780 3704 si

2207 3728 2450 3776 creatura
2479 3731 2592 3792 est,
2623 3725 2836 3781 condita
2863 3736 2916 3782 et
2940 3726 3077 3784 facta
3100 3739 3201 3788 est.
3233 3732 3365 3789 Nam
3399 3734 3539 3790 idem
3558 3747 3641 3794 est
3659 3754 3780 3795 con-

2207 3809 2334 3868 dere
2355 3854 2371 3880 ,
2401 3815 2542 3884 quod
2575 3831 2760 3875 creare
2788 3837 2801 3874 :
2829 3835 3127 3892 quanquam
3160 3824 3212 3880 in
3241 3826 3416 3884 latinae
3443 3827 3637 3901 lingua
3655 3847 3778 3887 eon-

2207 3903 2489 3962 suetudine
2526 3906 2736 3964 dicatur
2763 3909 3046 3981 aliquando
3074 3928 3260 3970 creare
3283 3958 3297 3982 ,
3328 3931 3424 3987 pro
3453 3935 3519 3976 eo
3538 3921 3679 3991 quod
3703 3931 3778 3979 est

2204 3995 2420 4066 gignere
2442 4015 2457 4065 ;
2480 3999 2574 4054 sed
2597 4016 2768 4072 graeca
2793 4002 3062 4060 discernit.
3091 4008 3204 4064 Hoc
3227 4009 3368 4064 enim
3395 4012 3620 4070 dicimus
3638 4031 3778 4071 crea-

2207 4094 2376 4143 turam
2397 4131 2412 4156 ,
2445 4091 2586 4161 quod
2611 4092 2685 4148 illi
2709 4107 2883 4164 χτίσμα
2902 4097 2985 4152 vel
3012 4105 3164 4154 κτίσιν
3187 4112 3378 4159 vocant
3415 4123 3428 4160 :
3456 4115 3650 4164 etcum
3670 4110 3778 4165 sine

2205 4179 2546 4252 ambiguitate
2583 4183 2727 4255 loqui
2758 4187 3031 4254 volumus,
3084 4206 3192 4247 non
3241 4193 3497 4262 dicimus,
3555 4214 3771 4264 creare;

2206 4273 2322 4341 sed,
2350 4276 2598 4332 condere.
2628 4277 2767 4350 Ergo
2805 4279 2848 4334 si
2887 4292 3131 4338 creatura
3157 4294 3240 4341 est
3275 4287 3468 4354 Filius,
3496 4293 3772 4361 quamlibet

2206 4381 2394 4438 magna
2425 4370 2513 4437 sit,
2540 4369 2676 4426 facta
2705 4380 2805 4427 est.
2837 4373 2944 4429 Nos
2968 4386 3144 4432 autem
3171 4378 3221 4433 in
3249 4395 3370 4435 eum
3397 4383 3662 4441 credimus
3687 4400 3771 4455 per

2206 4474 2362 4527 quem
2391 4459 2526 4515 facta
2555 4471 2677 4517 sunt
2701 4466 2874 4518 omnia
2897 4507 2911 4531 ,
2945 4482 3048 4522 non
3081 4469 3132 4523 in
3174 4485 3297 4526 eum
3338 4487 3433 4543 per
3461 4491 3619 4545 quem
3651 4477 3769 4533 facta

2206 4560 2330 4605 sunt
2356 4559 2550 4608 caetera
2592 4569 2605 4606 :
2647 4569 2818 4625 neque
2845 4558 2988 4612 enim
3019 4559 3106 4614 hic
3141 4562 3296 4618 aliter
3321 4565 3564 4636 accipere
3593 4583 3767 4640 possu-

2203 4655 2322 4696 mus
2342 4644 2518 4697 omnia
2539 4685 2553 4712 ,
2583 4646 2686 4699 nisi
2716 4662 3063 4720 quaecumque
3087 4663 3213 4709 sunt
3233 4654 3389 4711 facta.

2274 4734 2328 4790 6.
2367 4735 2470 4791 Sed
2500 4738 2749 4808 quoniam
2785 4738 3000 4796 Verbum
3028 4761 3146 4800 caro
3175 4749 3365 4816 factum
3393 4760 3486 4815 est,
3517 4763 3565 4806 et
3593 4754 3769 4808 habita-

2201 4824 2269 4879 vit
2295 4826 2346 4880 in
2375 4827 2516 4882 nobis
2556 4827 2742 4901 (Joan.
2783 4847 2839 4898 1,
2871 4831 2973 4904 14)
3003 4850 3018 4898 ;
3055 4836 3240 4892 eadem
3271 4837 3538 4908 Sapientia
3567 4860 3681 4912 quae
3711 4842 3767 4897 de

2202 4918 2312 4974 Deo
2340 4921 2515 4990 genita
2545 4931 2648 4989 est,
2676 4923 2888 4994 dignata
2911 4933 2994 4980 est
3031 4927 3188 4982 etiam
3219 4929 3271 4984 in
3304 4930 3607 4989 hominibus
3631 4948 3766 4990 crea-

2201 5010 2246 5067 ri
2272 5009 2312 5063 ‘.
2345 5010 2461 5079 Quo
2492 5013 2720 5082 pertinet
2747 5015 2876 5070 illud
2901 5058 2914 5082 ,
2940 5015 3191 5073 Dominus
3217 5024 3400 5076 creavit
3421 5040 3501 5077 me
3525 5027 3576 5078 in
3596 5025 3764 5096 princi-

2201 5104 2284 5173 pio
2310 5105 2504 5159 viarum
2543 5122 2752 5160 suarum
2804 5108 2992 5180 (Prov.
3040 5125 3129 5164 vni
3159 5152 3174 5177 ,
3217 5110 3346 5182 22).
3385 5114 3594 5170 Viarum
3637 5117 3761 5171 enim

2199 5195 2314 5265 ejus
2350 5197 2666 5268 principium
2697 5210 2857 5270 caput
2894 5210 2977 5257 est
3004 5201 3257 5258 Ecclesiae
3281 5245 3296 5272 ,
3339 5206 3482 5275 quod
3508 5216 3588 5262 est
3622 5205 3761 5261 Chri-

2261 5330 2279 5410 ξ
2315 5329 2504 5410 aliquot
2526 5339 2651 5392 Mss,
2675 5333 2959 5410 concedit.“
3170 5404 3180 5410 Δ
3257 5400 3310 5410 Δ.
3462 5399 3504 5410 Η

2259 5393 2280 5425 ³
2310 5393 2419 5459 Mss;
2467 5401 2571 5443 tres
2596 5396 2811 5459 melioris
2842 5402 2984 5459 notae,
3009 5404 3208 5448 conante
3245 5400 3344 5459 fetu
3372 5399 3520 5451 verbi.
3547 5407 3674 5449 Forte
3696 5397 3758 5445 le-

2195 5455 2424 5526 gendum,
2446 5462 2666 5526 conantes
2687 5458 2788 5526 fetu
2805 5457 2950 5508 verbi.
2970 5460 3202 5522 -—.\torel,
3226 5455 3372 5511 bilem.
3390 5465 3514 5525 crit.,
3535 5477 3580 5526 p.
3595 5461 3668 5520 94,
3690 5458 3756 5508 le-

2195 5516 2293 5593 gita:
2310 5522 2512 5593 signante
2542 5518 2636 5593 feta
2659 5516 2801 5569 verbi.
2821 5591 2826 5593 _
2847 5527 2924 5593 at:
3187 5516 3197 5522 ⁷
3369 5583 3380 5593 ,

2259 5579 2278 5643 ἒ
2309 5578 2445 5638 Editi,
2462 5578 2790 5642 sempiternus.
2810 5589 2864 5631 At
2886 5589 2990 5632 Mss.
3017 5596 3206 5643 omnes,
3228 5583 3528 5636 sollicitante.

2258 5642 2277 5669 ι
2311 5645 2390 5688 Ms.
2421 5643 2738 5708 nemigianus,
2759 5643 2806 5692 in
2829 5643 3041 5698 omnibus
3065 5658 3080 5694 :
3107 5647 3151 5696 iri
3182 5653 3274 5708 est,
3297 5649 3421 5700 inter
3469 5648 3617 5699 omnia
3657 5653 3752 5706 qua

2199 5699 2316 5751 facta
2340 5708 2476 5764 sunt;
2503 5699 2593 5752 nec
2612 5704 2753 5754 male.
