3996 6282
166 302 255 361 185

157 425 258 471 stus
291 414 303 444 '
330 409 534 464 homine
562 407 772 462 indutus
791 446 807 471 ,
837 420 933 476 per
975 417 1131 473 quem
1162 400 1374 457 vivendi
1402 401 1706 471 exemplum

158 505 292 561 nobis
315 500 542 562 daretur,
580 498 681 553 hoc
718 504 802 551 est
839 496 920 549 via
950 504 1095 550 certa
1123 495 1144 527 ²
1174 509 1274 563 qua
1308 492 1708 563 perveniremus

154 599 210 652 ad
236 597 407 649 Deum.
439 592 554 647 Non
591 592 727 647 enim
752 588 928 644 redire
958 588 1225 659 potuimus
1264 587 1363 642 nisi
1392 587 1706 652 humilitate,

153 690 228 760 qui
249 685 480 757 superbia
516 685 649 754 lapsi
677 698 881 749 sumus,
909 682 1044 736 sicut
1069 680 1271 736 dictum
1298 689 1378 735 est
1405 681 1588 750 prima:
1615 694 1713 735 no-

152 789 258 833 stra:
276 786 550 841 creaturae,
581 773 805 837 Gustata,
837 781 886 825 et
909 772 1047 826 eritis
1082 781 1321 842 tanquam
1349 770 1423 824 dii
1450 770 1600 842 (Gen.
1629 787 1706 839 ιιι,

150 872 227 939 5).
258 866 411 938 llujus
449 866 617 936 igitur
659 862 980 918 humilitatis
1009 862 1314 931 exemplum
1339 903 1352 926 ,
1387 860 1438 915 id
1474 868 1577 927 est,
1609 861 1709 915 vite

149 976 236 1031 qua
259 956 579 1014 redeundum
613 956 722 1019 fuit,
752 955 867 1023 ipse
896 953 1190 1023 Reparator
1209 960 1395 1007 noster
1425 952 1478 1006 in
1509 965 1567 1006 se
1592 951 1707 1021 ipso

149 1052 487 1107 demonstrare
514 1046 759 1116 dignatus
786 1052 889 1110 est,
918 1044 1006 1113 qui
1048 1060 1148 1097 non
1176 1044 1410 1113 rapinam
1439 1043 1709 1097 arbitratus

148 1154 206 1198 est
227 1159 321 1197 esse
345 1140 554 1209 azqualis
577 1138 696 1201 Deo,
727 1135 816 1191 sed
840 1137 1160 1207 semetipsum
1180 1135 1459 1200 evacuavit,
1492 1138 1707 1206 formam

145 1232 502 1301 ειηνὶαςεὶρὶεηε
526 1229 545 1299 (
571 1226 797 1298 Philipp.
826 1242 892 1291 ιι,
923 1227 986 1292 6,
1017 1224 1086 1297 7)
1119 1242 1132 1289 ;
1162 1235 1218 1279 ut
1244 1232 1518 1280 crearetur
1537 1224 1701 1279 homo

146 1328 191 1380 in
209 1322 449 1395 principio
476 1320 685 1375 viarum
708 1320 845 1388 ejus,
874 1318 1107 1372 Verbum
1136 1332 1233 1387 per
1255 1316 1396 1387 quod
1420 1317 1555 1371 facta
1581 1326 1705 1372 sunt

146 1414 318 1469 omnia.
348 1411 683 1481 Quapropter
708 1406 998 1464 secundum
1026 1406 1078 1460 id
1108 1406 1249 1476 quod
1275 1406 1576 1477 unigenitus
1600 1414 1701 1473 est,

145 1521 233 1559 non
256 1503 401 1558 habet
424 1500 622 1556 fratres
653 1518 665 1553 :
698 1498 990 1555 secundum
1038 1497 1089 1552 id
1118 1506 1295 1551 autem
1334 1496 1473 1568 quod
1506 1497 1704 1567 primo-

144 1596 324 1667 genitus
350 1602 457 1656 est,
505 1592 702 1647 fratres
734 1604 929 1645 vocare
976 1588 1223 1659 dignatus
1265 1596 1347 1643 est
1383 1602 1570 1643 omnes
1614 1588 1702 1658 qui

144 1695 245 1757 post
266 1687 374 1755 ejus
402 1695 456 1740 et
481 1700 583 1755 per
607 1683 722 1753 ejus
751 1683 1035 1752 primatum
1068 1681 1118 1736 in
1164 1680 1257 1736 Dei
1285 1681 1509 1750 gratiam
1541 1696 1699 1735 rena-

144 1777 373 1833 scuntur‘
414 1792 510 1847 per
550 1775 892 1845 adoptionem
935 1773 1163 1828 ﬁliorum
1193 1772 1355 1844 (Luc.
1388 1790 1511 1839 Vlll,
1555 1772 1697 1847 21),

144 1871 256 1925 sicut
279 1868 561 1938 apostolica
587 1866 861 1935 disciplina
886 1863 907 1896 ⁵
938 1863 1273 1920 commendat
1300 1863 1481 1934 (Hebr.
1511 1880 1565 1931 ιι,
1590 1862 1697 1937 ll).

145 1960 373 2015 naturalis
397 1972 526 2029 ergo
554 1956 722 2011 Filius
753 1956 819 2011 de
846 1957 959 2026 ipsa
983 1956 1155 2010 Patris
1184 1956 1480 2010 substantia
1509 1956 1700 2012 unicus

146 2061 273 2105 natus
291 2059 383 2111 est,
410 2049 461 2104 id
480 2048 722 2104 existens
749 2046 888 2118 quod
912 2046 1066 2101 Pater
1092 2055 1176 2101 est
1204 2047 1224 2078 ⁵
1254 2062 1269 2112 ;
1302 2046 1443 2101 Deus
1468 2046 1536 2101 de
1568 2047 1696 2113 Deo,

147 2144 316 2198 Lumen
344 2142 407 2198 de
434 2141 667 2196 Lumine
709 2159 723 2195 :
757 2155 854 2195 nos
881 2148 1057 2194 autem
1101 2155 1206 2194 non
1236 2140 1413 2193 lumen
1444 2139 1700 2194 naturali-

150 2248 215 2293 ter
237 2252 400 2291 sumus
420 2276 436 2303 ,
462 2233 565 2291 sed
597 2234 663 2289 ab
693 2234 783 2289 illo
821 2232 1047 2288 Lumine
1090 2233 1451 2288 illuminamur
1473 2275 1487 2300 ,
1520 2242 1578 2288 ut
1617 2248 1702 2287 sa-

152 2332 310 2399 pientia
345 2332 517 2388 lucere
565 2334 852 2403 possimus.
892 2331 1019 2387 Erat
1059 2332 1224 2400 enim,
1272 2331 1463 2402 inquit,
1509 2331 1701 2385 Lumen

155 2438 305 2487 rerum,
344 2426 470 2493 quod
516 2424 778 2479 illuminat
822 2440 1020 2478 omnem
1063 2422 1312 2477 hominem
1341 2422 1612 2475 venientem
1647 2422 1699 2475 in

159 2509 259 2563 hunc
277 2513 499 2566 utendum
534 2511 729 2584 (Joan.
763 2529 810 2579 ι,
839 2510 928 2585 9).
961 2512 1219 2567 Addimus
1248 2513 1424 2582 itaque
1465 2510 1586 2566 ﬁdei
1616 2528 1699 2566 rc-

164 2617 253 2654 rum
291 2611 597 2660 uternarum
644 2605 802 2659 etiam
849 2604 1195 2673 temporalem
1243 2602 1697 2673 dispensationem

166 2690 327 2747 Domini
348 2697 528 2761 nostri,
570 2711 726 2763 quam
756 2711 938 2765 gerere
967 2695 1119 2750 nobis
1164 2702 1219 2750 et
1263 2695 1563 2750 ministrare
1604 2710 1699 2765 pro

168 2794 303 2839 nostra
340 2788 501 2844 salute
546 2788 794 2858 dignatus
831 2798 933 2843 est.
964 2789 1096 2843 Nam
1142 2788 1433 2844 secundum
1476 2788 1525 2842 id
1557 2788 1700 2858 quod

165 2876 401 2946 unigenitus
434 2889 523 2935 est
571 2880 659 2935 Dei
694 2881 894 2947 Filius,
942 2896 1047 2936 non
1092 2889 1267 2951 potest
1309 2880 1412 2936 dici
1438 2922 1452 2947 ,
1496 2878 1619 2935 Fuit
1647 2889 1701 2936 et

161 2966 278 3033 Erit;
301 2972 383 3026 sed
412 2982 620 3028 tantum
648 3017 661 3039 ,
690 2974 782 3029 Est
813 2992 826 3028 :
864 2975 984 3045 quia
1014 2983 1066 3030 et
1092 2975 1232 3045 quod
1279 2974 1410 3043 fuit,
1446 2976 1558 3045 jam
1592 2992 1697 3031 non

156 3068 218 3112 est
241 3078 251 3125 ;
275 3072 320 3116 et
358 3066 493 3134 quod
538 3065 660 3133 erit,
693 3064 925 3121 nondum
959 3075 1059 3122 est.
1105 3067 1197 3123 llle
1238 3083 1362 3138 ergo
1390 3077 1471 3123 est
1500 3069 1702 3124 incom-

156 3152 376 3209 mutabilis
397 3156 515 3211 sine
548 3156 852 3213 conditione
883 3167 1178 3228 temporum
1213 3168 1265 3214 ct
1288 3161 1561 3215 varietate.
1594 3160 1702 3216 Nec

154 3243 325 3300 aliunde
349 3248 580 3303 arbitror
604 3264 821 3305 manare
848 3248 974 3304 illud
1005 3251 1144 3320 quod
1170 3249 1369 3305 famulo
1405 3266 1503 3307 suo
1532 3252 1700 3323 Moysi

154 3337 235 3393 tale
258 3355 435 3397 nomen
471 3357 627 3397 suum
664 3343 970 3398 insinuavit.
999 3339 1130 3397 Nam
1158 3360 1277 3399 cum
1305 3345 1371 3399 ab
1400 3360 1464 3400 eo
1492 3360 1701 3416 quzere-

154 3437 244 3492 ret,
267 3430 305 3484 si
329 3447 381 3486 se
408 3432 642 3503 populus
670 3431 736 3487 ad
764 3449 921 3503 quem
961 3434 1269 3488 mittebatur
1311 3444 1695 3500 contemneret,

152 3529 176 3569 ει
197 3533 285 3587 quo
316 3536 369 3575 se
403 3521 615 3577 diceret
656 3536 775 3577 esse
814 3523 1035 3577 missum
1072 3540 1087 3588 ;
1133 3538 1445 3593 responsum
1477 3524 1701 3580 dicentis

154 3611 335 3679 accepit,
367 3611 479 3682 Ego
507 3630 619 3666 sum
642 3614 728 3681 qui
748 3631 877 3669 sum.
927 3615 1126 3670 Deinde
1149 3616 1441 3685 subjunxit,
1473 3615 1600 3671 Ila’c
1629 3618 1700 3671 di-

156 3713 218 3753 ces
235 3702 337 3769 ﬁliis
353 3702 538 3769 Israel,
574 3705 675 3772 Qui
701 3714 789 3771 est,
809 3705 943 3759 misit
960 3723 1037 3760 me
1062 3706 1129 3759 ad
1156 3722 1241 3760 vos
1267 3706 1459 3776 (Exod.
1492 3723 1568 3774 ιιι,
1588 3709 1697 3779 14).

212 3791 256 3845 7.
282 3793 349 3848 Ex
375 3810 482 3865 quo
503 3795 613 3864 jam
642 3795 1003 3865 Spiritualibus
1028 3797 1220 3851 animis
1248 3808 1427 3867 patere
1452 3799 1698 3865 conﬁdo,

157 3880 319 3937 nullam
339 3893 577 3939 naturam
609 3884 718 3938 Deo
752 3901 870 3941 esse
904 3901 1063 3955 posse
1091 3887 1434 3941 contrariam.
1468 3888 1525 3944 Si
1557 3890 1700 3944 enim

159 3969 229 4025 ille
256 3982 344 4037 est,
369 3984 424 4030 et
441 3974 508 4029 dc
532 3975 648 4029 solo
669 3975 777 4030 Deo
804 3976 1014 4046 proprie
1036 3976 1137 4032 dici
1161 3986 1336 4048 potest
1359 3980 1458 4034 hoc
1481 3980 1701 4036 verbum

160 4061 310 4130 (quod
336 4066 475 4120 enim
503 4081 630 4120 vere
660 4074 771 4132 est,
798 4067 1304 4123 incommutabiliter
1336 4079 1537 4136 manet;
1570 4085 1703 4140 quo-

161 4154 273 4209 niam
299 4159 427 4227 quod
455 4167 707 4223 mutatur,
742 4158 837 4213 fuit
860 4159 1058 4227 aliquid
1086 4160 1225 4230 quod
1248 4160 1358 4230 jam
1381 4177 1483 4216 non
1516 4171 1618 4226 est,
1652 4172 1707 4216 et

162 4246 242 4299 erit
264 4248 389 4317 quod
428 4250 664 4305 nondum
692 4252 843 4320 est),
876 4252 1009 4305 nihil
1050 4268 1177 4322 ergo
1208 4252 1366 4307 habet
1404 4254 1541 4307 Deus
1571 4268 1704 4308 con-

164 4338 361 4393 trarium.
407 4341 460 4397 Si
511 4343 651 4396 enim
696 4351 1026 4411 qurrreretur
1052 4358 1082 4395 a
1114 4343 1267 4398 nobis
1309 4343 1433 4413 quid
1475 4344 1543 4397 sit
1583 4344 1706 4396 albo

164 4432 444 4486 contrarium
466 4474 481 4496 ,
520 4432 967 4501 responderemus
996 4433 1204 4502 nigrum
1250 4451 1263 4487 :
1307 4434 1350 4488 si
1381 4444 1707 4504 qumreretur

166 4516 264 4581 quid
289 4519 349 4574 sit
371 4521 541 4576 calido
569 4524 913 4587 contrarium,
947 4523 1394 4592 responderemus
1421 4524 1663 4594 frigidum
1690 4544 1702 4578 :

166 4606 199 4656 si
223 4623 522 4678 qnzereretur
545 4613 671 4684 quid
696 4614 765 4667 sit
800 4614 965 4669 veloci
995 4616 1316 4669 contrarium
1341 4616 1381 4679 ⁸,
1411 4616 1704 4685 responde—

168 4714 311 4758 remus
348 4707 549 4761 tardum
580 4724 595 4771 ;
639 4715 692 4761 et
722 4722 1070 4778 qumcumquc
1114 4707 1323 4761 similia.
1370 4710 1500 4761 Cum
1529 4718 1705 4763 autem

169 4795 380 4859 queritur
405 4799 530 4870 quid
561 4800 629 4854 sit
667 4801 987 4854 contrarium
1028 4801 1078 4856 ei
1123 4800 1263 4871 quod
1303 4809 1416 4867 cst,
1447 4811 1588 4857 recte
1618 4818 1703 4858 re-

170 4887 413 4952 spondetur
438 4889 578 4959 quod
606 4906 708 4944 non
733 4899 835 4945 est.

225 4978 267 5032 8-
300 4980 393 5037 Sed
418 4984 663 5052 quoniam
695 5000 786 5053 per
816 4985 1197 5053 temporalem,
1239 4994 1294 5038 ut
1319 4984 1424 5038 dixi
1449 5027 1461 5049 ,
1489 4984 1705 5055 dispen-

172 5201 249 5305 αἰχ
262 5206 322 5252 Sic
340 5211 439 5256 Mss.
466 5213 521 5257 At
542 5206 677 5267 editi,
692 5206 984 5271 principium
1000 5214 1045 5259 et
1068 5216 1211 5271 caput
1236 5208 1459 5261 Ecclesia:
1480 5219 1549 5263 est
1569 5213 1708 5263 Chri-

230 5274 262 5310 8.

222 5323 249 5394 '.
263 5326 381 5384 aditi,
396 5326 496 5379 lucc
518 5334 589 5394 est
612 5325 688 5378 via
706 5336 853 5379 certa.
880 5338 984 5379 Mss.
1003 5344 1136 5391 vero,
1156 5330 1245 5382 hoc
1255 5339 1323 5382 est
1346 5331 1577 5385 t'iacerta.
1592 5342 1710 5383 Tum

176 5389 288 5461 exitus
305 5397 517 5461 quatuor,
537 5389 614 5439 νέα
632 5397 782 5461 νςετςξε
863 5450 875 5461 .

226 5445 244 5517 ξ
264 5445 461 5517 ξῃξηροει
475 5445 576 5517 eius
596 5450 835 5514 primitias
856 5450 905 5502 in
924 5451 1011 5503 Dei
1032 5452 1461 5517 gratiunasdmur.

226 5504 396 5584 ἷξέιίέἴν
420 5504 636 5584 άοέινίιέα
673 5526 702 5584 ς,
724 5527 811 5584 PF“?
839 5529 936 5577 quo
1124 5504 1399 5584 disciplina-

224 5566 241 5639 ξ
264 5571 324 5639 sic
454 5583 507 5639 at
524 5566 882 5639 vulgatiIideni
897 5566 1105 5639 existens
1126 5566 1259 5639 quod
1279 5585 1418 5639 pater
1437 5588 1580 5630 Deus.

268 5637 307 5704 In
339 5639 403 5692 3.,
424 5634 466 5685 si
482 5625 778 5704 augurantur
801 5634 915 5698 quid
940 5635 1087 5690 veloci
1108 5625 1401 5691 cbitt’rvaritau
1438 5625 1702 5704 Ειῖίνιξιιςᾶ.

182 5689 266 5737 t'cu.
288 5689 557 5747 Lm.'sccuti
579 5710 763 5747 sumus.
815 5689 884 5748 'tt.

1540 288 1738 342 LIBER
1782 287 1979 345 UNUS.

3298 291 3401 351 186

1818 402 2105 469 sationem,
2134 405 2200 460 ad
2226 412 2459 460 nostram
2492 404 2715 459 salutem
2744 412 2797 459 et
2815 414 3202 475 reparationem
3223 451 3237 477 ,
3268 426 3403 482 ope-

1816 501 1968 547 rante
2012 495 2104 549 Dei
2161 496 2526 567 benignitate,
2573 496 2641 550 ab
2693 496 2777 550 illa
2837 498 3252 557 incommutabili
3303 502 3400 561 Dei

1815 582 2085 655 Sapientia
2122 596 2308 641 natura
2337 587 2602 642 mutabilis
2634 598 2813 643 nostra
2842 600 3089 659 suscepta
3116 603 3196 647 est
3216 635 3229 659 ,
3259 603 3400 650 tem-

1815 678 2074 745 poralium
2102 695 2277 735 rerum
2304 681 2588 736 salubriter
2614 696 2710 750 pro
2737 681 2887 735 nobis
2914 692 3185 752 gestarum
3211 685 3402 756 adjun-

1814 767 1985 837 gimus
2026 768 2181 824 ﬁdem
2203 813 2218 837 ,
2249 771 2529 826 credentes
2565 770 2617 825 in
2646 786 2768 826 eum
2794 771 2885 825 Dei
2916 772 3105 827 Filium
3132 775 3220 845 qui
3248 786 3402 833 natus

1813 867 1897 914 est
1943 875 2038 930 per
2082 860 2335 931 Spiritum
2380 870 2621 917 sanctum
2665 877 2731 917 ex
2773 862 2978 932 virgine
3021 863 3203 918 Maria.
3254 866 3402 922 Dono

1814 952 1956 1005 enim
1990 953 2115 1017 Dei,
2149 954 2250 1007 hoc
2279 963 2391 1021 est,
2420 962 2603 1009 sancto
2630 953 2830 1024 Spiritu
2858 954 3116 1011 concessa
3140 957 3295 1013 nobis
3316 970 3399 1014 est

1813 1050 1956 1098 tanta
1987 1044 2253 1101 humilitas
2294 1048 2424 1101 tanti
2455 1047 2564 1113 Dei,
2609 1056 2665 1101 ut
2697 1056 2862 1101 totum
2906 1048 3177 1104 hominem
3225 1051 3399 1106 susci-

1812 1147 1939 1202 pere
1980 1133 2286 1206 dignaretur
2321 1138 2373 1190 in
2413 1145 2565 1192 utero
2598 1137 2815 1207 virginis
2835 1179 2850 1204 ,
2882 1146 3178 1194 maternum
3207 1156 3401 1211 corpus

1810 1222 2075 1294 integrum
2107 1226 2439 1293 inhabitans,
2472 1228 2736 1298 integrum
2765 1227 3019 1283 deserens
3047 1231 3086 1282 ί.
3128 1231 3224 1285 Cui
3267 1240 3402 1285 tem-

1810 1315 1975 1385 porali
1995 1315 2377 1385 dispensationi
2399 1319 2580 1373 multis
2606 1318 2775 1374 modis
2800 1319 3116 1374 insidiantur
3138 1320 3394 1377 haeretici.

1808 1405 1915 1461 Sed
1957 1407 2003 1462 si
2040 1410 2157 1479 quis
2188 1410 2419 1466 tenuerit
2446 1410 2759 1466 catholicam
2786 1412 2942 1466 ﬁdem
2964 1454 2980 1480 ,
3011 1421 3066 1466 ut
3106 1421 3272 1467 totum
3300 1408 3398 1467 ho-

1807 1497 2004 1553 minem
2043 1500 2225 1555 credat
2262 1518 2292 1557 a
2329 1500 2503 1557 Verbo
2544 1503 2637 1557 Dei
2684 1518 2805 1558 esse
2842 1514 3145 1573 susceptum
3168 1546 3184 1568 ,
3227 1504 3280 1558 id
3317 1514 3399 1560 est

1806 1602 2019 1659 corpus,
2051 1592 2301 1661 animam,
2334 1594 2597 1663 spiritum,
2634 1596 2763 1650 satis
2798 1604 2980 1650 contra
3014 1597 3130 1651 illos
3158 1598 3396 1653 munitus

1805 1689 1905 1735 est.
1935 1681 2139 1752 Quippe
2164 1698 2283 1738 cum
2316 1684 2413 1739 ista
2444 1686 2710 1754 susceptio
2742 1701 2836 1753 pro
2875 1687 3044 1742 salute
3086 1697 3265 1742 nostra
3314 1689 3385 1743 sit

1804 1781 1972 1843 gesta,
1996 1774 2288 1829 cavendum
2312 1786 2390 1830 est
2410 1792 2475 1830 ne
2494 1791 2613 1830 cum
2628 1776 2918 1831 crediderit
2937 1778 3132 1848 aliquid
3155 1787 3395 1834 nostrum

1805 1880 1910 1919 non
1941 1866 2209 1936 pertinere
2244 1866 2316 1921 ad
2354 1868 2507 1922 istam
2536 1869 2926 1939 susceptionem
2948 1910 2963 1934 ,
2997 1886 3099 1925 non
3127 1872 3394 1941 pertineat

1804 1957 1872 2013 ad
1910 1959 2156 2014 salutem.
2202 1960 2417 2015 Etcum
2454 1960 2614 2015 homo
2655 1970 2875 2031 excepta
2916 1962 3084 2015 forma
3123 1964 3396 2018 membro-

1803 2066 1918 2105 rum
1939 2093 1953 2117 ,
1986 2067 2102 2122 quae
2122 2052 2347 2107 diversis
2366 2054 2650 2123 generibus
2680 2054 3027 2108 animantium
3058 2055 3266 2110 diversa
3300 2056 3399 2110 tri-

1803 2141 1926 2205 buta
1954 2152 2036 2199 est
2058 2186 2073 2210 ,
2123 2160 2229 2199 non
2260 2145 2419 2201 diSIet
2446 2162 2478 2201 a
2519 2161 2710 2216 pecore
2747 2147 2848 2201 nisi
2878 2148 3123 2202 rationali
3167 2149 3352 2217 spiritu
3374 2192 3389 2214 ,

1802 2250 1921 2305 qua:
1947 2250 2099 2291 mens
2124 2236 2285 2291 etiam
2323 2238 2627 2292 nominatur
2655 2255 2669 2304 ;
2702 2239 2968 2308 quomodo
2997 2256 3124 2294 sana
3152 2251 3233 2296 est
3260 2241 3396 2297 ﬁdes

1802 2341 1902 2396 qua
1929 2326 2163 2382 creditur
2190 2327 2329 2397 quod
2357 2327 2408 2381 id
2431 2337 2668 2383 nostrum
2695 2330 2987 2399 susceperit
3011 2332 3100 2386 Dei
3126 2331 3398 2402 Sapientia

1801 2417 1943 2487 quod
1982 2418 2236 2473 habemus
2266 2435 2550 2475 commune
2592 2436 2713 2475 cum
2759 2436 2984 2490 pecore,
3037 2422 3168 2476 illud
3211 2433 3391 2479 autem

1801 2524 1909 2562 non
1960 2510 2254 2579 susceperit
2292 2510 2435 2580 quod
2487 2510 2779 2566 illustratur
2829 2514 2946 2567 luce
2988 2514 3298 2589 sapientim,
3342 2527 3398 2571 et

1802 2599 1941 2669 quod
1974 2601 2206 2655 hominis
2238 2603 2509 2672 proprium
2538 2603 2661 2657 est?

1872 2690 1924 2745 9.
1971 2692 2279 2746 Detestandi
2307 2703 2486 2747 autem
2512 2695 2669 2749 etiam
2700 2695 2774 2749 illi
2814 2705 2963 2759 sunt,
2994 2698 3083 2767 qui
3113 2699 3395 2752 Dominum

1804 2791 2041 2836 nostrum
2079 2783 2261 2838 Jesum
2302 2783 2567 2839 Christum
2609 2796 2835 2841 matrem
2876 2787 3092 2842 Mariam
3146 2790 3195 2843 in
3240 2791 3396 2845 terris

1804 2872 2053 2929 habuisse
2104 2884 2342 2945 negant,
2399 2891 2522 2931 cum
2570 2877 2658 2931 illa
2712 2877 3040 2947 dispensatio
3110 2887 3395 2951 utrumque

1803 2976 2023 3029 Sexum,
2066 2972 2119 3020 et
2163 2966 2514 3020 masculinum
2564 2976 2617 3022 et
2655 2966 2967 3023 femininum
3010 2970 3391 3039 honoraverit,

1804 3066 1859 3110 et
1900 3056 1966 3110 ad
2012 3071 2194 3111 curam
2239 3056 2330 3111 Dei
2376 3058 2643 3128 pertinere
2690 3061 3096 3129 monstraverit,
3138 3078 3242 3118 non
3290 3078 3395 3119 so-

1802 3148 1913 3203 lum
1940 3164 2096 3220 quem
2123 3150 2377 3219 suscepit,
2421 3151 2514 3205 sed
2545 3151 2692 3205 illum
2721 3152 2881 3206 etiam
2916 3168 3012 3222 per
3061 3170 3217 3223 quem
3266 3170 3397 3210 sus-

1804 3240 1963 3309 cepit,
1991 3241 2159 3293 virum
2196 3240 2432 3310 gerendo
2453 3282 2467 3307 ,
2505 3241 2771 3295 nascendo
2794 3242 2861 3297 de
2902 3242 3116 3297 femina.
3145 3243 3253 3303 Nec
3293 3260 3394 3300 nos

1804 3329 1870 3385 ad
1904 3332 2195 3401 negandum
2227 3332 2423 3386 Christi
2455 3342 2679 3387 matrem
2715 3334 2885 3403 cogit,
2930 3334 3073 3404 quod
3118 3335 3186 3390 ab
3221 3351 3286 3392 eo
3313 3337 3394 3391 di-

1804 3432 1945 3479 ctum
1968 3433 2069 3488 est,
2104 3423 2241 3492 Quid
2270 3425 2395 3478 milii
2419 3433 2463 3478 et
2496 3426 2583 3479 tibi
2608 3436 2681 3481 est
2705 3469 2719 3493 ,
2749 3425 2929 3481 mulier
2953 3430 2977 3482 ?
3004 3431 3227 3483 nondum
3263 3432 3395 3484 venit

1805 3516 1932 3569 liora
1972 3532 2080 3569 mea
2118 3515 2306 3585 (Joan.
2336 3531 2393 3579 ιι,
2421 3516 2455 3570 4
2480 3516 2521 3587 ).
2548 3516 2653 3571 Sed
2678 3516 2927 3572 admonet
2959 3520 3130 3587 potius
3162 3529 3215 3573 ut
3241 3520 3397 3575 intel-

1806 3607 2030 3677 ligamus
2055 3606 2343 3661 secundum
2375 3608 2541 3662 Deum
2565 3623 2667 3661 non
2705 3624 2825 3663 eum
2858 3609 3108 3665 habuisse
3146 3620 3392 3677 matrem,

1806 3697 1957 3767 cujus
2001 3697 2293 3765 majestatis
2322 3712 2602 3766 personam
2640 3699 2859 3768 parabat
2893 3700 3174 3756 ostendere
3201 3716 3394 3772 aquam

1808 3788 1860 3842 in
1891 3789 2072 3842 vinum
2096 3788 2371 3842 vertendo.
2400 3788 2551 3855 Quod
2572 3798 2748 3844 autem
2776 3790 3059 3847 cruciﬁxus
3084 3800 3184 3856 cst,
3213 3808 3395 3848 secuuo

1808 3879 1933 3933 dum
1964 3878 2232 3934 hominem
2263 3880 2544 3934 cruciﬁxus
2569 3889 2687 3945 est;
2719 3889 2773 3935 et
2815 3881 2901 3936 illa
2927 3891 3040 3936 erat
3070 3882 3196 3936 hora
3217 3924 3233 3950 ,
3273 3899 3395 3953 quae

1809 3971 2039 4025 nondum
2070 3979 2319 4038 venerat,
2342 3971 2553 4041 quando
2576 3972 2775 4026 dictum
2802 3982 2902 4039 est,
2934 3973 3064 4027 Milli
3087 3984 3131 4027 et
3157 3974 3244 4027 tibi
3271 3974 3396 4044 quid

1808 4074 1878 4117 est
1909 4064 1933 4116 ?
1971 4063 2194 4116 nondum
2239 4064 2367 4116 venit
2396 4064 2523 4117 liora
2552 4081 2659 4117 mea
2685 4106 2698 4128 ,
2747 4064 2796 4118 id
2826 4074 2926 4128 est,
2972 4081 3071 4134 qua
3117 4075 3165 4119 te
3195 4080 3395 4136 cogno—

1809 4169 1975 4209 scam.
2005 4154 2155 4208 Tunc
2180 4154 2321 4208 enim
2353 4162 2408 4207 ut
2439 4155 2597 4208 homo
2627 4155 2911 4209 cruciﬁxus
2947 4157 3192 4225 cognovit
3219 4156 3394 4211 homi-

1809 4262 1930 4300 nem
1969 4254 2192 4299 matrem
2220 4287 2235 4311 ,
2268 4254 2320 4299 et
2343 4245 2689 4300 dilectissimo
2714 4246 2972 4314 discipulo
3014 4247 3393 4303 humanissime

1810 4336 2200 4390 commendavit
2220 4336 2329 4406 (Id.
2362 4353 2472 4402 χιχ,
2492 4335 2582 4403 ‘36,
2607 4336 2721 4407 27).
2744 4336 2852 4392 Nec
2877 4338 3004 4393 illud
3036 4356 3131 4392 nos
3160 4350 3390 4407 moveat,

1810 4434 1948 4504 quod
1985 4450 2104 4489 cum
2153 4435 2201 4489 ei
2243 4435 2573 4489 nuntiaretur
2606 4443 2774 4488 mater
2798 4434 2946 4502 ejus,
2979 4443 3032 4489 et
3061 4435 3267 4500 fratres,
3310 4451 3398 4491 re-

1811 4526 2040 4596 spondit,
2077 4526 2203 4593 Qua:
2230 4527 2351 4580 mihi
2379 4536 2555 4591 mater,
2584 4534 2671 4578 aut
2700 4527 2786 4595 qui
2814 4526 3016 4593 fratres,
3048 4535 3151 4580 etc.
3177 4526 3392 4595 (Matth.

1812 4635 1900 4683 xu,
1935 4617 2040 4691 48)
2070 4620 2093 4671 ‘t
2139 4618 2242 4674 Sed
2295 4619 2465 4688 potius
2493 4618 2683 4673 doceat
2720 4618 3073 4672 ministerium
3118 4628 3389 4685 nostrum,

1810 4722 1915 4779 quo
1945 4708 2162 4763 verbum
2193 4710 2281 4763 Dei
2310 4708 2560 4763 fratribus
2586 4709 2969 4774 ministramus,
2998 4720 3247 4777 parentes
3268 4726 3388 4766 cum

1812 4799 2138 4869 impediunt,
2163 4814 2269 4854 non
2304 4815 2397 4854 eos
2423 4799 2622 4854 debere
2647 4800 2913 4869 cognosci.
2942 4800 3073 4854 Nam
3106 4802 3151 4856 si
3183 4812 3399 4872 propte-

1813 4906 1901 4945 rea
1930 4890 2151 4961 quisque
2197 4890 2457 4959 putaverit
2498 4905 2600 4943 non
2630 4906 2751 4944 eum
2798 4889 3046 4946 habuisse
3086 4901 3312 4947 matrem
3345 4895 3396 4947 in

1815 4984 1967 5039 terris
1988 5026 2002 5049 ,
2035 4983 2154 5053 quia
2183 4982 2347 5049 dixit,
2386 4983 2513 5049 Quae
2536 4984 2657 5036 mihi
2688 4993 2847 5038 mater
2878 4985 2902 5038 ἰ)
2927 4993 3146 5055 cogatur
3176 5001 3400 5041 necesse

1812 5084 1895 5129 est
1914 5083 1967 5128 et
1987 5073 2270 5144 Apostolus
2292 5088 2484 5143 negare
2508 5072 2757 5129 habuisse
2784 5076 3031 5144 patresin
3066 5076 3241 5141 terris,
3266 5091 3401 5145 quo-

1814 5167 1951 5219 niam
1985 5165 2233 5234 przcccpit
2269 5165 2346 5220 eis
2371 5165 2553 5220 dicens
2591 5183 2604 5217 :
2642 5165 2818 5219 Nolite
2844 5167 2979 5221 vobis
3007 5177 3199 5236 patrem
3233 5167 3401 5221 dicere

1812 5250 1863 5303 in
1901 5250 2045 5303 terris
2070 5266 2089 5315 ;
2133 5265 2264 5302 unus
2309 5259 2378 5304 est
2416 5251 2546 5304 enim
2574 5248 2731 5305 Pater
2756 5260 2916 5305 vester
2948 5252 3036 5321 qui
3067 5254 3123 5305 in
3153 5251 3290 5305 caelis
3327 5257 3400 5303 est

1814 5339 1938 5412 (Id.
1966 5354 2133 5395 χχχιιι
2149 5382 2163 5408 ,
2195 5341 2285 5413 9).

1878 5520 1893 5551 ι
1931 5518 2211 5585 Emmanuel
2229 5528 2287 5585 Sa
2317 5521 2505 5585 putavit
2525 5519 2821 5585 legendum,
2846 5518 3084 5585 deferens.
3110 5526 3286 5585 verum
3311 5532 3392 5567 eo-

1811 5580 2166 5651 dicesjomncs
2200 5580 2412 5651 habent,
2453 5580 2715 5651 desefens;
2763 5580 3059 5651 quoﬂyerbp
3100 5580 3395 5651 εἱεηῇίιᾳιιιιιο

1810 5643 1982 5693 Christi
2006 5644 2257 5695 nativitate
2289 5646 2557 5696 detractum
2580 5644 2697 5695 nihil
2722 5643 2835 5693 esse
2859 5643 3061 5701 Virginis
3083 5645 3248 5694 matris
3272 5646 3396 5693 inte-

1814 5706 1994 5767 gritati.
