3996 6282
604 346 703 405 187

667 458 755 515 10.
786 456 894 513 Nec
923 454 1076 511 nobis
1105 450 1263 510 ﬁdem
1290 451 1447 507 istam
1477 450 1681 506 minuat
1702 449 1956 522 cogitatio
1985 448 2176 506 mulie-

598 552 774 607 brium
819 549 1116 613 visccrum,
1167 553 1224 599 ut
1271 552 1552 614 propterea
1593 540 1890 597 recusanda
1936 539 2181 597 videatur

599 642 721 697 talis
750 638 961 694 Domini
990 636 1155 691 nostri
1180 634 1455 706 generatio
1474 674 1490 701 ,
1526 632 1669 703 quod
1695 647 1813 689 eam
1839 630 2041 687 sordidi
2064 647 2183 686 sor-

597 731 774 789 didam
800 739 1004 802 putant.
1031 727 1164 797 Quia
1192 737 1246 783 et
1267 727 1474 782 stultum
1508 723 1605 780 Dei
1634 724 1914 795 sapientius
1942 739 2062 779 esse
2084 723 2178 777 ho-

601 824 814 878 minibus
840 822 889 896 (I
916 820 1034 879 Cor.
1062 837 1113 888 ι,
1142 818 1249 877 25)
1270 860 1285 885 ,
1308 826 1362 874 et
1395 817 1563 873 omnia
1589 817 1779 871 munda
1808 818 2009 873 mundis
2036 815 2177 891 (Tit.

602 933 637 979 ι,
670 914 807 986 l5),
838 913 1113 969 verissime
1140 911 1429 982 Apostolus
1469 908 1617 964 dicit.
1647 906 1852 964 Debent
1884 908 2042 980 igitur
2092 908 2180 964 in-

601 1008 771 1072 tueri,
798 1006 888 1077 qui
912 1005 1011 1060 hoc
1037 1012 1251 1076 putant,
1279 1002 1408 1058 solis
1428 1000 1587 1071 huius
1615 998 1794 1056 radios
1813 1042 1826 1064 ,
1849 1015 2008 1071 quem
2033 1010 2179 1057 certe

600 1116 706 1153 non
757 1107 1005 1166 tauquam
1049 1104 1342 1151 creaturam
1375 1092 1467 1149 Dei
1507 1091 1742 1158 laudant,
1784 1088 1878 1148 sed
1928 1100 2178 1163 tanquam

600 1190 765 1244 Deum
783 1188 1006 1243 adorant
1025 1188 1122 1261 (a),
1137 1202 1233 1257 per
1246 1186 1548 1241 cloacarum
1565 1180 1761 1240 fetor‘es
1773 1191 1825 1239 et
1835 1198 2182 1255 qumcumque

600 1279 872 1335 horribilia
921 1292 1298 1349 usquequaque
1339 1274 1601 1344 dill'undi,
1643 1283 1699 1330 et
1742 1272 1795 1329 in
1834 1272 1919 1329 his
1965 1275 2179 1345 operari

597 1369 889 1426 secundum
945 1380 1187 1424 naturam
1226 1383 1375 1423 suam
1404 1410 1420 1436 ,
1470 1382 1569 1424 nec
1615 1376 1790 1423 tamen
1833 1366 1957 1422 inde
2005 1366 2182 1438 aliqua

595 1461 1047 1519 eontaminatione
1076 1460 1416 1527 sordescere,
1445 1474 1565 1514 cum
1593 1457 1819 1513 visibilis
1846 1456 1937 1514 lux
1965 1457 2186 1514 visibili-

596 1555 697 1610 bus
737 1553 982 1609 sordibus
1031 1553 1100 1607 sit
1138 1562 1323 1607 natura
1364 1551 1739 1622 coniunctior:
1773 1558 1972 1622 quanto
2004 1550 2183 1606 minus

598 1646 761 1716 igitur
784 1653 990 1715 poterat
1009 1643 1173 1715 pollui
1205 1641 1437 1698 Verbum
1462 1642 1579 1709 Dei,
1603 1657 1710 1697 non
1734 1656 2050 1713 corporeum
2087 1655 2189 1696 ne-

597 1752 701 1807 que
744 1735 983 1799 visibile,
1032 1735 1101 1789 de
1161 1732 1392 1789 femineo
1437 1747 1696 1804 corpore,
1751 1733 1839 1788 ubi
1891 1731 2178 1787 humanam

597 1841 811 1882 carnem
842 1824 1076 1895 suscepit
1108 1840 1228 1879 cum
1253 1823 1429 1878 anima
1454 1832 1507 1879 et
1528 1823 1714 1893 spiritu
1734 1864 1751 1892 ,
1781 1823 1974 1895 quibus
2014 1822 2183 1878 inter-

597 1917 930 1975 venientibus
952 1917 1156 1973 habitat
1182 1915 1431 1985 maiestas
1456 1912 1613 1969 Verbi
1642 1913 1708 1969 ab
1736 1913 1955 1969 humani
1982 1929 2177 1984 corpo-

598 2010 675 2065 ris
709 2008 986 2079 fragilitate
1016 2008 1033 2038 ¹
1064 2005 1361 2061 secretius?
1383 2003 1537 2061 Unde
1561 2003 1900 2059 manifestum
1926 2013 2011 2060 est
2037 2003 2187 2060 nullo

599 2101 760 2156 modo
791 2099 1022 2171 potuisse
1045 2096 1280 2153 Verbum
1312 2096 1407 2152 Dei
1434 2095 1691 2151 maculari
1719 2094 1952 2150 humano
1987 2110 2181 2165 corpo—

598 2207 677 2257 re,
707 2206 813 2262 quo
838 2204 936 2245 nec
973 2190 1085 2258 ipsa
1122 2188 1297 2242 anima
1340 2186 1570 2242 humana
1615 2187 1871 2242 maculata
1918 2194 2018 2242 est.
2066 2184 2182 2241 Non

599 2283 740 2338 enim
772 2297 892 2337 cum
922 2281 1057 2351 regit
1094 2293 1288 2350 corpus
1313 2288 1471 2350 atque
1497 2278 1757 2346 viviﬁcat,
1785 2277 1878 2334 sed
1905 2294 2025 2334 cum
2067 2277 2184 2349 ejus

597 2373 738 2430 bona
774 2372 1015 2426 mortalia
1042 2370 1401 2441 concupiscit,
1432 2369 1502 2426 de
1533 2385 1759 2441 corpore
1787 2369 1964 2425 anima
2000 2385 2185 2426 macu-

596 2464 755 2523 latur.
785 2462 937 2531 Quod
977 2465 1020 2518 si
1047 2462 1239 2517 animze
1264 2461 1499 2517 maculas
1530 2461 1606 2516 illi
1635 2461 1803 2517 vitare
1827 2460 2043 2529 vellent,
2071 2458 2188 2517 htee

601 2556 879 2612 mendacia
905 2557 1079 2626 potius
1111 2563 1165 2610 et
1189 2553 1462 2625 sacrilegia
1505 2554 1871 2611 formidarent.

668 2649 895 2705 CAPUT
932 2648 1192 2703 V.—H.
1234 2647 1416 2702 Passio
1458 2646 1647 2703 Christi
1691 2659 1739 2704 et
1776 2648 2055 2721 sepultura.
2086 2651 2186 2706 Re-

596 2741 839 2796 surrectio
887 2738 1094 2796 Christi.
1136 2738 1240 2795 Sed
1279 2754 1439 2809 parva
1477 2748 1594 2796 erat
1642 2756 1738 2811 pro
1781 2741 1937 2799 nobis
1976 2742 2186 2798 Domini

597 2833 767 2889 nostri
797 2832 1065 2887 humilitas
1101 2832 1153 2886 in
1191 2831 1459 2887 nascendo
1487 2849 1501 2886 :
1525 2834 1750 2888 accessit
1775 2833 1933 2889 etiam
1964 2844 2022 2888 ut
2052 2835 2188 2890 mori

599 2938 697 2995 pro
722 2922 1035 2997 mortalibus
1060 2922 1394 2992 dignaretur.
1422 2921 1721 2977 Humiliavit
1744 2924 1887 2978 enim
1912 2941 1984 2989 se,
2024 2928 2188 2997 factus

600 3014 828 3069 subditus
856 3030 1013 3087 usque
1048 3013 1116 3066 ad
1153 3022 1361 3066 mortem
1380 3053 1396 3080 ,
1423 3022 1634 3067 mortem
1657 3023 1825 3068 autem
1857 3016 2019 3071 crucis
2041 3014 2191 3089 (Phi.

602 3103 730 3175 (ipp.
774 3119 831 3168 ιι,
863 3103 972 3176 8);
1002 3118 1069 3158 ne
1105 3102 1386 3173 quisquam
1415 3112 1655 3159 nostrum
1699 3105 1907 3161 etiamsi
1957 3116 2185 3164 mortem

600 3205 782 3269 posset
796 3211 902 3251 non
924 3195 1129 3260 timere,
1148 3194 1358 3267 aliquod
1373 3210 1541 3268 genus
1558 3197 1764 3265 mortis,
1785 3197 1928 3269 quod
1944 3199 2190 3257 homines

601 3286 1163 3358 ignominiosissimum
1200 3286 1525 3342 arbitrantur
1547 3329 1564 3355 ,
1610 3286 1869 3345 horreret.
1909 3288 2188 3348 Credimus

601 3377 783 3449 itaque
808 3376 862 3432 in
898 3391 1019 3433 eum
1057 3377 1147 3448 qui
1171 3376 1272 3433 sub
1325 3376 1517 3433 Pontio
1547 3378 1717 3434 Pilato
1756 3380 2039 3438 cruciﬁxus
2067 3391 2184 3452 est,

602 3477 659 3524 et
709 3466 964 3538 sepultus.
1006 3467 1320 3524 Addendum
1363 3468 1508 3524 enim
1545 3476 1660 3525 erat
1695 3469 1892 3540 iudicis
1951 3487 2187 3542 nomen,

604 3566 826 3630 propter
869 3566 1164 3630 temporum
1198 3558 1576 3630 cognitionem.
1615 3559 1897 3631 Sepultura
1936 3577 2064 3619 vero
2100 3564 2188 3620 illa

602 3664 725 3705 cum
745 3647 980 3704 creditur
997 3689 1014 3717 ,
1043 3649 1104 3704 ﬁt
1141 3649 1439 3705 recordatio
1463 3650 1587 3705 novi
1615 3652 1948 3708 monumenti
1971 3655 2014 3719 ',
2042 3655 2189 3725 quod

604 3748 974 3795 resurrecturo
1023 3739 1091 3794 ad
1138 3740 1260 3796 vita:
1304 3740 1592 3797 novitatem
1631 3744 1898 3812 prmberet
1936 3747 2189 3802 testimo-

606 3831 784 3897 nium,
818 3832 956 3888 sicut
995 3833 1265 3889 nascituro
1316 3841 1497 3888 uterus
1547 3833 1838 3905 virginalis.
1877 3837 2011 3894 Nam
2050 3840 2190 3898 sicut

605 3924 662 3980 in
701 3924 791 3978 illo
815 3933 1161 3980 monumento
1189 3924 1365 3979 nullus
1396 3924 1532 3980 alius
1561 3936 1801 3982 mortuus
1840 3931 2080 3999 sepultus
2107 3943 2189 3988 est

611 4013 802 4088 (Joan.
834 4031 930 4070 χιχ
952 4058 966 4081 ,
997 4013 1102 4089 41)
1130 4056 1145 4081 ,
1176 4030 1276 4071 nec
1303 4024 1447 4081 ante,
1488 4032 1587 4072 nec
1616 4028 1795 4086 postea
1834 4036 1848 4085 ;
1893 4020 1973 4076 sic
2016 4021 2068 4076 in
2100 4022 2207 4077 ills'

606 4118 761 4166 utero
801 4124 899 4165 nec
927 4117 1083 4177 ante,
1122 4123 1221 4165 nec
1246 4117 1453 4180 postea,
1484 4109 1770 4182 quidquam
1813 4113 2040 4169 mortale
2062 4128 2191 4169 con-

603 4209 816 4272 ceptum
842 4209 942 4256 est.

680 4278 767 4347 η.
796 4291 1077 4347 Credimus
1097 4291 1258 4348 etiam
1297 4292 1447 4348 illum
1475 4292 1634 4349 tertio
1659 4291 1746 4350 die
1768 4296 2132 4352 resurrexisse
2158 4312 2190 4351 a

607 4381 854 4446 mortuis,
882 4382 1296 4452 primogenitum
1335 4383 1705 4437 consecuturis
1738 4383 2023 4451 fratribus,
2056 4400 2190 4456 quos

608 4474 663 4529 in
707 4472 1048 4544 adoptionem
1098 4472 1328 4527 ﬁliorum
1373 4472 1466 4527 Dei
1510 4474 1719 4528 vocavit
1761 4474 1980 4546 (Epltes.
2014 4493 2051 4544 ι,
2096 4475 2186 4548 5),

609 4580 745 4636 quos
769 4564 1180 4637 comparticipes
1207 4571 1261 4620 et
1287 4562 1597 4619 coluercdes
1633 4579 1758 4620 suos
1797 4580 1916 4621 esse
1942 4566 2191 4638 dignatus

608 4664 712 4711 est.
1726 4674 1731 4679 '

679 4745 907 4803 CAPUT
952 4746 1041 4802 VI.
1067 4777 1140 4788 —
1184 4747 1272 4804 13.
1301 4746 1552 4803 Ascensus
1580 4748 1632 4802 in
1678 4748 1877 4803 caelum.
1909 4748 2191 4806 Credimus

613 4838 668 4893 in
694 4837 885 4893 cmlum
908 4837 1239 4904 ascendisse,
1270 4854 1428 4909 quem
1457 4837 1800 4894 beatitudinis
1829 4841 2001 4896 locum
2029 4843 2189 4898 etiam

616 4928 770 4985 nobis
796 4929 1076 4999 promisit,
1125 4929 1343 4996 dicens,
1390 4929 1555 4985 Erunt
1598 4933 1726 4988 sicut
1760 4933 1941 5006 Angeli
1963 4934 2015 4989 in
2055 4938 2193 4993 cwlt's

615 5018 827 5093 (.ilattlt.
846 5034 973 5084 χχιι,
990 5017 1104 5092 '50),
1121 5020 1171 5073 in
1191 5020 1277 5074 illa
1294 5022 1525 5087 civitate,
1545 5038 1661 5093 qua:
1674 5033 1755 5079 est
1771 5034 1940 5080 mater
1956 5029 2191 5083 omnium

616 5117 854 5163 nostrum
885 5108 1178 5165 Jerusalem
1209 5121 1407 5166 {eterna
1449 5112 1500 5166 in
1546 5116 1696 5170 caelis
1742 5115 1936 5189 (Galat.
1975 5136 2048 5185 IV,
2071 5120 2188 5192 26).

615 5201 762 5257 Solet
803 5209 977 5255 autem
1017 5202 1273 5272 quosdam
1313 5203 1582 5259 oﬁendere
1611 5207 1693 5261 vel
1738 5207 1928 5278 impios
1955 5207 2195 5266 Gentiles

614 5295 700 5350 Vel
727 5292 1041 5359 hrcreticos,
1072 5293 1211 5363 quod
1233 5293 1511 5351 credamus
1549 5306 1877 5368 assumptum
1921 5307 2190 5354 terrenum

616 5402 811 5458 corpus
837 5386 889 5440 in
918 5385 1133 5441 cmlum.
1170 5385 1275 5442 Sed
1308 5385 1547 5443 Gentiles
1594 5388 1906 5459 plerumque
1952 5389 2194 5459 philoso-

617 5477 841 5545 phorum
871 5473 1196 5544 argumentis
1219 5475 1494 5530 nobiscum
1539 5490 1700 5546 agere
1734 5474 1984 5543 student,
2018 5484 2075 5529 ut
2102 5476 2192 5531 di-

682 5589 698 5616 ι
732 5587 809 5654 Sic
822 5591 932 5657 Lov.
960 5583 1259 5657 nonnulli
1290 5592 1396 5635 Mss.
1424 5585 1509 5634 Alii
1525 5597 1648 5636 vero
1664 5597 1775 5635 eum
1788 5590 1885 5647 Er.,
1909 5585 1975 5636 ad
1998 5584 2195 5637 humani

620 5646 1179 5720 corporisfragilitatem:
1310 5709 1320 5719 .
1769 5684 1774 5690 .
1834 5708 1845 5721 .

684 5709 703 5779 ξ
736 5707 850 5779 fuit:
868 5714 1186 5779 ptestamentr.
1216 5716 1383 5760 Verius
1404 5715 1533 5773 Mss,
1556 5715 1862 5761 monuments.

679 5766 755 5828 (tt)
790 5769 1044 5819 Maniclutﬁ.

1530 339 1621 395 DE
1660 338 1818 395 FIDE
1856 338 1944 394 ET
1982 334 2320 405 SYMBOLO,
2360 335 2420 393 S.
2460 336 2828 396 AUGUSTINI
3070 348 3079 349 '
3756 360 3834 418 ηε

2285 456 2409 504 cant
2434 456 2702 505 terrenum
2732 451 2932 523 aliquid
2961 452 3013 508 in
3060 453 3198 511 caelo
3238 470 3358 515 esse
3396 473 3515 516 non
3539 477 3707 532 posse.
3742 469 3830 527 No.

2287 548 2427 596 stras
2478 542 2620 596 enim
2668 542 2971 613 Scripturas
3027 560 3136 601 non
3182 559 3485 616 noverunt,
3539 568 3639 610 nec
3697 560 3832 617 sciunt

2287 630 2558 702 quomodo
2580 620 2780 687 dictum
2806 634 2896 701 sit,
2926 632 3220 691 Seminatur
3233 654 3420 709 corpus
3446 643 3685 712 animale,
3704 654 3831 722 surgit

2286 737 2470 792 corpus
2495 722 2776 792 spirituale.
2818 722 2932 780 Non
2984 726 3129 782 enim
3173 726 3244 783 ita
3295 729 3504 787 dictum
3555 745 3672 802 est,
3718 745 3833 809 quasi

2285 830 2481 885 corpus
2511 823 2748 871 vertatur
2773 815 2825 871 in
2850 817 3124 888 spiritum,
3150 827 3206 875 et
3234 821 3456 891 spiritus
3477 825 3608 893 ﬁat;
3651 829 3758 899 quia
3794 843 3833 889 et

2286 919 2430 960 nunc
2444 920 2640 977 corpus
2673 915 2912 963 nostrum
2949 909 3092 979 quod
3128 912 3357 969 animale
3402 915 3636 984 dicitur,
3669 934 3760 975 nun
3792 925 3833 978 in

2285 998 2516 1054 animam
2546 1014 2757 1054 versum
2786 1008 2869 1056 est
2891 1008 2946 1057 et
2968 1002 3145 1058 anima
3174 1004 3393 1061 factum.
3442 1007 3555 1063 Sed
3598 1012 3832 1079 spirituale

2285 1106 2480 1162 corpus
2506 1090 2837 1162 intelligitur,
2868 1093 3013 1165 quod
3038 1093 3110 1150 ita
3151 1088 3359 1167 spiritui
3404 1099 3676 1157 subditum
3701 1110 3834 1172 est‘,

2286 1194 2344 1238 ut
2368 1185 2572 1240 cmlesti
2602 1184 2919 1241 habitationi
2962 1188 3283 1256 conveniat,
3307 1191 3458 1246 omni
3504 1191 3771 1264 fragilitate
3792 1212 3834 1253 ac

2286 1276 2404 1333 labe
2430 1285 2637 1333 terrena
2673 1277 2726 1333 iu
2771 1276 3045 1335 ctelestem
3092 1280 3373 1350 puritatem
3424 1291 3484 1338 et
3534 1283 3833 1343 stabilitatem

2286 1377 2489 1425 mutata
2507 1379 2667 1441 atque
2695 1385 2975 1428 conversa.
3015 1371 3143 1428 Haec
3168 1372 3255 1430 est
3296 1374 3635 1444 immutatio,
3663 1378 3725 1432 de
3758 1395 3832 1450 qua

2287 1454 2414 1515 item
2463 1459 2594 1515 dicit
2637 1461 2965 1532 Apostolus:
2997 1461 3184 1518 Omnes
3233 1481 3560 1537 resurgemus
3582 1508 3600 1535 ,
3649 1469 3730 1523 sed
3761 1487 3835 1525 non

2285 1565 2456 1604 omnes
2484 1552 2881 1607 immutabimur.
2916 1553 3084 1621 Quam
3113 1554 3542 1613 immutationem
3573 1575 3673 1613 non
3698 1560 3744 1615 in
3767 1562 3837 1617 de-

2288 1640 2452 1697 terius
2470 1684 2485 1708 ,
2514 1642 2610 1699 sed
2632 1644 2684 1698 in
2714 1644 2904 1700 melius
2931 1645 3045 1700 ﬁeri
3070 1646 3227 1703 docet
3261 1647 3401 1703 idem
3422 1689 3438 1713 ,
3483 1665 3606 1705 cum
3634 1650 3766 1716 dicit,
3786 1652 3835 1706 Et

2286 1751 2378 1788 nos
2404 1735 2783 1791 imumtabimur
2810 1736 2851 1807 (l
2879 1737 2996 1792 Cor.
3025 1753 3099 1793 xv
3123 1781 3139 1805 ,
3187 1740 3279 1807 μ,
3309 1741 3403 1809 5i,
3432 1736 3550 1814 52).
3579 1741 3683 1798 Sed
3707 1743 3778 1798 ubi
3797 1754 3835 1799 ct

2286 1826 2553 1895 quomodo
2580 1827 2651 1881 sit
2678 1827 2729 1881 in
2756 1827 2895 1883 coelo
2934 1842 3129 1898 corpus
3160 1829 3505 1886 Dominicum
3524 1870 3542 1899 ,
3575 1834 3829 1889 curiosissio

2287 1928 2432 1971 mum
2462 1924 2516 1971 et
2542 1932 2997 1987 supervacaneum
3035 1927 3120 1974 est
3164 1935 3450 1990 quaerere;
3500 1924 3827 1978 tantummodo

2287 2007 2339 2061 in
2367 2008 2503 2063 caelo
2531 2023 2652 2065 esse
2673 2009 2999 2064 credendum
3028 2018 3131 2065 est.
3161 2009 3276 2065 Non
3303 2012 3452 2067 enim
3499 2020 3587 2069 est
3624 2013 3831 2085 fragilita-

2288 2100 2356 2155 tis
2385 2109 2582 2155 nostra:
2596 2102 2853 2158 caelorum
2880 2111 3084 2158 secreta
3109 2102 3396 2173 discutere,
3439 2104 3536 2160 sed
3572 2114 3650 2160 est
3675 2115 3830 2161 nostra

2288 2191 2409 2247 ﬁdei
2434 2190 2502 2247 de
2530 2192 2790 2248 Dominici
2813 2193 3056 2265 corporis
3075 2193 3335 2266 dignitate
3374 2196 3630 2252 sublimia
3668 2204 3717 2252 et
3753 2197 3825 2252 ho-

2287 2291 2436 2339 nesta
2463 2283 2683 2340 sentire.

2358 2370 2584 2428 CAPUT
2614 2371 2801 2429 Vll.-—-
2822 2372 2911 2429 N.
2940 2373 3113 2430 S-essio
3144 2375 3215 2429 ad
3235 2370 3502 2432 dexteram
3530 2373 3711 2432 Patris.
3736 2376 3831 2432 Cre-

2287 2462 2468 2519 dimus
2497 2464 2658 2520 etiam
2704 2462 2843 2536 quod
2894 2463 3046 2522 sedet
3089 2466 3158 2522 ad
3214 2467 3493 2523 dexteram
3548 2469 3725 2525 Patris.
3749 2468 3831 2523 Nec

2289 2552 2409 2608 ideo
2436 2561 2611 2608 tamen
2638 2555 2786 2625 quasi
2815 2553 3047 2610 humana
3072 2552 3242 2612 forma
3266 2557 3831 2630 circumscriptumesse

2292 2642 2455 2697 Deum
2478 2643 2690 2700 Patrem
2727 2646 3088 2701 arhitrandum
3139 2656 3241 2715 est,
3282 2657 3339 2704 ut
3366 2649 3440 2706 de
3472 2650 3563 2706 illo
3596 2648 3827 2720 cogitanti-

2290 2730 2388 2789 bus
2425 2733 2668 2790 dextrum
2696 2745 2787 2790 aut
2815 2736 3087 2793 sinistrum
3115 2739 3257 2794 latus
3272 2741 3458 2796 animo
3480 2750 3740 2805 occurrat;
3760 2749 3827 2794 aut

2293 2824 2523 2896 idips'um
2562 2826 2704 2898 quod
2734 2826 2921 2883 sedere
2952 2827 3110 2885 Pater
3138 2830 3352 2896 dicitur,
3403 2828 3560 2887 ﬂexis
3589 2831 3828 2902 poplitibus

2290 2914 2405 2972 fieri
2427 2916 2714 2986 putandum
2736 2927 2838 2984 est,
2869 2934 2937 2974 ne
2962 2918 3015 2973 in
3039 2919 3165 2975 illud
3189 2920 3490 2978 incidamus
3510 2921 3823 2991 sacrilegium,

2290 3004 2342 3061 in
2375 3020 2480 3077 quo
2504 3016 2814 3063 exsecratur
2850 3009 3139 3079 Apostolus
3163 3025 3259 3067 eos
3286 3013 3376 3082 qui
3404 3019 3824 3068 commutaverunt

2290 3096 2513 3167 gloriam
2553 3097 2970 3169 incorruptibilis
3016 3096 3112 3156 Dei
3159 3100 3220 3157 in
3254 3101 3658 3159 similitudinem
3683 3115 3826 3157 corru-

2291 3178 2489 3259 ptibilis
2515 3188 2747 3245 hominis
2778 3190 2958 3263 (Rom.
2986 3207 3025 3259 ι,
3052 3191 3170 3266 23).
3202 3193 3331 3250 Tale
3355 3195 3505 3250 enim
3534 3194 3822 3250 simulacrum

2293 3279 2405 3338 Deo
2430 3281 2577 3338 nefas
2603 3292 2686 3339 est
2713 3283 3005 3340 christiano
3054 3284 3108 3340 in
3153 3287 3352 3356 templo
3376 3288 3670 3353 collocare;
3698 3285 3825 3340 multo

2291 3372 2460 3443 magis
2487 3371 2541 3426 in
2570 3372 2733 3429 corde
2764 3373 3026 3429 nefarium
3068 3384 3152 3430 est
3171 3417 3185 3441 ,
3229 3375 3315 3431 ubi
3345 3392 3477 3433 vere
3502 3387 3584 3432 est
3618 3374 3822 3444 templum

2293 3462 2424 3530 Dei,
2454 3463 2496 3517 si
2523 3471 2805 3539 aterrena
2830 3463 3122 3534 cupiditate
3161 3474 3320 3537 atque
3348 3482 3539 3523 errore
3567 3465 3823 3522 mundctur.

2291 3552 2373 3608 Ad
2400 3552 2677 3609 dexteram
2697 3570 2826 3626 ergo
2847 3554 3254 3627 intelligendum
3279 3568 3362 3614 est
3397 3560 3483 3615 sic
3508 3559 3691 3614 dictum
3714 3568 3820 3618 esse,

2291 3645 2345 3700 in
2375 3658 2582 3700 summa
2606 3646 2963 3716 beatitudine,
2991 3648 3081 3703 ubi
3104 3649 3308 3720 iustitia
3337 3661 3391 3707 et
3415 3666 3520 3722 pax
3549 3659 3600 3706 et
3617 3646 3821 3720 gaudium

2291 3744 2412 3791 est:
2439 3736 2578 3791 sicut
2613 3736 2681 3791 ad
2727 3736 2997 3792 sinistram
3042 3739 3180 3794 haedi
3210 3743 3605 3798 constituuntur
3645 3735 3818 3810 (Matth.

2292 3841 2423 3891 xxv,
2456 3826 2545 3899 53)
2566 3869 2581 3892 ,
2610 3826 2662 3882 id
2687 3835 2769 3883 est
2798 3827 2851 3882 in
2882 3829 3097 3885 miseria
3115 3870 3130 3895 ,
3158 3843 3377 3901 propter
3421 3832 3726 3904 iniquitates,
3764 3825 3822 3879 la-

2292 3920 2449 3977 bores
2477 3924 2499 3954 ²
2538 3932 2696 3993 atque
2734 3923 3021 3980 cruciatus.
3064 3920 3264 3981 Sedere
3311 3941 3439 3998 ergo
3493 3925 3629 3998 quod
3671 3921 3822 3978 dicitur

2296 4012 2453 4076 Deus,
2483 4028 2589 4068 non
2621 4015 2982 4071 membrorum
3031 4017 3379 4086 positionem,
3410 4018 3506 4074 sed
3532 4011 3816 4088 iudiciariam

2293 4103 2555 4174 signiﬁcat
2580 4113 2930 4177 potestatem,
2959 4122 3059 4178 qua
3093 4107 3183 4162 illa
3214 4108 3468 4179 maiestas
3490 4119 3736 4178 nunquam
3757 4113 3821 4154 ca-

2294 4204 2412 4261 ret,
2441 4211 2654 4266 semper
2676 4195 2836 4268 digna
2873 4197 3047 4268 dignis
3079 4199 3394 4267 tribuendo;
3426 4196 3659 4270 quamvis
3685 4195 3728 4247 in
3751 4203 3818 4244 ex-

2296 4287 2684 4358 tremoiudicio
2712 4289 2881 4344 multo
2927 4288 3262 4345 manifestius
3301 4291 3442 4346 inter
3471 4289 3699 4347 homines
3730 4278 3819 4336 υηῖο

2294 4378 2456 4449 geniti
2482 4379 2602 4434 Filii
2649 4379 2747 4435 Dei
2793 4380 2989 4450 iudicis
3040 4381 3283 4437 vivorum
3323 4391 3484 4454 atque
3536 4381 3815 4437 mortuorum

2294 4472 2507 4526 claritas
2528 4470 2815 4526 indubitata
2833 4471 3009 4528 futura
3030 4470 3097 4527 sit
3113 4471 3156 4526 ⁸.

2365 4580 2590 4637 CAPUT
2611 4581 2909 4639 “IL—15.
2939 4582 3192 4637 Adventus
3217 4582 3284 4636 ad
3297 4582 3572 4654 judicium.
3592 4572 3821 4634 Credimus

2295 4672 2455 4729 etiam
2482 4671 2604 4727 inde
2645 4684 2926 4728 venturum
2972 4673 3478 4728 convenientissimo
3516 4664 3817 4739 tempore,“

2291 4766 2643 4836 iudicaturum
2685 4767 2839 4820 vivos
2866 4774 2921 4821 et
2965 4775 3225 4822 mortuos.
3255 4765 3382 4822 Sive
3419 4766 3536 4821 istis
3572 4753 3815 4819 nomiﬂibus

2291 4856 2418 4927 iusti
2445 4864 2499 4913 et
2526 4866 2830 4926 peccatores
2849 4857 3248 4929 signiﬁcentur;
3290 4857 3403 4913 sive
3429 4872 3559 4928 quos
3595 4863 3705 4908 tunc
3724 4849 3817 4939 anie

2297 4956 2522 5003 mortem
2543 4946 2564 4978 ‘
2592 4948 2644 5004 in
2687 4948 2843 5003 terris
2890 4949 3200 5002 inventurus
3228 4955 3311 5003 est
3330 4946 3574 5018 appellati
3600 4941 3694 4998 sint
3712 4933 3812 5007 vivi.

2297 5044 2491 5100 mortui
2521 5059 2648 5099 vero
2674 5044 2761 5115 qui
2794 5044 2844 5098 iu
2872 5044 2988 5112 eius
3030 5042 3260 5098 adventu
3308 5037 3644 5098 resurrecturi
3682 5033 3812 5086 sunt:

2299 5137 2415 5192 haec
2455 5136 2780 5206 dispensatio
2810 5135 3152 5206 temporalis,
3186 5151 3292 5189 non
3338 5143 3540 5189 tantum
3580 5135 3678 5191 est,
3715 5118 3815 5216 sici“

2300 5228 2386 5282 illa
2412 5227 2683 5297 generatio
2712 5226 3004 5283 secundum
3027 5227 3214 5293 Deum;
3234 5227 3327 5282 sed
3353 5227 3509 5281 etiam
3530 5222 3634 5284 fuit,
3658 5222 3704 5271 et
3722 5215 3813 5307 crti-

2300 5319 2431 5375 Nam
2476 5318 2572 5373 fuit
2594 5318 2853 5374 Dominus
2892 5327 3076 5374 noster
3114 5319 3166 5373 in
3212 5318 3404 5382 terris,
3440 5326 3494 5374 et
3537 5324 3661 5371 nunc
3693 5308 3811 5359 est!"

2301 5412 2460 5481 caelo,
2489 5421 2542 5468 et
2569 5411 2674 5466 erit
2718 5411 2772 5466 in
2810 5411 3050 5467 claritate
3074 5410 3239 5487 iudex
3269 5410 3512 5465 vivorum
3538 5413 3681 5475 atque
3708 5402 3813 5449 ωίντ·

2366 5587 2385 5619 ι
2417 5591 2492 5635 Er.
2515 5590 2567 5634 et
2589 5591 2694 5634 tres
2715 5593 2841 5645 Mss,
2865 5582 3409 5649 quiaitacoaptandum
3432 5585 3516 5632 est.

2365 5649 2389 5716 ξ
2420 5654 2540 5716 περ
2556 5653 2684 5707 λιες»,
2707 5644 2903 5716 praete?
2924 5644 3190 5716 inmani
3213 5644 3414 5716 labores-

2369 5710 2391 5742 ³
2425 5715 2486 5757 tta
2508 5709 2554 5756 in
2571 5715 2677 5758 Mss.
2700 5707 2756 5757 At
2776 5707 2826 5756 in
2843 5707 3054 5765 excusis,
3078 5707 3267 5769 βοίδια-α
3288 5707 3364 5757 sit.

2368 5769 2389 5800 ⁸
2422 5770 2504 5819 uie
2524 5770 2641 5819 editi
2664 5769 2859 5829 addunt,
2882 5775 3092 5820 nostram
3118 5782 3133 5819 :
3165 5769 3490 5822 renitentibus
3507 5774 3605 5819 Mss.
