3874 6402
102 412 191 468 189
1464 393 1623 449 LIBEi

1732 391 1898 447 INL'S.

103 534 305 575 tuorum.
346 515 419 570 Ita
455 513 595 568 enim
646 511 841 577 veniet,
883 509 1018 565 sicut
1042 507 1302 573 ascendit,
1333 506 1623 563 secundum

100 611 426 668 auctor‘tatem
449 623 565 678 quae
596 607 648 661 in
679 605 894 660 Actibus
919 602 1295 672 Apostolorum
1322 601 1624 656 continetur

100 704 212 773 (Act.
238 700 401 770 1,“).
430 699 508 752 Ex
551 699 646 752 hac
700 698 872 766 itaque
915 695 1187 764 temporali
1235 693 1630 761 dispensatione

105 792 302 862 loquitur
333 791 381 844 in
410 787 726 858 Apocalypsi
748 828 762 850 ,
793 785 879 840 ubi
907 786 1160 854 scriptum
1191 792 1272 838 cst
1297 801 1309 836 :
1345 782 1467 838 Hau:
1507 783 1627 836 dicit

99 886 166 953 qui
189 893 278 944 est,
298 891 340 935 et
364 880 447 948 qui
476 881 590 946 fuit,
617 888 660 931 et
685 878 772 949 qui
795 886 1029 930 venturus
1057 885 1127 929 est
1154 876 1170 906 ¹
1203 874 1389 945 (Apoc.
1417 891 1457 940 ι,
1484 872 1562 945 8).

154 970 353 1028 CAPUT
384 970 472 1023 IX.
497 968 670 1023 —l6.
704 967 784 1021 De
835 968 936 1037 ﬁde
977 966 1031 1020 in
1076 964 1330 1036 Spiritum
1377 974 1625 1018 sanctum.

98 1063 321 1117 Trinitatis
339 1060 642 1131 mysterium.
673 1057 1103 1112 Similitudinibus
1140 1056 1440 1127 explicatur.
1491 1053 1628 1109 Pro-

97 1155 222 1223 [essio
262 1151 540 1204 christiana:
579 1150 718 1219 ﬁdei.
756 1147 834 1202 De
878 1148 1078 1219 Spiritu
1101 1157 1275 1201 sancto
1311 1147 1480 1218 Opinio
1504 1162 1631 1217 quo-

94 1247 312 1308 rumdam,
333 1241 462 1313 quod
479 1241 544 1295 sit
563 1242 670 1310 ipsa
693 1240 853 1293 deitas
873 1238 1044 1293 Patris
1066 1249 1114 1293 et
1132 1237 1260 1292 Filii
1281 1255 1300 1293 :
1319 1239 1578 1294 Sanctitas
1596 1255 1629 1290 a

93 1334 344 1389 sanciendo.
375 1333 580 1404 Digesta
615 1332 793 1400 itaque
821 1330 1051 1401 ﬁdeique
1070 1329 1444 1386 commendata
1470 1338 1523 1383 et
1549 1328 1633 1384 di-

93 1424 571 1494 viua‘generatione
601 1423 808 1478 Domini
847 1422 1014 1478 nostri
1058 1430 1112 1477 et
1152 1421 1382 1476 humana
1419 1421 1634 1490 dispen-

92 1517 291 1578 satione,
317 1515 606 1584 adiungitur
635 1513 963 1568 confessioni
993 1521 1221 1578 nostrae,
1253 1512 1319 1566 ad
1349 1511 1630 1581 perlicien-

91 1606 196 1659 dam
222 1604 361 1660 tidem
387 1620 504 1674 quae
531 1605 685 1659 nobis
713 1605 782 1658 de
811 1605 920 1659 Deo
948 1613 1063 1668 est,
1125 1603 1356 1674 Spiritus
1376 1612 1592 1658 sanctus
1612 1643 1626 1668 ,

91 1711 178 1749 non
201 1696 386 1750 minore
407 1695 427 1727 ⁸
457 1705 644 1750 natura
669 1710 828 1765 quam
851 1695 1008 1749 Pater
1032 1703 1086 1750 et
1115 1694 1303 1760 Filius,
1329 1694 1420 1749 sed
1441 1734 1458 1760 ,
1482 1702 1539 1747 ut
1559 1694 1630 1747 ita

91 1787 233 1841 dicam
256 1831 269 1855 ,
295 1787 757 1842 consubstantialis
782 1796 836 1842 et
865 1799 1199 1852 coaeternus;
1229 1789 1351 1856 qttia
1383 1786 1483 1842 ista
1513 1785 1633 1841 Tri-

91 1879 203 1932 nitas
224 1892 346 1932 unus
365 1889 444 1932 est
491 1879 631 1933 Deus
656 1897 670 1933 :
695 1893 802 1932 non
847 1887 906 1932 ut
959 1877 1100 1932 idem
1139 1879 1207 1932 sit
1248 1877 1408 1932 Pater
1448 1878 1537 1947 qui
1578 1884 1633 1933 et

91 1966 227 2021 Filius
249 1977 299 2023 et
319 1967 546 2038 Spiritus
570 1977 820 2033 sanctus;
842 1967 937 2022 sed
968 1977 1024 2022 ut
1047 1967 1203 2022 Pater
1247 1967 1317 2022 sit
1355 1967 1534 2035 Pater,
1578 1976 1632 2024 et

92 2058 227 2114 Filius
245 2061 306 2115 sit
331 2060 495 2115 Filius
517 2103 534 2127 ,
562 2068 618 2116 et
641 2060 873 2130 Spiritus
899 2070 1116 2116 sanctus
1146 2062 1215 2116 sit
1243 2061 1472 2131 Spiritus
1499 2075 1626 2116 san-

93 2158 204 2215 ctus,
229 2159 276 2204 et
300 2149 406 2204 haec
433 2151 668 2205 Trinitas
699 2165 835 2206 unus
861 2151 1002 2206 Deus
1021 2191 1034 2215 ,
1059 2152 1197 2206 sicut
1219 2151 1474 2222 scriptum
1515 2160 1626 2217 est,

95 2238 219 2300 Audi,
240 2238 405 2304 Israel,
431 2239 683 2295 Dominus
711 2241 847 2296 Deus
869 2253 1000 2307 tuus,
1028 2241 1165 2296 Deus
1193 2260 1322 2297 unus
1344 2253 1416 2297 est
1447 2241 1624 2316 (Deut.

97 2343 156 2394 γι,
175 2330 238 2399 .l).
265 2330 450 2385 Tamen
476 2332 524 2386 si
553 2332 943 2403 interrogemur
968 2332 1035 2388 dc
1062 2333 1283 2403 singulis
1306 2375 1320 2400 ,
1345 2343 1399 2390 et
1422 2334 1630 2390 dicatur

99 2421 248 2486 nobis,
287 2423 414 2478 Deus
459 2433 548 2480 est
593 2423 791 2479 Pater?
836 2424 1306 2493 respondebimus,
1357 2427 1519 2482 Deus.
1571 2425 1630 2483 Si

102 2522 314 2579 quantur
335 2524 507 2568 utrum
541 2515 680 2570 Deus
705 2515 776 2569 sit
802 2513 969 2568 Filius
989 2555 1004 2579 ,
1037 2514 1137 2570 hoc
1159 2515 1626 2585 respondebimus.

105 2601 280 2668 Nec,si
307 2605 450 2661 fuerit
493 2606 566 2662 de
611 2607 814 2677 Spiritu
863 2616 1049 2662 sancto
1093 2608 1210 2663 talis
1257 2607 1626 2679 interrogatio,

112 2693 222 2746 aliud
246 2711 341 2749 eum
379 2713 498 2753 csse
543 2697 802 2752 debemus
849 2697 1173 2768 reSpondere
1212 2715 1371 2769 quam
1419 2699 1627 2756 Deum:

113 2785 386 2845 vehementer
404 2801 661 2846 caventes
682 2790 759 2846 sic
783 2791 1044 2861 accipere,
1061 2791 1327 2862 quomodo
1365 2791 1432 2848 de
1457 2791 1628 2848 homi-

113 2879 232 2933 nibus
254 2881 417 2937 dictum
445 2892 534 2939 est
564 2924 578 2947 ,
622 2883 711 2936 Dii
757 2884 876 2937 estis
930 2883 1098 2954 (Psal.
1150 2900 1332 2952 Lxxm,
1389 2883 1467 2957 6).
1511 2883 1629 2940 Non

107 2972 214 3023 enim
237 2985 337 3026 sunt
361 2974 672 3029 naturaliter
695 2974 798 3038 dii,
828 2974 1150 3046 quicumque
1175 2983 1299 3028 Sunt
1323 2974 1444 3030 lacti
1467 2983 1626 3046 atquc

103 3061 256 3115 conditi
301 3080 356 3118 cx
396 3065 562 3119 Patre
609 3080 704 3134 per
742 3064 940 3119 Filium
979 3065 1120 3120 dono
1155 3065 1382 3135 Spiritus
1435 3065 1624 3122 sancti.

99 3148 187 3220 lpsa
211 3155 330 3209 enim
355 3156 684 3227 signiﬁcatur
714 3154 948 3211 Trinitas
969 3197 983 3222 ,
1012 3171 1135 3211 cum
1161 3157 1445 3226 Apostolus
1473 3154 1626 3221 dicit,

100 3241 304 3307 Quoniam
327 3250 537 3319 exipso,
561 3259 607 3302 et
635 3250 688 3302 in
709 3249 840 3318 ipso,
887 3260 932 3302 et
974 3267 1063 3319 per
1101 3251 1267 3320 ipsum
1302 3260 1417 3304 sunt
1456 3251 1627 3305 omnia

99 3333 236 3402 (Rom.
261 3355 326 3403 st,
353 3340 464 3412 36).
497 3341 808 3410 Quanquam
837 3356 964 3411 ergo
991 3341 1057 3397 dc
1105 3341 1324 3412 singulis
1351 3339 1374 3372 ⁸
1398 3342 1628 3396 interro-

94 3428 174 3492 gati
212 3432 608 3500 reapondcamus
634 3432 800 3486 Deum
826 3446 945 3487 esse
989 3431 1056 3486 de
1085 3447 1188 3502 quo
1217 3433 1489 3502 quatritur,
1514 3433 1628 3487 sive

94 3515 299 3588 Patrem,
327 3525 433 3579 sive
463 3523 692 3592 Filium,
741 3525 852 3578 sive
901 3520 1155 3593 Spiritum
1195 3534 1476 3590 sanctum;
1520 3539 1624 3579 non

93 3617 232 3665 tamen
268 3622 367 3668 tres
410 3615 546 3670 deos
588 3629 619 3668 a
667 3614 820 3670 nobis
870 3615 973 3670 coli
1022 3615 1300 3686 quisquam
1343 3617 1624 3672 existinm-

91 3713 214 3756 γετιι.

146 3793 217 3847 l7.
242 3794 338 3851 Nec
363 3799 555 3852 mirum
586 3797 726 3869 quod
763 3798 878 3853 haec
917 3797 984 3852 de
1013 3797 1267 3852 ineffabili
1310 3807 1496 3853 natura
1537 3799 1622 3856 di-

89 3894 264 3953 cuntur,
290 3904 403 3943 cum
438 3891 491 3944 in
521 3890 586 3944 iis
623 3889 783 3944 etiam
813 3889 972 3944 rebus
1000 3904 1132 3960 quas
1159 3891 1432 3962 corporeis
1456 3891 1624 3947 oculis

87 3979 331 4047 cernimus,
370 3990 423 4038 et
449 3997 714 4052 corporeo
749 3998 910 4038 sensu
936 3983 1326 4054 dijudicamus,
1379 3985 1479 4040 tale
1519 3985 1620 4040 ali-

87 4066 189 4134 quid
207 4071 408 4126 accidat.
435 4072 568 4128 Nam
599 4088 720 4128 cum
743 4073 810 4128 de
837 4074 979 4128 fonte
1006 4075 1331 4145 interrogati,
1359 4091 1462 4130 non
1496 4092 1617 4148 pos-

88 4155 224 4212 simus
247 4159 416 4217 dicere
443 4161 584 4233 quod
627 4162 742 4234 ipse
789 4163 858 4218 sit
883 4163 1109 4231 ﬂuvius;
1138 4180 1237 4220 nec
1263 4165 1328 4220 de
1351 4166 1512 4222 ﬂuvio
1540 4169 1621 4223 in-

89 4253 582 4326 terrogatipossimus
632 4271 753 4311 eum
795 4255 995 4312 fontem
1045 4273 1269 4326 vocare;
1317 4269 1372 4314 et
1413 4276 1622 4315 rursum

88 4341 315 4405 potionem
346 4363 461 4417 qua:
499 4348 568 4403 de
611 4347 756 4403 fonte
799 4349 883 4404 vel
931 4349 1090 4404 ﬂuvio
1119 4360 1202 4405 est
1225 4392 1241 4416 ,
1273 4366 1374 4406 nec
1402 4351 1619 4405 ﬂuvium

89 4432 310 4496 possimus
333 4439 599 4508 appellare
623 4454 723 4494 nec
750 4439 948 4495 fontem
981 4459 994 4494 :
1027 4451 1200 4496 tamen
1247 4442 1297 4496 in
1329 4442 1429 4497 hac
1469 4444 1620 4497 trini-

90 4528 174 4577 tate
195 4542 364 4596 aquam
392 4535 727 4587 nominamus
747 4574 760 4596 ,
785 4543 837 4588 et
862 4549 983 4589 cum
1011 4533 1077 4589 de
1097 4535 1318 4605 singulis
1344 4536 1618 4605 quazritur,

90 4611 345 4683 singillatim
372 4637 560 4692 aquam
589 4623 991 4692 respondemus.
1015 4625 1146 4679 Nam
1169 4626 1212 4679 si
1233 4642 1414 4696 quer
1445 4636 1619 4683 utrum

91 4717 198 4773 aqua
223 4710 268 4762 in
289 4710 423 4768 fonte
451 4715 543 4781 sit,
566 4714 920 4784 respondetur
949 4731 1119 4786 aqua;
1152 4725 1204 4770 et
1244 4718 1286 4772 si
1317 4735 1618 4788 quaeramus

93 4802 235 4851 utrum
257 4815 383 4871 aqua
407 4805 473 4859 sit
514 4805 567 4860 in
621 4806 804 4873 ﬂuvio,
833 4807 960 4860 nihil
993 4806 1136 4861 aliud
1166 4809 1538 4878 reSpondetur,
1567 4821 1622 4866 et

93 4879 135 4935 in
159 4885 231 4940 illa
272 4893 470 4960 potione
518 4911 623 4950 non
667 4897 854 4965 poterit
882 4913 1001 4952 esse
1026 4898 1128 4952 alia
1154 4901 1432 4970 responsio
1469 4919 1482 4954 :
1522 4919 1620 4958 nec

94 4980 237 5032 tamen
260 4996 342 5037 eas
367 4993 468 5042 tres
485 5002 674 5056 aquas,
702 4987 795 5043 sed
819 5004 975 5042 unam
997 4989 1240 5044 dicimus.
1269 4992 1408 5046 Sane
1429 5007 1621 5047 caven-

95 5060 195 5121 dum
221 5081 293 5126 est
333 5091 394 5131 ne
440 5079 721 5148 quisquam
767 5079 1086 5135 incﬂ‘abilem
1140 5082 1284 5136 illius
1327 5084 1619 5154 maiestatis

97 5158 393 5222 substantiam
421 5172 557 5225 sicut
595 5171 793 5227 fontem
821 5173 979 5228 istum
1013 5175 1274 5229 visibilem
1311 5185 1468 5247 atque
1493 5195 1614 5232 cor-

96 5263 274 5315 POrenm
297 5263 368 5315 vel
393 5262 602 5322 ﬂuvium
633 5265 714 5320 vel
737 5267 1004 5335 potionem
1027 5268 1242 5338 cogitet.
1274 5268 1330 5323 ln
1358 5268 1440 5323 his
1467 5270 1614 5327 enim

93 5352 200 5408 ηαδ
223 5346 299 5400 illa
321 5366 427 5421 qua:
453 5370 595 5409 nunc
621 5356 674 5408 in
705 5353 850 5411 fonte
877 5365 961 5411 est
982 5398 996 5423 ,
1025 5358 1134 5412 exit
1162 5358 1214 5412 in
1242 5357 1484 5427 ﬂuvium,
1514 5377 1615 5417 nec

97 5566 118 5602 ο
429 5511 622 5575 futw'us
642 5516 728 5564 est.
755 5520 811 5564 At
825 5521 955 5575 Mss,
978 5513 1062 5579 qui
1082 5522 1304 5566 venturus
1319 5523 1406 5567 est.
1431 5524 1613 5579 Graece,

141 5610 631 5713 ἶΞὲίίέῖέίξεῖρεξρξξςξ
647 5633 902 5713 ίργςρβμέ
923 5644 1062 5713 mare
1083 5639 1412 5713 commendata
1433 5640 1612 5693 divina-

171 5690 251 5761 εει,
271 5695 432 5761 mide
451 5690 650 5748 utiliore.
667 5690 813 5761 Port'e'
819 5690 1111 5761 legendum,
1135 5713 1228 5751 non
1247 5702 1418 5753 minor.

144 5742 590 5830 τε
608 5742 687 5811 Ἀ(
706 5742 1418 5830 sai:‘;‘°s7aazts;aa"z;3;
1437 5765 1498 5817 dc
1519 5765 1613 5818 sitt-

99 5803 193 5859 ‘lulis
212 5803 479 5881 interrogati.

3215 401 3315 457 I90

1738 504 1791 557 in
1817 518 1876 558 se
1904 513 2114 570 manet;
2147 513 2200 560 et
2229 520 2347 560 cum
2374 505 2442 564 de
2465 505 2624 563 ﬂuvio
2654 508 2734 563 vel
2759 509 2825 564 dc
2865 507 3014 564 fonte
3057 509 3110 564 in
3141 511 3314 579 potio-

1735 610 1855 650 nem
1888 595 2106 662 transit,
2133 611 2236 650 non
2268 597 2336 650 ibi
2367 606 2658 666 permanet,
2686 598 2828 653 unde
2851 599 3100 653 sumitur.
3130 598 3312 670 Itaque

1735 687 1846 741 ﬁeri
1876 695 2048 756 potest
2075 696 2130 741 ut
2157 687 2343 743 eadem
2371 704 2505 758 aqua
2536 705 2676 744 nunc
2702 689 2767 743 ad
2803 688 2965 743 fontis
2993 689 3309 759 appellatio-

1735 794 1855 832 nem
1898 778 2177 846 pertineat,
2209 795 2348 834 nunc
2393 780 2459 833 ad
2501 779 2678 847 ﬂuvii,
2733 795 2874 835 nunc
2914 781 2980 835 ad
3032 781 3263 850 potionis
3297 800 3311 835 :

1735 885 1853 924 cum
1883 871 1934 925 in
1978 871 2064 924 illa
2111 870 2367 926 Trinitate
2406 871 2694 926 dixerimus
2742 886 2846 926 non
2894 887 3054 942 posse
3105 870 3219 926 fieri
3255 879 3321 926 ut‘

1735 961 1892 1016 Pater
1919 961 2202 1030 aliquando
2226 962 2296 1016 sit
2335 961 2532 1030 Filius,
2583 962 2868 1034 aliquando
2925 963 3158 1032 Spiritus
3191 979 3314 1018 san-

1734 1063 1880 1119 ctus;
1908 1056 2042 1107 sicut
2067 1055 2119 1107 in
2145 1054 2335 1110 arbore
2357 1070 2462 1109 non
2491 1064 2572 1110 cst
2599 1055 2750 1110 radix
2774 1056 2872 1110 nisi
2897 1056 3067 1120 radix,
3099 1071 3197 1110 nec
3222 1071 3311 1110 ro-

1736 1143 1835 1198 bur
1863 1153 1944 1198 est
1971 1143 2111 1198 aliud
2137 1159 2292 1213 quam
2320 1145 2499 1210 robur,
2530 1161 2629 1200 nec
2652 1160 2830 1199 ramos
2858 1147 2956 1200 nisi
2985 1162 3161 1200 ramos
3193 1163 3314 1216 pos-

1735 1252 1920 1292 sumus
1938 1237 2118 1292 dicere
2147 1256 2158 1291 :
2189 1253 2294 1292 non
2324 1239 2464 1292 enim
2495 1238 2634 1309 quod
2661 1239 2854 1294 dicitur
2895 1239 3044 1293 radix
3067 1282 3081 1303 ,
3127 1240 3177 1293 id
3220 1255 3315 1309 po-

1737 1335 1839 1383 test
1865 1328 1967 1383 dici
1991 1330 2152 1384 robur
2186 1338 2240 1384 et
2268 1330 2434 1395 rami;
2466 1345 2565 1384 nec
2593 1330 2791 1400 lignum
2821 1329 2960 1399 quod
2994 1331 3222 1400 pertinet
3248 1330 3312 1384 ad

1736 1422 1967 1478 radicem
1986 1466 2001 1489 ,
2032 1431 2205 1493 potest
2230 1425 2406 1494 aliquo
2428 1424 2653 1479 transitu
2684 1439 2826 1479 nunc
2853 1423 2904 1476 in
2933 1423 3111 1477 radice
3152 1438 3272 1476 esse
3293 1463 3307 1488 ,

1736 1531 1876 1570 nunc
1903 1515 1954 1569 in
1979 1516 2172 1570 robore
2193 1558 2207 1579 ,
2235 1532 2374 1569 nunc
2403 1517 2454 1569 in
2488 1517 2669 1582 ramis,
2718 1515 2811 1570 sed
2854 1514 3219 1568 tantummodo
3262 1514 3311 1567 in

1736 1606 1915 1662 radice
1939 1625 1952 1660 :
1975 1622 2094 1662 cum
2118 1607 2207 1662 illa
2236 1608 2416 1678 regula
2455 1609 2684 1662 nominis
2709 1617 2952 1672 maneat,
2986 1618 3043 1660 ιιι
3072 1607 3217 1660 radix
3250 1608 3315 1660 li-

1735 1712 1895 1767 gnum
1925 1697 2022 1763 sit,
2049 1707 2103 1752 et
2121 1698 2285 1752 robur
2304 1699 2536 1769 lignum,
2565 1708 2619 1752 et
2666 1697 2800 1752 rami
2828 1697 3064 1768 lignum;
3099 1712 3196 1752 nec
3233 1705 3314 1750 ta-

1736 1805 1857 1844 men
1886 1789 1982 1844 tria
2004 1789 2144 1860 ligna
2166 1789 2431 1857 dicantur,
2464 1789 2556 1844 sed
2587 1805 2768 1844 unum.
2788 1791 2893 1844 Aut
2913 1789 2957 1844 si
2979 1790 3092 1844 lnec
3117 1789 3316 1844 habent

1735 1881 1964 1950 aliquam
2011 1881 2530 1948 dissimilitudinem,
2576 1892 2633 1934 ut
2681 1881 2882 1950 possint
2931 1896 3034 1934 non
3085 1881 3314 1934 absurde

1737 1971 1834 2026 tria
1862 1973 2002 2043 ligna
2041 1971 2163 2036 dici,
2196 1980 2413 2043 propter
2451 1971 2718 2025 [inuitatis
2744 1971 3141 2035 diversitatem;
3183 1970 3314 2024 illud

1735 2070 1880 2117 certe
1915 2077 2102 2117 omnes
2126 2063 2454 2128 concedunt,
2485 2063 2528 2117 si
2556 2077 2622 2117 ex
2660 2077 2767 2118 uno
2808 2060 2954 2116 fonte
2985 2062 3082 2115 tria
3128 2061 3315 2130 pocula

1736 2154 2073 2223 impleantur,
2103 2170 2258 2224 posse
2279 2155 2379 2210 dici
2419 2155 2515 2208 tria
2549 2155 2731 2224 pocula
2753 2194 2768 2220 ,
2802 2160 2910 2207 tres
2939 2159 3114 2206 autem
3154 2166 3317 2222 aquas

1735 2258 1841 2297 non
1869 2258 2025 2314 posse
2046 2243 2148 2298 dici
2167 2286 2181 2307 ,
2213 2243 2306 2300 sed
2336 2245 2552 2297 omnino
2579 2257 2735 2298 unam
2767 2257 2988 2312 aquam;
3013 2254 3312 2310 quanquam

1733 2332 1802 2389 de
1845 2333 2066 2404 singulis
2096 2333 2300 2404 poculis
2341 2333 2692 2403 interrogatus
2733 2332 2785 2386 in
2837 2331 3076 2401 quolibet
3121 2331 3312 2384 horum

1734 2440 1924 2497 aquam
1955 2440 2074 2480 esse
2099 2425 2421 2496 respondeas
2447 2444 2459 2479 :
2495 2425 2736 2495 quamvis
2760 2425 2934 2479 nullus
2951 2425 3035 2479 hic
3060 2424 3316 2478 transitus

1736 2516 1843 2583 liat,
1877 2519 2014 2572 sicut
2035 2517 2103 2572 de
2140 2517 2284 2572 fonte
2327 2517 2381 2571 in
2424 2515 2640 2571 ﬂuvium
2670 2517 2998 2572 dicebamus.
3047 2513 3153 2571 Sed
3199 2515 3314 2570 haec

1734 2625 1840 2664 non
1874 2619 2088 2679 propter
2119 2610 2259 2664 illius
2294 2609 2489 2663 divina!
2524 2618 2724 2664 natura:
2760 2609 3160 2665 similitudinum
3183 2652 3196 2672 ,
3222 2610 3316 2664 sed

1735 2711 1950 2772 prepter
1978 2701 2259 2756 visibilium
2287 2701 2444 2756 etiam
2475 2701 2725 2755 unitatem
2749 2700 3046 2770 corporalia
3069 2700 3312 2769 exempla

1732 2791 1856 2846 data
1887 2799 2044 2858 sunt,
2070 2801 2130 2846 ut
2165 2791 2545 2861 intelligeretur
2572 2790 2682 2845 ﬁeri
2723 2805 2877 2859 posse
2918 2799 2974 2844 ut
3015 2790 3186 2860 aliqua
3217 2791 3314 2843 tria

1733 2898 1839 2938 non
1873 2892 2073 2938 tantum
2099 2883 2435 2954 singillatim,
2461 2883 2552 2938 sed
2590 2883 2751 2937 etiam
2796 2883 2954 2937 simul
2992 2898 3154 2936 unum
3198 2883 3315 2937 sin-

1730 2974 1911 3044 gulare
1937 2989 2130 3030 nomen
2157 2975 2465 3039 obtineant;
2515 2989 2612 3029 nec
2649 2975 2928 3043 quisquam
2990 2975 3211 3028 miretur
3257 2983 3314 3030 et

1731 3065 2018 3120 absurdttm
2063 3073 2212 3135 putet
2252 3065 2392 3137 quod
2426 3066 2589 3120 Deum
2620 3065 2849 3121 dicimus
2876 3065 3108 3132 Patrem,
3147 3066 3313 3122 Deum

1731 3155 1960 3223 Filium,
2003 3157 2167 3212 Deum
2209 3155 2464 3226 Spiritum
2517 3165 2796 3221 sanctum,
2839 3170 2939 3212 nec
2987 3166 3162 3212 tamen
3207 3167 3316 3213 tres

1731 3246 1860 3302 deos
1890 3248 1940 3301 in
1969 3248 2067 3302 ista
2092 3248 2373 3316 Trinitate,
2399 3247 2491 3302 sed
2510 3264 2671 3302 unutn
2697 3248 2861 3302 Deum
2893 3263 3154 3319 unamque
3179 3249 3310 3304 sub-

1730 3339 1975 3392 stantiam
2005 3340 2046 3393 ¹.

1805 3431 1891 3485 18.
1924 3431 1991 3485 Ει
2012 3431 2079 3486 de
2108 3431 2264 3488 Patre
2292 3431 2507 3503 quidem
2538 3447 2600 3488 ac
2630 3432 2767 3488 Filio
2805 3433 2986 3488 multis
3022 3431 3170 3488 libris
3197 3430 3310 3489 dis-

1731 3530 2014 3577 seruerunt
2061 3521 2204 3577 docti
2241 3532 2296 3578 et
2336 3523 2636 3593 spirituales
2663 3525 2683 3555 ¹
2713 3524 2850 3590 viri,
2900 3524 3092 3594 quibus
3135 3540 3308 3595 quan-

1732 3621 1841 3668 tum
1869 3613 2107 3669 homines
2135 3613 2436 3670 hominibus
2465 3623 2738 3684 poterant,
2773 3623 2827 3670 et
2861 3615 3310 3685 quemadmodum

1731 3719 1836 3758 non
1858 3720 1993 3758 unus
2016 3714 2159 3759 esset
2184 3705 2340 3759 Pater
2358 3713 2412 3760 et
2441 3704 2640 3773 Filius,
2669 3705 2764 3760 sed
2793 3721 2956 3762 unum
2997 3713 3213 3772 essent;
3256 3713 3313 3761 et

1729 3796 1855 3868 quid
1877 3797 2087 3868 proprie
2109 3795 2267 3852 Pater
2290 3806 2435 3852 esset
2451 3806 2536 3864 ,et
2560 3797 2685 3869 quid
2715 3797 2882 3854 Filius
2911 3798 3182 3854 insinuare
3221 3811 3314 3854 co-

1729 3885 1838 3943 nati
1864 3896 2023 3943 sunt:
2055 3888 2196 3959 quod
2227 3889 2314 3944 ille
2339 3890 2564 3960 genitor,
2599 3890 2686 3946 hic
2711 3891 2954 3961 genitus;
2983 3891 3074 3947 ille
3111 3907 3215 3946 non
3243 3891 3312 3948 de

1730 3978 1885 4046 Filio,
1914 3979 2000 4034 hic
2025 3980 2090 4036 de
2107 3981 2262 4036 Patre
2286 3997 2300 4046 ;
2321 3981 2476 4053 hujus
2505 3983 2595 4038 ille
2620 3983 2959 4054 principium,
2979 3984 3120 4040 unde
3147 3993 3200 4038 et
3218 3997 3309 4040 ca-

1729 4079 1821 4140 put
1851 4070 2051 4125 Christi
2076 4071 2266 4126 dicitur
2306 4073 2354 4144 (I
2380 4073 2495 4126 Cor.
2530 4090 2606 4140 xl,
2631 4072 2707 4145 5),
2736 4076 2975 4144 quamvis
2993 4085 3046 4130 et
3065 4059 3310 4132 Christus

1730 4160 2042 4230 principium
2073 4159 2247 4231 (Ιοαη.
2279 4177 2372 4216 vnt
2393 4205 2407 4227 ,
2441 4163 2553 4234 25),
2583 4164 2676 4218 sed
2706 4181 2808 4217 non
2829 4166 3034 4230 Patris;
3068 4166 3153 4221 hic
3183 4183 3311 4222 vero

1729 4249 1869 4304 illius
1897 4251 2070 4320 imago
2096 4250 2312 4319 (Coloss.
2352 4254 2400 4316 Ι,
2436 4253 2563 4321 15),
2605 4254 2845 4322 quamvis
2872 4255 3013 4308 nulla
3045 4271 3110 4310 ex
3156 4265 3308 4326 parte

1728 4337 1999 4392 dissimilis
2024 4349 2078 4394 et
2107 4341 2326 4395 omnino
2346 4340 2712 4398 indtﬂ‘ercnler
2733 4345 2971 4413 aequalis.
2993 4345 3308 4402 Tractantur

1729 4428 1842 4483 hzcc
1870 4430 2028 4484 latius
2056 4431 2122 4485 ab
2149 4431 2226 4485 eis
2252 4433 2338 4502 qui
2373 4448 2476 4488 non
2506 4443 2609 4488 tam
2642 4434 2876 4490 breviter
2901 4451 3056 4507 quam
3082 4453 3200 4504 nos,
3233 4449 3309 4492 to.

1730 4519 1831 4574 tius
1846 4519 2146 4576 christiante
2165 4521 2282 4578 lidei
2299 4523 2679 4593 professionem
2694 4527 2877 4581 volunt
2892 4529 3178 4598 explicare.
3215 4530 3309 4584 Ita-

1727 4627 1830 4682 que
1856 4612 1909 4667 in
1929 4623 2185 4683 quantum
2203 4613 2365 4670 Filius
2381 4625 2482 4682 est,
2501 4616 2568 4672 de
2590 4617 2746 4673 Patre
2771 4620 2975 4686 accepit
2997 4628 3056 4673 ut
3075 4620 3162 4686 sit,
3179 4635 3303 4675 cum

1728 4703 1816 4756 ille
1845 4702 1911 4757 de
1935 4704 2072 4758 Filio
2091 4703 2140 4758 id
2164 4720 2269 4759 non
2287 4707 2587 4776 acceperit:
2611 4716 2665 4762 ct
2684 4708 2736 4760 in
2757 4716 3008 4777 quantum
3030 4709 3301 4766 hominem

1727 4794 2033 4850 mutabilem
2048 4796 2252 4851 scilicet
2268 4807 2562 4853 creaturam
2580 4799 2633 4852 in
2652 4799 2841 4854 melius
2853 4803 3306 4873 commutandam,

1726 4885 1980 4942 ineﬂ'abili
2009 4887 2374 4943 misericordia
2399 4932 2414 4956 ,
2444 4891 2722 4960 temporali
2750 4891 3148 4963 dispensatione
3180 4912 3304 4951 sns-

1725 4977 1897 5045 cepit,
1930 4980 2094 5032 multa
2130 4978 2198 5034 de
2233 4979 2324 5035 illo
2354 4981 2405 5034 in
2436 4980 2726 5052 Scripturis
2753 4985 3095 5042 inveniuntur
3124 4987 3195 5042 ita
3226 4988 3306 5042 di-

1724 5076 1829 5131 cla,
1857 5076 1912 5121 ut
1939 5069 2124 5137 impias
2150 5069 2518 5126 haereticorum
2544 5083 2749 5129 mentes
2773 5078 2918 5144 prius
2942 5078 3182 5132 volentes
3211 5080 3306 5133 do-

1723 5173 1846 5214 cere
1883 5176 2040 5231 quam
2074 5177 2229 5218 nosse
2253 5204 2269 5230 ,
2310 5163 2363 5219 in
2391 5181 2629 5222 errorem
2667 5170 2944 5236 miserint,
2973 5179 3033 5225 ut
3063 5179 3304 5240 putarent

1723 5269 1843 5308 cum
1865 5269 1968 5308 non
1991 5256 2246 5324 :equalem
2269 5257 2433 5324 Patri,
2452 5275 2550 5315 nec
2574 5260 2810 5330 ejusdem
2833 5277 2950 5316 esse
2969 5263 3297 5331 substantiae,

1722 5349 1894 5417 qualia
1923 5358 2046 5403 sunt
2087 5350 2206 5417 illa,
2240 5351 2492 5416 Quoniam
2523 5353 2680 5408 Pater
2708 5357 2874 5426 major
2899 5373 2976 5408 me
3003 5366 3074 5409 est
3101 5355 3295 5426 (Joan.

1723 5454 1834 5505 xiv,
1865 5439 1972 5511 28)
2007 5458 2020 5506 ;
2052 5451 2133 5506 et,
2166 5442 2327 5513 Caput
2369 5445 2592 5499 mulieris
2613 5447 2690 5500 vir
2712 5488 2727 5512 ,
2759 5458 2908 5517 caput
2933 5448 3024 5500 viri
3048 5445 3298 5510 Christus,

1722 5541 1874 5604 caput
1892 5527 2057 5588 autem
2083 5533 2270 5590 Christi
2298 5536 2432 5592 Deus
2458 5537 2514 5609 (Ι
2541 5538 2658 5594 Cor.
2685 5556 2757 5606 x1,
2775 5540 2809 5594 5
2833 5538 2852 5612 )
2883 5549 2995 5606 ;et,
3028 5537 3170 5591 Tum:
3189 5537 3301 5605 ipse

1785 5709 1802 5780 ξ
1839 5716 1964 5780 Mss,
1981 5710 2066 5780 sed
2095 5725 2242 5780 partem
2273 5711 2483 5780 (altanus
2516 5727 2751 5780 immugire
2783 5712 3108 5780 substantiam.
3137 5771 3148 5780 ι
3185 5769 3195 5779 ο

1719 5769 1802 5879 ια’
1837 5777 1885 5818 In
1927 5771 2167 5836 vulgatis,
2223 5774 2450 5840 religiosi.
2481 5777 2624 5853 cujus
2659 5769 2764 5825 loco
2811 5778 2860 5824 in
2901 5781 3028 5833 uss,
3072 5769 3302 5836 spiritui»
