3996 6282
623 267 716 319 till
1588 261 1677 317 DE
1717 259 1876 317 FIDE
1915 258 2001 314 ET
2041 253 2371 316 SYMBOLO,
2411 252 2467 307 S.
2512 253 2876 309 AUGUSTI.“
3762 272 3832 332 ηε

617 382 867 451 subjectus
895 380 984 432 erit
1007 379 1051 430 ei
1071 378 1154 446 qui
1179 377 1250 430 illi
1277 378 1485 448 subjecit
1501 376 1735 446 omnia(1
1764 376 1882 430 Cor.
1911 389 2004 442 xv,
2034 373 2106 428 28
2133 371 2149 438 )
2182 387 2196 435 ;

619 485 706 541 et,
745 473 884 527 Vada
924 473 989 525 ad
1017 469 1218 524 Patrem
1247 487 1411 524 meum
1439 478 1484 525 et
1513 468 1719 524 Patrem
1758 477 2005 534 vestrum,
2044 465 2204 518 Deum

620 584 786 622 meum
810 577 858 619 et
899 565 1060 618 Deum
1099 573 1314 617 vestrum
1349 562 1534 636 (Joan.
1561 579 1628 617 xx
1650 604 1664 628 ,
1699 562 1798 632 17)
1826 578 1841 627 ;
1871 569 1926 615 et
1951 557 2203 614 nonnulla

622 658 922 729 ltnjusmodi
958 676 970 712 :
1004 672 1120 726 qua:
1146 657 1320 709 omnia
1353 655 1521 724 posita
1561 662 1722 718 sunt,
1765 668 1872 706 non
1909 658 1967 705 ut
2003 657 2204 702 naturae

621 759 779 819 atque
808 749 1114 802 substantia:
1146 747 1554 817 inmqualitatem
1585 744 1919 816 signiﬁcent,
1969 757 2036 796 ne
2075 740 2203 794 falsa

621 841 728 894 sint
753 839 839 893 illa
865 879 880 903 ,
910 837 1022 908 Ego
1049 848 1092 891 et
1125 836 1280 890 Pater
1309 852 1463 889 unum
1485 852 1656 889 sumus
1678 835 1696 905 (
1719 832 1804 887 Id.
1829 850 1880 897 x,
1925 832 2028 902 '50)
2059 848 2073 896 ;
2115 839 2202 898 ct,

625 931 726 996 Qui
754 946 830 983 me
850 930 992 992 vidit,
1018 928 1138 981 vidit
1159 937 1202 981 et
1232 925 1439 980 Patrem
1471 943 1635 979 meum
1665 925 1782 997 (Id.
1811 940 1904 979 xw
1925 965 1938 986 ,
1965 922 2039 996 9)
2066 940 2079 987 ;
2112 933 2160 977 et
2186 964 2200 987 ,

624 1021 761 1076 Deus
790 1031 895 1075 erat
941 1019 1195 1086 Verbum;
1225 1035 1328 1074 non
1355 1020 1496 1074 enim
1530 1020 1695 1074 lactus
1716 1027 1798 1073 est
1818 1059 1833 1082 ,
1865 1032 1986 1072 cum
2026 1015 2204 1069 omnia

620 1129 718 1186 per
746 1112 916 1182 ipsum
945 1111 1077 1165 facta
1107 1112 1211 1164 sint
1241 1111 1368 1182 (1d.
1393 1127 1430 1177 ι,
1463 1111 1514 1175 1,
1547 1110 1616 1181 5)
1651 1129 1663 1164 :
1691 1119 1744 1164 et
1767 1151 1782 1175 ,
1814 1107 1933 1162 Non
1971 1109 2205 1178 rapinam

621 1204 894 1258 arbitratus
932 1211 1004 1257 est
1030 1219 1136 1257 esse
1171 1202 1382 1273 wqualis
1411 1201 1561 1265 Deo;
1601 1210 1656 1256 et
1689 1211 1877 1255 caetera
1907 1199 2028 1254 talia
2063 1217 2078 1254 :
2109 1199 2204 1254 sed

621 1295 708 1349 illa
743 1295 908 1364 posita
926 1303 1069 1360 sunt,
1089 1295 1280 1364 partim
1314 1303 1530 1364 prepter
1550 1292 2060 1346 administrationem
2082 1306 2204 1346 sus-

619 1386 758 1454 cepti
799 1386 1062 1452 hominis,
1119 1403 1220 1458 qua
1266 1386 1496 1449 dicitur,
1555 1385 1892 1456 Semetipsum
1928 1385 2204 1440 exinanivit

621 1477 640 1548 (
667 1476 897 1547 Philipp,
929 1495 984 1543 ιι,
1018 1479 1050 1533 6
1080 1478 1098 1548 )
1125 1495 1139 1543 ;
1171 1493 1274 1531 non
1301 1478 1422 1547 quia
1463 1485 1664 1531 mutata
1687 1487 1770 1531 est
1795 1477 1886 1530 illa
1910 1475 2201 1544 Sapientia,

620 1584 743 1627 cum
771 1570 840 1624 sit
863 1569 1082 1626 omnino
1108 1569 1552 1625 incommutabilis
1581 1585 1596 1633 ;
1625 1567 1718 1624 sed
1748 1568 1868 1639 quia
1901 1575 2006 1622 tam
2031 1567 2203 1621 humi-

621 1663 744 1718 liter
783 1662 1086 1718 hominibus
1112 1662 1446 1716 innotescere
1475 1661 1637 1714 voluit
1667 1679 1680 1714 :
1710 1659 1900 1729 partim
1927 1674 2053 1729 ergo
2079 1673 2203 1729 pro-

625 1762 741 1824 .)ter
767 1754 902 1810 hanc
938 1753 1450 1808 administrationem
1483 1753 1570 1806 illa
1613 1752 1683 1806 ita
1711 1752 1905 1822 scripta
1946 1760 2069 1805 sunt
2093 1793 2105 1816 ,
2136 1751 2204 1806 de

619 1845 812 1916 quibus
840 1844 1075 1900 hazretici
1111 1843 1506 1898 calumniantur
1538 1862 1551 1910 ;
1598 1844 1789 1912 partim
1823 1851 2036 1913 propter
2065 1843 2164 1897 hoc
2185 1884 2200 1908 ,

620 1936 742 2006 quia
770 1935 933 1990 Filius
972 1937 1114 1990 Patri
1141 1935 1301 1990 debet
1331 1933 1473 2005 quod
1513 1943 1624 2001 est,
1675 1935 1778 1990 hoc
1815 1936 1974 1990 etiam
2005 1935 2204 1990 debeas

620 2027 804 2098 utique
840 2027 981 2082 Patri
1007 2027 1145 2097 quod
1189 2025 1361 2082 eidem
1405 2025 1546 2080 Patri
1575 2027 1793 2097 aequalis
1837 2035 1928 2081 aut
1957 2043 2052 2097 par
2077 2037 2200 2094 est;

619 2117 781 2173 Pater
806 2127 983 2173 autem
1011 2117 1139 2172 nulli
1165 2116 1325 2172 debet
1354 2115 1606 2187 quidquid
1631 2125 1731 2172 est.

689 2209 777 2266 i9.
818 2209 896 2264 De
936 2207 1136 2278 Spiritu
1163 2217 1349 2263 saneto
1383 2217 1558 2264 autem
1591 2207 1821 2263 nondum
1853 2218 1958 2262 tam
1988 2209 2203 2278 copiose

617 2315 684 2358 ac
716 2301 998 2373 diligenter
1026 2301 1353 2372 disputatum
1381 2309 1465 2356 est
1492 2315 1520 2354 a
1547 2301 1716 2355 doctis
1754 2308 1809 2356 et
1837 2301 2040 2371 magnis
2070 2301 2202 2355 divi-

616 2409 808 2451 narum
847 2394 1240 2465 Scripturarum
1281 2396 1674 2460 tractatoribus,
1704 2401 1762 2449 ut
1791 2393 2008 2464 intelligi
2050 2393 2201 2451 facile

615 2486 788 2557 possit
815 2494 870 2543 et
894 2486 1009 2557 ejus
1028 2488 1322 2558 proprium,
1351 2501 1458 2558 quo
1480 2487 1691 2558 proprio
1720 2485 1777 2540 ﬁt
1799 2494 1854 2540 ut
1881 2500 2001 2540 eum
2031 2501 2202 2556 neque

613 2580 809 2637 Filium
853 2596 1026 2652 neque
1055 2581 1265 2638 Patrem
1305 2581 1482 2637 dicere
1532 2581 1814 2651 possimus,
1862 2581 1956 2636 sed
1997 2589 2199 2636 tantum

611 2669 868 2744 Spiritum
903 2683 1182 2739 sanetum;
1214 2673 1313 2728 nisi
1357 2673 1497 2743 quod
1535 2687 1656 2727 eum
1701 2672 1898 2727 donum
1942 2673 2032 2727 Dei
2081 2687 2201 2728 esse

611 2763 924 2834 praedicant,
967 2772 1026 2820 ut
1063 2765 1230 2821 Deum
1272 2764 1554 2820 credamus
1584 2779 1686 2817 non
1717 2779 1776 2819 se
1818 2765 1932 2833 ipso
1978 2763 2201 2820 inferius

611 2851 813 2909 donum
857 2854 1006 2910 dare.
1045 2854 1268 2910 Servant
1313 2865 1489 2909 tamen
1530 2864 1588 2909 ut
1631 2870 1735 2910 non
1765 2855 1998 2925 genitum
2027 2855 2198 2924 Spiri-

613 2949 729 3000 tum
769 2939 1011 2999 sanctum
1053 2954 1302 3015 tanquam
1331 2945 1523 2999 Filium
1563 2944 1630 2999 de
1677 2944 1831 3000 Patre
1875 2945 2196 3014 praedicent;

613 3033 802 3090 unicus
844 3035 986 3090 enim
1014 3043 1097 3090 est
1139 3035 1424 3090 Christus:
1459 3051 1629 3106 neque
1665 3036 1732 3091 de
1773 3036 1908 3090 Filio
1953 3045 2198 3107 tanquam

614 3132 862 3196 nepotem
892 3127 1082 3181 summi
1112 3127 1283 3182 Patris
1312 3145 1324 3182 :
1358 3142 1455 3183 nec
1483 3136 1657 3182 tamen
1687 3128 1739 3184 id
1766 3129 1908 3200 quod
1937 3137 2038 3196 est,
2071 3131 2197 3184 nulli

611 3217 832 3286 debere,
862 3219 956 3276 sed
986 3220 1150 3287 Patri,
1195 3237 1259 3276 ex
1301 3236 1405 3292 quo
1442 3222 1619 3276 omnia
1645 3240 1660 3289 ;
1691 3239 1756 3278 ne
1783 3223 1887 3278 duo
1911 3224 2199 3278 constitua-

613 3323 737 3364 mus
761 3308 1021 3379 principia
1047 3309 1162 3365 sine
1191 3309 1472 3380 principio,
1505 3312 1646 3382 quod
1679 3312 2016 3368 falsissimum
2039 3322 2122 3368 est
2147 3323 2199 3368 et

612 3399 1075 3468 absurdissimum,
1116 3409 1171 3456 et
1197 3418 1303 3456 non
1339 3403 1612 3458 catholicae
1643 3404 1785 3472 ﬁdei,
1825 3405 1919 3460 sed
1948 3422 2200 3476 quorum-

613 3490 738 3549 dam
769 3490 1140 3548 baereticorum
1182 3496 1349 3549 errori
1378 3497 1676 3566 preprium.
1718 3499 1844 3553 Ausi
1872 3507 1995 3552 sunt
2022 3507 2195 3555 tamen

613 3581 829 3654 quidam
857 3582 1022 3652 ipsam
1051 3585 1480 3641 communionem
1503 3587 1674 3642 Patris
1697 3596 1748 3642 et
1775 3587 1914 3656 Filii,
1937 3598 2114 3659 atque,
2139 3600 2198 3645 ut

613 3675 688 3730 ita
715 3674 909 3742 dicam,
955 3674 1224 3742 deitatem,
1268 3692 1426 3746 quam
1453 3679 1621 3733 Graeci
1647 3687 1847 3741 ϐιότητα
1886 3681 2195 3750 appellant,

563 3769 568 3772 ’
613 3766 868 3838 Spiritum
897 3777 1135 3824 sanctum
1171 3769 1394 3826 credere
1423 3788 1436 3824 :
1465 3780 1542 3838 ut,
1585 3773 1832 3838 quoniam
1873 3773 2030 3828 Pater
2061 3774 2198 3828 Deus

613 3871 670 3918 et
695 3861 862 3917 Filius
893 3862 1049 3929 Deus,
1073 3861 1187 3932 ipsa
1211 3863 1402 3929 deitas,
1431 3880 1530 3935 qua
1558 3864 1660 3922 sibi
1689 3867 2005 3936 capulantur
2031 3877 2083 3923 et
2105 3868 2195 3924 ille

613 3953 880 4025 gignendo
905 3954 1095 4009 Filium
1122 3964 1176 4010 et
1202 3956 1292 4010 ille
1325 3957 1464 4012 Patri
1485 3957 1822 4022 coluerendo,
1855 3961 1902 4014 ei
1923 3975 1953 4013 a
1984 3975 2089 4029 quo
2115 3969 2198 4015 est

613 4045 824 4116 genitus
859 4053 1117 4116 tequetur.
1159 4045 1306 4102 Hanc
1347 4062 1474 4119 ergo
1517 4049 1788 4113 deitatem,
1835 4065 1991 4120 quam
2037 4052 2194 4106 etiam

611 4133 950 4192 dilectionem
995 4135 1046 4191 in
1091 4151 1150 4192 se
1192 4137 1417 4193 invicem
1457 4139 1730 4194 amborum
1776 4142 2196 4214 charitatemque

611 4227 796 4282 volunt
823 4228 1062 4298 intelligi,
1094 4228 1349 4298 Spiritum
1380 4239 1618 4286 sanetum
1645 4235 1963 4303 appellatum
1991 4235 2191 4301 dicunt,

612 4317 898 4387 multisque
919 4315 1311 4386 Scripturarum
1349 4319 1681 4378 documentis
1707 4323 1898 4379 adsunt
1929 4324 2049 4379 huic
2075 4327 2193 4395 epi-

611 4406 757 4463 nioni
781 4421 922 4472 suae;
952 4407 1067 4464 sive
1087 4408 1177 4462 illo
1197 4410 1337 4480 quod
1358 4410 1556 4467 dictum
1579 4422 1679 4480 est,
1707 4416 1956 4481 Quoniant
1977 4415 2194 4470 charitas

611 4494 711 4552 Dei
735 4496 923 4564 lli/fusa
943 4497 1092 4553 estin
1122 4500 1355 4555 cordibus
1380 4505 1563 4557 nostris
1589 4521 1678 4574 per
1699 4504 1946 4572 Spiritum
1966 4515 2194 4559 sanctum

609 4587 698 4657 qui
721 4588 867 4642 datus
901 4597 974 4642 est
1011 4588 1154 4644 nobis
1180 4589 1352 4660 (Rom.
1385 4609 1437 4657 ν,
1465 4591 1557 4662 5);
1587 4594 1698 4647 sive
1722 4593 1839 4647 aliis
1869 4594 2047 4648 multis
2077 4597 2194 4649 tali-

609 4679 712 4735 bus
735 4681 1049 4737 testimoniis
1071 4699 1086 4749 ;
1107 4693 1161 4739 et
1181 4699 1246 4740 eo
1267 4685 1382 4754 ipso
1402 4685 1542 4754 quod
1569 4700 1664 4754 per
1683 4684 1933 4754 Spiritum
1951 4696 2192 4741 sanctum

610 4769 1176 4842 reconciliamur’Deo,
1208 4774 1350 4830 unde
1373 4775 1531 4829 etiam
1562 4789 1682 4828 cum
1712 4774 1908 4829 donum
1939 4777 2029 4831 Dei
2057 4777 2190 4831 dici-

611 4869 715 4926 tur,
762 4863 889 4917 satis
919 4864 1203 4935 signiﬁcari
1245 4867 1427 4920 volunt
1451 4866 1761 4922 charitatcm
1793 4868 1890 4923 Dei
1921 4883 2039 4923 esse
2068 4871 2190 4939 Spi-

611 4951 771 5006 ritum
795 4963 1056 5010 sanetum.
1093 4956 1210 5011 Non
1239 4959 1381 5011 enim
1414 4959 1816 5014 reconciliamur
1846 4961 1942 5027 illi,
1971 4962 2070 5017 nisi
2098 4979 2194 5032 per

609 5039 969 5111 dilectionem,
1003 5061 1105 5116 qua
1137 5047 1296 5101 etiam
1327 5047 1418 5102 ﬁlii
1448 5049 1463 5078 ¹
1491 5049 1816 5118 appellamur
1857 5051 1900 5121 (l
1925 5050 2079 5106 Joan.
2112 5069 2187 5121 ιιι,

609 5133 667 5204 1)
698 5151 711 5188 :
744 5151 848 5190 non
867 5136 976 5206 jam
999 5138 1098 5193 sub
1125 5139 1315 5192 timore
1341 5147 1586 5208 tanquam
1616 5142 1772 5203 servi,
1799 5142 1917 5211 quia
1940 5157 2189 5198 consum-

607 5235 750 5282 mata
780 5229 994 5284 dilectio
1039 5229 1184 5284 {oras
1226 5230 1388 5284 mittit
1431 5231 1670 5286 timorem
1719 5232 1827 5304 (Id.
1859 5250 1930 5300 tv,
1976 5235 2106 5305 18);
2139 5244 2192 5291 et

607 5320 864 5392 Spiritum
893 5323 1152 5379 libertatis
1181 5325 1501 5393 accepimus,
1529 5325 1580 5377 in
1609 5340 1706 5392 quo
1731 5325 2028 5392 clamamus,
2053 5328 2191 5383 Abba

610 5417 769 5471 Pater
791 5416 968 5487 (Rom.
1000 5432 1115 5484 VIII,
1150 5417 1263 5484 £5).
1304 5415 1372 5470 Et
1399 5416 1517 5486 quia
1543 5417 1867 5472 reconciliati
1897 5427 1951 5474 et
1978 5419 2030 5474 in
2061 5421 2192 5475 ami-

611 5503 789 5558 citiam
819 5505 1052 5561 revocati
1091 5520 1190 5576 per
1214 5505 1528 5562 charitatcm
1557 5505 1666 5577 (Id.
1695 5523 1750 5574 ν,
1782 5507 1940 5582 8-10)
1987 5512 2189 5581 poteri-

614 5611 732 5651 mus
777 5596 953 5650 omnia
1002 5597 1097 5653 Dei
1144 5607 1348 5655 secreta
1394 5614 1754 5672 cognoscere,
1798 5611 2076 5675 propterea
2122 5604 2189 5662 de

677 5706 692 5734 ³
724 5707 775 5750 ιιι
800 5702 1003 5768 vulgatis
1019 5709 1206 5764 additur
1223 5746 1238 5773 ,
1267 5710 1385 5776 Dei;
1402 5715 1528 5778 quod
1552 5715 1692 5768 abest
1717 5729 1743 5766 a
1767 5724 1869 5766 Mss.

2313 365 2507 436 Spiritu
2535 378 2716 425 sancto
2742 372 2954 439 dicitur,
2989 374 3015 427 Ι
3021 391 3110 444 pse
3129 393 3212 434 vos
3236 379 3445 437 inducet
3466 381 3518 437 in
3544 400 3720 442 omnem
3740 397 3833 448 veri-

2310 469 2458 513 tatem
2479 459 2658 531 (Joan.
2690 479 2801 529 xvr,
2831 466 2942 536 15).
2985 467 3269 538 Propterea
3286 483 3336 527 et
3354 476 3672 533 conﬁdentia
3692 486 3833 550 pendi.

2309 553 2492 608 canda‘:
2513 555 2768 622 veritatis,
2787 572 2887 627 qua
2907 559 3106 629 impleti
3126 570 3249 617 sunt
3274 565 3323 618 in
3352 567 3586 622 adventu
3614 571 3718 639 ejus
3734 575 3836 646 Apo.

2309 646 2429 702 stoli
2479 646 2611 718 (Act.
2654 663 2711 712 ιι,
2761 648 2837 717 4),
2888 661 3033 706 recte
3076 651 3318 709 charitati
3361 657 3646 726 tribuitur;
3675 663 3773 732 quia
3803 679 3837 723 et

2309 737 2601 795 difﬁdentia
2629 741 2803 795 timori
2825 741 3001 808 datur,
3026 760 3182 813 quem
3205 751 3600 804 consummatio
3619 755 3836 812 cbaritatis
3909 737 3937 813 Ι

2310 829 2560 884 excludit.
2602 829 2724 886 Ideo
2751 833 2910 886 etiam
2941 833 3137 890 donum
3185 837 3278 893 Dei
3322 839 3526 893 dicitur
3555 841 3746 912 (Ep/tes.
3774 863 3835 914 ιιι,

2311 920 2385 989 7),
2417 922 2536 991 quia
2567 938 2631 976 eo
2660 923 2802 993 quod
2827 928 3050 997 quisque
3080 930 3224 984 novit
3255 947 3359 985 non
3394 931 3608 1000 fruitur,
3639 939 3726 991 nisi
3747 943 3837 995 etid

2310 1009 2511 1081 diligat.
2543 1012 2666 1068 Frui
2684 1021 2859 1069 autem
2884 1017 3143 1088 sapientia
3173 1020 3285 1087 Dei,
3309 1022 3445 1076 nihil
3474 1035 3558 1078 est
3583 1025 3708 1080 aliud
3727 1044 3838 1098 quam

2309 1101 2357 1156 ei
2379 1103 2662 1160 dilectione
2673 1104 2944 1162 cohaerere
2965 1127 2977 1162 :
2999 1125 3169 1180 neque
3182 1113 3463 1183 quisquam
3482 1115 3535 1169 in
3554 1131 3617 1169 eo
3631 1119 3751 1187 quod
3764 1136 3842 1189 per-

2309 1191 2437 1261 cipit
2462 1204 2756 1263 permanet,
2789 1198 2888 1252 nisi
2915 1198 3236 1268 dilectione;
3282 1213 3338 1259 et
3370 1204 3498 1260 ideo
3523 1206 3736 1276 Spiritus
3755 1225 3840 1264 san-

2309 1291 2428 1338 ctus
2472 1285 2684 1352 dicitur,
2729 1291 2977 1358 quoniam
3018 1293 3084 1348 ad
3128 1298 3554 1364 permanendum
3594 1304 3840 1359 sanciantur

2309 1392 2655 1449 quaecumque
2680 1382 2992 1438 sanciuntur
3011 1387 3053 1453 ¹,
3080 1403 3177 1442 nec
3201 1388 3420 1446 dubium
3454 1402 3537 1447 est
3557 1409 3588 1448 a
3613 1397 3839 1450 sanciendo

2309 1472 2639 1528 snnctitatem
2695 1477 2892 1531 vocari.
2941 1478 3164 1536 Maxime
3211 1493 3388 1539 autem
3444 1486 3538 1542 illo
3594 1491 3838 1545 testimonio

2311 1571 2529 1618 utuntur
2569 1574 2863 1624 assertores
2906 1569 3063 1640 hujus
3103 1576 3403 1643 sementim,
3451 1579 3597 1648 quod
3639 1581 3836 1650 scriptam

2309 1663 2412 1721 cst,
2446 1656 2595 1722 Quod
2621 1669 2794 1712 natum
2830 1671 2905 1714 est
2929 1664 2992 1716 de
3016 1681 3186 1732 carne,
3211 1683 3327 1720 caro
3348 1679 3426 1722 est
3446 1685 3468 1732 ;
3494 1681 3540 1724 et
3564 1675 3692 1741 quod
3713 1685 3834 1727 natm

2308 1756 2380 1801 est
2403 1747 2466 1802 de
2487 1749 2705 1820 Spiritu,
2735 1754 2947 1822 spiritus
2965 1766 3036 1810 est
3058 1756 3235 1828 (Joan.
3265 1776 3339 1823 ιιι,
3369 1762 3427 1832 6)
3460 1780 3474 1814 :
3504 1766 3724 1832 quoniam
3742 1765 3835 1820 Deut

2309 1836 2535 1906 Spiritus
2583 1852 2654 1896 est
2695 1841 2806 1910 (Ιιι.
2848 1861 2920 1910 tv,
2954 1845 3070 1916 24).
3116 1849 3210 1903 llic
3248 1852 3388 1905 enim
3433 1857 3831 1922 regenerationem

2307 1939 2540 1986 nostram
2584 1933 2713 1988 dicit
2738 1937 2779 2002 ¹,
2811 1953 2930 2007 qtne
2968 1955 3072 1993 non
3103 1942 3392 1997 secundum
3436 1945 3605 2000 Adam
3641 1947 3701 2000 de
3721 1963 3835 2001 carne.

2306 2028 2407 2086 est,
2437 2021 2528 2076 sed
2555 2023 2846 2079 secundum
2884 2027 3152 2083 Christum
3183 2031 3249 2084 de
3277 2031 3480 2101 Spiritu
3503 2043 3698 2088 sancto.
3734 2038 3827 2103 Qua-

2306 2120 2524 2182 pr0pter
2547 2113 2592 2167 si
2623 2114 2848 2189 Spiritus
2883 2121 3050 2172 sancti
3082 2120 3181 2175 hoc
3213 2122 3327 2177 loco
3369 2122 3510 2178 facta
3541 2134 3620 2179 est
3658 2142 3829 2181 eamme
3862 2185 3866 2194 ,

2306 2205 2553 2271 moratio,
2583 2222 2702 2261 cum
2729 2207 2928 2263 dictum
2958 2221 3056 2276 est,
3093 2213 3342 2279 Quoniam
3364 2215 3510 2271 Deus
3540 2218 3741 2287 Spiritus
3755 2231 3830 2273 est:

2304 2294 2829 2353 animadvertendum
2856 2300 3058 2370 dicunt,
3087 2319 3190 2357 non
3217 2305 3421 2362 dictum
3460 2323 3601 2372 esse,
3629 2309 3830 2376 Quoniam

2303 2385 2530 2455 Spiritus
2561 2388 2701 2444 Deus
2730 2400 2812 2446 est
2837 2393 2891 2456 ³;
2923 2393 3038 2457 sed,
3074 2395 3324 2459 Quoniam
3353 2399 3497 2455 Deus
3533 2401 3734 2470 Spiritus
3753 2413 3830 2465 est;

2303 2486 2363 2534 ut
2393 2480 2503 2550 ipsa
2533 2480 2706 2536 deitas
2736 2483 2906 2539 Patris
2933 2496 2980 2540 et
3012 2486 3130 2540 Filii
3164 2487 3264 2542 huc
3295 2490 3416 2545 loco
3446 2491 3587 2546 dicta
3625 2493 3688 2547 sit
3713 2493 3827 2553 Deus,

2303 2570 2444 2639 quod
2469 2579 2552 2626 est
2580 2572 2806 2642 Spiritus
2834 2586 3068 2630 sanctus.
3113 2578 3224 2633 lluc
3251 2581 3460 2636 accedit
3484 2581 3622 2636 aliud
3653 2583 3830 2637 testimo-

2303 2664 2448 2717 nium
2486 2665 2628 2735 quod
2670 2666 2797 2721 dicit
2831 2663 3064 2724 Joannes
3107 2673 3398 2740 apotnlus,
3449 2675 3690 2742 Quoniam
3728 2674 3826 2727 Deus

2303 2753 2503 2807 dilectio
2525 2767 2595 2809 est
2625 2755 2666 2828 (Ι
2689 2756 2846 2812 Joan.
2888 2776 2961 2826 tv,
2999 2760 3108 2832 16).
3156 2763 3322 2817 Etiam
3353 2765 3444 2821 hic
3473 2768 3610 2821 enim
3632 2782 3724 2820 non
3747 2766 3826 2824 ait.

2306 2843 2525 2899 Dilcclio
2547 2847 2685 2902 Deus
2705 2857 2786 2902 est
2810 2865 2824 2913 ;
2857 2850 2971 2916 sed,
3006 2850 3137 2905 Dens
3165 2853 3364 2907 dilectio
3383 2865 3491 2920 est;
3515 2867 3570 2910 ιιι
3590 2857 3690 2925 ipsa
3707 2855 3828 2909 deitas

2303 2933 2516 2990 dilectio
2565 2936 2908 3008 intelligatur.
2957 2941 3022 2994 Et
3067 2943 3206 3012 quod
3258 2945 3310 2998 in
3357 2946 3445 2999 illa
3489 2946 3827 3001 enumeratione

2302 3041 2661 3083 connexarum
2708 3031 2806 3085 sibi
2860 3047 3058 3097 rerum,
3111 3035 3196 3087 ubi
3239 3035 3456 3100 dicitur,
3508 3037 3681 3090 Omnia
3713 3045 3826 3089 vestra

2301 3129 2436 3187 sunt,
2459 3136 2544 3174 vos
2581 3131 2745 3174 autem
2787 3121 2992 3192 Christi,
3023 3125 3252 3180 Christus
3272 3139 3441 3182 autem
3465 3128 3563 3183 Dei
3589 3129 3626 3201 (Ι
3653 3129 3746 3182 Cor.
3766 3142 3823 3188 ιιι.

2301 3210 2393 3275 22,
2436 3209 2528 3282 25)
2555 3228 2570 3276 ;
2603 3221 2676 3279 et,
2709 3212 2872 3285 Caput
2903 3217 3126 3272 mulieris
3173 3219 3265 3284 vir,
3308 3232 3463 3290 caput
3501 3223 3594 3275 viri
3619 3220 3822 3277 Christus,

2301 3311 2452 3372 caput
2475 3312 2642 3357 autent
2669 3303 2854 3359 Christi
2879 3305 3034 3372 Dens,
3069 3309 3207 3363 nulla
3239 3297 3734 3368 ﬁt'commemoralio
3750 3308 3825 3375 Spi-

2301 3395 2434 3449 ritus
2463 3397 2664 3461 sancti;
2707 3397 2773 3452 ad
2805 3398 2902 3452 huc
2933 3402 3196 3469 pertinere
3239 3403 3444 3471 dicunt,
3475 3405 3594 3474 quia
3635 3419 3723 3457 non
3747 3399 3824 3454 fere

2301 3481 2446 3539 in'iis
2475 3501 2592 3555 qua:
2620 3487 2720 3540 sibi
2748 3503 2984 3542 connexa
3012 3500 3135 3544 sunt
3165 3497 3432 3548 numerari
3467 3496 3597 3550 solet
3622 3495 3715 3562 ipsa
3733 3505 3825 3544 eon-

2301 3575 2477 3629 nexio.
2515 3575 2663 3632 Unde
2707 3578 2757 3631 in
2791 3579 2879 3632 illo
2908 3581 3066 3633 etiam
3113 3583 3230 3637 loco
3256 3583 3566 3640 Trinitatem
3607 3585 3747 3653 ipsam
3771 3579 3824 3630 vi-

2301 3665 2492 3721 dentur
2519 3683 2806 3738 agnoscere
2831 3674 2918 3741 qui
2952 3673 3130 3741 legunt
3171 3677 3445 3741 attentius,
3497 3693 3612 3732 cum
3642 3675 3821 3732 dicitur.

2303 3760 2553 3824 Quoniam
2595 3779 2658 3817 ea:
2681 3765 2808 3834 ipso,
2844 3775 2888 3818 et
2925 3784 3010 3836 per
3031 3768 3216 3837 ipsum,
3246 3770 3371 3823 etin
3411 3771 3524 3840 ipso
3555 3777 3662 3823 sunt
3698 3761 3821 3818 omnia

2301 3852 2475 3924 (Rom.
2500 3871 2575 3918 xi,
2606 3856 2715 3926 36).
2766 3855 2848 3911 Ea:
2890 3858 3019 3927 ipso,
3053 3870 3300 3930 tanquam
3329 3878 3394 3916 ex
3420 3878 3488 3918 eo
3515 3863 3598 3931 qui
3625 3858 3731 3913 ιιιιηὶ
3753 3853 3821 3907 (1ο-

2303 3944 2390 3998 bet
2417 3946 2553 4014 quod
2596 3957 2711 4012 est;
2745 3965 2834 4018 per
2873 3949 3060 4017 ipsum,
3093 3960 3338 4022 tanquam
3373 3969 3470 4023 per
3496 3953 3818 4008 mediator-em;

2298 4036 2350 4089 in
2374 4037 2502 4106 ipso,
2553 4049 2798 4107 tanquam
2832 4041 2884 4095 in
2925 4058 2991 4097 eo
3021 4044 3109 4113 qui
3152 4047 3406 4114 continet,
3442 4048 3494 4103 id
3524 4057 3620 4112 est,
3649 4037 3816 4111 copula-

2301 4125 2443 4181 tione
2469 4129 2759 4200 conjungit.

2366 4217 2454 4273 20.
2491 4219 2622 4274 lluic
2661 4223 2936 4276 sententiae
2979 4225 3366 4295 contradicunt,
3419 4231 3511 4298 qui
3555 4227 3819 4281 arbitrantur

2297 4311 2450 4366 istam
2497 4316 2946 4381 communionem,
2975 4333 3133 4387 quam
3182 4320 3299 4374 sive
3327 4320 3576 4376 deitatem
3603 4320 3699 4373 sive
3719 4311 3817 4366 dile-

2297 4403 2524 4458 ctionem
2569 4407 2680 4460 sive
2707 4405 3016 4461 charitatcm
3058 4410 3403 4478 appellamus,
3454 4427 3556 4466 non
3591 4421 3696 4464 esse
3729 4399 3819 4455 sub-

2297 4493 2544 4547 stantiam
2580 4512 2592 4547 :
2625 4504 2867 4563 quaerunt
2892 4506 3066 4552 autem
3095 4499 3384 4554 secundum
3413 4497 3729 4555 substantiam
3746 4487 3815 4543 sibi

2297 4585 2486 4653 exponi
2513 4585 2766 4655 Spiritum
2795 4598 3058 4654 sanctum,
3107 4607 3208 4646 nec
3238 4592 3536 4664 intelligunt
3576 4605 3669 4646 non
3705 4582 3816 4636 alim

2297 4676 2532 4744 potuisse
2572 4675 2695 4743 dici,
2747 4677 2884 4732 Deus
2931 4679 3130 4734 dilectio
3183 4691 3274 4747 est,
3327 4684 3424 4736 nisi
3477 4692 3611 4739 esset
3653 4669 3815 4731 dilectio

2296 4765 2606 4820 substantia.
2665 4768 2937 4823 Ducuntur
2995 4771 3190 4840 quippe
3253 4775 3627 4829 consuetudine
3679 4772 3811 4820 rerum

2295 4860 2685 4929 corporalium;
2726 4863 2974 4931 quoniam
3013 4863 3056 4916 si
3092 4863 3196 4916 duo
3227 4865 3326 4918 sibi
3370 4880 3586 4935 corpora
3611 4855 3813 4928 copulen-

2297 4958 2401 5015 tur,
2432 4952 2502 5005 ita
2543 4960 2599 5005 ut
2636 4952 2782 5020 juxta
2817 4954 3042 5008 invicem
3071 4955 3421 5025 collocentur,
3471 4959 3578 5028 ipsa
3602 4940 3813 5019 ρονυῐθῑίο

2296 5057 2399 5095 non
2424 5053 2506 5096 est
2527 5058 2719 5112 corpus
2743 5061 2755 5107 ;
2783 5043 3230 5114 quandoquidem,
3265 5049 3520 5118 separatis
3550 5045 3641 5101 illis
3662 5046 3810 5101 corPO‘

2295 5134 2441 5188 ribus
2469 5150 2586 5201 quae
2611 5137 2851 5204 copulata
2883 5137 3110 5203 fuerant,
3141 5139 3281 5192 nulla
3312 5140 3610 5195 invenitur:
3641 5143 3721 5186 nec
3752 5133 3810 5176 ta-

2295 5239 2418 5279 men
2443 5226 2590 5296 quasi
2631 5225 2940 5282 discessisse
2966 5239 3020 5283 et
3059 5229 3316 5299 migrasse
3361 5229 3671 5300 intelligitur,
3711 5214 3811 5270 sicut

2295 5316 2383 5372 illa
2411 5331 2654 5386 corpora.
2694 5316 2797 5373 Sed
2825 5317 2878 5372 hi
2909 5319 3044 5374 tales
3070 5334 3162 5374 cor
3190 5319 3443 5374 mundum
3469 5320 3660 5377 iaciant,
3686 5315 3806 5376 quan-

2361 5474 2376 5505 ί
2412 5473 2530 5522 Editi
2549 5507 2563 5531 ,
2587 5472 2964 5536 sanctificatum.
2987 5481 3039 5524 At
3057 5482 3162 5525 Mss.
3187 5483 3465 5526 constanter
3480 5511 3495 5536 ,
3513 5466 3762 5525 εωιάιιηεδν·

2358 5537 2378 5566 ε
2413 5543 2478 5584 Ita
2510 5541 2612 5584 Mss.
2650 5535 2764 5584 Fditi
2786 5548 2904 5585 vero
2928 5550 2940 5585 :
2965 5545 3060 5586 Hoc
3090 5537 3296 5588 enim...
3322 5535 3504 5588 dictmt.

2360 5597 2396 5668 =_
2413 5569 3308 5668 uitiasset;
3322 5569 3674 5668 πτξῖῖξάςιηρρς
3704 5569 3808 5668 ιξξξξν

2296 5663 2434 5718 post,
2453 5644 2544 5706 nan
2576 5644 2642 5707 ait
2661 5644 2682 5716 ,ν
2706 5644 3041 5708 Ἱιίιετιῖιῖἱιεῖ
3051 5644 3674 5716 εδῖ’ῘιΙ’ἱί’ἐι›ίιῖἐεξῦιι’ίκίιιο
3703 5644 3803 5691 τοίθν

2299 5728 2425 5770 Deus
2445 5725 2514 5770 est
2541 5731 2557 5768 .'
2585 5733 2674 5770 nec
2697 5720 2852 5769 minus
2876 5721 3021 5770 bene.
