3874 6398
61 365 153 419 195
1432 331 1614 389 LIBEF

1722 330 1875 387 NUS.

59 490 151 534 tum
175 478 402 547 possunt,
430 477 487 524 ut
517 466 692 522 videre
722 462 928 518 valeant
957 460 1009 515 in
1040 457 1132 513 Dei
1162 453 1455 511 substantia
1483 467 1591 547 non

57 585 157 625 esse
177 544 363 635 aliquid
389 562 515 627 tale,
547 558 691 628 quasi
717 555 858 610 aliud
888 554 957 609 ibi
986 553 1055 607 sit
1100 548 1415 612 substantia,
1455 544 1596 599 aliud

57 660 177 731 quod
214 655 407 712 accidat
442 649 769 713 substantiae,
816 656 869 701 et
911 660 1015 700 non
1045 644 1115 697 sit
1138 640 1469 731 substantia;
1503 635 1597 692 sed

59 729 276 819 quidquid
320 745 389 799 ibi
428 742 640 811 intelligi
688 748 883 809 potest,
915 733 1209 790 substantia
1253 740 1355 787 est.
1398 729 1595 819 Verum

62 816 154 893 hare
176 816 268 892 dici
307 840 526 905 possunt
568 830 739 895 facile,
786 836 839 882 et
877 824 1021 881 credi
1053 841 1065 876 :
1094 822 1259 877 videri
1290 829 1467 874 autem
1497 816 1599 871 nisi

62 930 194 984 corde
212 943 334 997 puro
353 921 610 994 quomodo
632 935 688 974 se
707 917 957 983 habeant,
984 914 1203 969 omnino
1229 927 1335 966 non
1358 916 1596 980 possunt.

62 1026 351 1090 Quapmpter
394 1016 507 1071 sive
544 1015 638 1067 ista
686 1027 810 1066 vera
855 1010 923 1063 sit
968 1005 1254 1072 sententia,
1302 1004 1413 1058 sive
1456 1000 1600 1056 aliud

62 1112 225 1182 aliquid
250 1111 331 1172 sit,
362 1107 489 1162 ﬁdes
512 1106 819 1160 inconcussa
846 1099 1074 1155 tenenda
1100 1106 1200 1161 est,
1231 1105 1289 1151 ut
1317 1096 1483 1149 Deum
1514 1093 1601 1148 di-

64 1218 215 1258 camus
252 1201 475 1265 Patrem,
520 1198 678 1251 Deum
711 1194 923 1258 Filium,
966 1192 1136 1246 Deum
1180 1189 1434 1258 Spiritum
1478 1201 1603 1241 san-

63 1305 182 1347 ctum
205 1310 217 1357 ;
242 1305 400 1360 neque
445 1298 549 1342 tres
576 1286 733 1352 deos,
764 1284 858 1338 sed
897 1284 1052 1337 istam
1078 1280 1391 1335 Trinitatem
1439 1292 1601 1331 unum

65 1385 245 1448 Deum;
268 1395 425 1450 neque
452 1378 692 1433 diversos
718 1386 927 1440 natura,
966 1372 1061 1427 sed
1087 1371 1324 1441 ejusdem
1356 1369 1604 1424 substan-

70 1476 175 1539 ti:e;
218 1488 364 1541 neque
400 1480 455 1524 ut
498 1469 652 1524 Pater
677 1465 960 1534 aliquando
989 1463 1059 1517 sit
1087 1461 1270 1527 Filius,
1321 1458 1602 1528 aliquando

68 1568 127 1621 sit
144 1565 337 1636 Spiritus
357 1573 567 1618 sanctus
592 1578 608 1627 ;
632 1559 727 1615 sed
756 1559 911 1613 Pater
936 1571 1151 1626 semper
1174 1555 1352 1619 Pater,
1371 1560 1425 1606 et
1442 1551 1605 1605 Filius

68 1673 246 1727 semper
280 1657 451 1722 Filius,
499 1662 553 1708 et
597 1652 828 1721 Spiritus
869 1657 1085 1704 sanctus
1131 1660 1341 1714 semper
1376 1642 1604 1711 Spiritus

69 1760 265 1803 sanctus.
301 1746 401 1801 Nec
428 1756 629 1800 temere
659 1743 727 1798 de
766 1739 1117 1795 invisibilihus
1146 1735 1342 1806 aliquid
1369 1733 1606 1788 afﬁrme-

72 1856 168 1895 mus
192 1851 415 1909 tanquam
442 1838 692 1899 scientes,
724 1832 821 1888 sed
852 1841 1102 1900 tanquam
1129 1827 1446 1891 credentes;
1476 1839 1609 1895 quo-

72 1932 185 1985 niam
207 1930 357 1985 videri
390 1929 489 1983 nisi
518 1925 775 1981 mundato
800 1923 962 1980 corde
993 1937 1099 1976 non
1133 1928 1358 1990 possunt
1388 1937 1399 1971 :
1439 1926 1493 1972 et
1518 1916 1607 1986 qni

73 2040 120 2077 ea
143 2022 331 2077 videtin
358 2021 454 2075 hac
478 2020 587 2074 vita
616 2033 679 2074 ex
712 2025 883 2088 parte,
915 2023 969 2070 ut
999 2014 1197 2069 dictum
1221 2021 1323 2076 est,
1354 2019 1513 2079 atque
1554 2008 1608 2063 in

75 2114 305 2183 aenigmate
332 2110 375 2181 (ι
398 2111 517 2166 Cor.
558 2125 677 2176 xm,
718 2108 834 2179 12),
869 2122 973 2161 non
1012 2112 1189 2175 potest
1222 2102 1436 2158 efﬁcere
1474 2107 1610 2154 utet

79 2204 149 2258 ille
179 2202 331 2257 videat
354 2202 433 2258 cui
458 2202 720 2271 loquitur,
753 2199 799 2254 si
826 2197 1003 2252 cordis
1027 2195 1273 2250 sordibus
1299 2191 1606 2262 impeditur.

80 2293 192 2347 Beati
215 2305 368 2349 autem
393 2294 584 2347 mundo
603 2291 772 2357 corde,
800 2289 1039 2360 quoniam
1062 2287 1163 2357 ipsi
1192 2285 1351 2339 Deum
1377 2284 1611 2338 videbunt

86 2387 249 2456 (lfattti.
274 2404 321 2456 ν,
358 2387 433 2457 8).
475 2387 609 2441 [huc
632 2385 765 2440 ﬁdes
789 2392 873 2440 est
910 2383 977 2438 de
1004 2383 1116 2437 Deo
1143 2380 1419 2436 conditore
1445 2390 1498 2435 et
1526 2394 1612 2434 re~

88 2491 285 2537 novatore
304 2493 504 2538 DOSU'O.

144 2572 212 2627 21.
243 2573 328 2629 Sed
350 2573 602 2644 quoniam
628 2571 843 2626 dilectio
869 2584 973 2624 non
1004 2575 1208 2623 tantum
1236 2567 1289 2621 in
1321 2567 1486 2620 Deum
1514 2579 1611 2619 no-

97 2661 160 2714 bis
188 2662 391 2732 imperata
418 2674 529 2731 est,
573 2678 694 2717 cum
723 2661 923 2716 dictum
968 2668 1072 2721 est,
1104 2657 1298 2729 Diliges
1338 2655 1614 2709 Dominum

104 2749 231 2804 Deum
249 2762 355 2808 tuum
383 2771 440 2810 ea:
484 2764 592 2807 toto
618 2753 770 2806 corde
798 2761 904 2818 tuo,
931 2760 976 2804 et
1001 2766 1066 2805 ea;
1093 2759 1197 2802 tota
1221 2748 1399 2801 anima
1423 2757 1530 2813 tua,
1565 2756 1614 2799 et

104 2851 254 2895 estate
283 2854 411 2899 mente
455 2855 595 2907 tua;
642 2842 737 2897 sed
781 2842 939 2896 etiam
984 2840 1039 2894 in
1081 2839 1415 2908 proximum;
1448 2853 1569 2891 nam
1596 2876 1612 2902 ,

103 2927 261 3001 Diliges,
278 2933 441 3004 inquit,
462 2934 758 3004 proximum
778 2942 920 2985 tuum
945 2939 1185 2997 tanquam
1206 2938 1252 2982 te
1272 2929 1440 2998 ipsum
1462 2926 1611 2998 (Luc.

98 3021 229 3093 3,27)
254 3041 265 3075 :
290 3026 530 3081 siautem
576 3024 675 3079 ista
717 3022 849 3078 ﬁdes
893 3022 1360 3092 congregationem
1386 3020 1615 3075 societa-

97 3118 254 3183 temque
278 3116 543 3173 hominum
572 3132 680 3171 non
700 3124 897 3181 teneat,
920 3116 972 3169 in
998 3130 1100 3186 qua
1128 3114 1362 3169 fraterna
1382 3113 1615 3169 charitas

92 3218 304 3275 operetur,
330 3211 504 3264 minus
533 3210 800 3264 fructuosa
839 3215 943 3262 est.

143 3295 323 3354 CAPUT
358 3299 421 3354 Χ.
463 3329 541 3341 —
581 3298 808 3352 Ecclesia
846 3297 1116 3351 catholica.
1162 3295 1410 3351 Remissio
1441 3312 1619 3366 pecca-

92 3390 231 3440 torum.
259 3387 417 3443 Totius
448 3389 671 3442 hominis
710 3388 764 3440 in
806 3387 985 3441 melius
1023 3387 1347 3440 commutatio
1392 3402 1619 3440 resurre-

92 3475 216 3530 ctione
247 3480 561 3549 perﬁcienda.
621 3478 799 3533 Carnis
851 3479 1167 3531 resurrectio.
1220 3476 1621 3532 Rcsurrectionis

93 3570 235 3633 futura
287 3572 456 3626 veritas
531 3571 883 3640 confirmatur.
942 3570 1221 3625 Credimus
1279 3578 1333 3625 et
1380 3579 1618 3626 sanctam

92 3655 324 3713 Ecclesiam
354 3663 390 3727 ί,
422 3661 611 3731 utique
654 3661 987 3715 catholicam.
1026 3659 1159 3714 Nam
1206 3669 1260 3715 et
1304 3659 1540 3715 lneretici
1570 3669 1623 3715 et

92 3746 352 3805 schismatici
378 3751 821 3822 congregationes
847 3766 970 3803 suas
990 3750 1245 3805 ecclesias
1273 3761 1482 3806 vocant.
1514 3751 1621 3806 Sed

92 3834 278 3895 heretici
300 3843 362 3897 de
388 3844 501 3899 Deo
529 3843 659 3897 falsa
694 3842 973 3897 sentiendo
1003 3843 1170 3913 ipsam
1199 3842 1355 3897 fidem
1384 3843 1619 3910 violant;

92 3927 357 3987 schismatici
401 3944 586 3989 autem
631 3932 1033 3988 discissionibus
1078 3933 1272 4002 iniquis
1317 3950 1345 3986 a
1390 3933 1621 3987 fraterna

93 4015 298 4077 charitale
334 4022 618 4089 dissiliunt,
667 4023 912 4093 quamvis
940 4037 1001 4077 ea
1042 4022 1261 4078 credant
1303 4038 1420 4093 quae
1448 4023 1622 4077 credi-

94 4120 201 4162 mus.
226 4111 542 4184 Quapmpter
571 4128 669 4168 nec
691 4112 923 4167 haeretici
949 4113 1218 4183 pertinent
1242 4112 1306 4166 ad
1332 4113 1625 4168 Ecclesiam

95 4197 374 4269 catholicam,
404 4220 525 4274 quae
551 4203 721 4273 diligit
758 4204 917 4257 Deum
944 4219 958 4268 ;
986 4217 1084 4258 nec
1112 4203 1458 4269 schismatici,
1486 4219 1624 4272 quo-

98 4285 204 4341 niam
223 4289 371 4362 diligit
391 4294 728 4363 proximum;
757 4302 811 4346 et
832 4292 948 4346 ideo
975 4293 1206 4362 peccatis
1233 4294 1455 4363 proximi
1476 4294 1627 4349 facile

100 4374 297 4447 ignoscit,
335 4386 453 4454 quia
500 4384 600 4439 sibi
651 4392 895 4454 precatur
936 4385 1139 4453 ignosci
1176 4385 1243 4439 ab
1271 4385 1361 4439 illo
1393 4386 1481 4455 qui
1528 4400 1629 4440 nos

100 4472 402 4529 reconciliavit
443 4476 568 4542 sibi,
613 4474 797 4529 deleus
841 4476 1015 4529 omnia
1049 4477 1336 4545 praeterita,
1375 4485 1428 4531 et
1454 4477 1519 4531 ad
1551 4478 1628 4533 vi-

104 4562 181 4609 tam
215 4576 380 4618 novam
429 4581 526 4620 nos
571 4580 767 4619 vocans
784 4584 813 4643 ιε
843 4581 997 4634 quam
1048 4566 1205 4620 vitam
1238 4566 1408 4622 donec
1451 4567 1628 4638 perfe-

103 4656 207 4702 ctam
243 4656 515 4724 capiamus,
568 4658 683 4711 sine
725 4658 955 4725 peccatis
987 4672 1106 4712 esse
1148 4672 1254 4712 non
1294 4673 1578 4728 possumus
1612 4678 1626 4715 :

108 4732 281 4796 interest
302 4753 464 4803 tamen
495 4748 672 4819 qualia
699 4748 825 4802 sint.

157 4826 227 4882 22.
262 4833 360 4891 Nec
397 4838 461 4894 de
491 4846 832 4908 peccatorum
863 4837 1160 4894 diﬁ‘erentia
1189 4841 1347 4896 modo
1394 4850 1627 4898 tractan-

106 4912 203 4971 dum
227 4933 312 4991 est,
341 4930 429 4983 sed
470 4928 795 4984 credendum
833 4930 1071 4997 omnino,
1100 4932 1247 4987 nullo
1289 4933 1448 4987 modo
1478 4934 1630 4989 nobis

110 5004 265 5072 ignosci
306 5032 363 5071 ea
403 5036 517 5090 qua:
566 5035 880 5091 peccamus,
929 5020 977 5075 si
1020 5036 1119 5076 nos
1164 5023 1518 5079 inexorabiles
1563 5025 1629 5079 ad

111 5093 371 5163 iilloscenda
398 5120 609 5178 peccata
654 5109 906 5165 fuerimus
936 5111 1144 5182 (Matth.
1174 5128 1246 5179 vr,
1294 5114 1403 5184 15).
1452 5114 1631 5185 Itaque

110 5189 322 5249 credimus
343 5208 394 5252 et
416 5202 787 5256 remissionem
815 5213 1172 5271 peccatorum.

164 5277 233 5334 95-
271 5286 328 5341 Et
365 5294 604 5359 quoniam
654 5294 753 5347 tria
797 5303 921 5348 sunt
961 5296 1151 5365 quibus
1195 5296 1357 5352 homo
1385 5309 1629 5365 constat,

113 5367 301 5439 spiritus,
326 5382 485 5436 anima
512 5392 567 5437 et
591 5398 789 5452 corpus
822 5402 835 5437 :
865 5402 983 5455 quae
1021 5402 1207 5441 rursus
1232 5388 1338 5442 duo
1363 5390 1628 5455 dicuntur,

115 5456 204 5520 (lui:
229 5476 351 5534 srpe
384 5474 551 5527 anima
577 5474 737 5528 simul
777 5488 896 5529 cum
924 5476 1110 5545 spiritu
1137 5479 1439 5532 nominatur
1464 5495 1477 5543 ;
1509 5494 1633 5549 pars

126 5606 480 5703 h‘ﬁfﬁq
744 5626 1023 5703 galeamn,
1036 5637 1151 5703 etet;
1170 5637 1221 5703 et
1243 5631 1485 5703 aliquapto
1505 5640 1630 5703 post,

484 5675 823 5751 peccatorum.
842 5675 1634 5755 assus};'i..i.1si;;;“t;iza;s§;

3182 340 3285 398 194

1703 452 1844 507 enim
1872 453 2112 523 qumdam
2141 455 2378 526 ejusdem
2410 458 2702 524 rationalis,
2736 476 2837 530 qua
2860 474 3043 518 carent
3074 466 3281 533 bestiae,

1702 544 1920 613 spiritus
1961 544 2152 600 dicitur
2204 566 2216 601 :
2260 548 2552 619 principale
2594 560 2835 605 nostrum
2883 555 3099 622 spiritus
3149 567 3232 612 est
3267 573 3282 622 ;

1703 631 1897 688 deinde
1923 635 2028 689 vita
2055 650 2157 705 qua
2198 637 2569 708 conjungimur
2594 641 2827 709 corpori,
2858 644 3031 697 anima
3059 644 3281 713 dicitur;

1702 731 1974 792 postremo
2002 725 2175 795 ipsum
2199 741 2391 796 corpus
2410 729 2657 797 quoniam
2678 730 2887 787 visibile
2915 743 3017 798 est,
3042 735 3284 790 ultimum

1704 822 1945 868 nostrum
1968 823 2067 869 est.
2094 816 2404 870 llaecautem
2423 820 2596 872 omnis
2625 830 2867 887 creatura
2890 824 2905 853 ¹
2927 824 3290 893 ingemiscitet

1706 898 1925 973 parturit
1944 921 2108 975 usque
2134 923 2272 962 nunc
2291 909 2589 977 (Rom.vut,
2609 910 2703 980 22)
2721 929 2732 965 :
2749 912 2893 968 dedit
2918 924 3090 970 tamen
3115 918 3271 985 primi

1708 995 1805 1050 tias
1825 998 2059 1065 spiritus,
2079 999 2199 1067 quia
2216 999 2439 1055 credidit
2463 1002 2593 1069 Deo,
2611 1014 2662 1057 et
2680 1004 2832 1059 bona:
2854 1006 2963 1075 jam
2995 1010 3285 1067 voluntatis

1705 1096 1805 1141 est.
1832 1088 1927 1141 llic
1949 1089 2163 1158 spiritus
2183 1090 2345 1144 etiam
2362 1102 2581 1147 vocatur
2602 1110 2774 1161 mens,
2793 1095 2860 1150 de
2875 1113 2980 1166 quo
3006 1099 3291 1170 dicitApo-

1707 1178 1894 1244 stolus,
1926 1177 2096 1232 Mente
2124 1182 2281 1234 servio
2310 1181 2407 1252 legi
2431 1180 2527 1237 Dei
2557 1183 2728 1255 (llam.
2762 1201 2855 1252 vn,
2886 1188 3003 1255 25).
3031 1188 3131 1257 Qui
3159 1191 3288 1247 item

1707 1270 1811 1324 alio
1839 1271 1954 1325 loco
1980 1271 2127 1338 dicit,
2152 1272 2314 1328 Testis
2342 1284 2414 1329 est
2450 1278 2583 1330 enim
2610 1279 2732 1331 mihi
2763 1278 2915 1344 Deus,
2945 1285 3027 1335 cui
3054 1287 3214 1339 servio
3237 1287 3291 1340 in

1707 1362 1886 1430 spiritu
1914 1379 2020 1416 meo
2043 1361 2150 1433 (Id.
2181 1380 2219 1431 ι,
2253 1364 2329 1437 9).
2374 1367 2563 1421 Anima
2594 1384 2723 1423 vero
2745 1385 2865 1425 cum
2892 1375 3121 1428 carnalia
3146 1375 3285 1432 bona

1707 1452 1879 1507 adhuc
1903 1455 2121 1523 appetit,
2151 1470 2276 1509 caro
2304 1458 2621 1512 nominatur.
2663 1460 2792 1515 Pars
2821 1464 2961 1517 enim
2992 1464 3105 1534 ejus
3138 1482 3289 1536 qua:-

1707 1541 1829 1596 datn
1858 1544 2059 1598 resistit
2085 1545 2290 1614 Spiritui
2320 1548 2360 1613 ³,
2389 1562 2493 1601 non
2526 1558 2735 1616 natura,
2781 1552 2873 1605 scd
2904 1554 3290 1612 consuetudine

1710 1644 2067 1704 peccatorum.
2094 1636 2245 1691 Unde
2266 1637 2475 1703 dicitur,
2502 1639 2672 1693 Mente
2688 1642 2847 1697 servio
2876 1644 2974 1714 legi
2997 1644 3112 1712 Dei,
3137 1664 3290 1703 carne

1709 1735 1874 1778 autem
1886 1725 1983 1795 legi
2001 1728 2209 1797 peccati.
2230 1728 2358 1793 Quae
2375 1730 2704 1785 consuetudo
2721 1732 2771 1785 in
2788 1743 3028 1789 naturam
3044 1753 3195 1792 versa
3207 1748 3293 1794 est

1710 1817 1998 1871 secundum
2016 1822 2410 1888 generationem
2430 1823 2708 1877 mortalem
2725 1834 2941 1893 peccato
2959 1828 3110 1896 primi
3129 1828 3293 1886 homi-

1711 1907 1813 1961 nis.
1846 1907 2073 1978 ldeoque
2100 1910 2352 1980 scriptum
2382 1920 2482 1977 cst,
2510 1912 2575 1965 Et
2594 1930 2682 1968 nos
2702 1915 2975 1985 aliquando
2997 1919 3183 1987 fuimus
3202 1937 3296 1975 na-

1711 1999 1940 2051 turaliter
1953 1998 2050 2067 ﬁlii
2087 2001 2177 2053 ira:
2207 2002 2226 2032 ³
2250 2001 2461 2071 (Ep/tes.
2487 2019 2554 2069 ll,
2586 2005 2640 2074 5)
2662 2047 2675 2071 ,
2698 2006 2748 2059 id
2787 2016 2870 2062 est
2893 2009 3166 2079 vindictae,
3199 2027 3296 2081 per

1712 2107 1870 2160 quam
1901 2092 2095 2147 factum
2122 2103 2206 2150 est
2233 2105 2286 2150 ut
2310 2097 2603 2151 serviamus
2628 2098 2727 2166 legi
2755 2103 2975 2169 peccati.
3002 2103 3099 2157 Est
3117 2115 3293 2160 autem

1713 2185 1904 2239 anima:
1943 2195 2131 2242 natura
2170 2188 2401 2257 perlecta
2427 2231 2441 2256 ,
2483 2204 2603 2245 cum
2642 2192 2849 2261 spiritui
2887 2208 2984 2249 suo
3013 2196 3294 2263 subditur,

1714 2287 1769 2333 et
1793 2294 1913 2333 cum
1940 2281 2177 2350 sequitur
2205 2291 2512 2351 sequentem
2538 2284 2723 2339 Deum.
2747 2285 2870 2342 Ideo
2890 2289 3125 2343 animalis
3148 2292 3297 2345 homo

1715 2386 1815 2424 non
1850 2372 2061 2441 percipit
2085 2388 2197 2442 qua:
2224 2382 2341 2426 sunt
2371 2372 2595 2445 Spiritus
2621 2374 2717 2429 Dei
2744 2376 2787 2447 (l
2818 2378 2934 2431 Cor.
2966 2380 3156 2450 11,14).
3190 2380 3297 2437 Sed

1714 2477 1822 2517 non
1855 2471 1959 2517 tam
1979 2463 2085 2518 cito
2105 2464 2279 2518 anima
2301 2467 2610 2536 subjugatur
2630 2467 2835 2537 spiritui
2858 2468 2925 2523 ad
2948 2468 3139 2525 bonam
3162 2487 3297 2542 ope-

1716 2554 1975 2609 rationem
1996 2594 2010 2618 ,
2054 2570 2211 2624 qnam
2241 2556 2346 2610 cito
2372 2558 2587 2625 spiritus
2618 2558 2729 2613 Deo
2757 2559 2822 2613 ad
2852 2576 3030 2615 veram
3062 2561 3218 2617 ﬁdem
3245 2575 3301 2619 et

1717 2645 1909 2700 bonam
1934 2646 2259 2701 voluntatem
2285 2665 2298 2699 :
2323 2648 2416 2701 sed
2446 2649 2730 2717 aliquando
2765 2651 2964 2705 tardius
2984 2652 3098 2721 ejus
3128 2640 3299 2722 impc-

1720 2747 1804 2791 tus
1823 2777 1837 2801 ,
1860 2737 2041 2807 quoin
2068 2739 2299 2792 carnalia
2331 2749 2385 2793 et
2414 2740 2720 2807 temporalia
2748 2740 2952 2807 deﬁnit,
2979 2743 3297 2797 refrenatur.

1718 2827 1822 2883 Sed
1863 2828 2111 2897 quoniam
2155 2836 2209 2882 et
2244 2829 2354 2897 ipsa
2392 2828 2678 2883 mandatur
2700 2871 2714 2893 ,
2747 2832 3010 2901 recipiens
3038 2834 3300 2890 stabilita-

1720 2926 1824 2972 tem
1867 2928 2069 2972 naturac
2110 2932 2219 2973 sua:
2254 2917 2559 2973 dominante
2589 2920 2775 2989 spiritu
2799 2962 2816 2988 ,
2845 2923 2986 2992 quod
3015 2924 3117 2979 sibi
3141 2936 3304 2996 caput

1718 3018 1802 3064 est
1823 3050 1838 3075 ,
1864 3008 1947 3063 cui
1968 3007 2084 3075 ejus
2108 3008 2266 3078 capiti
2289 3017 2446 3078 caput
2467 3017 2548 3064 est
2570 3009 2811 3065 Christus
2834 3052 2849 3077 ,
2878 3028 2984 3066 non
3008 3024 3092 3069 est
3111 3014 3303 3085 despe-

1719 3101 1942 3157 randum
1991 3100 2150 3156 etiam
2197 3116 2390 3171 corpus
2433 3103 2640 3157 restitui
2671 3113 2873 3159 natura:
2902 3107 3130 3177 propria:
3161 3126 3174 3161 :
3207 3109 3303 3163 sed

1722 3194 1901 3263 utique
1928 3180 2033 3247 non
2063 3201 2168 3247 tam
2198 3193 2304 3248 cito
2333 3208 2490 3262 quam
2516 3194 2691 3248 anima
2715 3237 2731 3262 ,
2763 3196 2900 3251 sicut
2928 3214 3099 3267 neque
3126 3200 3303 3255 anima

1722 3292 1830 3338 tam
1873 3284 1979 3339 cito
2020 3299 2179 3354 quam
2218 3284 2471 3353 spiritus;
2522 3285 2615 3340 sed
2658 3294 2893 3356 tempore
2923 3298 3218 3357 opportuno
3249 3291 3302 3346 in

1723 3378 2011 3432 novissima
2054 3377 2213 3444 tuba,
2255 3393 2376 3432 cum
2415 3380 2599 3432 mortui
2626 3388 2885 3449 resurgent
2912 3381 3191 3452 incorrupti
3214 3425 3229 3448 ,
3258 3393 3306 3438 et

1723 3485 1815 3523 nos
1836 3470 2227 3523 immutabimur.
2262 3469 2329 3523 Et
2354 3469 2473 3524 ideo
2494 3470 2759 3525 credimus
2783 3482 2835 3526 et
2858 3474 3036 3527 curuis
3066 3489 3306 3531 resurre-

1724 3561 1954 3615 ctionem
1988 3577 2003 3626 ;
2045 3575 2149 3615 non
2192 3570 2393 3614 tantum
2437 3562 2558 3630 quia
2602 3571 2877 3630 reparatur
2918 3564 3093 3619 anima
3124 3606 3139 3632 ,
3186 3582 3306 3636 quae

1725 3667 1865 3707 nunc
1915 3662 2129 3721 propter
2166 3652 2410 3707 carnales
2447 3651 2755 3707 aﬁ'ectiones
2792 3668 2917 3708 caro
2958 3656 3304 3724 nominatur;

1725 3742 1821 3796 sed
1852 3742 1965 3797 haec
1984 3743 2141 3796 etiam
2164 3743 2384 3797 visibilis
2413 3757 2538 3798 caro
2562 3759 2680 3813 quae
2706 3746 3017 3801 naturaliter
3038 3756 3120 3801 est
3143 3763 3270 3803 caro
3288 3789 3305 3813 ,

1726 3836 1877 3905 cujus
1924 3850 2117 3890 nomen
2164 3837 2338 3889 anima
2368 3852 2471 3890 non
2504 3845 2720 3906 propter
2749 3848 2988 3892 naturam
3013 3880 3028 3905 ,
3060 3840 3153 3894 sed
3183 3855 3309 3910 pro-

1728 3936 1845 3997 pter
1882 3927 2189 3982 aﬁ‘ectiones
2224 3928 2465 3982 carnales
2488 3928 2691 3998 accepit
2719 3948 2734 3985 ;
2763 3928 2879 3984 hzec
2905 3944 3031 4000 ergo
3053 3930 3305 3997 visibilis,

1728 4036 1848 4090 quas
1890 4020 2102 4090 proprie
2130 4020 2325 4074 dicitur
2351 4035 2476 4075 caro
2496 4062 2511 4087 ,
2545 4022 2660 4075 sine
2688 4020 3020 4076 dubitatione
3044 4022 3310 4079 credenda

1729 4120 1813 4167 est
1854 4126 2151 4181 resurgere.
2203 4110 2423 4166 Videtur
2459 4112 2600 4165 enim
2645 4112 2834 4166 Paulus
2877 4114 3153 4181 apostolus
3192 4130 3309 4171 eam

1731 4210 1979 4273 tanquam
2018 4204 2180 4273 digito
2208 4203 2490 4257 ostendere
2509 4244 2524 4266 ,
2555 4218 2675 4257 cum
2704 4204 2861 4268 dicit,
2896 4204 3103 4272 Oportet
3130 4222 3311 4260 corru-

1732 4293 1902 4364 ptibile
1942 4294 2035 4347 hoc
2081 4294 2288 4347 induere
2327 4294 2768 4363 incorruptionem.
2808 4293 2938 4348 Cum
2973 4294 3116 4350 enim
3149 4296 3311 4364 dicit,

1733 4385 1855 4449 hoc,
1887 4384 1937 4438 in
1965 4399 2080 4439 eam
2107 4383 2258 4454 quasi
2284 4384 2504 4454 digitum
2533 4385 2775 4439 intendit.
2798 4385 2948 4454 Quod
2978 4395 3153 4441 autem
3185 4388 3313 4441 visi-

1732 4476 1838 4531 bile
1879 4485 1995 4541 est,
2041 4476 2090 4531 id
2136 4486 2311 4546 potest
2352 4476 2519 4545 digito
2558 4476 2765 4532 ostendi
2807 4496 2821 4532 :
2861 4478 3109 4547 quoniam
3136 4488 3318 4547 posset

1733 4568 1893 4621 etiam
1938 4566 2112 4621 anima
2152 4567 2512 4637 corruptibilis
2554 4566 2657 4621 dici
2692 4584 2706 4631 ;
2757 4582 2877 4620 nam
2922 4567 3062 4619 vitiis
3105 4582 3315 4621 morum

1734 4658 1845 4728 ipsa
1873 4662 2247 4729 corrumpitur.
2280 4659 2345 4713 Et
2373 4661 2581 4713 mortale
2609 4660 2703 4712 hoc
2729 4659 2933 4712 induere
2959 4658 3317 4713 immortalita-

1735 4760 1831 4805 tem
1864 4750 1971 4823 (Id.
2002 4767 2088 4815 xv,
2118 4752 2186 4806 52
2218 4761 2263 4804 et
2293 4752 2408 4822 55),
2440 4767 2558 4805 cum
2591 4751 2800 4818 legitur,
2830 4749 3016 4803 eadem
3045 4749 3319 4819 signiﬁca-

1738 4852 1821 4896 tur
1848 4843 2068 4896 visibilis
2094 4857 2238 4906 caro,
2270 4843 2390 4911 quia
2417 4842 2469 4895 in
2497 4856 2611 4895 eam
2639 4840 2929 4895 identidem
2961 4842 3103 4896 velut
3124 4842 3317 4912 digitus

1737 4933 2043 4987 intenditur.
2090 4932 2269 4987 Potest
2307 4933 2448 4987 enim
2488 4941 2542 4986 et
2578 4931 2753 4986 anima
2798 4933 2933 4986 sicut
2961 4933 3322 5003 corruptibilis

1736 5036 1953 5095 propter
1996 5040 2203 5078 morum
2249 5024 2369 5077 vitia
2404 5063 2418 5089 ,
2464 5024 2531 5077 ita
2569 5025 2726 5077 etiam
2758 5024 3000 5079 mortalis
3027 5024 3149 5079 dici.
3180 5024 3323 5079 Mors

1737 5117 1928 5187 quippe
1957 5115 2145 5169 anima:
2178 5123 2261 5169 est
2305 5123 2604 5184 apostatare
2647 5130 2678 5169 a
2725 5114 2834 5169 Deo
2870 5115 3054 5185 (Eccli.
3087 5132 3118 5169 Χ
3140 5154 3155 5181 ,
3185 5115 3273 5184 14)
3308 5133 3320 5168 :

1737 5209 1877 5279 quod
1909 5209 2135 5279 primum
2168 5208 2283 5278 ejus
2304 5217 2579 5279 peccatum
2604 5209 2655 5263 in
2686 5210 2931 5278 paradiso
2959 5209 3125 5263 sacris
3149 5208 3320 5262 Litte-

1739 5305 1811 5358 ris
1838 5302 2159 5358 continetur.

1806 5396 1897 5451 21.
1943 5396 2202 5466 Resurget
2238 5396 2395 5467 igitur
2434 5410 2629 5465 corpus
2667 5394 2957 5450 secundum
2980 5391 3322 5446 christianum

1804 5577 1819 5607 ¹
1857 5577 1927 5624 sic
1964 5580 2069 5621 Mss.
2106 5579 2161 5621 At
2185 5572 2299 5620 editi
2328 5579 2463 5621 :Hoc
2499 5575 2672 5632 mrtem
2692 5566 2845 5617 omnis
2868 5570 3104 5632 creatura.
3157 5616 3169 5628 .
3205 5617 3216 5628 .

1803 5640 1821 5668 ²
1845 5618 2079 5695 6535.69.
2097 5618 2523 5690 idhic‘iidaéu'ss.,
2546 5629 2814 5679 nominatur
2833 5635 2880 5676 et
2903 5622 3079 5674 resistit
3091 5618 3324 5684 spiritui;

1740 5701 1941 5755 omisso.
1967 5694 2080 5756 pars
2098 5694 2203 5755 ejus
2227 5700 2468 5756 qumaam.

1810 5762 1828 5791 ³
1864 5748 2047 5821 Aliquot
2068 5748 2195 5816 Mss,
2220 5748 2397 5817 fainuts
2428 5758 2603 5802 natura
2633 5748 2727 5814 ﬁlii
2757 5749 2861 5800 ira'.
