3882 6286
558 289 662 346 195

561 382 714 436 ﬁdem
735 418 750 444 ,
797 391 915 448 qum
959 375 1141 430 fallere
1175 389 1279 429 non
1310 383 1500 444 potest.
1529 375 1678 443 Quod
1710 375 1795 429 cui
1825 373 2032 429 videtur
2058 373 2138 426 in-

557 469 812 526 credibile
833 511 847 534 ,
874 467 1042 536 qualis
1069 480 1208 520 nunc
1232 465 1298 519 sit
1324 480 1450 520 caro
1474 465 1731 530 attendit,
1763 465 1934 536 qualis
1961 474 2140 519 autem

560 562 734 615 futura
760 558 828 612 sit
856 574 960 612 non
991 557 1293 612 considerat
1321 573 1335 611 :
1362 558 1486 626 quia
1513 556 1605 611 illo
1632 564 1872 627 tempore
1899 557 2144 611 immuta-

560 651 720 705 tionis
749 650 1001 720 angelica:
1029 665 1133 702 non
1151 649 1260 718 jam
1282 663 1408 704 caro
1432 649 1534 704 erit
1558 657 1610 704 et
1632 650 1845 720 sanguis
1866 691 1880 716 ,
1905 650 1997 704 sed
2024 659 2142 704 tan-

564 751 676 795 tum
720 756 932 811 corpus.
969 739 1101 795 Cum
1128 740 1269 795 enim
1296 739 1364 795 de
1393 755 1552 795 carne
1581 742 1866 808 Apostolus
1896 741 2142 810 loquere-

563 842 650 885 tur
672 871 688 897 ,
735 831 850 884 Alia
868 873 882 893 ,
924 832 1124 902 inquit,
1153 847 1271 884 caro
1301 847 1535 900 pecorum
1555 872 1568 896 ,
1597 830 1700 882 alia
1727 831 1980 883 volucrum
2003 873 2016 895 ,
2042 832 2146 884 alia

564 923 813 993 piscium,
857 921 960 975 alia
999 931 1285 992 serpentum
1308 939 1326 986 ;
1353 930 1398 974 et
1424 937 1639 992 corpora
1667 922 1885 975 caelestia
1907 963 1920 987 ,
1952 933 1999 976 et
2028 940 2144 976 cor-

564 1029 690 1083 pora
731 1013 1000 1066 terrestria.
1029 1011 1146 1065 Non
1174 1014 1311 1065 enim
1341 1010 1502 1074 dixit,
1532 1020 1587 1066 et
1612 1026 1737 1066 caro
1759 1013 1994 1067 caelestis
2019 1029 2034 1078 ;
2061 1013 2145 1068 di-

565 1105 644 1156 xit.
688 1112 866 1157 autem
897 1142 912 1167 ,
957 1111 1003 1156 et
1045 1103 1262 1156 caelestia
1300 1111 1347 1156 et
1390 1105 1640 1157 terrestria
1682 1120 1916 1174 corpora.
1965 1106 2148 1160 Omnis

567 1193 710 1247 enim
738 1207 862 1246 caro
889 1193 1046 1246 etiam
1077 1207 1270 1262 corpus
1297 1202 1407 1260 est,
1439 1210 1542 1248 non
1565 1203 1744 1250 autem
1770 1211 1930 1251 omne
1955 1211 2150 1268 corpus

570 1285 731 1338 etiam
759 1297 884 1337 caro
913 1291 994 1336 est
1025 1300 1039 1336 :
1071 1284 1243 1352 primo
1274 1285 1324 1338 in
1353 1284 1467 1340 istis
1497 1286 1866 1353 terrestribus,
1900 1289 2150 1356 quoniam

568 1373 768 1443 lignum
816 1388 1010 1441 corpus
1051 1381 1165 1441 est,
1211 1374 1305 1430 sed
1347 1390 1453 1429 non
1497 1391 1622 1430 caro
1659 1393 1672 1430 :
1714 1375 1947 1432 hominis
1974 1387 2150 1433 autem

565 1465 650 1520 vel
690 1465 898 1535 pecoris
926 1475 980 1520 et
1008 1480 1199 1536 corpus
1225 1475 1279 1522 et
1307 1483 1430 1522 caro
1459 1477 1540 1522 est
1569 1487 1583 1524 :
1615 1470 1666 1523 in
1693 1470 1999 1526 caelestibus
2027 1486 2151 1526 vero

567 1557 716 1612 nulla
747 1571 872 1612 caro
891 1599 905 1621 ,
937 1557 1031 1612 sed
1057 1572 1278 1627 corpora
1306 1559 1565 1631 simplicia
1594 1569 1646 1615 et
1675 1562 1879 1630 lucida,
1907 1579 2026 1634 qua:
2053 1579 2150 1633 ap-

568 1647 730 1718 pellat
772 1649 1054 1717 Apostolus
1095 1648 1424 1718 Spiritualia;
1465 1653 1706 1706 nonnulli
1748 1663 1922 1708 autem
1965 1665 2154 1710 vocant

569 1738 820 1792 :ctherea.
857 1737 923 1791 Et
952 1738 1074 1793 ideo
1105 1754 1209 1792 non
1240 1741 1414 1793 carnis
1442 1743 1818 1797 resurrectioni
1841 1747 2154 1802 contradicit

570 1828 699 1882 illud
725 1827 864 1897 quod
891 1828 994 1892 ait,
1023 1828 1151 1882 Caro
1171 1838 1217 1881 et
1242 1831 1447 1900 sanguis
1467 1848 1672 1902 regnum
1697 1831 1792 1886 Dei
1807 1850 1906 1888 non
1928 1836 2152 1905 posside-

573 1919 736 1980 bunt;
776 1916 871 1972 sed
915 1917 1069 1987 quale
1109 1917 1342 1974 futurum
1379 1920 1448 1974 sit
1473 1922 1613 1991 quod
1643 1939 1782 1979 nunc
1808 1939 1932 1979 caro
1955 1935 2154 1982 etsan-

571 2009 690 2079 guis
733 2018 849 2074 est,
897 2008 1148 2078 pnndicat
1190 2010 1286 2081 (a).
1330 2011 1385 2064 In
1417 2013 1623 2081 qualem
1651 2025 1890 2069 naturam
1917 2018 2155 2087 quisquis

577 2101 714 2152 hanc
736 2113 950 2153 carnem
979 2101 1213 2154 converti
1246 2115 1401 2170 posse
1428 2119 1531 2156 non
1563 2103 1764 2171 credit,
1793 2107 2042 2176 gradibus
2061 2109 2158 2162 du-

574 2198 778 2253 eendus
819 2208 901 2253 est
946 2199 1012 2253 ad
1055 2199 1230 2254 ﬁdem.
1274 2200 1328 2255 Si
1367 2202 1508 2256 enim
1547 2203 1614 2257 ab
1652 2219 1718 2258 eo
1746 2221 1953 2274 qumras
1982 2217 2154 2263 utrum

577 2297 718 2343 terra
761 2290 811 2342 in
855 2304 1042 2359 aquam
1083 2292 1250 2360 possit
1283 2292 1519 2345 converti
1545 2309 1559 2356 ;
1589 2303 1808 2364 propter
1831 2296 2155 2353 vicinitatem

577 2395 684 2434 non
724 2381 771 2435 ei
816 2381 1020 2434 videtur
1051 2381 1378 2436 incredibile.
1413 2382 1638 2438 Rursum
1669 2385 1713 2438 si
1743 2401 1951 2456 qumras
1983 2397 2156 2442 utrum

577 2486 714 2540 aqua
757 2473 922 2540 possit
957 2472 1009 2526 in
1036 2487 1215 2527 aerem
1241 2491 1254 2539 ;
1285 2490 1454 2544 neque
1483 2476 1582 2530 hoc
1605 2476 1894 2532 absurdum
1921 2494 2039 2534 esse
2067 2498 2155 2536 re-

579 2563 806 2632 spondet
832 2580 846 2628 ;
879 2565 1046 2619 vicina
1075 2566 1214 2619 enim
1243 2576 1363 2621 sunt
1387 2567 1507 2622 sibi.
1540 2569 1604 2623 Et
1631 2568 1699 2624 de
1727 2583 1851 2627 aere
1876 2571 1920 2626 si
1948 2588 2160 2644 quzera.

1411 248 1782 338 ADMONITIO
1823 281 1886 336 IN
1934 277 2190 336 LIBRUM
2241 278 2327 333 DE
2369 275 2522 332 FIDE
2561 278 2649 333 ET
2679 278 3036 336 OPERIBUS.
3651 285 3718 343 I96

2251 379 2334 423 tur
2356 378 2530 423 utrum
2554 371 2603 424 in
2631 371 2918 426 aetliereum
2944 388 3136 444 corpus
3155 415 3172 442 ,
3198 377 3251 430 id
3270 385 3353 432 est
3371 420 3384 443 ,
3402 384 3591 437 emlxste
3603 385 3722 452 possit

2250 460 2476 526 mutari;
2513 461 2623 529 jam
2655 461 2765 531 ipsa
2793 463 3032 518 vicinitas
3061 467 3357 534 persuadet.
3388 466 3525 535 Quod
3544 487 3646 542 ergo
3664 488 3726 544 per

2251 551 2349 606 hos
2387 552 2580 623 gradus
2619 552 2733 608 ﬁeri
2773 570 2929 624 posse
2963 557 3242 622 concedit,
3281 567 3338 613 ut
3369 568 3497 615 terra
3527 562 3572 616 in
3598 580 3730 634 corpus

2252 642 2539 697 mthereum
2565 654 2903 700 convertatur
2926 687 2942 713 ,
2969 661 3063 700 cur
3087 662 3192 702 non
3213 648 3488 706 accedente
3506 651 3586 708 Dei
3602 659 3731 711 volun-

2256 745 2360 790 tate
2379 777 2394 802 ,
2425 751 2526 806 qua
2556 752 2747 806 corpus
2778 738 3062 792 humanum
3085 754 3241 809 supra
3267 756 3424 811 aquas
3445 745 3592 812 potuit
3610 749 3737 800 ambu-

2253 825 2364 880 lare
2383 868 2397 893 ,
2426 827 2704 882 celerrime
2730 827 2779 882 id
2805 827 2916 882 ﬁeri
2945 816 3100 898 posse
3122 871 3135 893 ,
3158 830 3581 900 quemadmodum
3599 835 3737 891 dictum

2253 926 2367 981 est,
2411 918 2463 970 in
2500 918 2599 971 ictu
2625 919 2756 972 oculi
2775 959 2790 985 ,
2823 920 2938 974 sine
2969 920 3090 975 ullis
3120 921 3310 976 talibus
3340 922 3570 992 gradibus
3593 929 3737 990 credit,

2253 1008 2390 1063 sicut
2432 1009 2741 1080 plerumque
2785 1009 2962 1065 fumus
3008 1012 3062 1066 in
3099 1011 3363 1067 ﬂammam
3396 1015 3521 1068 mira
3544 1016 3742 1074 celeritate
3801 1008 3841 1080 I:

2251 1099 2624 1153 convertitur?
2669 1099 2807 1155 Caro
2847 1101 2988 1155 enim
3027 1111 3206 1156 nostra
3233 1103 3411 1172 utique
3437 1119 3499 1158 ex
3522 1112 3638 1160 terra
3659 1117 3743 1161 est:

2256 1189 2556 1261 phil050phi
2593 1201 2770 1247 autem
2789 1234 2802 1257 ,
2835 1209 3060 1263 quorum
3089 1195 3411 1264 argumentis
3432 1196 3604 1264 sapius
3622 1213 3748 1252 resur-

2256 1280 2477 1335 rectioni
2530 1281 2706 1336 carnis
2763 1283 3058 1350 resistitur,
3109 1283 3301 1354 quibus
3348 1295 3576 1340 asserunt
3607 1289 3748 1344 nullum

2257 1386 2375 1426 esse
2420 1387 2576 1442 posse
2621 1380 2887 1427 terrenum
2917 1389 3107 1443 corpus
3135 1374 3186 1428 in
3216 1374 3354 1429 caelo
3375 1414 3388 1438 ,
3415 1375 3653 1445 quodlibet
3670 1393 3750 1432 eor-

2257 1475 2356 1530 pus
2393 1461 2445 1516 in
2493 1477 2650 1518 omne
2673 1478 2866 1532 corpus
2891 1465 3126 1518 converti
3156 1473 3209 1519 et
3238 1465 3427 1518 mutari
3455 1479 3596 1534 posse
3617 1481 3752 1522 cance-

2257 1550 2406 1606 dunt.
2447 1551 2558 1620 Qua
2585 1553 2824 1623 corporis
2861 1554 3252 1609 resurrectione
3287 1553 3422 1608 facta
3445 1595 3460 1618 ,
3500 1570 3529 1609 a
3565 1559 3749 1624 temporis

2258 1642 2565 1698 conditione
2609 1643 2848 1710 liberati,
2895 1655 3093 1700 azterna
3136 1647 3243 1700 vita
3289 1645 3530 1701 ineﬁ'abili
3567 1647 3752 1703 eharitate

2260 1742 2422 1804 atque
2450 1735 2735 1790 stabilitate
2761 1737 2875 1791 sine
2896 1737 3237 1806 corruptione
3269 1737 3584 1807 perlruemur
3602 1739 3634 1788 ¹.
3656 1738 3753 1792 Tunc

2258 1826 2404 1880 enim
2453 1827 2541 1880 ﬁet
2582 1825 2710 1881 illud
2740 1827 2877 1896 quod
2904 1829 3158 1897 scriptum
3185 1837 3267 1882 est
3296 1845 3308 1881 :
3340 1828 3573 1898 Absorpta
3593 1838 3651 1882 est
3671 1845 3755 1883 mort

2260 1914 2312 1968 in
2357 1916 2633 1969 victoriam.
2686 1915 2784 1970 Ubi
2822 1925 2932 1982 est,
2975 1933 3146 1982 mors,
3188 1917 3396 1971 aculeus
3433 1917 3754 1980 tuus?ubicst,

2260 2023 2428 2073 mors,
2456 2008 2701 2060 contentio
2729 2017 2814 2060 tua
2844 2007 2884 2080 (l
2915 2006 3033 2062 Cor.
3067 2025 3156 2073 xv,
3186 2009 3253 2065 59
3273 2050 3289 2076 ,
3319 2009 3412 2075 40,
3442 2009 3644 2079 50-54)?

2332 2116 2422 2172 25.
2473 2117 2596 2172 11ωο
2638 2126 2719 2172 est
2762 2117 2892 2173 ﬁdes
2935 2135 3051 2189 qum
3088 2120 3270 2188 paucis
3317 2119 3490 2173 verbis
3525 2117 3705 2172 tenenda
3726 2119 3758 2172 in

2261 2207 2512 2279 Symbolo
2554 2210 2774 2264 novellis
2809 2209 3109 2264 Christianis
3137 2210 3310 2264 datur.
3341 2210 3466 2278 Qua:
3491 2224 3634 2278 pauca
3653 2209 3760 2262 verba

2264 2299 2508 2353 ﬁdelibus
2549 2309 2672 2354 nota
2715 2310 2866 2367 sunt,
2912 2309 2968 2354 ut
3004 2301 3273 2355 credendo
3312 2301 3632 2370 subjugentur
3667 2299 3760 2360 Deo,

2265 2390 2526 2460 subjugati
2567 2400 2710 2445 recte
2747 2393 2960 2458 vivant,
3005 2401 3147 2447 recte
3174 2393 3401 2446 vivendo
3425 2407 3512 2447 cor
3537 2390 3760 2452 mundest,

2265 2478 2424 2534 corde
2452 2480 2702 2535 mundata
2725 2481 2864 2550 quod
2891 2481 3112 2536 credunt
3140 2483 3450 2550 intelligant.

2331 2633 2350 2662 ι
2386 2628 2570 2694 Aliquot
2600 2637 2940 2694 passage-crpus
2983 2645 3014 2694 ᾳ
3036 2632 3260 2694 temporis
3293 2630 3556 2683 conditione
3583 2628 3764 2679 liberauit

2266 2695 2448 2740 (eterna
2474 2690 2574 2742 vita
2593 2690 2823 2754 ine/fabia
2853 2690 3089 2742 'cltaritate
3121 2690 3414 2756 perfruetur.

1696 2951 2743 3086 ADMONITIO

1515 3131 1596 3192 ΙΝ
1637 3133 1938 3197 LIBRUM
1979 3137 2084 3196 DE
2126 3137 2311 3199 FIDE
2354 3140 2456 3200 ET
2499 3139 2900 3202 OPEBIBUS.

2001 3277 2404 3314 Μουκ-

657 3374 738 3428 Ad
767 3373 970 3427 initium
996 3373 1122 3426 anni
1145 3372 1250 3427 415
1273 3371 1582 3428 referendus
1610 3381 1693 3428 est
1717 3373 1817 3430 iste
1839 3374 1991 3431 liber.
2027 3375 2081 3430 In
2113 3392 2176 3431 eo
2206 3377 2344 3432 enim
2377 3379 2697 3448 Augustinus
2726 3380 2917 3435 librum
2956 3381 3021 3436 de
3056 3380 3252 3452 Spiritu
3280 3391 3335 3435 et
3363 3382 3574 3444 Littera,
3599 3380 3672 3450 qui
3700 3377 3768 3432 sub

583 3467 708 3520 amni
737 3463 841 3518 412
869 3463 1025 3518 linem
1054 3462 1269 3533 prodiit,
1301 3479 1330 3517 a
1361 3478 1420 3518 se
1450 3464 1604 3532 paulo
1630 3474 1754 3520 ante
1799 3467 2052 3536 scriptum
2081 3480 2462 3524 commemorat
2499 3475 2668 3540 capite
2701 3474 2763 3526 14
2795 3490 2810 3527 :
2848 3470 3030 3541 Modo,
3063 3474 3168 3539 ait,
3201 3474 3264 3527 de
3301 3475 3397 3527 hac
3425 3475 3673 3545 quaestione
3691 3484 3776 3537 pro-

583 3560 744 3613 lixum
769 3558 951 3610 librum
981 3555 1134 3622 edidi,
1173 3557 1258 3626 qui
1283 3555 1588 3622 inscribitur,
1627 3557 1690 3610 de
1717 3556 1909 3612 Littera
1946 3568 1992 3612 et
2041 3559 2261 3628 Spiritu.
2297 3562 2578 3632 Propterea
2629 3564 2680 3617 in
2719 3564 2952 3620 Relract.
3000 3567 3033 3618 Ξ
3077 3568 3342 3621 reccnsito
3385 3568 3565 3622 eodem
3603 3564 3712 3618 libro
3731 3559 3777 3613 de

584 3650 784 3720 Spiritu
817 3656 871 3702 et
908 3647 1123 3712 Littera,
1169 3661 1294 3700 mox
1320 3647 1373 3700 in
1411 3661 1532 3702 eum
1563 3645 1650 3716 qui
1681 3647 1747 3702 de
1773 3647 1903 3704 Fide
1939 3658 1993 3704 et
2018 3648 2279 3720 Operibus
2307 3662 2416 3717 est,
2458 3655 2886 3708 retractatioucm
2928 3655 3153 3725 subjecit
3188 3657 3237 3709 in
3272 3656 3389 3712 lucc
3411 3657 3562 3712 verba
3591 3674 3602 3709 :
3627 3653 3780 3706 Interea

584 3742 736 3795 missa
759 3749 874 3793 sunt
896 3740 1017 3792 mihi
1044 3756 1076 3792 α
1103 3738 1402 3809 quibusdam
1426 3739 1755 3808 [ratribus....
1785 3742 1972 3810 scripta
2001 3743 2250 3795 nonnulla
2279 3757 2298 3796 :
2327 3759 2390 3798 ea
2422 3745 2667 3798 nimirum
2694 3761 2810 3814 qu;e
2843 3745 3134 3800 refellenda
3161 3746 3246 3802 hic
3280 3748 3532 3818 suscepit.

655 3831 861 3902 Scripta
889 3846 1014 3887 vero
1039 3832 1127 3885 illa
1156 3831 1394 3886 eruditus
1419 3830 1706 3886 Garnerius
1735 3833 1786 3886 in
1814 3833 2040 3903 append.
2079 3833 2144 3887 ad
2179 3834 2202 3886 1
2236 3843 2377 3902 part.
2408 3835 2570 3904 Oper.
2613 3836 2682 3890 Μ.
2712 3836 3036 3904 Mercatoris,
3083 3854 3200 3908 pag.
3250 3840 3372 3904 H7,
3403 3847 3579 3894 censet
3602 3850 3690 3889 non
3710 3831 3782 3885 alia

588 3926 770 3993 fuisse,
801 3939 960 3995 quam
989 3939 1107 3995 qua:
1149 3923 1498 3992 Hieronymus
1526 3923 1636 3978 sive
1665 3923 1718 3978 in
1748 3923 1934 3978 Isaiam
1960 3925 2141 3990 edidit,
2175 3926 2293 3981 sive
2321 3926 2371 3980 in
2401 3927 2662 3996 Epistolas
2695 3927 2869 3995 Pauli;
2901 3937 2954 3984 ct
2989 3939 3227 3999 sumptas
3256 3930 3322 3983 ah
3353 3930 3654 3999 llieronymo
3675 3921 3782 3977 arbi-

589 4025 754 4071 tratur
781 4015 1099 4086 qumstiones
1138 4015 1255 4068 illas
1295 4022 1419 4078 tres,
1445 4028 1575 4082 quas
1614 4014 1701 4068 hic
1741 4015 2084 4084 Augustinus,
2117 4015 2276 4069 tacito
2301 4016 2545 4080 nomine,
2575 4034 2679 4088 pra:
2705 4020 2996 4083 reverentia,
3029 4021 3213 4088 inquit,
3254 4022 3378 4073 tanti
3420 4021 3537 4085 viri,
3568 4021 3728 4071 tractat
3747 4019 3784 4062 cl

588 4107 795 4162 refellit.
823 4107 1133 4175 Opinionem
1173 4105 1309 4158 hanc
1333 4118 1430 4158 nos
1454 4103 1770 4158 conﬁrmare
1800 4120 1902 4158 n0n
1940 4105 2212 4159 audemus.
2261 4103 2390 4159 Nam
2427 4106 2567 4176 quod
2613 4118 2816 4176 speetat
2845 4110 3192 4178 qurcstionem
3234 4111 3479 4178 primam,
3511 4124 3616 4178 qua:
3648 4113 3715 4159 est
3741 4100 3785 4152 de

587 4201 832 4257 omnibus
858 4202 989 4254 citra
1030 4199 1318 4254 discrimen
1356 4197 1696 4252 admittendis
1726 4197 1792 4251 ad
1824 4199 2168 4268 Baptismum,
2203 4198 2271 4252 ita
2301 4209 2354 4252 ut
2384 4199 2607 4254 adulteri
2647 4217 2744 4255 nec
2779 4201 2875 4270 ipsi
2911 4203 3234 4271 repellantur
3271 4203 3380 4256 noti
3416 4218 3477 4257 ac
3527 4200 3784 4271 pertinaces,

587 4301 677 4370 qui
705 4301 865 4352 vitam
916 4308 1121 4352 mutare
1164 4297 1381 4360 nolunt,
1415 4294 1548 4347 nihil
1594 4295 1645 4346 in
1683 4292 2007 4364 Hieronymo
2048 4303 2460 4348 Consentaneum
2513 4293 2631 4348 huic
2675 4295 2842 4347 errori
2893 4294 3213 4349 deteximus.
3267 4295 3347 4348 Ad
3398 4293 3664 4348 secundam
3698 4300 3787 4339 vero

589 4393 958 4461 quaestionem,
985 4405 1087 4458 qua
1131 4403 1440 4458 perversum
1473 4401 1534 4438 ac
1565 4394 1941 4453 prmpostcrum
1987 4385 2281 4450 dicebatur,
2321 4387 2464 4455 prius
2495 4401 2698 4440 morum
2737 4385 3153 4440 Christianorum
3184 4387 3480 4442 doctrinam
3521 4385 3723 4441 tradere,
3745 4394 3790 4429 ac

591 4484 780 4538 deinde
807 4483 1107 4552 baptizare;
1139 4479 1188 4532 id
1233 4486 1410 4547 posset
1456 4475 1608 4530 facile
1651 4477 1886 4545 pertrahi
1916 4477 2054 4546 quod
2099 4476 2450 4546 liicrooyrnus
2494 4478 2544 4530 in
2587 4476 2770 4530 Matth.
2815 4494 2932 4547 cap.
2975 4478 3045 4533 28
3081 4479 3290 4548 scripsit
3328 4497 3341 4531 :
3389 4479 3523 4532 Ordo
3562 4474 3790 4547 prazcipuut

584 4577 737 4644 jussit
787 4572 1042 4643 Apostolis
1088 4579 1141 4623 ut
1194 4570 1412 4638 primunt
1459 4566 1690 4618 docerent
1731 4567 1988 4620 uniuersas
2041 4577 2227 4636 gentes,
2282 4566 2461 4618 deinde
2488 4567 2605 4635 ﬁdei
2634 4567 2933 4637 intingerent
2980 4578 3314 4634 sacramento,
3347 4577 3391 4622 et
3439 4578 3546 4638 post
3586 4566 3713 4632 ﬁdem
3749 4572 3790 4606 ac

593 4665 870 4736 Baptisma,
912 4678 1024 4732 quin
1055 4671 1215 4715 essent
1259 4657 1565 4712 observanda
1608 4659 1952 4728 prceciperent.
2000 4657 2311 4727 Quanquam
2356 4657 2491 4712 forte
2530 4659 2642 4726 pius
2679 4659 2938 4728 interpres
2973 4659 3190 4713 minime
3230 4660 3447 4714 curabat
3489 4673 3550 4712 ne
3577 4653 3790 4724 Baptismo

594 4758 1018 4828 prannitteretur,
1048 4751 1142 4807 sed
1174 4759 1374 4804 tantum
1405 4763 1469 4803 ne
1506 4751 1722 4803 omnino
1751 4751 2241 4819 prmtermitteretur
2267 4765 2470 4803 morum
2498 4749 2756 4816 doctrina,
2788 4750 3042 4805 tradenda
3067 4760 3211 4806 certe
3239 4751 3317 4806 vel
3349 4761 3466 4820 post
3502 4749 3789 4818 Baptisnium.

595 4859 649 4905 et
675 4847 948 4916 baptizatis
981 4843 1330 4898 observanda.
1366 4842 1466 4896 Pro
1507 4844 1657 4898 tertia
1685 4843 1896 4896 demum
1923 4843 2236 4910 qnmstione,
2281 4858 2398 4912 qua:
2430 4842 2522 4896 fuit
2560 4842 2626 4895 de
2669 4843 2974 4912 baptizatis,
3013 4844 3218 4898 etiamsi
3263 4858 3440 4897 mores
3465 4835 3792 4912 quantumlibet

598 4940 865 5009 improbos
903 4935 1184 4991 emendare
1229 4934 1514 4999 noluerint,
1565 4951 1658 5004 per
1701 4933 1856 4987 ﬁdem
1896 4931 2180 4994 salvandis,
2226 4933 2486 5004 profertur
2535 4932 2659 4986 illud
2695 4949 2760 4988 ex
2796 4933 2909 5002 ejus
2951 4934 3160 5004 dialogo
3198 4935 3222 4988 1
3270 4934 3521 4988 adversus
3554 4921 3793 5022 Pelag.:Si

603 5033 841 5101 Origenes
875 5044 1042 5082 omnes
1072 5025 1392 5080 rationabiles
1422 5037 1676 5079 creaturas
1713 5026 1832 5078 dicit
1861 5041 1958 5077 nou
1989 5042 2092 5079 esse
2133 5026 2432 5092 perdendus,
2467 5035 2514 5079 et
2555 5026 2754 5080 diabolo
2783 5027 2950 5080 tribuit
2981 5028 3352 5098 paenitentiam;
3382 5028 3501 5092 quid
3531 5025 3594 5077 ad
3619 5039 3710 5081 nos,
3733 5031 3794 5082 qi"

601 5134 648 5178 et
677 5122 928 5174 diabolum
958 5129 1003 5172 et
1047 5119 1283 5173 satellites
1309 5119 1418 5188 ejus
1449 5133 1713 5186 omnesque
1756 5117 1936 5185 impios
1985 5126 2031 5170 et
2081 5118 2482 5184 prcevaricatores
2525 5117 2736 5172 dicimus
2779 5120 2940 5188 perire
2983 5129 3241 5188 perpetuo,
3277 5129 3323 5173 et
3354 5119 3665 5176 Christianos,
3696 5112 3731 5162 δὶ
3757 5108 3792 5156 in

602 5224 800 5286 peccato
829 5213 1060 5283 prceventi
1097 5213 1302 5282 fuerint,
1344 5208 1610 5262 salvandos
1639 5223 1744 5260 esse
1772 5216 1880 5276 post
1909 5209 2121 5276 paznas?
2146 5207 2211 5261 Et
2233 5222 2296 5260 ex
2323 5205 2728 5261 Commentariis
2761 5211 2810 5261 in
2843 5209 2960 5263 lsai.
3001 5210 3116 5274 ult.,
3158 5209 3300 5264 Sicut
3341 5208 3524 5261 diaboli
3546 5214 3587 5258 et
3617 5199 3794 5255 omnium

601 5317 890 5378 ncgatorum
923 5313 1067 5373 atque
1096 5303 1387 5372 impiorum,
1416 5300 1498 5369 qui
1530 5299 1762 5352 dixerunt
1790 5298 1841 5350 in
1872 5299 2021 5351 corde
2041 5314 2151 5363 suo,
2182 5297 2296 5351 Non
2325 5307 2403 5351 est
2432 5297 2568 5352 Deus
2600 5298 2766 5366 (Psal.
2810 5317 2928 5364 xm,
2963 5299 3036 5370 I),
3079 5302 3325 5354 credimus
3365 5311 3541 5353 (eterna
3565 5298 3769 5349 tormenta
3782 5299 3804 5366 ξι

599 5403 672 5456 sic
693 5408 999 5469 peccatorum
1017 5405 1160 5463 atque
1179 5394 1470 5461 impiorum,
1494 5400 1539 5442 et
1561 5399 1721 5442 tamen
1745 5390 2147 5448 citristianorum,
2166 5406 2374 5460 quarunt
2393 5406 2543 5458 opera
2557 5391 2604 5442 in
2627 5392 2738 5459 igne
2754 5392 3011 5461 probanda
3027 5401 3172 5460 atque
3189 5394 3447 5462 purganda
3465 5397 3592 5450 sunt,
3613 5381 3796 5437 modera-

602 5503 703 5548 tam
730 5493 1028 5546 arbitrantur
1056 5499 1099 5542 et
1145 5488 1351 5538 mixtam
1382 5483 1655 5536 dementire
1675 5484 1964 5535 sententiam
1971 5482 2180 5550 jndicis.
2210 5483 2333 5536 Hmc
2361 5492 2533 5535 tamen
2563 5484 2788 5554 theologi
2819 5485 2930 5550 alii,
2956 5493 3008 5538 et
3049 5485 3237 5538 similia
3267 5485 3309 5538 si
3341 5501 3437 5552 qua
3468 5489 3583 5534 sunt
3608 5478 3722 5532 loca.
3748 5481 3796 5520 ρο

603 5593 761 5654 pacto
785 5582 1066 5650 explicant,
1096 5585 1155 5631 ut
1175 5577 1242 5630 ab
1272 5575 1358 5627 illo
1387 5588 1599 5638 errore,
1644 5573 1732 5641 qui
1755 5573 1978 5643 graviter
2010 5571 2186 5624 itidem
2227 5573 2277 5626 in
2313 5573 2635 5639 Encltiridio,
2683 5575 2920 5642 iibroque
2961 5575 3026 5629 de
3055 5575 3276 5628 Civitate
3312 5576 3396 5629 Dei
3435 5573 3494 5626 21
3525 5567 3794 5623 confutatur.

604 5673 888 5731 defendant
913 5673 1316 5740 Hieronymum.
1339 5665 1436 5722 Cui
1461 5679 1558 5720 nec
1586 5679 1680 5718 nos
1706 5675 1948 5734 putamus
1976 5662 2246 5719 tribuenda
2273 5665 2447 5718 omnia
2479 5676 2783 5733 argumenta
2812 5682 2926 5734 quzc
2955 5666 3004 5718 in
3034 5666 3275 5734 pnescnti
3301 5678 3456 5736 opere
3472 5660 3734 5734 diluuntur.
3753 5655 3792 5701 ει

641 2676 714 2738 (a)
749 2682 764 2724 ι
787 2682 987 2727 ttetraet.
1015 2690 1119 2740 cap.
1143 2679 1220 2727 17.

594 289 662 345 95
1411 281 1782 338 ADMONITIO
1823 281 1886 336 IN
1934 277 2190 336 LIBRUM
2241 278 2327 333 DE
2369 275 2522 332 FIDE
2561 278 2649 333 ET
2679 278 3036 336 OPERIBUS.
3651 285 3718 343 m

583 382 750 444 idem,
797 391 915 448 qum
959 375 1141 430 fallere
1175 389 1279 429 non
1310 383 1500 444 potest.
1529 375 1678 443 Quod
1710 375 1795 429 cui
1825 373 2032 429 videtur
2058 373 2138 426 in-
2251 379 2334 423 tur
2356 378 2530 423 utrum
2554 371 2603 424 in
2631 371 2918 426 aetliereum
2944 388 3136 444 corpus
3155 415 3172 442 ,
3198 377 3251 430 id
3270 384 3722 452 est,ea~.l.sstepossit
3829 431 3831 460 Ι

583 469 812 525 :redibile
833 511 847 534 ,
874 467 1042 536 qualis
1069 480 1208 520 nunc
1232 465 1298 519 sit
1324 480 1450 520 caro
1474 465 1731 530 attendit,
1763 465 1934 536 qualis
1961 474 2140 519 autem
2250 460 2476 526 mutari;
2513 461 2623 529 jam
2655 461 2765 531 ipsa
2793 463 3032 518 vicinitas
3061 467 3357 534 persuadet.
3388 466 3525 535 Quod
3544 487 3646 542 ergo
3664 488 3726 544 per
3831 519 3833 546 ς

583 569 734 614 utura
760 558 828 612 sit
856 574 960 612 non
991 557 1293 612 considerat
1321 573 1335 611 :
1362 558 1486 626 quia
1513 556 1605 611 illo
1632 564 1872 627 tempore
1899 557 2144 611 immuta—
2251 551 2349 606 hos
2387 552 2580 623 gradus
2619 552 2733 608 ﬁeri
2773 570 2929 624 posse
2963 557 3242 622 concedit,
3281 567 3338 613 ut
3369 568 3497 615 terra
3527 562 3572 616 in
3598 580 3730 634 corpus

585 651 720 705 ionis
749 650 1001 720 angelica:
1029 665 1133 702 non
1151 649 1260 718 jam
1282 663 1408 704 caro
1432 649 1534 704 erit
1558 657 1610 704 et
1632 650 1845 720 sanguis
1866 691 1880 716 ,
1905 650 1997 704 sed
2024 659 2142 704 ιδῃ-
2252 642 2539 697 mthereum
2565 654 2903 700 convertatur
2926 687 2942 713 ,
2969 661 3063 700 cur
3087 662 3192 702 non
3213 648 3488 706 accedente
3506 651 3586 708 Dei
3602 659 3731 711 volun-
3833 717 3837 732 ἱ

588 758 676 795 um
720 756 932 811 corpus.
969 739 1101 795 Cum
1128 740 1269 795 enim
1296 739 1364 795 de
1393 755 1552 795 carne
1581 742 1866 808 Apostolus
1896 741 2142 810 loquere-
2256 745 2360 790 late
2379 777 2394 802 ,
2425 751 2526 806 qua
2556 752 2747 806 corpus
2778 738 3062 824 humanum
3085 754 3241 809 supra
3267 756 3424 811 aquas
3445 745 3592 812 potuit
3610 749 3737 800 ambu-

588 847 650 885 ur
672 871 688 897 ,
735 831 850 884 Alia
868 873 882 893 ,
924 832 1124 902 inquit,
1153 847 1271 884 caro
1301 847 1535 900 pecorum
1555 872 1568 896 ,
1597 830 1700 882 alia
1727 831 1980 883 volucrum
2003 873 2016 895 ,
2042 832 2146 884 alia
2253 825 2364 880 lare
2383 868 2397 893 ,
2426 827 2704 882 celerrime
2730 827 2779 882 id
2805 827 2916 882 ﬁeri
2945 843 3100 898 posse
3122 871 3135 893 ,
3158 830 3581 900 quemadmodum
3599 835 3737 891 dictum
3838 841 3839 846 ‘

583 923 778 976 iiscium
799 965 813 988 ,
857 921 960 975 alia
999 931 1326 992 serpentum;
1353 930 1398 974 et
1424 937 1639 992 corpora
1667 922 1885 975 caelestia
1907 963 1920 987 ,
1952 933 1999 976 et
2028 940 2144 976 cor-
2253 926 2367 981 est,
2411 918 2463 970 in
2500 918 2599 971 ictu
2625 919 2756 972 oculi
2775 959 2790 985 ,
2823 920 2938 974 sine
2969 920 3090 975 ullis
3120 921 3310 976 talibus
3340 922 3570 992 gradibus
3593 929 3737 990 credit,

583 1029 690 1067 rora
731 1013 1000 1066 terrestria.
1029 1011 1146 1065 Non
1174 1014 1311 1065 enim
1341 1010 1502 1074 dixit,
1532 1020 1587 1066 et
1612 1026 1737 1066 caro
1759 1013 1994 1067 caelestis
2019 1029 2034 1078 ;
2061 1013 2145 1068 di-
2253 1008 2390 1063 sicut
2432 1009 2741 1080 plerumque
2785 1009 2962 1065 fumus
3008 1012 3062 1066 in
3099 1011 3363 1067 ﬂammam
3396 1015 3521 1068 mira
3544 1016 3742 1074 celeritate
3837 1040 3841 1046 ·

583 1105 644 1156 rit.
688 1112 866 1157 autem
897 1142 912 1167 ,
957 1111 1003 1156 et
1045 1103 1262 1156 caelestia
1300 1111 1347 1156 et
1390 1105 1640 1157 terrestria
1682 1120 1916 1174 corpora.
1965 1106 2148 1160 Omnis
2251 1099 2624 1153 CODVCI'lilUI‘?
2669 1099 2807 1155 Caro
2847 1101 2988 1155 enim
3027 1111 3206 1156 110511⁵³
3233 1103 3411 1172 utique
3437 1112 3638 1160 Cllcm
3659 1117 3743 1161 e51:

583 1193 710 1247 enim
738 1207 862 1246 caro
889 1193 1046 1246 etiam
1077 1207 1270 1262 corpus
1297 1202 1407 1260 est,
1439 1210 1542 1248 non
1565 1203 1744 1250 autem
1770 1211 1930 1251 omne
1955 1211 2150 1268 corpus
2256 1189 2556 1261 philosophi
2593 1201 2770 1247 amem
2789 1234 2802 1257 ν
2835 1209 3060 1263 quorum
3089 1195 3411 1264 argumentis
3432 1196 3604 1264 εωμὶυε
3622 1213 3748 1252 resur-

583 1285 731 1338 etiam
759 1297 884 1337 caro
913 1291 994 1336 est
1025 1300 1039 1336 :
1071 1284 1243 1352 primo
1274 1285 1324 1338 in
1353 1284 1467 1340 istis
1497 1286 1866 1353 terrestribus,
1900 1289 2150 1356 quoniam
2256 1280 2477 1335 rectioni
2530 1281 2706 1336 carnis
2763 1283 3024 1338 resistitur
3043 1325 3058 1350 ,
3109 1283 3301 1354 quibus
3348 1295 3576 1340 asserunt
3607 1289 3748 1344 nullum

583 1374 768 1443 lignum
816 1388 1010 1441 corpus
1051 1381 1165 1441 est,
1211 1374 1305 1430 sed
1347 1390 1453 1429 non
1497 1391 1622 1430 caro
1659 1393 1672 1430 :
1714 1375 1947 1432 hominis
1974 1387 2150 1433 autem
2257 1386 2375 1426 csse
2420 1387 2576 1442 posse
2621 1380 2887 1427 terrenum
2917 1389 3107 1443 corpus
3135 1374 3186 1428 in
3216 1374 3388 1438 c0210.
3415 1375 3750 1445 quodlibetcor-

583 1465 650 1520 vel
690 1465 898 1535 pecoris
926 1475 980 1520 et
1008 1480 1199 1536 corpus
1225 1475 1279 1522 et
1307 1483 1430 1522 caro
1459 1477 1540 1522 est
1569 1487 1583 1524 :
1615 1470 1666 1523 in
1693 1470 1999 1526 caelestibus
2027 1486 2151 1526 vero
2257 1475 2356 1530 Pus
2393 1461 2445 1516 ίη
2493 1477 2650 1518 omne
2673 1478 2866 1532 corpus
2891 1465 3126 1518 εοηνθτιί
3156 1473 3209 1519 ei
3238 1465 3427 1518 ῐηυιεπί
3455 1479 3596 1534 Ροεεθ
3617 1481 3752 1522 00m-

583 1557 716 1612 ]ulla
747 1571 872 1612 caro
891 1599 905 1621 ,
937 1557 1031 1612 sed
1057 1572 1278 1627 corpora
1306 1559 1565 1631 simplicia
1594 1569 1646 1615 et
1675 1562 1879 1630 lucida,
1907 1579 2026 1634 qum
2053 1579 2150 1633 ap-
2257 1550 2406 1606 dunt.
2447 1551 2558 1620 Qua
2585 1553 2824 1623 corporis
2861 1554 3252 1609 resurrectione
3287 1553 3422 1608 facta
3445 1595 3460 1618 ι
3500 1570 3529 1609 ο
3565 1559 3749 1624 temporis

583 1647 730 1717 pellat
772 1649 1054 1717 Apostolus
1095 1648 1424 1718 Spiritualia;
1465 1653 1706 1706 nonnulli
1748 1663 1922 1708 autem
1965 1665 2154 1710 νορτιηι
2258 1642 2565 1698 conditione
2609 1643 2848 1710 liberati,
2895 1655 3093 1700 azterna
3136 1647 3243 1700 vita
3289 1645 3530 1701 ineﬁ'abili
3567 1647 3752 1703 eharitate

583 1738 820 1792 ctherea.
857 1737 923 1791 Et
952 1738 1074 1793 ideo
1105 1754 1209 1792 non
1240 1741 1414 1793 carnis
1442 1743 1818 1797 resurrectioni
1841 1747 2154 1802 contradicit
2260 1742 2422 1804 θιψιθ
2450 1735 2735 1790 summa“?
2761 1737 2875 1791 5i"?-
2896 1737 3237 1806 οοῐτυριῖοηθ
3269 1737 3584 1807 ρθτίτυθιηυτ
3602 1739 3634 1788 ὀ
3656 1738 3753 1792 Tum

583 1828 699 1882 lIIIId
725 1827 864 1897 quod
891 1828 994 1892 ait,
1023 1828 1151 1882 Caro
1171 1838 1217 1881 et
1242 1831 1447 1900 sanguis
1467 1848 1672 1902 regnum
1697 1831 1792 1886 Dei
1807 1850 1906 1888 non
1928 1836 2152 1905 posside-
2258 1826 2404 1880 Θιιῖῐη
2453 1827 2541 1880 (ίοι
2582 1825 2710 1881 ίῙΙιιά
2740 1827 2877 1896 quod
2904 1829 3158 1897 scriptum
3185 1837 3267 1882 εει
3296 1845 3308 1881 ε
3340 1828 3573 1898 Αὐδονρισ
3593 1838 3651 1882 εει
3671 1845 3755 1883 mon

583 1919 736 1980 bunt;
776 1916 871 1972 sed
915 1917 1069 1987 quale
1109 1917 1342 1974 futurum
1379 1920 1448 1974 sit
1473 1922 1613 1991 quod
1643 1939 1782 1979 nunc
1808 1939 1932 1979 caro
1955 1935 2154 1982 etsan-
2260 1914 2312 1968 ίη
2357 1916 2633 1969 victoriam
2686 1915 2784 1970 Ubi
2822 1925 2891 1970 εει
2915 1955 2932 1982 ν
2975 1933 3108 1976 mors
3131 1958 3146 1982 .
3188 1917 3396 1971 αεαίειιδ
3433 1917 3577 1970 1W8?
3599 1917 3754 1980 υθίεδε,

583 2009 690 2079 guis
733 2018 815 2064 est
835 2050 849 2074 ,
897 2008 1148 2078 pnndicat
1190 2010 1286 2081 (a).
1330 2011 1385 2064 In
1417 2013 1623 2081 qualem
1651 2025 1890 2069 naturam
1917 2018 2155 2087 quisquis
2260 2023 2395 2060 ηιονδ
2413 2049 2428 2073 ν
2456 2008 2701 2060 εοητεηίίο
2729 2017 2814 2060 tua
2844 2007 2884 2080 (ι
2915 2006 3033 2062 (ἴση
3067 2025 3156 2073 xv,
3186 2009 3253 2065 59
3273 2050 3289 2076 ν
3319 2009 3412 2075 4οι
3442 2009 3644 2079 δθοδίίΠ

583 2101 714 2152 hanc
736 2113 950 2153 carnem
979 2101 1213 2154 converti
1246 2115 1401 2170 posse
1428 2119 1531 2156 non
1563 2103 1764 2171 credit,
1793 2107 2042 2176 gradibus
2061 2109 2158 2162 du-
2332 2116 2422 2172 25.
2473 2117 2596 2172 lltcc
2638 2126 2719 2172 est
2762 2117 2892 2173 ﬁdes
2935 2135 3051 2189 qum
3088 2120 3270 2188 paucis
3317 2119 3490 2173 verbis
3525 2117 3705 2172 tenenda
3726 2119 3758 2172 in
3857 2167 3863 2202 ἱ

583 2198 778 2253 rendus
819 2208 901 2253 est
946 2199 1012 2253 ad
1055 2199 1230 2254 ﬁdem.
1274 2200 1328 2255 Si
1367 2202 1508 2256 enim
1547 2203 1614 2257 ab
1652 2219 1718 2258 eo
1746 2221 1953 2274 qumras
1982 2217 2154 2263 utrum
2261 2207 2512 2279 Symbolo
2554 2210 2774 2264 novellis
2809 2209 3109 2264 Christianis
3137 2210 3310 2264 datur.
3341 2210 3466 2278 Qua:
3491 2224 3634 2278 pauca
3653 2209 3760 2262 verba

583 2297 718 2343 terra
761 2290 811 2342 in
855 2304 1042 2359 aquam
1083 2292 1250 2360 possit
1283 2292 1519 2345 converti
1545 2309 1559 2356 ;
1589 2303 1808 2364 propter
1831 2296 2155 2353 vicinitatem
2264 2299 2508 2353 ﬁdelibus
2549 2309 2672 2354 nota
2715 2310 2866 2367 sunt,
2912 2309 2968 2354 ut
3004 2301 3273 2355 credendo
3312 2301 3632 2370 subjugentur
3667 2299 3760 2360 Deo,

583 2395 684 2434 non
724 2381 771 2435 ci
816 2381 1020 2434 videtur
1051 2381 1378 2436 incredibile.
1413 2382 1638 2438 Rursum
1669 2385 1713 2438 si
1743 2401 1951 2456 quairas
1983 2397 2156 2442 utrum
2265 2390 2526 2460 subjugati
2567 2400 2710 2445 recte
2747 2393 2960 2458 vivant,
3005 2401 3147 2447 recte
3174 2393 3401 2446 vivendo
3425 2407 3512 2447 cor
3537 2390 3760 2452 mundest,

583 2486 714 2540 aqua
757 2473 922 2540 possit
957 2472 1009 2526 in
1036 2487 1215 2527 aerem
1241 2491 1254 2539 ;
1285 2490 1454 2544 neque
1483 2476 1582 2530 hoc
1605 2476 1894 2532 absurdum
1921 2494 2039 2534 esse
2067 2498 2155 2536 re-
2265 2478 2424 2534 corde
2452 2480 2702 2535 mundata
2725 2481 2864 2550 quod
2891 2481 3112 2536 credunt
3140 2483 3450 2550 intelligant.

583 2563 846 2632 spondet;
879 2565 1046 2619 vicina
1075 2566 1214 2619 enim
1243 2576 1363 2621 sunt
1387 2567 1507 2622 sibi.
1540 2569 1604 2623 Et
1631 2568 1699 2624 de
1727 2583 1851 2627 aere
1876 2571 1920 2626 si
1948 2588 2160 2644 quzera.
2331 2633 2350 2662 ι
2386 2628 2450 2677 ΑΙ,
2521 2637 2570 2680 οἱ
2605 2637 2704 2680 MSS.
2793 2644 2850 2680 ον
2885 2643 2940 2681 us
2983 2645 3014 2680 α
3036 2638 3128 2681 mm
3191 2632 3260 2682 ﬂ
3322 2630 3556 2683 audam
3583 2628 3764 2679 uber”

641 2676 714 2738 (a)
749 2682 764 2724 ι
787 2682 987 2727 ttetraet.
1015 2690 1119 2740 cap.
1143 2679 1220 2727 17.
2266 2643 2574 2742 wternciqt‘iita
2593 2645 2823 2754 itte/ftibili
2851 2645 3089 2742 gliaritate
3121 2644 3414 2756 grirugtur.

1515 3131 1596 3192 ΙΝ
1637 3133 1938 3197 LIBRUM
1979 3137 2084 3196 DE
2126 3137 2311 3199 FIDE
2354 3140 2456 3200 ET
2499 3139 2900 3202 OPEBIBUS.

2001 3277 2404 3314 me»...

657 3374 738 3428 Ad
767 3373 970 3427 initium
996 3373 1122 3426 anni
1145 3372 1250 3427 415
1273 3371 1582 3428 referendus
1610 3381 1693 3428 est
1717 3373 1817 3430 iste
1839 3374 1991 3431 liber.
2027 3375 2081 3430 In
2113 3392 2176 3431 eo
2206 3377 2344 3432 enim
2377 3379 2697 3448 Augustinus
2726 3380 2917 3435 librum
2956 3381 3021 3436 de
3056 3380 3252 3452 Spiritu
3280 3391 3335 3435 et
3363 3382 3574 3444 Littera,
3599 3380 3672 3450 qui
3700 3377 3768 3432 sub

583 3467 708 3520 amni
737 3463 841 3518 412
869 3463 1025 3518 ﬁnem
1054 3462 1269 3533 prodiit,
1301 3479 1330 3517 a
1361 3478 1420 3518 se
1450 3464 1604 3532 paulo
1630 3474 1754 3520 ante
1799 3467 2052 3536 scriptum
2081 3480 2462 3524 commemorat
2499 3475 2668 3540 capite
2701 3474 2763 3526 14
2795 3490 2810 3527 :
2848 3470 3030 3541 Modo,
3063 3474 3168 3539 ait,
3201 3474 3264 3527 de
3301 3475 3397 3527 hac
3425 3475 3673 3545 quaestione
3691 3484 3776 3537 pro-

583 3560 744 3613 lixum
769 3558 951 3610 librum
981 3555 1134 3622 edidi,
1173 3557 1258 3626 qui
1283 3555 1588 3622 inscribitur,
1627 3557 1690 3610 de
1717 3556 1909 3612 Littera
1946 3568 1992 3612 et
2041 3559 2261 3628 Spiritu.
2297 3562 2578 3632 Propterea
2629 3564 2680 3617 in
2719 3564 2952 3620 Relract.
3000 3567 3033 3618 Ξ
3077 3568 3342 3621 reccnsito
3385 3568 3565 3622 eodem
3603 3564 3712 3618 libro
3731 3559 3777 3613 de

584 3650 784 3720 Spiritu
817 3656 871 3702 et
908 3647 1123 3712 Littera,
1169 3661 1294 3700 mox
1320 3647 1373 3700 in
1411 3661 1532 3702 eum
1563 3645 1650 3716 qui
1681 3647 1747 3702 de
1773 3647 1903 3704 Fide
1939 3658 1993 3704 et
2018 3648 2279 3720 Operibus
2307 3662 2416 3717 est,
2458 3655 2886 3708 retractatioucm
2928 3655 3153 3725 subjecit
3188 3657 3237 3709 in
3272 3656 3389 3712 lucc
3411 3657 3562 3712 verba
3591 3674 3602 3709 :
3627 3653 3780 3706 Interea

584 3742 736 3795 missa
759 3749 874 3793 sunt
896 3740 1017 3792 mihi
1044 3756 1076 3792 α
1103 3738 1402 3809 quibusdam
1426 3739 1755 3808 [ratribus....
1785 3742 1972 3810 scripta
2001 3743 2250 3795 nonnulla
2279 3757 2298 3796 :
2327 3759 2390 3798 ea
2422 3745 2667 3798 nimirum
2694 3761 2810 3814 qu;e
2843 3745 3134 3800 refellenda
3161 3746 3246 3802 hic
3280 3748 3532 3818 suscepit.

655 3831 861 3902 Scripta
889 3846 1014 3887 vero
1039 3832 1127 3885 illa
1156 3831 1394 3886 eruditus
1419 3830 1706 3886 Garnerius
1735 3833 1786 3886 in
1814 3833 2040 3903 append.
2079 3833 2144 3887 ad
2179 3834 2202 3886 1
2236 3843 2377 3902 part.
2408 3835 2570 3904 Oper.
2613 3836 2682 3890 Μ.
2712 3836 3036 3904 Mercatoris,
3083 3854 3200 3908 pag.
3250 3840 3372 3904 117,
3403 3847 3579 3894 censet
3602 3850 3690 3889 non
3710 3831 3782 3885 alia

588 3926 770 3993 fuisse,
801 3939 960 3995 quam
989 3939 1107 3995 qua:
1149 3923 1498 3992 Hieronymus
1526 3923 1636 3978 sive
1665 3923 1718 3978 in
1748 3923 1934 3978 Isaiam
1960 3925 2141 3990 edidit,
2175 3926 2293 3981 sive
2321 3926 2371 3980 in
2401 3927 2662 3996 Epistolas
2695 3927 2869 3995 Pauli;
2901 3937 2954 3984 ct
2989 3939 3227 3999 sumptas
3256 3930 3322 3983 ah
3353 3930 3654 3999 llieronymo
3675 3921 3782 3977 arbi-
