3882 6286
115 324 200 377 197
812 304 899 360 DE
940 301 1097 358 FIDE
1137 256 1224 355 ΕΤ
1263 293 1614 358 OPERIBUS,
1655 292 1711 347 S.
1752 288 2118 346 AUGUSTINI
2158 287 2359 342 LIBER
2397 286 2594 344 UNUS.

3236 283 3340 343 198

105 430 294 500 quideut
321 419 682 494 przetermissis
705 417 770 472 ab
794 413 1088 485 Augustino
1132 411 1197 466 iis
1241 408 1531 478 Scriptura:
1561 403 1904 470 testimoniis,
1937 401 2127 472 quibus
2158 399 2509 470 Hieronymus
2552 397 2607 452 in
2644 396 2831 451 lsaiam
2869 396 3113 450 observat
3141 396 3216 451 uti
3245 411 3342 451 eos

107 498 185 591 qui
215 517 388 568 volunt.
413 518 737 582 peccatorum
767 503 1052 574 aliquando
1077 501 1217 556 liniri
1255 498 1534 569 supplicia.

167 609 297 670 Libri
354 577 423 660 de
451 604 574 659 Fide
617 611 672 656 et
708 598 971 669 Operibus
1007 593 1250 649 meminit
1286 590 1612 660 Augustinus
1653 587 1705 640 in
1750 584 2078 651 Encbirid-io,
2108 597 2225 653 cap.
2273 582 2378 661 67;
2425 581 2476 634 in
2523 579 2665 633 libro.
2683 578 2751 633 de
2785 587 2906 633 ceto
2949 577 3343 644 Ουιεειίυιιῑδυς

108 701 308 762 Dulcitii,
339 707 520 768 quiest.
554 697 605 761 1,
632 710 686 748 n.
715 693 778 756 2;
811 700 866 746 et
891 691 943 744 in
991 687 1212 757 epistola
1237 684 1364 751 205,
1394 683 1459 736 ad
1479 679 1845 744 Consentium,
1871 694 1925 731 n.
1961 676 2045 732 18.

173 816 245 874 In
269 810 485 872 librum
503 807 577 868 de
597 806 749 867 Fide
778 808 841 866 et
863 801 1180 881 Operibus
1204 797 1343 859 vide
1375 795 1459 857 lib
1504 793 1562 862 2,
1587 790 1839 871 cap.38,
1867 788 2440 858 Betractationum,
2467 793 2614 846 tom.
2640 786 2698 860 1,
2734 785 2853 846 col.
2884 783 3024 859 6&6,
3058 805 3096 846 α
3119 785 3339 854 verbis,

107 916 329 978 Interea
356 909 549 970 missa
578 910 753 978 sunt,
782 920 974 983 usque
1002 899 1082 960 ad
1110 895 1316 970 verba,
1343 892 1740 970 Quibusdam
1757 890 2045 982 -videtur.
2130 887 2214 947 M.

142 1073 1678 1100 ~———-——————————*—i_.
1141 1073 2728 1096 *φῆ-*Μ
1759 1073 1821 1076 -η
2183 1073 2186 1074 ν
2735 1075 2844 1083 ___
2925 1075 2934 1084 ,

562 1212 720 1360 s.
828 1123 2843 1350 AURELIIJAUGUSTINI

1051 1433 1795 1523 HIPPONENSIS
1851 1429 2381 1514 EPISCOPI
2993 1431 3024 1458 ‘

354 1601 676 1762 DE
755 1591 1337 1755 FIDE
1461 1583 1784 1742 ET
1846 1584 3044 1746 OPERIBUS

1132 1854 1612 1967 LIBER
1719 1851 1967 1957 ΠΝ
1979 1851 2150 1958 US
2203 1851 2328 1960 (α).

1468 2016 1971 2096 messen-

166 2174 386 2226 Μειιίωι·
403 2184 546 2223 θετον
565 2165 885 2233 quorum?
906 2162 1088 2233 “illi”
1105 2195 1120 2222 ν
1144 2166 1197 2233 εἲι
1219 2165 1384 2209 mm“
1410 2153 2834 2233 (ἓβφέῗὲείῖἓὲξίῖὲ..ἒξἔξω.ἓξὲξἪὲ,ίτὲίὲεὲτέἲὲἒὼὲίηθηάοθ
2861 2158 2920 2233 Ξεά
2944 2163 3246 2233 ΒΞρυβωιιηὲν
3271 2165 3364 2233 ξιο-

694 2215 903 2300 έέέειεείει
925 2215 1175 2300 malem
1192 2215 2655 2300 Ξεεςεριίξεηαίε
2804 2215 3111 2300 εοιειιερδοί,
3139 2215 3364 2275 seum

123 2276 797 2348 Efﬁﬁinfso'ahﬁadéadds
812 2276 924 2338 esse
946 2276 1172 2348 regulas;
1192 2282 1238 2345 '5,
1268 2276 1528 2345 Baptiiat'os
1548 2277 1765 2338 domum,
1791 2277 1888 2326 nisi
1917 2277 2064 2327 vitam
2084 2276 2260 2328 malam
2279 2276 2526 2341 mutarint,
2552 2294 2798 2344 nunquam
2823 2282 2882 2332 ad
2899 2276 3109 2334 salutem
3129 2293 3363 2336 aeternam

121 2359 194 2409 lida
212 2358 300 2409 sola
319 2362 658 2421 perventuros.

179 2463 368 2521 CAPUT
406 2456 695 2518 PRIMUM.
721 2485 794 2498 --
818 2455 870 2510 1.
895 2450 1060 2507 Error
1083 2447 1420 2520 quorumdam
1460 2447 1666 2517 triplex.

137 2555 276 2610 Omne:
319 2553 382 2607 ad
434 2551 764 2621 Baptismum
814 2545 944 2598 citra
1006 2541 1277 2596 discrimen
1328 2537 1669 2592 admittendos

141 2648 316 2700 seminat.
339 2641 673 2712 Quibusdam
699 2637 908 2692 videtur
934 2632 1218 2688 indiscrete
1255 2643 1441 2684 omnes
1461 2628 1658 2682 admit-

145 2737 284 2792 tendos
320 2751 434 2791 esse
463 2733 536 2788 ad
566 2731 833 2785 lavacrum
857 2720 1298 2796 regenerationis,
1331 2733 1452 2790 qua:
1492 2727 1574 2773 est
1616 2717 1667 2770 in

141 2825 297 2880 Christo
318 2825 440 2882 Iesu
483 2820 712 2877 Domino
739 2825 944 2880 nostro,
972 2812 1182 2868 etiamsi
1212 2810 1402 2864 malam
1436 2816 1672 2878 turpem-

139 2934 213 2986 que
246 2920 386 2972 vitam
431 2913 764 2971 facinoribus
794 2919 848 2964 et
875 2907 1084 2977 ﬂagitiis
1127 2901 1539 2959 evidentissimis
1570 2917 1669 2954 no.

138 3011 244 3063 tam‘
273 3019 468 3064 mutare
511 3004 800 3064 noluerint,
844 3009 1003 3070 atque
1042 2998 1095 3051 in
1125 3011 1185 3050 ea
1217 3010 1277 3049 sc
1306 3001 1674 3064 perseveratu-

135 3116 203 3155 ros
233 3111 395 3172 aperta
435 3100 601 3155 etiam
643 3093 977 3166 professione
1021 3089 1470 3145 declaraverint'.
1513 3085 1673 3141 Verbi

133 3194 285 3262 gratia,
313 3193 354 3247 si
389 3192 672 3263 quisquam
705 3183 976 3241 meretrici
1015 3181 1272 3245 adhzeret,
1304 3195 1406 3234 non
1453 3178 1502 3233 ei
1530 3177 1674 3247 prius

136 3284 421 3352 prmeipiatur
448 3291 511 3336 ut
550 3279 616 3334 ab
651 3293 713 3333 ea
745 3275 1003 3341 discedat,
1028 3282 1082 3328 et
1109 3282 1234 3327 tunc
1259 3271 1436 3325 veniat
1473 3269 1540 3323 ad
1578 3269 1677 3323 Ba-

134 3375 358 3443 ptismum,
389 3373 486 3430 sed
514 3372 674 3428 etiam
700 3384 820 3424 eum
841 3382 905 3422 ea
932 3379 1153 3420 manens
1184 3377 1595 3430 mansurumque
1615 3376 1676 3416 se

134 3465 365 3520 conlidens
380 3466 421 3532 ⁸,
459 3479 559 3519 seu
590 3462 750 3517 etiam
776 3457 1054 3529 proﬁtens,
1086 3455 1398 3509 admittatur
1422 3463 1474 3506 et
1503 3453 1674 3521 bapti-

135 3567 272 3624 zctur,
299 3572 388 3611 nec
410 3553 731 3624 impediatur
759 3550 871 3604 lieri
902 3547 1201 3602 membrum
1228 3544 1446 3606 Christi,
1468 3543 1675 3597 etiamsi

137 3649 392 3704 membrum
422 3646 722 3703 meretricis
750 3657 870 3698 esse
899 3639 1189 3711 perstiterit
1221 3636 1260 3710 (l
1283 3635 1400 3692 Cor.
1433 3652 1506 3697 γι,
1539 3634 1627 3706 15)
1662 3653 1675 3686 :

138 3737 212 3791 scd
238 3750 401 3807 posma
449 3737 709 3791 doceatur
759 3746 916 3803 quam
958 3729 1159 3783 sithoc
1205 3726 1422 3790 malum,
1463 3725 1681 3795 jamque

141 3829 394 3898 baptizatus
420 3829 487 3885 de
511 3825 779 3883 mutandis
805 3825 859 3878 in
881 3823 1074 3878 melius
1102 3820 1339 3874 moribus
1367 3820 1678 3872 instruatur.

140 3918 412 3975 Perrersum
457 3921 599 3976 enim
651 3924 835 3988 putant
876 3924 1034 3984 atque
1079 3921 1484 3982 prmposterum,
1537 3909 1682 3979 prius

143 4008 304 4066 docere
342 4008 783 4082 quemadmodum
812 4005 1005 4061 debeat
1040 4004 1218 4056 vivere
1259 4000 1599 4063 cbristianus,
1629 4009 1684 4054 et

143 4101 304 4157 deinde
326 4103 596 4173 baptizari.
629 4100 736 4156 Sed
761 4104 985 4154 censent
1014 4093 1317 4165 prmccdere
1352 4093 1550 4147 debere
1587 4093 1684 4145 Ba-

146 4193 291 4258 ptismi
333 4202 739 4256 sacramentum,
789 4199 847 4244 ut
889 4187 1080 4244 deinde
1126 4194 1378 4254 sequatur
1421 4183 1541 4236 vit-.e
1572 4197 1685 4236 mo-

148 4300 333 4354 rumque
361 4287 597 4342 doctrina
638 4303 652 4339 :
693 4299 851 4356 quam
890 4282 934 4336 si
982 4290 1164 4335 tenere
1202 4287 1255 4333 et
1298 4274 1565 4331 custodire
1597 4290 1687 4329 vo-

151 4374 297 4440 luerit,
340 4379 531 4432 utiliter
577 4376 793 4439 fecerit;
846 4373 890 4427 si
947 4379 1123 4425 autem
1175 4367 1437 4430 noluerit,
1481 4372 1685 4418 retenta

154 4468 237 4522 ﬁde
260 4469 548 4534 christiana,
581 4470 696 4522 sine
724 4481 827 4537 qua
857 4465 909 4518 in
939 4472 1196 4518 mternum
1225 4459 1442 4529 periret,
1471 4456 1521 4509 in
1554 4472 1688 4524 quo-

156 4555 260 4611 libet
305 4560 495 4614 scelere
551 4556 991 4624 immunditiaque
1037 4549 1421 4621 permanserit,
1477 4546 1687 4599 salvum

157 4661 253 4701 eum
285 4649 500 4704 futurum
531 4659 781 4718 tanquam
806 4661 901 4716 per
927 4645 1123 4714 ignem,
1162 4641 1307 4695 velut
1334 4639 1421 4708 qui
1456 4637 1688 4691 aedifica-

1777 2445 1912 2500 verit
1941 2459 2104 2514 super
2132 2445 2530 2501 fundamentum
2570 2446 2710 2517 quod
2741 2456 2816 2504 est
2847 2446 3108 2516 Christus,
3134 2467 3238 2505 non
3265 2466 3362 2505 au-

1778 2551 1916 2601 rum,
1955 2548 2256 2607 argentum,
2294 2536 2496 2606 lapides
2523 2539 2805 2606 pretiosos,
2842 2540 2935 2594 sed
2967 2540 3129 2611 ligna,
3161 2542 3360 2608 fenum,

1774 2627 2022 2696 ssipulam
2046 2627 2089 2699 (ι
2113 2627 2231 2682 Cor.
2262 2643 2339 2693 Ill,
2367 2625 2557 2700 11ο15)
2579 2645 2594 2693 ;
2619 2628 2669 2681 id
2691 2639 2792 2692 est,
2817 2645 2922 2682 non
2943 2629 3118 2699 justos
3149 2644 3360 2690 Custos-

1775 2733 1879 2787 que
1910 2733 2106 2782 mores,
2135 2717 2231 2772 sed
2258 2717 2468 2788 iniquos
2496 2727 2550 2772 et
2574 2717 2890 2787 impudicos.

1845 2808 1903 2862 2.
1945 2807 2149 2861 Moram
2193 2807 2474 2862 doctrinam
2522 2817 2721 2861 censent
2773 2808 2974 2862 nonnisi
3027 2821 3136 2879 post
3183 2809 3364 2881 Bapti-

1776 2918 1939 2956 smnm
1968 2917 2073 2956 esse
2099 2900 2417 2954 tradendam.
2451 2899 2532 2954 Ad
2562 2900 2698 2954 hanc
2736 2911 2911 2956 autem
2949 2902 3361 2971 disputationem

1777 2994 2025 3049 videntur
2056 2993 2288 3063 impulsi,
2327 2991 2468 3062 quod
2491 3007 2584 3047 eos
2613 2993 2871 3046 moverit‘
2913 3008 3018 3046 non
3050 2994 3260 3048 admitti
3294 2995 3361 3050 ad

1779 3083 2105 3154 Baptismum
2139 3083 2228 3154 qui
2267 3082 2503 3138 dimissis
2535 3080 2792 3136 uxoribus
2829 3082 2960 3136 alias
2983 3081 3251 3147 duxerint,
3281 3084 3365 3138 vel

1781 3175 2006 3231 feminas
2041 3193 2159 3245 qua:
2197 3176 2430 3230 dimissis
2452 3174 2578 3230 viris
2608 3175 2728 3230 aliis
2762 3174 3069 3245 nupserint;
3106 3176 3224 3244 quia
3251 3175 3368 3230 [nec

1781 3283 1886 3322 non
1935 3268 2200 3338 eonjugia,
2241 3266 2336 3323 sed
2363 3267 2620 3321 adulteria
2661 3280 2780 3321 esse
2827 3265 3082 3320 Dominus
3123 3263 3369 3320 Christus

1780 3361 1896 3415 sine
1926 3361 2030 3415 ulla
2070 3360 2401 3414 dubitatione
2441 3367 2665 3413 testatur
2706 3356 2916 3427 (Matth.
2961 3371 3087 3424 xxx,
3128 3355 3206 3427 9).
3234 3356 3368 3410 Cum

1782 3450 1924 3506 enim
1952 3465 2146 3520 negare
2172 3467 2280 3504 non
2303 3458 2519 3520 possent
2545 3463 2666 3504 esse
2689 3448 3029 3514 adulterium,
3051 3446 3195 3517 quod
3218 3446 3380 3502 Veri‘

1786 3551 1864 3596 tas
1893 3541 2211 3596 adulterium
2257 3556 2377 3596 esse
2416 3541 2530 3594 sine
2569 3540 2792 3609 ambage
2819 3539 3156 3604 conlirmat',
3184 3539 3372 3608 eisque

1785 3631 2060 3702 suli‘ragari
2079 3631 2272 3686 vellent
2287 3631 2353 3686 ad
2368 3629 2731 3700 accipiendum
2752 3629 3100 3698 Baptismum,
3119 3644 3254 3698 quos
3271 3628 3372 3684 hu-

1779 3723 2013 3794 jusmodi
2035 3725 2223 3793 laqueo
2252 3723 2322 3777 ita
2351 3732 2535 3792 captos
2563 3721 2826 3786 viderent,
2850 3727 2907 3774 ut
2925 3720 2968 3773 si
2988 3734 3092 3774 non
3121 3719 3371 3774 admitte-

1787 3824 1969 3868 rentur
2009 3814 2077 3869 ad
2115 3815 2461 3885 Baptismum,
2501 3814 2616 3868 sine
2635 3812 2747 3866 ullo
2778 3820 3115 3868 sacramento
3156 3812 3376 3866 mallent

1786 3905 1965 3960 vivere
1995 3906 2079 3960 vel
2123 3906 2280 3960 etiam
2320 3905 2476 3971 mori,
2499 3919 2659 3975 quam
2687 3902 2929 3973 disrupto
2973 3902 3217 3957 adulterii
3254 3903 3374 3956 vin-

1788 3999 1908 4053 culo
1945 3998 2161 4053 liberari
2202 4016 2216 4052 :
2248 4001 2477 4054 humana
2497 3997 2724 4068 quadam
2755 3997 3097 4051 miseratione
3120 3996 3374 4050 commoti

1789 4098 1912 4144 sunt
1945 4088 2010 4143 ad
2045 4104 2228 4144 eorum
2268 4103 2481 4143 causam
2511 4088 2590 4142 sic
2639 4085 3053 4153 suscipiendam,
3084 4094 3138 4137 ut
3188 4099 3376 4138 omnes

1789 4197 1912 4237 cum
1953 4182 2031 4236 eis
2079 4180 2406 4235 facinorosos
2451 4188 2504 4233 et
2528 4178 2835 4248 llagitiosos,
2870 4177 3030 4230 etiam
3061 4175 3201 4228 nulla
3250 4191 3374 4244 pro-

1794 4273 2048 4328 hibitione
2073 4280 2366 4340 correptos,
2397 4269 2538 4324 nulla
2556 4267 2903 4322 instruetione
2919 4277 3208 4330 correctos,
3233 4265 3377 4319 nulla

1792 4363 2104 4432 poenitentia
2146 4371 2374 4416 mutatos
2408 4360 2474 4414 ad
2506 4359 2832 4428 Baptismum
2867 4355 3226 4410 admittendos
3260 4370 3379 4410 esse

1793 4462 2106 4518 censerent;
2158 4453 2521 4508 existimantes
2570 4464 2696 4516 eos,
2747 4448 2848 4502 nisi
2904 4449 3078 4512 lieret,
3125 4446 3176 4498 in
3226 4454 3382 4498 teter-

1797 4562 1920 4602 num
1949 4561 2066 4601 esse
2112 4547 2407 4615 perituros;
2459 4543 2503 4597 si
2531 4551 2707 4596 autem
2753 4540 2927 4603 lieret,
2977 4538 3135 4590 etiam
3180 4537 3232 4590 in
3279 4537 3380 4589 illis

1795 4638 1949 4692 malis
1974 4646 2379 4706 perseverantes
2409 4635 2583 4689 salvos
2609 4647 2702 4702 per
2733 4631 2904 4700 ignem
2933 4628 3160 4682 futuros.

1303 4765 1588 4807 ADMONI'I‘IO
1626 4767 1706 4806 PP.
1751 4766 2224 4807 BENEDICTINOBUH.

189 4847 620 4915 .(ldemendandum
642 4848 819 4915 librum
837 4848 900 4897 de
923 4847 1037 4896 Fide
1062 4852 1114 4915 et
1143 4843 1406 4915 oneribus,
1447 4842 1522 4915 usi
1546 4853 1714 4915 sumus
1751 4843 2123 4915 eodicibusohtss.
2163 4845 2397 4915 Vaticanis
2418 4843 2600 4915 tribus,
2638 4848 2690 4914 et
2712 4842 3248 4915 trcdecimncallicanis,
3282 4857 3383 4915 uno

167 4907 353 4974 videlicet
371 4912 669 4962 bibliotheca:
692 4912 868 4974 negito,
896 4922 996 4974 uno
1015 4902 1897 4974 sorbonicaa,alio_Augu.stinianorum
1919 4905 2114 4974 majoris
2134 4913 2402 4974 conventus
2421 4905 2713 4974 parisiensis
2729 4939 2743 4963 ,
2767 4904 2861 4953 alio
2884 4903 3077 4974 mllegii
3105 4906 3384 4974 Parisiensis

165 4972 536 5031 Bernardinorum,
580 4975 699 5022 item
721 4963 813 5020 alio
853 4963 1075 5019 Ecclesia:
1099 4967 1375 5031 “emensis,
1410 4963 1633 5031 Ecclesia:
1656 4963 2014 5031 laudunensis,
2039 4967 2244 5031 abbatiae
2266 4967 2603 5031 Corbeiensis,
2636 4963 3093 5031 ‘ttotomageusis's.
3135 4967 3383 5031 Aadmmi,

167 5033 353 5097 Retensis
373 5023 588 5097 s._Arnirl,
608 5035 656 5082 hi
671 5067 686 5092 ,
708 5030 1020 5097 5.7Micbaelis
1057 5031 1103 5079 in
1129 5027 1345 5097 periculo
1368 5026 1512 5097 maris
1527 5060 1542 5085 ,
1562 5023 2008 5097 _Casalis_ltenedieti
2025 5060 2040 5086 ,
2055 5028 2364 5097 _Diyionensis
2449 5023 2674 5097 Benigui,
2699 5035 2760 5097 .et
2781 5023 3128 5097 (istereietlsis.
3157 5023 3383 5077 Adhibui?

167 5100 253 5138 mus
271 5095 400 5142 etiam
421 5086 650 5145 lectiones
672 5086 917 5142 variantes
936 5105 963 5140 a
983 5086 1355 5140 Lovaniensihus
1374 5087 1539 5152 decen
1558 5092 1634 5152 tas
1657 5099 1720 5152 eg:
1876 5088 2031 5136 tribus
2055 5086 2280 5152 Belgicis;
2307 5101 2496 5138 necnon
2527 5086 2825 5152 antiquiores
2847 5089 3085 5139 editiones
3107 5098 3211 5136 Am.
3235 5095 3310 5136 Er.
3336 5095 3388 5138 et

171 5153 272 5209 [οῖ’-ν
288 5154 324 5202 id
349 5163 434 5215 est,
452 5157 640 5206 Joannis
662 5155 979 5214 Amcrbaehii,
1004 5152 1240 5202 Desiderii
1272 5149 1465 5208 Erasini,
1486 5146 1538 5197 et
1558 5146 1910 5210 Theologorum
1933 5146 2311 5199 Lovanieﬁsium.

233 5233 696 5314 Comparavimus
715 5245 1014 5317 praeterea
1044 5253 1141 5295 eas
1169 5249 1370 5294 omnes
1397 5230 1696 5292 editiones
1726 5230 1914 5294 initio
1943 5231 2115 5293 Relr.
2139 5239 2200 5293 et
2220 5233 2507 5296 Confess.
2543 5242 2590 5295 t.
2624 5237 2682 5310 1,
2708 5243 3096 5297 memoratas.
3182 5231 3266 5295 Μ.

221 5356 239 5429 ’_
261 5362 810 5429 [tinusvet’aticanisussq
844 5357 1077 5429 deditam.
1241 5417 1262 5429 η

343 5408 440 5470 Mss.
471 5408 930 5484 vit—editifapei'ta
967 5419 1113 5470 etiam
1145 5413 1434 5480 confessione
1477 5408 1696 5462 declara-

393 5552 442 5594 ct
461 5551 547 5606 Ern,
579 5551 1140 5606 manensmqnsurusque
1159 5535 1568 5604 con/idens.tov.,
1597 5544 1702 5584 ma-

178 5600 637 5669 ηειξε.ηιωιειιηωέηιιε
660 5617 722 5669 βῆ
749 5600 996 5669 conﬁtens-

228 5655 290 5723 (α)
315 5655 637 5729 δαψιηὲ
658 5655 850 5716 nouum
869 5664 982 5714 anni
1005 5661 1112 5712 415.

1867 5360 1882 5389 ί
1917 5359 1989 5408 sic
2011 5365 2084 5407 Er.
2112 5365 2162 5407 et
2181 5365 2283 5406 MSS.
2309 5365 2364 5407 At
2384 5364 2513 5416 bon,
2538 5356 2768 5408 noverint.

1867 5423 1887 5453 ²
1921 5419 2145 5484 Plerique
2168 5427 2294 5482 Mss,
2317 5419 2418 5471 sine
2441 5418 2766 5484 ambiguitate.
