  <div class='ocr_page' id='page_1' title='image "/cluster/home/n/w/nwhite01/storage/ocr_20150623/40/uva.x000669811/107.png"; bbox 0 0 3882 6286; ppageno 0'>
   <div class='ocr_carea' id='block_1_1' title="bbox 429 259 529 319">
    <p class='ocr_par' dir='ltr' id='par_1_1' title="bbox 429 259 529 319">
     <span class='ocr_line' id='line_1_1' title="bbox 429 259 529 319; baseline -0.02 0"><span class='ocrx_word' id='word_1_1' title='bbox 429 259 529 319; x_wconf 69' lang='grc'><strong><em>199</em></strong></span> 
     </span>
    </p>
   </div>
   <div class='ocr_carea' id='block_1_2' title="bbox 495 351 2012 431">
    <p class='ocr_par' dir='ltr' id='par_1_2' title="bbox 495 351 2012 431">
     <span class='ocr_line' id='line_1_2' title="bbox 495 351 2012 431; baseline -0.014 -5"><span class='ocrx_word' id='word_1_2' title='bbox 495 367 722 426; x_wconf 82' lang='lat' dir='ltr'><strong><em>CAPUT</em></strong></span> <span class='ocrx_word' id='word_1_3' title='bbox 764 366 826 421; x_wconf 90' lang='lat' dir='ltr'><strong><em>ll.</em></strong></span> <span class='ocrx_word' id='word_1_4' title='bbox 857 365 1002 420; x_wconf 84' lang='lat'><strong><em>-—&#39;5.</em></strong></span> <span class='ocrx_word' id='word_1_5' title='bbox 1047 361 1264 431; x_wconf 88' lang='lat' dir='ltr'><strong><em>Propter</em></strong></span> <span class='ocrx_word' id='word_1_6' title='bbox 1315 358 1469 428; x_wconf 84' lang='lat' dir='ltr'><strong><em>fidem</em></strong></span> <span class='ocrx_word' id='word_1_7' title='bbox 1525 356 1853 410; x_wconf 73' lang='lat' dir='ltr'><strong><em>christianum</em></strong></span> <span class='ocrx_word' id='word_1_8' title='bbox 1909 351 2012 407; x_wconf 86' lang='lat' dir='ltr'><strong><em>sal-</em></strong></span> 
     </span>
    </p>
   </div>
   <div class='ocr_carea' id='block_1_3' title="bbox 428 443 2014 530">
    <p class='ocr_par' dir='ltr' id='par_1_3' title="bbox 428 443 2014 530">
     <span class='ocr_line' id='line_1_3' title="bbox 428 443 2014 530; baseline -0.015 -10"><span class='ocrx_word' id='word_1_9' title='bbox 428 464 616 520; x_wconf 79' lang='lat' dir='ltr'><strong><em>vandos</em></strong></span> <span class='ocrx_word' id='word_1_10' title='bbox 668 480 773 519; x_wconf 87' lang='lat' dir='ltr'><strong><em>esse</em></strong></span> <span class='ocrx_word' id='word_1_11' title='bbox 823 459 1098 530; x_wconf 76' lang='lat' dir='ltr'><strong><em>baptizatos</em></strong></span> <span class='ocrx_word' id='word_1_12' title='bbox 1123 496 1138 521; x_wconf 95' lang='lat'><strong><em>,</em></strong></span> <span class='ocrx_word' id='word_1_13' title='bbox 1193 451 1388 508; x_wconf 86' lang='lat' dir='ltr'><strong><em>etiamsi</em></strong></span> <span class='ocrx_word' id='word_1_14' title='bbox 1444 465 1606 504; x_wconf 88' lang='lat' dir='ltr'><strong><em>mores</em></strong></span> <span class='ocrx_word' id='word_1_15' title='bbox 1654 443 2014 518; x_wconf 73' lang='lat' dir='ltr'><strong><em>quantumlibet</em></strong></span> 
     </span>
    </p>
   </div>
   <div class='ocr_carea' id='block_1_4' title="bbox 429 535 2012 610">
    <p class='ocr_par' dir='ltr' id='par_1_4' title="bbox 429 535 2012 610">
     <span class='ocr_line' id='line_1_4' title="bbox 429 535 2012 610; baseline -0.014 -1"><span class='ocrx_word' id='word_1_16' title='bbox 429 557 590 610; x_wconf 88' lang='lat' dir='ltr'><strong><em>malos</em></strong></span> <span class='ocrx_word' id='word_1_17' title='bbox 633 571 734 609; x_wconf 91' lang='lat' dir='ltr'><strong><em>non</em></strong></span> <span class='ocrx_word' id='word_1_18' title='bbox 789 549 1111 606; x_wconf 75' lang='lat' dir='ltr'><strong><em>correxerint.</em></strong></span> <span class='ocrx_word' id='word_1_19' title='bbox 1177 544 1306 599; x_wconf 81' lang='lat' dir='ltr'><strong><em>Mali</em></strong></span> <span class='ocrx_word' id='word_1_20' title='bbox 1359 543 1413 595; x_wconf 90' lang='lat' dir='ltr'><strong><em>in</em></strong></span> <span class='ocrx_word' id='word_1_21' title='bbox 1470 540 1698 594; x_wconf 76' lang='lat' dir='ltr'><strong><em>Ecclesia</em></strong></span> <span class='ocrx_word' id='word_1_22' title='bbox 1759 539 1831 592; x_wconf 87' lang='lat' dir='ltr'><strong><em>sic</em></strong></span> <span class='ocrx_word' id='word_1_23' title='bbox 1883 535 2012 589; x_wconf 88' lang='lat' dir='ltr'><strong><em>tole-</em></strong></span> 
     </span>
    </p>
   </div>
   <div class='ocr_carea' id='block_1_5' title="bbox 429 627 2012 714">
    <p class='ocr_par' dir='ltr' id='par_1_5' title="bbox 429 627 2012 714">
     <span class='ocr_line' id='line_1_5' title="bbox 429 627 2012 714; baseline -0.015 -12"><span class='ocrx_word' id='word_1_24' title='bbox 429 647 599 714; x_wconf 87' lang='lat' dir='ltr'><strong><em>randi,</em></strong></span> <span class='ocrx_word' id='word_1_25' title='bbox 641 657 693 700; x_wconf 86' lang='lat' dir='ltr'><strong><em>ut</em></strong></span> <span class='ocrx_word' id='word_1_26' title='bbox 740 662 843 700; x_wconf 89' lang='lat' dir='ltr'><strong><em>non</em></strong></span> <span class='ocrx_word' id='word_1_27' title='bbox 893 644 1152 697; x_wconf 89' lang='lat' dir='ltr'><strong><em>omittatur</em></strong></span> <span class='ocrx_word' id='word_1_28' title='bbox 1194 635 1441 705; x_wconf 79' lang='lat' dir='ltr'><strong><em>correptio</em></strong></span> <span class='ocrx_word' id='word_1_29' title='bbox 1471 643 1515 686; x_wconf 87' lang='lat' dir='ltr'><strong><em>et</em></strong></span> <span class='ocrx_word' id='word_1_30' title='bbox 1566 631 1854 700; x_wconf 77' lang='lat' dir='ltr'><strong><em>disciplina.</em></strong></span> <span class='ocrx_word' id='word_1_31' title='bbox 1881 627 2012 694; x_wconf 89' lang='lat' dir='ltr'><strong><em>Qui-</em></strong></span> 
     </span>
    </p>
   </div>
   <div class='ocr_carea' id='block_1_6' title="bbox 431 723 2014 809">
    <p class='ocr_par' dir='ltr' id='par_1_6' title="bbox 431 723 2014 809">
     <span class='ocr_line' id='line_1_6' title="bbox 431 723 2014 809; baseline -0.013 -15"><span class='ocrx_word' id='word_1_32' title='bbox 431 740 531 794; x_wconf 91' lang='lat' dir='ltr'><strong><em>bus</em></strong></span> <span class='ocrx_word' id='word_1_33' title='bbox 553 737 902 809; x_wconf 82' lang='lat' dir='ltr'><strong><em>reSpondens,</em></strong></span> <span class='ocrx_word' id='word_1_34' title='bbox 946 734 1046 789; x_wconf 83' lang='lat' dir='ltr'><strong><em>hoc</em></strong></span> <span class='ocrx_word' id='word_1_35' title='bbox 1087 731 1314 801; x_wconf 87' lang='lat' dir='ltr'><strong><em>primum</em></strong></span> <span class='ocrx_word' id='word_1_36' title='bbox 1346 727 1488 792; x_wconf 85' lang='lat' dir='ltr'><strong><em>dico,</em></strong></span> <span class='ocrx_word' id='word_1_37' title='bbox 1529 724 1746 794; x_wconf 79' lang='lat' dir='ltr'><strong><em>nequis</em></strong></span> <span class='ocrx_word' id='word_1_38' title='bbox 1771 737 1832 777; x_wconf 89' lang='lat' dir='ltr'><strong><em>ea</em></strong></span> <span class='ocrx_word' id='word_1_39' title='bbox 1863 723 2014 775; x_wconf 88' lang='lat' dir='ltr'><strong><em>testi-</em></strong></span> 
     </span>
    </p>
   </div>
   <div class='ocr_carea' id='block_1_7' title="bbox 433 816 2013 900">
    <p class='ocr_par' dir='ltr' id='par_1_7' title="bbox 433 816 2013 900">
     <span class='ocr_line' id='line_1_7' title="bbox 433 816 2013 900; baseline -0.013 -14"><span class='ocrx_word' id='word_1_40' title='bbox 433 831 611 886; x_wconf 91' lang='lat' dir='ltr'><strong><em>monia</em></strong></span> <span class='ocrx_word' id='word_1_41' title='bbox 648 831 1074 900; x_wconf 88' lang='lat' dir='ltr'><strong><em>Seripturarum,</em></strong></span> <span class='ocrx_word' id='word_1_42' title='bbox 1115 839 1234 893; x_wconf 80' lang='lat' dir='ltr'><strong><em>quae</em></strong></span> <span class='ocrx_word' id='word_1_43' title='bbox 1275 818 1712 875; x_wconf 79' lang='lat' dir='ltr'><strong><em>eommixtionem</em></strong></span> <span class='ocrx_word' id='word_1_44' title='bbox 1754 816 2013 870; x_wconf 84' lang='lat' dir='ltr'><strong><em>bonorum</em></strong></span> 
     </span>
    </p>
   </div>
   <div class='ocr_carea' id='block_1_8' title="bbox 433 903 2018 978">
    <p class='ocr_par' dir='ltr' id='par_1_8' title="bbox 433 903 2018 978">
     <span class='ocr_line' id='line_1_8' title="bbox 433 903 2018 978; baseline -0.011 -4"><span class='ocrx_word' id='word_1_45' title='bbox 433 929 490 974; x_wconf 92' lang='lat' dir='ltr'><strong><em>et</em></strong></span> <span class='ocrx_word' id='word_1_46' title='bbox 522 919 782 973; x_wconf 90' lang='lat' dir='ltr'><strong><em>malorum</em></strong></span> <span class='ocrx_word' id='word_1_47' title='bbox 815 918 865 971; x_wconf 91' lang='lat' dir='ltr'><strong><em>in</em></strong></span> <span class='ocrx_word' id='word_1_48' title='bbox 900 915 1133 970; x_wconf 78' lang='lat' dir='ltr'><strong><em>Ecclesia</em></strong></span> <span class='ocrx_word' id='word_1_49' title='bbox 1163 911 1246 965; x_wconf 88' lang='lat' dir='ltr'><strong><em>vel</em></strong></span> <span class='ocrx_word' id='word_1_50' title='bbox 1279 916 1598 978; x_wconf 74' lang='lat' dir='ltr'><strong><em>prmsentem</em></strong></span> <span class='ocrx_word' id='word_1_51' title='bbox 1641 905 1908 969; x_wconf 86' lang='lat' dir='ltr'><strong><em>indicant,</em></strong></span> <span class='ocrx_word' id='word_1_52' title='bbox 1934 903 2018 957; x_wconf 86' lang='lat' dir='ltr'><strong><em>vel</em></strong></span> 
     </span>
    </p>
   </div>
   <div class='ocr_carea' id='block_1_9' title="bbox 439 997 2018 1080">
    <p class='ocr_par' dir='ltr' id='par_1_9' title="bbox 439 997 2018 1080">
     <span class='ocr_line' id='line_1_9' title="bbox 439 997 2018 1080; baseline -0.012 -14"><span class='ocrx_word' id='word_1_53' title='bbox 439 1011 668 1067; x_wconf 88' lang='lat' dir='ltr'><strong><em>futuram</em></strong></span> <span class='ocrx_word' id='word_1_54' title='bbox 697 1008 1068 1080; x_wconf 82' lang='lat' dir='ltr'><strong><em>praenuntiant,</em></strong></span> <span class='ocrx_word' id='word_1_55' title='bbox 1100 1005 1176 1058; x_wconf 86' lang='lat' dir='ltr'><strong><em>sic</em></strong></span> <span class='ocrx_word' id='word_1_56' title='bbox 1215 1000 1460 1070; x_wconf 85' lang='lat' dir='ltr'><strong><em>accipiat,</em></strong></span> <span class='ocrx_word' id='word_1_57' title='bbox 1493 1007 1550 1052; x_wconf 92' lang='lat' dir='ltr'><strong><em>ut</em></strong></span> <span class='ocrx_word' id='word_1_58' title='bbox 1589 997 1882 1066; x_wconf 74' lang='lat' dir='ltr'><strong><em>disciplina:</em></strong></span> <span class='ocrx_word' id='word_1_59' title='bbox 1929 1009 2018 1049; x_wconf 88' lang='lat' dir='ltr'><strong><em>se-</em></strong></span> 
     </span>
    </p>
   </div>
   <div class='ocr_carea' id='block_1_10' title="bbox 440 1087 2019 1165">
    <p class='ocr_par' dir='ltr' id='par_1_10' title="bbox 440 1087 2019 1165">
     <span class='ocr_line' id='line_1_10' title="bbox 440 1087 2019 1165; baseline -0.012 -7"><span class='ocrx_word' id='word_1_60' title='bbox 440 1103 719 1158; x_wconf 79' lang='lat' dir='ltr'><strong><em>veritatem</em></strong></span> <span class='ocrx_word' id='word_1_61' title='bbox 750 1101 861 1154; x_wconf 85' lang='lat' dir='ltr'><strong><em>sive</em></strong></span> <span class='ocrx_word' id='word_1_62' title='bbox 903 1096 1227 1165; x_wconf 75' lang='lat' dir='ltr'><strong><em>diligentiam</em></strong></span> <span class='ocrx_word' id='word_1_63' title='bbox 1269 1088 1578 1147; x_wconf 75' lang='lat' dir='ltr'><strong><em>solvendam</em></strong></span> <span class='ocrx_word' id='word_1_64' title='bbox 1610 1087 1829 1142; x_wconf 84' lang='lat' dir='ltr'><strong><em>omnino</em></strong></span> <span class='ocrx_word' id='word_1_65' title='bbox 1859 1093 2019 1153; x_wconf 80' lang='lat' dir='ltr'><strong><em>atque</em></strong></span> 
     </span>
    </p>
   </div>
   <div class='ocr_carea' id='block_1_11' title="bbox 439 1178 2018 1256">
    <p class='ocr_par' dir='ltr' id='par_1_11' title="bbox 439 1178 2018 1256">
     <span class='ocr_line' id='line_1_11' title="bbox 439 1178 2018 1256; baseline -0.01 -9"><span class='ocrx_word' id='word_1_66' title='bbox 439 1192 802 1256; x_wconf 87' lang='lat' dir='ltr'><strong><em>omittendam,</em></strong></span> <span class='ocrx_word' id='word_1_67' title='bbox 843 1206 949 1244; x_wconf 88' lang='lat' dir='ltr'><strong><em>non</em></strong></span> <span class='ocrx_word' id='word_1_68' title='bbox 981 1187 1085 1242; x_wconf 87' lang='lat' dir='ltr'><strong><em>illis</em></strong></span> <span class='ocrx_word' id='word_1_69' title='bbox 1129 1185 1348 1241; x_wconf 90' lang='lat' dir='ltr'><strong><em>edoctus</em></strong></span> <span class='ocrx_word' id='word_1_70' title='bbox 1373 1182 1610 1247; x_wconf 80' lang='lat' dir='ltr'><strong><em>Litteris,</em></strong></span> <span class='ocrx_word' id='word_1_71' title='bbox 1655 1179 1746 1234; x_wconf 89' lang='lat' dir='ltr'><strong><em>sed</em></strong></span> <span class='ocrx_word' id='word_1_72' title='bbox 1775 1193 1869 1233; x_wconf 89' lang='lat' dir='ltr'><strong><em>sua</em></strong></span> <span class='ocrx_word' id='word_1_73' title='bbox 1901 1178 2018 1247; x_wconf 84' lang='lat' dir='ltr'><strong><em>epi-</em></strong></span> 
     </span>
    </p>
   </div>
   <div class='ocr_carea' id='block_1_12' title="bbox 442 1268 2022 1350">
    <p class='ocr_par' dir='ltr' id='par_1_12' title="bbox 442 1268 2022 1350">
     <span class='ocr_line' id='line_1_12' title="bbox 442 1268 2022 1350; baseline -0.011 -12"><span class='ocrx_word' id='word_1_74' title='bbox 442 1284 657 1338; x_wconf 87' lang='lat' dir='ltr'><strong><em>natione</em></strong></span> <span class='ocrx_word' id='word_1_75' title='bbox 685 1281 938 1350; x_wconf 88' lang='lat' dir='ltr'><strong><em>deceptus</em></strong></span> <span class='ocrx_word' id='word_1_76' title='bbox 982 1277 1268 1333; x_wconf 77' lang='lat' dir='ltr'><strong><em>existimet.</em></strong></span> <span class='ocrx_word' id='word_1_77' title='bbox 1315 1273 1495 1343; x_wconf 85' lang='lat' dir='ltr'><strong><em>Neque</em></strong></span> <span class='ocrx_word' id='word_1_78' title='bbox 1520 1271 1686 1336; x_wconf 90' lang='lat' dir='ltr'><strong><em>enim,</em></strong></span> <span class='ocrx_word' id='word_1_79' title='bbox 1727 1269 1850 1339; x_wconf 89' lang='lat' dir='ltr'><strong><em>quia</em></strong></span> <span class='ocrx_word' id='word_1_80' title='bbox 1878 1268 2022 1322; x_wconf 86' lang='lat' dir='ltr'><strong><em>illam</em></strong></span> 
     </span>
    </p>
   </div>
   <div class='ocr_carea' id='block_1_13' title="bbox 444 1349 2024 1443">
    <p class='ocr_par' dir='ltr' id='par_1_13' title="bbox 444 1349 2024 1443">
     <span class='ocr_line' id='line_1_13' title="bbox 444 1349 2024 1443; baseline -0.011 -17"><span class='ocrx_word' id='word_1_81' title='bbox 444 1371 600 1443; x_wconf 86' lang='lat' dir='ltr'><strong><em>primi</em></strong></span> <span class='ocrx_word' id='word_1_82' title='bbox 640 1349 1255 1440; x_wconf 67' lang='lat' dir='ltr'><strong><em>popqlipermixtioncm</em></strong></span> <span class='ocrx_word' id='word_1_83' title='bbox 1285 1361 1492 1433; x_wconf 81' lang='lat' dir='ltr'><strong><em>Moyses</em></strong></span> <span class='ocrx_word' id='word_1_84' title='bbox 1527 1349 1618 1414; x_wconf 86' lang='lat' dir='ltr'><strong><em>Dei</em></strong></span> <span class='ocrx_word' id='word_1_85' title='bbox 1662 1357 1890 1413; x_wconf 87' lang='lat' dir='ltr'><strong><em>famulus</em></strong></span> <span class='ocrx_word' id='word_1_86' title='bbox 1929 1370 2024 1426; x_wconf 90' lang='lat' dir='ltr'><strong><em>pa-</em></strong></span> 
     </span>
    </p>
   </div>
   <div class='ocr_carea' id='block_1_14' title="bbox 443 1449 2024 1532">
    <p class='ocr_par' dir='ltr' id='par_1_14' title="bbox 443 1449 2024 1532">
     <span class='ocr_line' id='line_1_14' title="bbox 443 1449 2024 1532; baseline -0.011 -14"><span class='ocrx_word' id='word_1_87' title='bbox 443 1462 758 1519; x_wconf 87' lang='lat' dir='ltr'><strong><em>tientissime</em></strong></span> <span class='ocrx_word' id='word_1_88' title='bbox 783 1457 1104 1532; x_wconf 82' lang='lat' dir='ltr'><strong><em>perferebat,</em></strong></span> <span class='ocrx_word' id='word_1_89' title='bbox 1139 1456 1256 1510; x_wconf 89' lang='lat' dir='ltr'><strong><em>ideo</em></strong></span> <span class='ocrx_word' id='word_1_90' title='bbox 1283 1469 1388 1508; x_wconf 90' lang='lat' dir='ltr'><strong><em>non</em></strong></span> <span class='ocrx_word' id='word_1_91' title='bbox 1417 1454 1468 1507; x_wconf 91' lang='lat' dir='ltr'><strong><em>in</em></strong></span> <span class='ocrx_word' id='word_1_92' title='bbox 1501 1451 1696 1505; x_wconf 92' lang='lat' dir='ltr'><strong><em>multos</em></strong></span> <span class='ocrx_word' id='word_1_93' title='bbox 1721 1449 1879 1504; x_wconf 90' lang='lat' dir='ltr'><strong><em>etiam</em></strong></span> <span class='ocrx_word' id='word_1_94' title='bbox 1909 1449 2024 1518; x_wconf 88' lang='lat' dir='ltr'><strong><em>gla-</em></strong></span> 
     </span>
    </p>
   </div>
   <div class='ocr_carea' id='block_1_15' title="bbox 443 1538 2026 1610">
    <p class='ocr_par' dir='ltr' id='par_1_15' title="bbox 443 1538 2026 1610">
     <span class='ocr_line' id='line_1_15' title="bbox 443 1538 2026 1610; baseline -0.011 0"><span class='ocrx_word' id='word_1_95' title='bbox 443 1555 535 1610; x_wconf 91' lang='lat' dir='ltr'><strong><em>dio</em></strong></span> <span class='ocrx_word' id='word_1_96' title='bbox 576 1552 880 1608; x_wconf 86' lang='lat' dir='ltr'><strong><em>vindicavit.</em></strong></span> <span class='ocrx_word' id='word_1_97' title='bbox 915 1551 980 1606; x_wconf 84' lang='lat' dir='ltr'><strong><em>Et</em></strong></span> <span class='ocrx_word' id='word_1_98' title='bbox 1013 1548 1242 1604; x_wconf 87' lang='lat' dir='ltr'><strong><em>Phinees</em></strong></span> <span class='ocrx_word' id='word_1_99' title='bbox 1271 1544 1520 1600; x_wconf 90' lang='lat' dir='ltr'><strong><em>sacerdos</em></strong></span> <span class='ocrx_word' id='word_1_100' title='bbox 1560 1541 1831 1596; x_wconf 89' lang='lat' dir='ltr'><strong><em>adulteros</em></strong></span> <span class='ocrx_word' id='word_1_101' title='bbox 1868 1538 2026 1593; x_wconf 87' lang='lat' dir='ltr'><strong><em>simul</em></strong></span> 
     </span>
    </p>
   </div>
   <div class='ocr_carea' id='block_1_16' title="bbox 443 1630 2029 1710">
    <p class='ocr_par' dir='ltr' id='par_1_16' title="bbox 443 1630 2029 1710">
     <span class='ocr_line' id='line_1_16' title="bbox 443 1630 2029 1710; baseline -0.011 -9"><span class='ocrx_word' id='word_1_102' title='bbox 443 1648 689 1703; x_wconf 88' lang='lat' dir='ltr'><strong><em>inventos</em></strong></span> <span class='ocrx_word' id='word_1_103' title='bbox 718 1645 860 1701; x_wconf 90' lang='lat' dir='ltr'><strong><em>ferro</em></strong></span> <span class='ocrx_word' id='word_1_104' title='bbox 882 1643 1052 1698; x_wconf 86' lang='lat' dir='ltr'><strong><em>ultore</em></strong></span> <span class='ocrx_word' id='word_1_105' title='bbox 1075 1638 1295 1696; x_wconf 77' lang='lat' dir='ltr'><strong><em>conlisit</em></strong></span> <span class='ocrx_word' id='word_1_106' title='bbox 1321 1636 1508 1710; x_wconf 89' lang='lat' dir='ltr'><strong><em>(Num.</em></strong></span> <span class='ocrx_word' id='word_1_107' title='bbox 1539 1650 1682 1700; x_wconf 78' lang='lat' dir='ltr'><strong><em>xxv,</em></strong></span> <span class='ocrx_word' id='word_1_108' title='bbox 1713 1632 1851 1702; x_wconf 83' lang='lat'><strong><em>5-8).</em></strong></span> <span class='ocrx_word' id='word_1_109' title='bbox 1877 1630 2029 1698; x_wconf 86' lang='lat' dir='ltr'><strong><em>Quod</em></strong></span> 
     </span>
    </p>
   </div>
   <div class='ocr_carea' id='block_1_17' title="bbox 445 1721 2028 1808">
    <p class='ocr_par' dir='ltr' id='par_1_17' title="bbox 445 1721 2028 1808">
     <span class='ocr_line' id='line_1_17' title="bbox 445 1721 2028 1808; baseline -0.011 -15"><span class='ocrx_word' id='word_1_110' title='bbox 445 1739 627 1808; x_wconf 89' lang='lat' dir='ltr'><strong><em>utique</em></strong></span> <span class='ocrx_word' id='word_1_111' title='bbox 676 1732 1141 1806; x_wconf 83' lang='lat' dir='ltr'><strong><em>degradationibus</em></strong></span> <span class='ocrx_word' id='word_1_112' title='bbox 1179 1739 1232 1784; x_wconf 92' lang='lat' dir='ltr'><strong><em>et</em></strong></span> <span class='ocrx_word' id='word_1_113' title='bbox 1279 1723 1915 1783; x_wconf 84' lang='lat' dir='ltr'><strong><em>excommunicationibus</em></strong></span> <span class='ocrx_word' id='word_1_114' title='bbox 1953 1721 2028 1776; x_wconf 89' lang='lat' dir='ltr'><strong><em>si-</em></strong></span> 
     </span>
    </p>
   </div>
   <div class='ocr_carea' id='block_1_18' title="bbox 446 1813 2029 1901">
    <p class='ocr_par' dir='ltr' id='par_1_18' title="bbox 446 1813 2029 1901">
     <span class='ocr_line' id='line_1_18' title="bbox 446 1813 2029 1901; baseline -0.012 -15"><span class='ocrx_word' id='word_1_115' title='bbox 446 1830 756 1901; x_wconf 85' lang='lat' dir='ltr'><strong><em>gniﬁcatum</em></strong></span> <span class='ocrx_word' id='word_1_116' title='bbox 787 1836 869 1882; x_wconf 89' lang='lat' dir='ltr'><strong><em>est</em></strong></span> <span class='ocrx_word' id='word_1_117' title='bbox 906 1840 1028 1882; x_wconf 91' lang='lat' dir='ltr'><strong><em>esse</em></strong></span> <span class='ocrx_word' id='word_1_118' title='bbox 1067 1821 1362 1877; x_wconf 89' lang='lat' dir='ltr'><strong><em>faciendum</em></strong></span> <span class='ocrx_word' id='word_1_119' title='bbox 1394 1819 1496 1874; x_wconf 88' lang='lat' dir='ltr'><strong><em>hoc</em></strong></span> <span class='ocrx_word' id='word_1_120' title='bbox 1522 1827 1791 1887; x_wconf 85' lang='lat' dir='ltr'><strong><em>tempore,</em></strong></span> <span class='ocrx_word' id='word_1_121' title='bbox 1818 1829 1938 1870; x_wconf 90' lang='lat' dir='ltr'><strong><em>cum</em></strong></span> <span class='ocrx_word' id='word_1_122' title='bbox 1976 1813 2029 1868; x_wconf 91' lang='lat' dir='ltr'><strong><em>in</em></strong></span> 
     </span>
    </p>
   </div>
   <div class='ocr_carea' id='block_1_19' title="bbox 449 1907 2027 1986">
    <p class='ocr_par' dir='ltr' id='par_1_19' title="bbox 449 1907 2027 1986">
     <span class='ocr_line' id='line_1_19' title="bbox 449 1907 2027 1986; baseline -0.011 -10"><span class='ocrx_word' id='word_1_123' title='bbox 449 1920 701 1976; x_wconf 75' lang='lat' dir='ltr'><strong><em>Ecclesia:</em></strong></span> <span class='ocrx_word' id='word_1_124' title='bbox 730 1916 1008 1986; x_wconf 78' lang='lat' dir='ltr'><strong><em>disciplina</em></strong></span> <span class='ocrx_word' id='word_1_125' title='bbox 1037 1911 1258 1967; x_wconf 84' lang='lat' dir='ltr'><strong><em>visibilis</em></strong></span> <span class='ocrx_word' id='word_1_126' title='bbox 1284 1909 1455 1965; x_wconf 82' lang='lat' dir='ltr'><strong><em>fuerat</em></strong></span> <span class='ocrx_word' id='word_1_127' title='bbox 1477 1907 1680 1979; x_wconf 80' lang='lat' dir='ltr'><strong><em>gladius</em></strong></span> <span class='ocrx_word' id='word_1_128' title='bbox 1706 1915 2027 1962; x_wconf 88' lang='lat' dir='ltr'><strong><em>cessaturus.</em></strong></span> 
     </span>
    </p>
   </div>
   <div class='ocr_carea' id='block_1_20' title="bbox 450 1996 2029 2078">
    <p class='ocr_par' dir='ltr' id='par_1_20' title="bbox 450 1996 2029 2078">
     <span class='ocr_line' id='line_1_20' title="bbox 450 1996 2029 2078; baseline -0.008 -14"><span class='ocrx_word' id='word_1_129' title='bbox 450 2009 580 2073; x_wconf 86' lang='lat' dir='ltr'><strong><em>Nec,</em></strong></span> <span class='ocrx_word' id='word_1_130' title='bbox 612 2008 734 2078; x_wconf 88' lang='lat' dir='ltr'><strong><em>quia</em></strong></span> <span class='ocrx_word' id='word_1_131' title='bbox 759 2006 945 2061; x_wconf 89' lang='lat' dir='ltr'><strong><em>beatus</em></strong></span> <span class='ocrx_word' id='word_1_132' title='bbox 979 2001 1264 2072; x_wconf 86' lang='lat' dir='ltr'><strong><em>Apostolus</em></strong></span> <span class='ocrx_word' id='word_1_133' title='bbox 1294 2000 1431 2054; x_wconf 90' lang='lat' dir='ltr'><strong><em>inter</em></strong></span> <span class='ocrx_word' id='word_1_134' title='bbox 1460 1997 1622 2052; x_wconf 88' lang='lat' dir='ltr'><strong><em>falsos</em></strong></span> <span class='ocrx_word' id='word_1_135' title='bbox 1661 1996 1852 2051; x_wconf 80' lang='lat' dir='ltr'><strong><em>fratres</em></strong></span> <span class='ocrx_word' id='word_1_136' title='bbox 1893 1996 2029 2051; x_wconf 82' lang='lat' dir='ltr'><strong><em>tole-</em></strong></span> 
     </span>
    </p>
   </div>
   <div class='ocr_carea' id='block_1_21' title="bbox 452 2085 2032 2167">
    <p class='ocr_par' dir='ltr' id='par_1_21' title="bbox 452 2085 2032 2167">
     <span class='ocr_line' id='line_1_21' title="bbox 452 2085 2032 2167; baseline -0.008 -13"><span class='ocrx_word' id='word_1_137' title='bbox 452 2098 758 2155; x_wconf 89' lang='lat' dir='ltr'><strong><em>rantissime</em></strong></span> <span class='ocrx_word' id='word_1_138' title='bbox 792 2093 1139 2167; x_wconf 84' lang='lat' dir='ltr'><strong><em>congemiscit</em></strong></span> <span class='ocrx_word' id='word_1_139' title='bbox 1184 2090 1248 2160; x_wconf 91' lang='lat' dir='ltr'><strong><em>(ll</em></strong></span> <span class='ocrx_word' id='word_1_140' title='bbox 1279 2090 1396 2145; x_wconf 82' lang='lat' dir='ltr'><strong><em>Cor.</em></strong></span> <span class='ocrx_word' id='word_1_141' title='bbox 1431 2105 1505 2154; x_wconf 74' lang='lat' dir='ltr'><strong><em>si,</em></strong></span> <span class='ocrx_word' id='word_1_142' title='bbox 1545 2085 1661 2160; x_wconf 69' lang='grc'><strong><em>26),</em></strong></span> <span class='ocrx_word' id='word_1_143' title='bbox 1694 2097 1747 2142; x_wconf 90' lang='lat' dir='ltr'><strong><em>et</em></strong></span> <span class='ocrx_word' id='word_1_144' title='bbox 1775 2087 2032 2158; x_wconf 88' lang='lat' dir='ltr'><strong><em>quosdam</em></strong></span> 
     </span>
    </p>
   </div>
   <div class='ocr_carea' id='block_1_22' title="bbox 453 2177 2034 2248">
    <p class='ocr_par' dir='ltr' id='par_1_22' title="bbox 453 2177 2034 2248">
     <span class='ocr_line' id='line_1_22' title="bbox 453 2177 2034 2248; baseline -0.009 -2"><span class='ocrx_word' id='word_1_145' title='bbox 453 2189 615 2246; x_wconf 89' lang='lat' dir='ltr'><strong><em>etiam</em></strong></span> <span class='ocrx_word' id='word_1_146' title='bbox 655 2185 933 2243; x_wconf 89' lang='lat' dir='ltr'><strong><em>diabolicis</em></strong></span> <span class='ocrx_word' id='word_1_147' title='bbox 972 2181 1278 2240; x_wconf 74' lang='lat' dir='ltr'><strong><em>invidentia:</em></strong></span> <span class='ocrx_word' id='word_1_148' title='bbox 1321 2180 1552 2237; x_wconf 89' lang='lat' dir='ltr'><strong><em>stimulis</em></strong></span> <span class='ocrx_word' id='word_1_149' title='bbox 1595 2179 1844 2248; x_wconf 84' lang='lat' dir='ltr'><strong><em>agitatos,</em></strong></span> <span class='ocrx_word' id='word_1_150' title='bbox 1875 2177 2034 2234; x_wconf 85' lang='lat' dir='ltr'><strong><em>Chri-</em></strong></span> 
     </span>
    </p>
   </div>
   <div class='ocr_carea' id='block_1_23' title="bbox 453 2269 2031 2346">
    <p class='ocr_par' dir='ltr' id='par_1_23' title="bbox 453 2269 2031 2346">
     <span class='ocr_line' id='line_1_23' title="bbox 453 2269 2031 2346; baseline -0.008 -11"><span class='ocrx_word' id='word_1_151' title='bbox 453 2288 593 2335; x_wconf 85' lang='lat' dir='ltr'><strong><em>stum</em></strong></span> <span class='ocrx_word' id='word_1_152' title='bbox 625 2288 800 2332; x_wconf 86' lang='lat' dir='ltr'><strong><em>tamen</em></strong></span> <span class='ocrx_word' id='word_1_153' title='bbox 831 2275 1119 2346; x_wconf 64' lang='lat' dir='ltr'><strong><em>praedicare</em></strong></span> <span class='ocrx_word' id='word_1_154' title='bbox 1149 2273 1402 2345; x_wconf 87' lang='lat' dir='ltr'><strong><em>permittit</em></strong></span> <span class='ocrx_word' id='word_1_155' title='bbox 1433 2270 1691 2344; x_wconf 85' lang='lat' dir='ltr'><strong><em>(Philipp.</em></strong></span> <span class='ocrx_word' id='word_1_156' title='bbox 1724 2287 1770 2338; x_wconf 90' lang='grc' dir='ltr'><strong><em>ι,</em></strong></span> <span class='ocrx_word' id='word_1_157' title='bbox 1807 2269 2031 2339; x_wconf 78' lang='grc'><strong><em>15-18);</em></strong></span> 
     </span>
    </p>
   </div>
   <div class='ocr_carea' id='block_1_24' title="bbox 455 2359 2035 2439">
    <p class='ocr_par' dir='ltr' id='par_1_24' title="bbox 455 2359 2035 2439">
     <span class='ocr_line' id='line_1_24' title="bbox 455 2359 2035 2439; baseline -0.007 -16"><span class='ocrx_word' id='word_1_158' title='bbox 455 2369 575 2424; x_wconf 91' lang='lat' dir='ltr'><strong><em>ideo</em></strong></span> <span class='ocrx_word' id='word_1_159' title='bbox 605 2366 929 2439; x_wconf 89' lang='lat' dir='ltr'><strong><em>parcendum</em></strong></span> <span class='ocrx_word' id='word_1_160' title='bbox 958 2373 1141 2420; x_wconf 89' lang='lat' dir='ltr'><strong><em>censet</em></strong></span> <span class='ocrx_word' id='word_1_161' title='bbox 1167 2365 1240 2418; x_wconf 87' lang='lat' dir='ltr'><strong><em>illi</em></strong></span> <span class='ocrx_word' id='word_1_162' title='bbox 1265 2363 1352 2434; x_wconf 90' lang='lat' dir='ltr'><strong><em>qui</em></strong></span> <span class='ocrx_word' id='word_1_163' title='bbox 1383 2377 1606 2416; x_wconf 80' lang='lat' dir='ltr'><strong><em>uxorem</em></strong></span> <span class='ocrx_word' id='word_1_164' title='bbox 1635 2361 1797 2430; x_wconf 86' lang='lat' dir='ltr'><strong><em>patris</em></strong></span> <span class='ocrx_word' id='word_1_165' title='bbox 1827 2359 1908 2414; x_wconf 90' lang='lat' dir='ltr'><strong><em>sui</em></strong></span> <span class='ocrx_word' id='word_1_166' title='bbox 1936 2359 2035 2413; x_wconf 87' lang='lat' dir='ltr'><strong><em>ba-</em></strong></span> 
     </span>
    </p>
   </div>
   <div class='ocr_carea' id='block_1_25' title="bbox 455 2449 2034 2529">
    <p class='ocr_par' dir='ltr' id='par_1_25' title="bbox 455 2449 2034 2529">
     <span class='ocr_line' id='line_1_25' title="bbox 455 2449 2034 2529; baseline -0.007 -14"><span class='ocrx_word' id='word_1_167' title='bbox 455 2461 600 2525; x_wconf 87' lang='lat' dir='ltr'><strong><em>buit;</em></strong></span> <span class='ocrx_word' id='word_1_168' title='bbox 632 2473 787 2529; x_wconf 89' lang='lat' dir='ltr'><strong><em>quem</em></strong></span> <span class='ocrx_word' id='word_1_169' title='bbox 820 2456 1060 2528; x_wconf 72' lang='lat' dir='ltr'><strong><em>prazcipit</em></strong></span> <span class='ocrx_word' id='word_1_170' title='bbox 1101 2462 1416 2525; x_wconf 82' lang='lat' dir='ltr'><strong><em>congregata</em></strong></span> <span class='ocrx_word' id='word_1_171' title='bbox 1447 2451 1688 2507; x_wconf 81' lang='lat' dir='ltr'><strong><em>Ecclesia</em></strong></span> <span class='ocrx_word' id='word_1_172' title='bbox 1721 2449 2034 2505; x_wconf 90' lang='lat' dir='ltr'><strong><em>tradendum</em></strong></span> 
     </span>
    </p>
   </div>
   <div class='ocr_carea' id='block_1_26' title="bbox 456 2542 2036 2615">
    <p class='ocr_par' dir='ltr' id='par_1_26' title="bbox 456 2542 2036 2615">
     <span class='ocr_line' id='line_1_26' title="bbox 456 2542 2036 2615; baseline -0.007 -8"><span class='ocrx_word' id='word_1_173' title='bbox 456 2561 658 2607; x_wconf 75' lang='lat' dir='ltr'><strong><em>satance</em></strong></span> <span class='ocrx_word' id='word_1_174' title='bbox 706 2551 761 2605; x_wconf 91' lang='lat' dir='ltr'><strong><em>in</em></strong></span> <span class='ocrx_word' id='word_1_175' title='bbox 792 2550 1063 2604; x_wconf 90' lang='lat' dir='ltr'><strong><em>interitum</em></strong></span> <span class='ocrx_word' id='word_1_176' title='bbox 1099 2549 1298 2614; x_wconf 86' lang='lat' dir='ltr'><strong><em>carnis,</em></strong></span> <span class='ocrx_word' id='word_1_177' title='bbox 1327 2556 1384 2601; x_wconf 91' lang='lat' dir='ltr'><strong><em>ut</em></strong></span> <span class='ocrx_word' id='word_1_178' title='bbox 1429 2545 1646 2615; x_wconf 87' lang='lat' dir='ltr'><strong><em>spiritus</em></strong></span> <span class='ocrx_word' id='word_1_179' title='bbox 1675 2543 1850 2598; x_wconf 89' lang='lat' dir='ltr'><strong><em>salvus</em></strong></span> <span class='ocrx_word' id='word_1_180' title='bbox 1889 2544 1956 2598; x_wconf 88' lang='lat' dir='ltr'><strong><em>sit</em></strong></span> <span class='ocrx_word' id='word_1_181' title='bbox 1985 2542 2036 2597; x_wconf 93' lang='lat' dir='ltr'><strong><em>in</em></strong></span> 
     </span>
    </p>
   </div>
   <div class='ocr_carea' id='block_1_27' title="bbox 455 2633 2040 2710">
    <p class='ocr_par' dir='ltr' id='par_1_27' title="bbox 455 2633 2040 2710">
     <span class='ocr_line' id='line_1_27' title="bbox 455 2633 2040 2710; baseline -0.007 -11"><span class='ocrx_word' id='word_1_182' title='bbox 455 2644 544 2700; x_wconf 91' lang='lat' dir='ltr'><strong><em>die</em></strong></span> <span class='ocrx_word' id='word_1_183' title='bbox 573 2642 781 2698; x_wconf 91' lang='lat' dir='ltr'><strong><em>Domini</em></strong></span> <span class='ocrx_word' id='word_1_184' title='bbox 809 2641 934 2697; x_wconf 85' lang='lat' dir='ltr'><strong><em>Jesu</em></strong></span> <span class='ocrx_word' id='word_1_185' title='bbox 963 2639 1007 2709; x_wconf 88' lang='grc'><strong><em>(1</em></strong></span> <span class='ocrx_word' id='word_1_186' title='bbox 1033 2639 1150 2694; x_wconf 89' lang='lat' dir='ltr'><strong><em>Cor.</em></strong></span> <span class='ocrx_word' id='word_1_187' title='bbox 1185 2655 1237 2704; x_wconf 92' lang='lat' dir='ltr'><strong><em>v,</em></strong></span> <span class='ocrx_word' id='word_1_188' title='bbox 1276 2636 1389 2710; x_wconf 79' lang='grc'><strong><em>1-5)</em></strong></span> <span class='ocrx_word' id='word_1_189' title='bbox 1424 2654 1437 2689; x_wconf 89' lang='lat'><strong>:</strong></span> <span class='ocrx_word' id='word_1_190' title='bbox 1469 2643 1561 2690; x_wconf 91' lang='lat' dir='ltr'><strong><em>aut</em></strong></span> <span class='ocrx_word' id='word_1_191' title='bbox 1602 2634 1722 2690; x_wconf 89' lang='lat' dir='ltr'><strong><em>ideo</em></strong></span> <span class='ocrx_word' id='word_1_192' title='bbox 1764 2634 1879 2704; x_wconf 90' lang='lat' dir='ltr'><strong><em>ipse</em></strong></span> <span class='ocrx_word' id='word_1_193' title='bbox 1907 2633 2040 2688; x_wconf 87' lang='lat' dir='ltr'><strong><em>alios</em></strong></span> 
     </span>
    </p>
   </div>
   <div class='ocr_carea' id='block_1_28' title="bbox 456 2724 2040 2796">
    <p class='ocr_par' dir='ltr' id='par_1_28' title="bbox 456 2724 2040 2796">
     <span class='ocr_line' id='line_1_28' title="bbox 456 2724 2040 2796; baseline -0.008 -6"><span class='ocrx_word' id='word_1_194' title='bbox 456 2750 562 2790; x_wconf 90' lang='lat' dir='ltr'><strong><em>non</em></strong></span> <span class='ocrx_word' id='word_1_195' title='bbox 595 2733 810 2788; x_wconf 83' lang='lat' dir='ltr'><strong><em>tradidit</em></strong></span> <span class='ocrx_word' id='word_1_196' title='bbox 838 2741 1068 2796; x_wconf 72' lang='lat' dir='ltr'><strong><em>satanas,</em></strong></span> <span class='ocrx_word' id='word_1_197' title='bbox 1117 2738 1174 2786; x_wconf 92' lang='lat' dir='ltr'><strong><em>ut</em></strong></span> <span class='ocrx_word' id='word_1_198' title='bbox 1209 2728 1479 2784; x_wconf 88' lang='lat' dir='ltr'><strong><em>discerent</em></strong></span> <span class='ocrx_word' id='word_1_199' title='bbox 1533 2742 1638 2781; x_wconf 91' lang='lat' dir='ltr'><strong><em>nou</em></strong></span> <span class='ocrx_word' id='word_1_200' title='bbox 1664 2724 2040 2796; x_wconf 83' lang='lat' dir='ltr'><strong><em>blasphemare</em></strong></span> 
     </span>
    </p>
   </div>
   <div class='ocr_carea' id='block_1_29' title="bbox 458 2815 2039 2898">
    <p class='ocr_par' dir='ltr' id='par_1_29' title="bbox 458 2815 2039 2898">
     <span class='ocr_line' id='line_1_29' title="bbox 458 2815 2039 2898; baseline -0.008 -17"><span class='ocrx_word' id='word_1_201' title='bbox 458 2825 502 2898; x_wconf 83' lang='grc' dir='ltr'><strong>(Ι</strong></span> <span class='ocrx_word' id='word_1_202' title='bbox 530 2823 660 2879; x_wconf 86' lang='lat' dir='ltr'><strong><em>Tim.</em></strong></span> <span class='ocrx_word' id='word_1_203' title='bbox 694 2840 731 2890; x_wconf 81' lang='grc' dir='ltr'><strong><em>ι,</em></strong></span> <span class='ocrx_word' id='word_1_204' title='bbox 755 2823 850 2894; x_wconf 73' lang='lat'><strong><em>20)</em></strong></span> <span class='ocrx_word' id='word_1_205' title='bbox 884 2841 896 2876; x_wconf 89' lang='lat'>:</span> <span class='ocrx_word' id='word_1_206' title='bbox 929 2831 1023 2877; x_wconf 89' lang='lat' dir='ltr'><strong><em>aut</em></strong></span> <span class='ocrx_word' id='word_1_207' title='bbox 1061 2822 1254 2876; x_wconf 86' lang='lat' dir='ltr'><strong><em>frustra</em></strong></span> <span class='ocrx_word' id='word_1_208' title='bbox 1283 2819 1432 2884; x_wconf 86' lang='lat' dir='ltr'><strong><em>dicit,</em></strong></span> <span class='ocrx_word' id='word_1_209' title='bbox 1464 2817 1662 2888; x_wconf 90' lang='lat' dir='ltr'><strong><em>Scripsi</em></strong></span> <span class='ocrx_word' id='word_1_210' title='bbox 1690 2815 1824 2870; x_wconf 81' lang='lat' dir='ltr'><strong><em>vobis</em></strong></span> <span class='ocrx_word' id='word_1_211' title='bbox 1848 2816 1900 2869; x_wconf 90' lang='lat' dir='ltr'><strong><em>in</em></strong></span> <span class='ocrx_word' id='word_1_212' title='bbox 1929 2816 2039 2887; x_wconf 88' lang='lat' dir='ltr'><strong><em>epi-</em></strong></span> 
     </span>
    </p>
   </div>
   <div class='ocr_carea' id='block_1_30' title="bbox 457 2905 2042 2980">
    <p class='ocr_par' dir='ltr' id='par_1_30' title="bbox 457 2905 2042 2980">
     <span class='ocr_line' id='line_1_30' title="bbox 457 2905 2042 2980; baseline -0.006 -11"><span class='ocrx_word' id='word_1_213' title='bbox 457 2915 588 2970; x_wconf 91' lang='lat' dir='ltr'><strong><em>stola</em></strong></span> <span class='ocrx_word' id='word_1_214' title='bbox 616 2931 716 2968; x_wconf 89' lang='lat' dir='ltr'><strong><em>non</em></strong></span> <span class='ocrx_word' id='word_1_215' title='bbox 741 2912 1052 2967; x_wconf 89' lang='lat' dir='ltr'><strong><em>commisceri</em></strong></span> <span class='ocrx_word' id='word_1_216' title='bbox 1080 2910 1387 2980; x_wconf 85' lang='lat' dir='ltr'><strong><em>fornicariis,</em></strong></span> <span class='ocrx_word' id='word_1_217' title='bbox 1418 2925 1518 2962; x_wconf 90' lang='lat' dir='ltr'><strong><em>non</em></strong></span> <span class='ocrx_word' id='word_1_218' title='bbox 1549 2908 1716 2977; x_wconf 86' lang='lat' dir='ltr'><strong><em>utique</em></strong></span> <span class='ocrx_word' id='word_1_219' title='bbox 1752 2905 2042 2977; x_wconf 88' lang='lat' dir='ltr'><strong><em>fornicariis</em></strong></span> 
     </span>
    </p>
   </div>
   <div class='ocr_carea' id='block_1_31' title="bbox 465 2996 2044 3075">
    <p class='ocr_par' dir='ltr' id='par_1_31' title="bbox 465 2996 2044 3075">
     <span class='ocr_line' id='line_1_31' title="bbox 465 2996 2044 3075; baseline -0.006 -17"><span class='ocrx_word' id='word_1_220' title='bbox 465 3005 620 3075; x_wconf 83' lang='lat' dir='ltr'><strong><em>hujus</em></strong></span> <span class='ocrx_word' id='word_1_221' title='bbox 644 3003 839 3068; x_wconf 88' lang='lat' dir='ltr'><strong><em>mundi,</em></strong></span> <span class='ocrx_word' id='word_1_222' title='bbox 871 3010 958 3055; x_wconf 90' lang='lat' dir='ltr'><strong><em>aut</em></strong></span> <span class='ocrx_word' id='word_1_223' title='bbox 986 3001 1172 3066; x_wconf 85' lang='lat' dir='ltr'><strong><em>avaris,</em></strong></span> <span class='ocrx_word' id='word_1_224' title='bbox 1201 3009 1288 3052; x_wconf 89' lang='lat' dir='ltr'><strong><em>aut</em></strong></span> <span class='ocrx_word' id='word_1_225' title='bbox 1312 2998 1616 3068; x_wconf 76' lang='lat' dir='ltr'><strong><em>raptoribus,</em></strong></span> <span class='ocrx_word' id='word_1_226' title='bbox 1641 3006 1726 3050; x_wconf 88' lang='lat' dir='ltr'><strong><em>aut</em></strong></span> <span class='ocrx_word' id='word_1_227' title='bbox 1755 2996 1908 3050; x_wconf 82' lang='lat' dir='ltr'><strong><em>idolis</em></strong></span> <span class='ocrx_word' id='word_1_228' title='bbox 1939 3012 2044 3050; x_wconf 88' lang='lat' dir='ltr'><strong><em>ser-</em></strong></span> 
     </span>
    </p>
   </div>
   <div class='ocr_carea' id='block_1_32' title="bbox 461 3086 2044 3162">
    <p class='ocr_par' dir='ltr' id='par_1_32' title="bbox 461 3086 2044 3162">
     <span class='ocr_line' id='line_1_32' title="bbox 461 3086 2044 3162; baseline -0.007 -12"><span class='ocrx_word' id='word_1_229' title='bbox 461 3094 735 3158; x_wconf 72' lang='lat' dir='ltr'><strong><em>vientibus;</em></strong></span> <span class='ocrx_word' id='word_1_230' title='bbox 791 3091 1017 3162; x_wconf 86' lang='lat' dir='ltr'><strong><em>alioquin</em></strong></span> <span class='ocrx_word' id='word_1_231' title='bbox 1063 3089 1344 3144; x_wconf 88' lang='lat' dir='ltr'><strong><em>debueratis</em></strong></span> <span class='ocrx_word' id='word_1_232' title='bbox 1375 3087 1438 3141; x_wconf 90' lang='lat' dir='ltr'><strong><em>de</em></strong></span> <span class='ocrx_word' id='word_1_233' title='bbox 1486 3088 1580 3141; x_wconf 89' lang='lat' dir='ltr'><strong><em>hoc</em></strong></span> <span class='ocrx_word' id='word_1_234' title='bbox 1633 3086 1821 3140; x_wconf 88' lang='lat' dir='ltr'><strong><em>mundo</em></strong></span> <span class='ocrx_word' id='word_1_235' title='bbox 1863 3087 1998 3140; x_wconf 76' lang='lat' dir='ltr'><strong><em>exire</em></strong></span> <span class='ocrx_word' id='word_1_236' title='bbox 2025 3101 2044 3140; x_wconf 90' lang='lat'><strong><em>:</em></strong></span> 
     </span>
    </p>
   </div>
   <div class='ocr_carea' id='block_1_33' title="bbox 464 3177 2046 3253">
    <p class='ocr_par' dir='ltr' id='par_1_33' title="bbox 464 3177 2046 3253">
     <span class='ocr_line' id='line_1_33' title="bbox 464 3177 2046 3253; baseline -0.006 -13"><span class='ocrx_word' id='word_1_237' title='bbox 464 3202 598 3241; x_wconf 88' lang='lat' dir='ltr'><strong><em>nunc</em></strong></span> <span class='ocrx_word' id='word_1_238' title='bbox 624 3191 789 3238; x_wconf 82' lang='lat' dir='ltr'><strong><em>autent</em></strong></span> <span class='ocrx_word' id='word_1_239' title='bbox 815 3183 997 3253; x_wconf 88' lang='lat' dir='ltr'><strong><em>scripsi</em></strong></span> <span class='ocrx_word' id='word_1_240' title='bbox 1025 3180 1161 3234; x_wconf 81' lang='lat' dir='ltr'><strong><em>vobis</em></strong></span> <span class='ocrx_word' id='word_1_241' title='bbox 1190 3196 1291 3233; x_wconf 90' lang='lat' dir='ltr'><strong><em>non</em></strong></span> <span class='ocrx_word' id='word_1_242' title='bbox 1317 3177 1648 3243; x_wconf 86' lang='lat' dir='ltr'><strong><em>commisceri,</em></strong></span> <span class='ocrx_word' id='word_1_243' title='bbox 1686 3177 1731 3230; x_wconf 91' lang='lat' dir='ltr'><strong><em>si</em></strong></span> <span class='ocrx_word' id='word_1_244' title='bbox 1754 3177 1866 3247; x_wconf 86' lang='lat' dir='ltr'><strong><em>quis</em></strong></span> <span class='ocrx_word' id='word_1_245' title='bbox 1887 3179 2046 3248; x_wconf 90' lang='lat' dir='ltr'><strong><em>frater</em></strong></span> 
     </span>
    </p>
   </div>
   <div class='ocr_carea' id='block_1_34' title="bbox 463 3267 2043 3342">
    <p class='ocr_par' dir='ltr' id='par_1_34' title="bbox 463 3267 2043 3342">
     <span class='ocr_line' id='line_1_34' title="bbox 463 3267 2043 3342; baseline -0.007 -11"><span class='ocrx_word' id='word_1_246' title='bbox 463 3277 753 3331; x_wconf 85' lang='lat' dir='ltr'><strong><em>nominatur</em></strong></span> <span class='ocrx_word' id='word_1_247' title='bbox 777 3282 862 3326; x_wconf 90' lang='lat' dir='ltr'><strong><em>aut</em></strong></span> <span class='ocrx_word' id='word_1_248' title='bbox 901 3272 1198 3342; x_wconf 75' lang='lat' dir='ltr'><strong><em>fornicator,</em></strong></span> <span class='ocrx_word' id='word_1_249' title='bbox 1239 3278 1325 3322; x_wconf 93' lang='lat' dir='ltr'><strong><em>aut</em></strong></span> <span class='ocrx_word' id='word_1_250' title='bbox 1353 3267 1506 3322; x_wconf 79' lang='lat' dir='ltr'><strong><em>idolis</em></strong></span> <span class='ocrx_word' id='word_1_251' title='bbox 1536 3267 1773 3334; x_wconf 86' lang='lat' dir='ltr'><strong><em>serviens,</em></strong></span> <span class='ocrx_word' id='word_1_252' title='bbox 1811 3276 1898 3320; x_wconf 89' lang='lat' dir='ltr'><strong><em>aut</em></strong></span> <span class='ocrx_word' id='word_1_253' title='bbox 1922 3283 2043 3320; x_wconf 85' lang='lat' dir='ltr'><strong><em>ava-</em></strong></span> 
     </span>
    </p>
   </div>
   <div class='ocr_carea' id='block_1_35' title="bbox 466 3358 2044 3432">
    <p class='ocr_par' dir='ltr' id='par_1_35' title="bbox 466 3358 2044 3432">
     <span class='ocr_line' id='line_1_35' title="bbox 466 3358 2044 3432; baseline -0.006 -10"><span class='ocrx_word' id='word_1_254' title='bbox 466 3384 576 3432; x_wconf 91' lang='lat' dir='ltr'><strong><em>rus,</em></strong></span> <span class='ocrx_word' id='word_1_255' title='bbox 605 3375 692 3419; x_wconf 90' lang='lat' dir='ltr'><strong><em>aut</em></strong></span> <span class='ocrx_word' id='word_1_256' title='bbox 719 3364 1019 3427; x_wconf 90' lang='lat' dir='ltr'><strong><em>maledicus,</em></strong></span> <span class='ocrx_word' id='word_1_257' title='bbox 1060 3371 1147 3415; x_wconf 91' lang='lat' dir='ltr'><strong><em>aut</em></strong></span> <span class='ocrx_word' id='word_1_258' title='bbox 1177 3361 1422 3427; x_wconf 85' lang='lat' dir='ltr'><strong><em>ebriosus,</em></strong></span> <span class='ocrx_word' id='word_1_259' title='bbox 1449 3367 1536 3413; x_wconf 89' lang='lat' dir='ltr'><strong><em>aut</em></strong></span> <span class='ocrx_word' id='word_1_260' title='bbox 1573 3374 1773 3431; x_wconf 73' lang='lat' dir='ltr'><strong><em>rapax;</em></strong></span> <span class='ocrx_word' id='word_1_261' title='bbox 1803 3375 1917 3413; x_wconf 89' lang='lat' dir='ltr'><strong><em>cum</em></strong></span> <span class='ocrx_word' id='word_1_262' title='bbox 1945 3358 2044 3412; x_wconf 90' lang='lat' dir='ltr'><strong><em>hu-</em></strong></span> 
     </span>
    </p>
   </div>
   <div class='ocr_carea' id='block_1_36' title="bbox 455 3450 2048 3529">
    <p class='ocr_par' dir='ltr' id='par_1_36' title="bbox 455 3450 2048 3529">
     <span class='ocr_line' id='line_1_36' title="bbox 455 3450 2048 3529; baseline -0.005 -16"><span class='ocrx_word' id='word_1_263' title='bbox 455 3456 687 3529; x_wconf 85' lang='lat' dir='ltr'><strong><em>jusmodi</em></strong></span> <span class='ocrx_word' id='word_1_264' title='bbox 727 3471 816 3509; x_wconf 91' lang='lat' dir='ltr'><strong><em>nec</em></strong></span> <span class='ocrx_word' id='word_1_265' title='bbox 847 3454 1010 3508; x_wconf 89' lang='lat' dir='ltr'><strong><em>cibum</em></strong></span> <span class='ocrx_word' id='word_1_266' title='bbox 1038 3451 1237 3523; x_wconf 84' lang='lat' dir='ltr'><strong><em>quidem</em></strong></span> <span class='ocrx_word' id='word_1_267' title='bbox 1263 3467 1476 3505; x_wconf 87' lang='lat' dir='ltr'><strong><em>sumere.</em></strong></span> <span class='ocrx_word' id='word_1_268' title='bbox 1523 3450 1633 3516; x_wconf 84' lang='lat' dir='ltr'><strong><em>Quo</em></strong></span> <span class='ocrx_word' id='word_1_269' title='bbox 1676 3451 1810 3504; x_wconf 91' lang='lat' dir='ltr'><strong><em>enim</em></strong></span> <span class='ocrx_word' id='word_1_270' title='bbox 1838 3452 1960 3504; x_wconf 88' lang='lat' dir='ltr'><strong><em>mihi</em></strong></span> <span class='ocrx_word' id='word_1_271' title='bbox 1985 3451 2048 3505; x_wconf 91' lang='lat' dir='ltr'><strong><em>de</em></strong></span> 
     </span>
    </p>
   </div>
   <div class='ocr_carea' id='block_1_37' title="bbox 467 3539 2046 3618">
    <p class='ocr_par' dir='ltr' id='par_1_37' title="bbox 467 3539 2046 3618">
     <span class='ocr_line' id='line_1_37' title="bbox 467 3539 2046 3618; baseline -0.005 -17"><span class='ocrx_word' id='word_1_272' title='bbox 467 3549 531 3601; x_wconf 90' lang='lat' dir='ltr'><strong><em>iis</em></strong></span> <span class='ocrx_word' id='word_1_273' title='bbox 557 3547 643 3617; x_wconf 88' lang='lat' dir='ltr'><strong><em>qui</em></strong></span> <span class='ocrx_word' id='word_1_274' title='bbox 674 3545 800 3618; x_wconf 88' lang='lat' dir='ltr'><strong><em>foris</em></strong></span> <span class='ocrx_word' id='word_1_275' title='bbox 824 3552 941 3598; x_wconf 89' lang='lat' dir='ltr'><strong><em>sunt</em></strong></span> <span class='ocrx_word' id='word_1_276' title='bbox 969 3541 1246 3612; x_wconf 83' lang='lat' dir='ltr'><strong><em>judicare?</em></strong></span> <span class='ocrx_word' id='word_1_277' title='bbox 1275 3539 1459 3594; x_wconf 88' lang='lat' dir='ltr'><strong><em>Nonne</em></strong></span> <span class='ocrx_word' id='word_1_278' title='bbox 1488 3540 1550 3594; x_wconf 90' lang='lat' dir='ltr'><strong><em>de</em></strong></span> <span class='ocrx_word' id='word_1_279' title='bbox 1574 3541 1635 3594; x_wconf 89' lang='lat' dir='ltr'><strong><em>iis</em></strong></span> <span class='ocrx_word' id='word_1_280' title='bbox 1660 3541 1746 3610; x_wconf 88' lang='lat' dir='ltr'><strong><em>qui</em></strong></span> <span class='ocrx_word' id='word_1_281' title='bbox 1769 3541 1905 3594; x_wconf 89' lang='lat' dir='ltr'><strong><em>intus</em></strong></span> <span class='ocrx_word' id='word_1_282' title='bbox 1930 3549 2046 3596; x_wconf 90' lang='lat' dir='ltr'><strong><em>sunt</em></strong></span> 
     </span>
    </p>
   </div>
   <div class='ocr_carea' id='block_1_38' title="bbox 467 3629 2045 3708">
    <p class='ocr_par' dir='ltr' id='par_1_38' title="bbox 467 3629 2045 3708">
     <span class='ocr_line' id='line_1_38' title="bbox 467 3629 2045 3708; baseline -0.006 -14"><span class='ocrx_word' id='word_1_283' title='bbox 467 3655 554 3694; x_wconf 77' lang='lat' dir='ltr'><strong><em>vos</em></strong></span> <span class='ocrx_word' id='word_1_284' title='bbox 577 3635 864 3708; x_wconf 84' lang='lat' dir='ltr'><strong><em>judicatis?</em></strong></span> <span class='ocrx_word' id='word_1_285' title='bbox 889 3631 968 3687; x_wconf 92' lang='lat' dir='ltr'><strong><em>De</em></strong></span> <span class='ocrx_word' id='word_1_286' title='bbox 1002 3633 1081 3686; x_wconf 85' lang='lat' dir='ltr'><strong><em>his</em></strong></span> <span class='ocrx_word' id='word_1_287' title='bbox 1109 3641 1276 3686; x_wconf 89' lang='lat' dir='ltr'><strong><em>autem</em></strong></span> <span class='ocrx_word' id='word_1_288' title='bbox 1303 3631 1388 3701; x_wconf 87' lang='lat' dir='ltr'><strong><em>qui</em></strong></span> <span class='ocrx_word' id='word_1_289' title='bbox 1414 3630 1540 3702; x_wconf 88' lang='lat' dir='ltr'><strong><em>foris</em></strong></span> <span class='ocrx_word' id='word_1_290' title='bbox 1578 3639 1695 3685; x_wconf 90' lang='lat' dir='ltr'><strong><em>sunt</em></strong></span> <span class='ocrx_word' id='word_1_291' title='bbox 1720 3629 1859 3684; x_wconf 89' lang='lat' dir='ltr'><strong><em>Deus</em></strong></span> <span class='ocrx_word' id='word_1_292' title='bbox 1897 3630 2045 3700; x_wconf 88' lang='lat' dir='ltr'><strong><em>judi-</em></strong></span> 
     </span>
    </p>
   </div>
   <div class='ocr_carea' id='block_1_39' title="bbox 467 3721 2044 3798">
    <p class='ocr_par' dir='ltr' id='par_1_39' title="bbox 467 3721 2044 3798">
     <span class='ocr_line' id='line_1_39' title="bbox 467 3721 2044 3798; baseline -0.005 -14"><span class='ocrx_word' id='word_1_293' title='bbox 467 3729 618 3784; x_wconf 89' lang='lat' dir='ltr'><strong><em>cabit.</em></strong></span> <span class='ocrx_word' id='word_1_294' title='bbox 652 3727 858 3798; x_wconf 79' lang='lat' dir='ltr'><strong><em>Auferte</em></strong></span> <span class='ocrx_word' id='word_1_295' title='bbox 885 3723 1078 3779; x_wconf 90' lang='lat' dir='ltr'><strong><em>malum</em></strong></span> <span class='ocrx_word' id='word_1_296' title='bbox 1106 3741 1168 3779; x_wconf 77' lang='lat' dir='ltr'><strong><em>ex</em></strong></span> <span class='ocrx_word' id='word_1_297' title='bbox 1214 3723 1351 3778; x_wconf 82' lang='lat' dir='ltr'><strong><em>vobis</em></strong></span> <span class='ocrx_word' id='word_1_298' title='bbox 1399 3723 1521 3794; x_wconf 86' lang='lat' dir='ltr'><strong><em>ipsis</em></strong></span> <span class='ocrx_word' id='word_1_299' title='bbox 1551 3721 1595 3794; x_wconf 84' lang='grc' dir='ltr'>(Ι</span> <span class='ocrx_word' id='word_1_300' title='bbox 1636 3722 1754 3778; x_wconf 92' lang='lat' dir='ltr'><strong><em>Cor.</em></strong></span> <span class='ocrx_word' id='word_1_301' title='bbox 1786 3740 1838 3789; x_wconf 90' lang='lat' dir='ltr'><strong><em>v,</em></strong></span> <span class='ocrx_word' id='word_1_302' title='bbox 1877 3722 2044 3794; x_wconf 71' lang='lat'><strong><em>9-15).</em></strong></span> 
     </span>
    </p>
   </div>
   <div class='ocr_carea' id='block_1_40' title="bbox 470 3812 2046 3889">
    <p class='ocr_par' dir='ltr' id='par_1_40' title="bbox 470 3812 2046 3889">
     <span class='ocr_line' id='line_1_40' title="bbox 470 3812 2046 3889; baseline -0.004 -14"><span class='ocrx_word' id='word_1_303' title='bbox 470 3818 573 3876; x_wconf 86' lang='lat' dir='ltr'><strong><em>Ubi</em></strong></span> <span class='ocrx_word' id='word_1_304' title='bbox 603 3817 816 3889; x_wconf 90' lang='lat' dir='ltr'><strong><em>quidem</em></strong></span> <span class='ocrx_word' id='word_1_305' title='bbox 841 3815 1003 3887; x_wconf 91' lang='lat' dir='ltr'><strong><em>aliqui</em></strong></span> <span class='ocrx_word' id='word_1_306' title='bbox 1025 3814 1076 3869; x_wconf 91' lang='lat' dir='ltr'><strong><em>id</em></strong></span> <span class='ocrx_word' id='word_1_307' title='bbox 1107 3813 1248 3884; x_wconf 92' lang='lat' dir='ltr'><strong><em>quod</em></strong></span> <span class='ocrx_word' id='word_1_308' title='bbox 1280 3812 1477 3868; x_wconf 90' lang='lat' dir='ltr'><strong><em>dictum</em></strong></span> <span class='ocrx_word' id='word_1_309' title='bbox 1504 3820 1605 3878; x_wconf 90' lang='lat' dir='ltr'><strong><em>est,</em></strong></span> <span class='ocrx_word' id='word_1_310' title='bbox 1647 3829 1709 3867; x_wconf 75' lang='lat' dir='ltr'><strong><em>ex</em></strong></span> <span class='ocrx_word' id='word_1_311' title='bbox 1736 3812 1873 3868; x_wconf 83' lang='lat' dir='ltr'><strong><em>vobis</em></strong></span> <span class='ocrx_word' id='word_1_312' title='bbox 1903 3813 2046 3884; x_wconf 88' lang='lat' dir='ltr'><strong><em>ipsis,</em></strong></span> 
     </span>
    </p>
   </div>
   <div class='ocr_carea' id='block_1_41' title="bbox 470 3904 2051 3979">
    <p class='ocr_par' dir='ltr' id='par_1_41' title="bbox 470 3904 2051 3979">
     <span class='ocr_line' id='line_1_41' title="bbox 470 3904 2051 3979; baseline -0.004 -13"><span class='ocrx_word' id='word_1_313' title='bbox 470 3913 543 3966; x_wconf 85' lang='lat' dir='ltr'><strong><em>ita</em></strong></span> <span class='ocrx_word' id='word_1_314' title='bbox 595 3909 915 3979; x_wconf 89' lang='lat' dir='ltr'><strong><em>intelligunt,</em></strong></span> <span class='ocrx_word' id='word_1_315' title='bbox 945 3914 1004 3962; x_wconf 92' lang='lat' dir='ltr'><strong><em>ut</em></strong></span> <span class='ocrx_word' id='word_1_316' title='bbox 1052 3921 1119 3961; x_wconf 83' lang='lat' dir='ltr'><strong><em>ex</em></strong></span> <span class='ocrx_word' id='word_1_317' title='bbox 1165 3921 1225 3961; x_wconf 90' lang='lat' dir='ltr'><strong><em>se</em></strong></span> <span class='ocrx_word' id='word_1_318' title='bbox 1270 3906 1387 3975; x_wconf 92' lang='lat' dir='ltr'><strong><em>ipso</em></strong></span> <span class='ocrx_word' id='word_1_319' title='bbox 1441 3904 1803 3975; x_wconf 89' lang='lat' dir='ltr'><strong><em>unusquisque</em></strong></span> <span class='ocrx_word' id='word_1_320' title='bbox 1846 3904 2051 3960; x_wconf 85' lang='lat' dir='ltr'><strong><em>auferat</em></strong></span> 
     </span>
    </p>
   </div>
   <div class='ocr_carea' id='block_1_42' title="bbox 471 3994 2052 4066">
    <p class='ocr_par' dir='ltr' id='par_1_42' title="bbox 471 3994 2052 4066">
     <span class='ocr_line' id='line_1_42' title="bbox 471 3994 2052 4066; baseline -0.003 -11"><span class='ocrx_word' id='word_1_321' title='bbox 471 4000 693 4064; x_wconf 88' lang='lat' dir='ltr'><strong><em>malum,</em></strong></span> <span class='ocrx_word' id='word_1_322' title='bbox 714 3999 812 4052; x_wconf 92' lang='lat' dir='ltr'><strong><em>hoc</em></strong></span> <span class='ocrx_word' id='word_1_323' title='bbox 827 4005 931 4062; x_wconf 89' lang='lat' dir='ltr'><strong><em>est,</em></strong></span> <span class='ocrx_word' id='word_1_324' title='bbox 955 4005 1013 4050; x_wconf 90' lang='lat' dir='ltr'><strong><em>ut</em></strong></span> <span class='ocrx_word' id='word_1_325' title='bbox 1032 3997 1146 4066; x_wconf 90' lang='lat' dir='ltr'><strong><em>ipse</em></strong></span> <span class='ocrx_word' id='word_1_326' title='bbox 1164 3995 1233 4050; x_wconf 90' lang='lat' dir='ltr'><strong><em>sit</em></strong></span> <span class='ocrx_word' id='word_1_327' title='bbox 1256 3995 1445 4050; x_wconf 84' lang='lat' dir='ltr'><strong><em>bonus.</em></strong></span> <span class='ocrx_word' id='word_1_328' title='bbox 1472 3994 1576 4050; x_wconf 90' lang='lat' dir='ltr'><strong><em>Sed</em></strong></span> <span class='ocrx_word' id='word_1_329' title='bbox 1609 3995 1857 4051; x_wconf 86' lang='lat' dir='ltr'><strong><em>utrolibet</em></strong></span> <span class='ocrx_word' id='word_1_330' title='bbox 1894 3995 2052 4051; x_wconf 92' lang='lat' dir='ltr'><strong><em>modo</em></strong></span> 
     </span>
    </p>
   </div>
   <div class='ocr_carea' id='block_1_43' title="bbox 473 4085 2052 4161">
    <p class='ocr_par' dir='ltr' id='par_1_43' title="bbox 473 4085 2052 4161">
     <span class='ocr_line' id='line_1_43' title="bbox 473 4085 2052 4161; baseline -0.004 -14"><span class='ocrx_word' id='word_1_331' title='bbox 473 4091 814 4161; x_wconf 78' lang='lat' dir='ltr'><strong><em>intelligatur,</em></strong></span> <span class='ocrx_word' id='word_1_332' title='bbox 831 4089 943 4142; x_wconf 87' lang='lat' dir='ltr'><strong><em>sive</em></strong></span> <span class='ocrx_word' id='word_1_333' title='bbox 959 4097 1015 4142; x_wconf 90' lang='lat' dir='ltr'><strong><em>ut</em></strong></span> <span class='ocrx_word' id='word_1_334' title='bbox 1029 4087 1310 4142; x_wconf 85' lang='lat' dir='ltr'><strong><em>severitate</em></strong></span> <span class='ocrx_word' id='word_1_335' title='bbox 1326 4086 1582 4142; x_wconf 77' lang='lat' dir='ltr'><strong><em>Ecclesim</em></strong></span> <span class='ocrx_word' id='word_1_336' title='bbox 1599 4085 1722 4140; x_wconf 91' lang='lat' dir='ltr'><strong><em>mali</em></strong></span> <span class='ocrx_word' id='word_1_337' title='bbox 1741 4101 2052 4141; x_wconf 81' lang='lat' dir='ltr'><strong><em>excommu-</em></strong></span> 
     </span>
    </p>
   </div>
   <div class='ocr_carea' id='block_1_44' title="bbox 472 4177 2054 4249">
    <p class='ocr_par' dir='ltr' id='par_1_44' title="bbox 472 4177 2054 4249">
     <span class='ocr_line' id='line_1_44' title="bbox 472 4177 2054 4249; baseline -0.006 -9"><span class='ocrx_word' id='word_1_338' title='bbox 472 4182 821 4240; x_wconf 88' lang='lat' dir='ltr'><strong><em>nicationibus</em></strong></span> <span class='ocrx_word' id='word_1_339' title='bbox 834 4178 1207 4249; x_wconf 86' lang='lat' dir='ltr'><strong><em>corripiantur,</em></strong></span> <span class='ocrx_word' id='word_1_340' title='bbox 1226 4178 1340 4233; x_wconf 86' lang='lat' dir='ltr'><strong><em>sive</em></strong></span> <span class='ocrx_word' id='word_1_341' title='bbox 1355 4186 1412 4231; x_wconf 90' lang='lat' dir='ltr'><strong><em>ut</em></strong></span> <span class='ocrx_word' id='word_1_342' title='bbox 1433 4191 1492 4232; x_wconf 90' lang='lat' dir='ltr'><strong><em>se</em></strong></span> <span class='ocrx_word' id='word_1_343' title='bbox 1515 4178 1739 4248; x_wconf 90' lang='lat' dir='ltr'><strong><em>quisque</em></strong></span> <span class='ocrx_word' id='word_1_344' title='bbox 1759 4177 2054 4248; x_wconf 88' lang='lat' dir='ltr'><strong><em>corripien-</em></strong></span> 
     </span>
    </p>
   </div>
   <div class='ocr_carea' id='block_1_45' title="bbox 473 4267 2054 4340">
    <p class='ocr_par' dir='ltr' id='par_1_45' title="bbox 473 4267 2054 4340">
     <span class='ocr_line' id='line_1_45' title="bbox 473 4267 2054 4340; baseline -0.006 -9"><span class='ocrx_word' id='word_1_345' title='bbox 473 4275 542 4330; x_wconf 89' lang='lat' dir='ltr'><strong><em>do</em></strong></span> <span class='ocrx_word' id='word_1_346' title='bbox 560 4282 614 4330; x_wconf 90' lang='lat' dir='ltr'><strong><em>et</em></strong></span> <span class='ocrx_word' id='word_1_347' title='bbox 637 4272 952 4340; x_wconf 87' lang='lat' dir='ltr'><strong><em>corrigendo</em></strong></span> <span class='ocrx_word' id='word_1_348' title='bbox 976 4285 1006 4324; x_wconf 90' lang='lat' dir='ltr'><strong><em>a</em></strong></span> <span class='ocrx_word' id='word_1_349' title='bbox 1027 4285 1084 4323; x_wconf 88' lang='lat' dir='ltr'><strong><em>se</em></strong></span> <span class='ocrx_word' id='word_1_350' title='bbox 1106 4270 1220 4338; x_wconf 89' lang='lat' dir='ltr'><strong><em>ipso</em></strong></span> <span class='ocrx_word' id='word_1_351' title='bbox 1235 4267 1439 4323; x_wconf 89' lang='lat' dir='ltr'><strong><em>auferat</em></strong></span> <span class='ocrx_word' id='word_1_352' title='bbox 1466 4269 1660 4322; x_wconf 92' lang='lat' dir='ltr'><strong><em>malum</em></strong></span> <span class='ocrx_word' id='word_1_353' title='bbox 1681 4285 1696 4332; x_wconf 90' lang='lat'><strong><em>;</em></strong></span> <span class='ocrx_word' id='word_1_354' title='bbox 1721 4268 1850 4322; x_wconf 90' lang='lat' dir='ltr'><strong><em>illud</em></strong></span> <span class='ocrx_word' id='word_1_355' title='bbox 1877 4277 2054 4323; x_wconf 89' lang='lat' dir='ltr'><strong><em>tamen</em></strong></span> 
     </span>
    </p>
   </div>
   <div class='ocr_carea' id='block_1_46' title="bbox 474 4358 2055 4436">
    <p class='ocr_par' dir='ltr' id='par_1_46' title="bbox 474 4358 2055 4436">
     <span class='ocr_line' id='line_1_46' title="bbox 474 4358 2055 4436; baseline -0.003 -19"><span class='ocrx_word' id='word_1_356' title='bbox 474 4362 614 4436; x_wconf 90' lang='lat' dir='ltr'><strong><em>quod</em></strong></span> <span class='ocrx_word' id='word_1_357' title='bbox 651 4377 811 4431; x_wconf 87' lang='lat' dir='ltr'><strong><em>supra</em></strong></span> <span class='ocrx_word' id='word_1_358' title='bbox 836 4359 1035 4414; x_wconf 85' lang='lat' dir='ltr'><strong><em>dictum</em></strong></span> <span class='ocrx_word' id='word_1_359' title='bbox 1064 4367 1166 4424; x_wconf 91' lang='lat' dir='ltr'><strong><em>est,</em></strong></span> <span class='ocrx_word' id='word_1_360' title='bbox 1210 4373 1314 4412; x_wconf 88' lang='lat' dir='ltr'><strong><em>non</em></strong></span> <span class='ocrx_word' id='word_1_361' title='bbox 1338 4358 1496 4412; x_wconf 89' lang='lat' dir='ltr'><strong><em>habet</em></strong></span> <span class='ocrx_word' id='word_1_362' title='bbox 1516 4359 1933 4428; x_wconf 86' lang='lat' dir='ltr'><strong><em>ambiguitatem,</em></strong></span> <span class='ocrx_word' id='word_1_363' title='bbox 1967 4359 2055 4413; x_wconf 88' lang='lat' dir='ltr'><strong><em>ubi</em></strong></span> 
     </span>
    </p>
   </div>
   <div class='ocr_carea' id='block_1_47' title="bbox 475 4447 2058 4525">
    <p class='ocr_par' dir='ltr' id='par_1_47' title="bbox 475 4447 2058 4525">
     <span class='ocr_line' id='line_1_47' title="bbox 475 4447 2058 4525; baseline -0.004 -16"><span class='ocrx_word' id='word_1_364' title='bbox 475 4453 713 4525; x_wconf 58' lang='lat' dir='ltr'><strong><em>praecipit</em></strong></span> <span class='ocrx_word' id='word_1_365' title='bbox 735 4465 840 4504; x_wconf 88' lang='lat' dir='ltr'><strong><em>non</em></strong></span> <span class='ocrx_word' id='word_1_366' title='bbox 863 4447 1196 4502; x_wconf 84' lang='lat' dir='ltr'><strong><em>commisceri</em></strong></span> <span class='ocrx_word' id='word_1_367' title='bbox 1213 4448 1290 4501; x_wconf 88' lang='lat' dir='ltr'><strong><em>eis</em></strong></span> <span class='ocrx_word' id='word_1_368' title='bbox 1309 4447 1556 4501; x_wconf 87' lang='lat' dir='ltr'><strong><em>fratribus</em></strong></span> <span class='ocrx_word' id='word_1_369' title='bbox 1571 4448 1660 4517; x_wconf 88' lang='lat' dir='ltr'><strong><em>qui</em></strong></span> <span class='ocrx_word' id='word_1_370' title='bbox 1688 4449 1740 4501; x_wconf 90' lang='lat' dir='ltr'><strong><em>in</em></strong></span> <span class='ocrx_word' id='word_1_371' title='bbox 1765 4449 1944 4518; x_wconf 81' lang='lat' dir='ltr'><strong><em>aliquo</em></strong></span> <span class='ocrx_word' id='word_1_372' title='bbox 1969 4465 2058 4503; x_wconf 93' lang='lat' dir='ltr'><strong><em>su-</em></strong></span> 
     </span>
    </p>
   </div>
   <div class='ocr_carea' id='block_1_48' title="bbox 477 4537 2051 4616">
    <p class='ocr_par' dir='ltr' id='par_1_48' title="bbox 477 4537 2051 4616">
     <span class='ocr_line' id='line_1_48' title="bbox 477 4537 2051 4616; baseline -0.005 -16"><span class='ocrx_word' id='word_1_373' title='bbox 477 4561 571 4616; x_wconf 88' lang='lat' dir='ltr'><strong><em>pra</em></strong></span> <span class='ocrx_word' id='word_1_374' title='bbox 586 4546 726 4599; x_wconf 88' lang='lat' dir='ltr'><strong><em>dicto</em></strong></span> <span class='ocrx_word' id='word_1_375' title='bbox 751 4543 877 4597; x_wconf 88' lang='lat' dir='ltr'><strong><em>vitio</em></strong></span> <span class='ocrx_word' id='word_1_376' title='bbox 899 4540 1254 4604; x_wconf 90' lang='lat' dir='ltr'><strong><em>nominantur,</em></strong></span> <span class='ocrx_word' id='word_1_377' title='bbox 1279 4539 1331 4592; x_wconf 91' lang='lat' dir='ltr'><strong><em>id</em></strong></span> <span class='ocrx_word' id='word_1_378' title='bbox 1351 4546 1452 4605; x_wconf 88' lang='lat' dir='ltr'><strong><em>est,</em></strong></span> <span class='ocrx_word' id='word_1_379' title='bbox 1469 4539 1578 4592; x_wconf 87' lang='lat' dir='ltr'><strong><em>noti</em></strong></span> <span class='ocrx_word' id='word_1_380' title='bbox 1603 4537 1898 4610; x_wconf 87' lang='lat' dir='ltr'><strong><em>famosique</em></strong></span> <span class='ocrx_word' id='word_1_381' title='bbox 1912 4549 2051 4595; x_wconf 89' lang='lat' dir='ltr'><strong><em>sunt.</em></strong></span> 
     </span>
    </p>
   </div>
   <div class='ocr_carea' id='block_1_49' title="bbox 547 4628 2049 4700">
    <p class='ocr_par' dir='ltr' id='par_1_49' title="bbox 547 4628 2049 4700">
     <span class='ocr_line' id='line_1_49' title="bbox 547 4628 2049 4700; baseline -0.001 -16"><span class='ocrx_word' id='word_1_382' title='bbox 547 4632 770 4688; x_wconf 79' lang='lat' dir='ltr'><strong>CAPUT</strong></span> <span class='ocrx_word' id='word_1_383' title='bbox 825 4631 910 4685; x_wconf 89' lang='lat' dir='ltr'><strong><em>Ill.</em></strong></span> <span class='ocrx_word' id='word_1_384' title='bbox 946 4659 1016 4670; x_wconf 89' lang='lat'><strong>—</strong></span> <span class='ocrx_word' id='word_1_385' title='bbox 1055 4628 1168 4696; x_wconf 86' lang='lat' dir='ltr'><strong><em>Quo</em></strong></span> <span class='ocrx_word' id='word_1_386' title='bbox 1211 4628 1380 4682; x_wconf 88' lang='lat' dir='ltr'><strong><em>animo</em></strong></span> <span class='ocrx_word' id='word_1_387' title='bbox 1421 4639 1680 4698; x_wconf 79' lang='lat' dir='ltr'><strong><em>peccantes</em></strong></span> <span class='ocrx_word' id='word_1_388' title='bbox 1722 4631 2049 4700; x_wconf 87' lang='lat' dir='ltr'><strong><em>corripiendi.</em></strong></span> 
     </span>
    </p>
   </div>
   <div class='ocr_carea' id='block_1_50' title="bbox 479 4720 2052 4793">
    <p class='ocr_par' dir='ltr' id='par_1_50' title="bbox 479 4720 2052 4793">
     <span class='ocr_line' id='line_1_50' title="bbox 479 4720 2052 4793; baseline -0.003 -12"><span class='ocrx_word' id='word_1_389' title='bbox 479 4725 686 4781; x_wconf 86' lang='lat' dir='ltr'><strong><em>Domini</em></strong></span> <span class='ocrx_word' id='word_1_390' title='bbox 713 4732 1012 4793; x_wconf 65' lang='lat' dir='ltr'><strong><em>prere-cptum</em></strong></span> <span class='ocrx_word' id='word_1_391' title='bbox 1059 4723 1122 4776; x_wconf 90' lang='lat' dir='ltr'><strong><em>de</em></strong></span> <span class='ocrx_word' id='word_1_392' title='bbox 1166 4721 1476 4792; x_wconf 88' lang='lat' dir='ltr'><strong><em>corrigendis</em></strong></span> <span class='ocrx_word' id='word_1_393' title='bbox 1514 4720 1680 4775; x_wconf 85' lang='lat' dir='ltr'><strong><em>malis.</em></strong></span> <span class='ocrx_word' id='word_1_394' title='bbox 1723 4721 1839 4788; x_wconf 86' lang='lat' dir='ltr'><strong><em>Quo</em></strong></span> <span class='ocrx_word' id='word_1_395' title='bbox 1875 4731 2052 4777; x_wconf 86' lang='lat' dir='ltr'><strong><em>autem</em></strong></span> 
     </span>
    </p>
   </div>
   <div class='ocr_carea' id='block_1_51' title="bbox 479 4814 2054 4886">
    <p class='ocr_par' dir='ltr' id='par_1_51' title="bbox 479 4814 2054 4886">
     <span class='ocr_line' id='line_1_51' title="bbox 479 4814 2054 4886; baseline -0.001 -14"><span class='ocrx_word' id='word_1_396' title='bbox 479 4818 659 4872; x_wconf 89' lang='lat' dir='ltr'><strong><em>animo</em></strong></span> <span class='ocrx_word' id='word_1_397' title='bbox 696 4825 750 4871; x_wconf 90' lang='lat' dir='ltr'><strong><em>et</em></strong></span> <span class='ocrx_word' id='word_1_398' title='bbox 791 4829 892 4886; x_wconf 88' lang='lat' dir='ltr'><strong><em>qua</em></strong></span> <span class='ocrx_word' id='word_1_399' title='bbox 922 4815 1180 4870; x_wconf 84' lang='lat' dir='ltr'><strong><em>charitate</em></strong></span> <span class='ocrx_word' id='word_1_400' title='bbox 1210 4815 1514 4869; x_wconf 89' lang='lat' dir='ltr'><strong><em>misericors</em></strong></span> <span class='ocrx_word' id='word_1_401' title='bbox 1549 4814 1645 4868; x_wconf 89' lang='lat' dir='ltr'><strong><em>ista</em></strong></span> <span class='ocrx_word' id='word_1_402' title='bbox 1676 4815 1931 4870; x_wconf 87' lang='lat' dir='ltr'><strong><em>severitas</em></strong></span> <span class='ocrx_word' id='word_1_403' title='bbox 1956 4815 2054 4870; x_wconf 89' lang='lat' dir='ltr'><strong><em>ad-</em></strong></span> 
     </span>
    </p>
   </div>
   <div class='ocr_carea' id='block_1_52' title="bbox 481 4905 2055 4977">
    <p class='ocr_par' dir='ltr' id='par_1_52' title="bbox 481 4905 2055 4977">
     <span class='ocr_line' id='line_1_52' title="bbox 481 4905 2055 4977; baseline -0.003 -12"><span class='ocrx_word' id='word_1_404' title='bbox 481 4908 710 4966; x_wconf 84' lang='lat' dir='ltr'><strong><em>hibenda</em></strong></span> <span class='ocrx_word' id='word_1_405' title='bbox 761 4908 849 4972; x_wconf 89' lang='lat' dir='ltr'><strong><em>sit,</em></strong></span> <span class='ocrx_word' id='word_1_406' title='bbox 904 4921 1010 4960; x_wconf 89' lang='lat' dir='ltr'><strong><em>non</em></strong></span> <span class='ocrx_word' id='word_1_407' title='bbox 1052 4907 1224 4960; x_wconf 91' lang='lat' dir='ltr'><strong><em>solum</em></strong></span> <span class='ocrx_word' id='word_1_408' title='bbox 1254 4922 1319 4961; x_wconf 90' lang='lat' dir='ltr'><strong><em>eo</em></strong></span> <span class='ocrx_word' id='word_1_409' title='bbox 1348 4907 1466 4960; x_wconf 92' lang='lat' dir='ltr'><strong><em>loco</em></strong></span> <span class='ocrx_word' id='word_1_410' title='bbox 1501 4905 1587 4960; x_wconf 89' lang='lat' dir='ltr'><strong><em>ubi</em></strong></span> <span class='ocrx_word' id='word_1_411' title='bbox 1632 4906 1726 4973; x_wconf 86' lang='lat' dir='ltr'><strong><em>ait,</em></strong></span> <span class='ocrx_word' id='word_1_412' title='bbox 1771 4916 1821 4960; x_wconf 90' lang='lat' dir='ltr'><strong><em>ut</em></strong></span> <span class='ocrx_word' id='word_1_413' title='bbox 1850 4908 2055 4977; x_wconf 88' lang='lat' dir='ltr'><strong><em>spiritus</em></strong></span> 
     </span>
    </p>
   </div>
   <div class='ocr_carea' id='block_1_53' title="bbox 480 4995 2056 5067">
    <p class='ocr_par' dir='ltr' id='par_1_53' title="bbox 480 4995 2056 5067">
     <span class='ocr_line' id='line_1_53' title="bbox 480 4995 2056 5067; baseline -0.002 -12"><span class='ocrx_word' id='word_1_414' title='bbox 480 5001 647 5056; x_wconf 81' lang='lat' dir='ltr'><strong><em>salvus</em></strong></span> <span class='ocrx_word' id='word_1_415' title='bbox 673 4999 735 5054; x_wconf 89' lang='lat' dir='ltr'><strong><em>sit</em></strong></span> <span class='ocrx_word' id='word_1_416' title='bbox 763 4998 814 5051; x_wconf 89' lang='lat' dir='ltr'><strong><em>in</em></strong></span> <span class='ocrx_word' id='word_1_417' title='bbox 845 4996 927 5051; x_wconf 90' lang='lat' dir='ltr'><strong><em>die</em></strong></span> <span class='ocrx_word' id='word_1_418' title='bbox 974 4995 1180 5050; x_wconf 88' lang='lat' dir='ltr'><strong><em>Doniini</em></strong></span> <span class='ocrx_word' id='word_1_419' title='bbox 1212 4995 1368 5060; x_wconf 84' lang='lat' dir='ltr'><strong><em>Jesu;</em></strong></span> <span class='ocrx_word' id='word_1_420' title='bbox 1405 4996 1498 5050; x_wconf 89' lang='lat' dir='ltr'><strong><em>sed</em></strong></span> <span class='ocrx_word' id='word_1_421' title='bbox 1547 4996 1670 5051; x_wconf 87' lang='lat' dir='ltr'><strong><em>alibi</em></strong></span> <span class='ocrx_word' id='word_1_422' title='bbox 1707 5013 1916 5067; x_wconf 88' lang='lat' dir='ltr'><strong><em>quoque</em></strong></span> <span class='ocrx_word' id='word_1_423' title='bbox 1943 4999 2056 5053; x_wconf 87' lang='lat' dir='ltr'><strong><em>evi-</em></strong></span> 
     </span>
    </p>
   </div>
   <div class='ocr_carea' id='block_1_54' title="bbox 479 5085 2057 5154">
    <p class='ocr_par' dir='ltr' id='par_1_54' title="bbox 479 5085 2057 5154">
     <span class='ocr_line' id='line_1_54' title="bbox 479 5085 2057 5154; baseline -0.002 -8"><span class='ocrx_word' id='word_1_424' title='bbox 479 5090 670 5146; x_wconf 88' lang='lat' dir='ltr'><strong><em>denter</em></strong></span> <span class='ocrx_word' id='word_1_425' title='bbox 703 5085 934 5142; x_wconf 88' lang='lat' dir='ltr'><strong><em>ostendit</em></strong></span> <span class='ocrx_word' id='word_1_426' title='bbox 965 5086 1168 5151; x_wconf 89' lang='lat' dir='ltr'><strong><em>dicens,</em></strong></span> <span class='ocrx_word' id='word_1_427' title='bbox 1213 5085 1274 5141; x_wconf 88' lang='lat' dir='ltr'><strong><em>Si</em></strong></span> <span class='ocrx_word' id='word_1_428' title='bbox 1297 5086 1408 5154; x_wconf 90' lang='lat' dir='ltr'><strong><em>quis</em></strong></span> <span class='ocrx_word' id='word_1_429' title='bbox 1432 5103 1530 5139; x_wconf 90' lang='lat' dir='ltr'><strong><em>non</em></strong></span> <span class='ocrx_word' id='word_1_430' title='bbox 1560 5088 1764 5141; x_wconf 87' lang='lat' dir='ltr'><strong><em>obaudit</em></strong></span> <span class='ocrx_word' id='word_1_431' title='bbox 1793 5087 1936 5143; x_wconf 81' lang='lat' dir='ltr'><strong><em>verbo</em></strong></span> <span class='ocrx_word' id='word_1_432' title='bbox 1962 5107 2057 5143; x_wconf 92' lang='lat' dir='ltr'><strong><em>no-</em></strong></span> 
     </span>
    </p>
   </div>
   <div class='ocr_carea' id='block_1_55' title="bbox 478 5179 2056 5252">
    <p class='ocr_par' dir='ltr' id='par_1_55' title="bbox 478 5179 2056 5252">
     <span class='ocr_line' id='line_1_55' title="bbox 478 5179 2056 5252; baseline 0 -15"><span class='ocrx_word' id='word_1_433' title='bbox 478 5192 582 5238; x_wconf 89' lang='lat' dir='ltr'><strong><em>stro</em></strong></span> <span class='ocrx_word' id='word_1_434' title='bbox 612 5197 700 5252; x_wconf 88' lang='lat' dir='ltr'><strong><em>per</em></strong></span> <span class='ocrx_word' id='word_1_435' title='bbox 732 5179 1022 5250; x_wconf 86' lang='lat' dir='ltr'><strong><em>epistolam,</em></strong></span> <span class='ocrx_word' id='word_1_436' title='bbox 1060 5179 1192 5232; x_wconf 87' lang='lat' dir='ltr'><strong><em>hunc</em></strong></span> <span class='ocrx_word' id='word_1_437' title='bbox 1233 5186 1430 5243; x_wconf 89' lang='lat' dir='ltr'><strong><em>notate,</em></strong></span> <span class='ocrx_word' id='word_1_438' title='bbox 1474 5186 1520 5231; x_wconf 91' lang='lat' dir='ltr'><strong><em>et</em></strong></span> <span class='ocrx_word' id='word_1_439' title='bbox 1558 5179 1711 5233; x_wconf 85' lang='lat' dir='ltr'><strong><em>nolite</em></strong></span> <span class='ocrx_word' id='word_1_440' title='bbox 1753 5183 2056 5237; x_wconf 87' lang='lat' dir='ltr'><strong><em>commisceri</em></strong></span> 
     </span>
    </p>
   </div>
   <div class='ocr_carea' id='block_1_56' title="bbox 479 5272 2058 5341">
    <p class='ocr_par' dir='ltr' id='par_1_56' title="bbox 479 5272 2058 5341">
     <span class='ocr_line' id='line_1_56' title="bbox 479 5272 2058 5341; baseline 0.001 -12"><span class='ocrx_word' id='word_1_441' title='bbox 479 5291 595 5329; x_wconf 90' lang='lat' dir='ltr'><strong><em>cum</em></strong></span> <span class='ocrx_word' id='word_1_442' title='bbox 619 5290 696 5341; x_wconf 90' lang='lat' dir='ltr'><strong><em>eo,</em></strong></span> <span class='ocrx_word' id='word_1_443' title='bbox 737 5281 792 5326; x_wconf 92' lang='lat' dir='ltr'><strong><em>ut</em></strong></span> <span class='ocrx_word' id='word_1_444' title='bbox 815 5273 1105 5336; x_wconf 87' lang='lat' dir='ltr'><strong><em>erubescat;</em></strong></span> <span class='ocrx_word' id='word_1_445' title='bbox 1135 5278 1180 5325; x_wconf 87' lang='lat' dir='ltr'><strong><em>et</em></strong></span> <span class='ocrx_word' id='word_1_446' title='bbox 1215 5287 1317 5325; x_wconf 89' lang='lat' dir='ltr'><strong><em>non</em></strong></span> <span class='ocrx_word' id='word_1_447' title='bbox 1345 5280 1400 5324; x_wconf 92' lang='lat' dir='ltr'><strong><em>ut</em></strong></span> <span class='ocrx_word' id='word_1_448' title='bbox 1439 5272 1696 5327; x_wconf 90' lang='lat' dir='ltr'><strong><em>inimicum</em></strong></span> <span class='ocrx_word' id='word_1_449' title='bbox 1735 5290 1847 5328; x_wconf 89' lang='lat' dir='ltr'><strong><em>eum</em></strong></span> <span class='ocrx_word' id='word_1_450' title='bbox 1885 5277 2029 5330; x_wconf 75' lang='lat' dir='ltr'><strong><em>existi</em></strong></span> <span class='ocrx_word' id='word_1_451' title='bbox 2042 5308 2058 5316; x_wconf 91' lang='lat'><strong>-</strong></span> 
     </span>
    </p>
   </div>
   <div class='ocr_carea' id='block_1_57' title="bbox 463 5361 2018 5438">
    <p class='ocr_par' dir='ltr' id='par_1_57' title="bbox 463 5361 2018 5438">
     <span class='ocr_line' id='line_1_57' title="bbox 463 5361 2018 5438; baseline -0.001 -15"><span class='ocrx_word' id='word_1_452' title='bbox 463 5367 646 5431; x_wconf 81' lang='lat' dir='ltr'><strong><em>metis,</em></strong></span> <span class='ocrx_word' id='word_1_453' title='bbox 672 5365 760 5420; x_wconf 89' lang='lat' dir='ltr'><strong><em>sed</em></strong></span> <span class='ocrx_word' id='word_1_454' title='bbox 788 5363 1024 5433; x_wconf 86' lang='lat' dir='ltr'><strong><em>corripite</em></strong></span> <span class='ocrx_word' id='word_1_455' title='bbox 1056 5372 1110 5416; x_wconf 87' lang='lat' dir='ltr'><strong><em>ut</em></strong></span> <span class='ocrx_word' id='word_1_456' title='bbox 1138 5365 1346 5433; x_wconf 88' lang='lat' dir='ltr'><strong><em>fratrem</em></strong></span> <span class='ocrx_word' id='word_1_457' title='bbox 1375 5361 1444 5432; x_wconf 87' lang='lat' dir='ltr'><strong><em>(ll</em></strong></span> <span class='ocrx_word' id='word_1_458' title='bbox 1477 5361 1650 5418; x_wconf 86' lang='lat' dir='ltr'><strong><em>Thess.</em></strong></span> <span class='ocrx_word' id='word_1_459' title='bbox 1683 5381 1759 5432; x_wconf 86' lang='lat' dir='ltr'><strong><em>ut,</em></strong></span> <span class='ocrx_word' id='word_1_460' title='bbox 1789 5365 1874 5432; x_wconf 75' lang='lat' dir='ltr'><strong><em>N,</em></strong></span> <span class='ocrx_word' id='word_1_461' title='bbox 1905 5366 2018 5438; x_wconf 75' lang='lat' dir='ltr'><strong><em>i5).</em></strong></span> 
     </span>
    </p>
   </div>
   <div class='ocr_carea' id='block_1_58' title="bbox 551 5455 2054 5528">
    <p class='ocr_par' dir='ltr' id='par_1_58' title="bbox 551 5455 2054 5528">
     <span class='ocr_line' id='line_1_58' title="bbox 551 5455 2054 5528; baseline 0.001 -15"><span class='ocrx_word' id='word_1_462' title='bbox 551 5459 604 5513; x_wconf 74' lang='grc'>4.</span> <span class='ocrx_word' id='word_1_463' title='bbox 634 5458 700 5512; x_wconf 83' lang='grc' dir='ltr'><strong>Ει</strong></span> <span class='ocrx_word' id='word_1_464' title='bbox 719 5458 832 5527; x_wconf 88' lang='lat' dir='ltr'><strong><em>ipse</em></strong></span> <span class='ocrx_word' id='word_1_465' title='bbox 855 5455 1108 5511; x_wconf 91' lang='lat' dir='ltr'><strong><em>Dominus</em></strong></span> <span class='ocrx_word' id='word_1_466' title='bbox 1129 5455 1427 5524; x_wconf 83' lang='lat' dir='ltr'><strong><em>exemplum</em></strong></span> <span class='ocrx_word' id='word_1_467' title='bbox 1457 5456 1723 5528; x_wconf 82' lang='lat' dir='ltr'><strong><em>singulare</em></strong></span> <span class='ocrx_word' id='word_1_468' title='bbox 1752 5461 2018 5528; x_wconf 61' lang='lat' dir='ltr'><strong><em>patientize</em></strong></span> <span class='ocrx_word' id='word_1_469' title='bbox 2041 5503 2054 5527; x_wconf 90' lang='lat'><strong><em>,</em></strong></span> 
     </span>
    </p>
   </div>
   <div class='ocr_carea' id='block_1_59' title="bbox 479 5548 2056 5621">
    <p class='ocr_par' dir='ltr' id='par_1_59' title="bbox 479 5548 2056 5621">
     <span class='ocr_line' id='line_1_59' title="bbox 479 5548 2056 5621; baseline 0.004 -19"><span class='ocrx_word' id='word_1_470' title='bbox 479 5551 568 5620; x_wconf 81' lang='lat' dir='ltr'><strong><em>qui</em></strong></span> <span class='ocrx_word' id='word_1_471' title='bbox 597 5551 754 5603; x_wconf 87' lang='lat' dir='ltr'><strong><em>etiam</em></strong></span> <span class='ocrx_word' id='word_1_472' title='bbox 792 5549 844 5603; x_wconf 92' lang='lat' dir='ltr'><strong><em>in</em></strong></span> <span class='ocrx_word' id='word_1_473' title='bbox 874 5548 1154 5603; x_wconf 88' lang='lat' dir='ltr'><strong><em>duodecim</em></strong></span> <span class='ocrx_word' id='word_1_474' title='bbox 1182 5548 1446 5618; x_wconf 87' lang='lat' dir='ltr'><strong><em>Apostolis</em></strong></span> <span class='ocrx_word' id='word_1_475' title='bbox 1471 5566 1638 5621; x_wconf 87' lang='lat' dir='ltr'><strong><em>usque</em></strong></span> <span class='ocrx_word' id='word_1_476' title='bbox 1666 5551 1731 5606; x_wconf 90' lang='lat' dir='ltr'><strong><em>ad</em></strong></span> <span class='ocrx_word' id='word_1_477' title='bbox 1759 5553 2056 5621; x_wconf 85' lang='lat' dir='ltr'><strong><em>passionem</em></strong></span> 
     </span>
    </p>
   </div>
   <div class='ocr_carea' id='block_1_60' title="bbox 478 5641 2054 5716">
    <p class='ocr_par' dir='ltr' id='par_1_60' title="bbox 478 5641 2054 5716">
     <span class='ocr_line' id='line_1_60' title="bbox 478 5641 2054 5716; baseline 0.006 -26"><span class='ocrx_word' id='word_1_478' title='bbox 478 5641 742 5697; x_wconf 40' lang='lat' dir='ltr'><strong><em>t‘lialiolum</em></strong></span> <span class='ocrx_word' id='word_1_479' title='bbox 759 5642 968 5712; x_wconf 82' lang='lat' dir='ltr'><strong><em>pertulit</em></strong></span> <span class='ocrx_word' id='word_1_480' title='bbox 982 5659 996 5709; x_wconf 89' lang='lat'><strong><em>;</em></strong></span> <span class='ocrx_word' id='word_1_481' title='bbox 1011 5651 1063 5698; x_wconf 90' lang='lat' dir='ltr'><strong><em>ct</em></strong></span> <span class='ocrx_word' id='word_1_482' title='bbox 1074 5642 1161 5712; x_wconf 81' lang='lat' dir='ltr'><strong><em>qui</em></strong></span> <span class='ocrx_word' id='word_1_483' title='bbox 1175 5641 1437 5710; x_wconf 88' lang='lat' dir='ltr'><strong><em>ait,Sinite</em></strong></span> <span class='ocrx_word' id='word_1_484' title='bbox 1452 5654 1661 5716; x_wconf 83' lang='lat' dir='ltr'><strong><em>utraque</em></strong></span> <span class='ocrx_word' id='word_1_485' title='bbox 1671 5660 1888 5699; x_wconf 84' lang='lat' dir='ltr'><strong><em>crescere</em></strong></span> <span class='ocrx_word' id='word_1_486' title='bbox 1900 5661 2054 5716; x_wconf 85' lang='lat' dir='ltr'><strong><em>usque</em></strong></span> 
     </span>
    </p>
   </div>
   <div class='ocr_carea' id='block_1_61' title="bbox 1388 236 3722 306">
    <p class='ocr_par' dir='ltr' id='par_1_61' title="bbox 1388 236 3722 306">
     <span class='ocr_line' id='line_1_61' title="bbox 1388 236 3722 306; baseline -0.001 -7"><span class='ocrx_word' id='word_1_487' title='bbox 1388 244 1476 299; x_wconf 85' lang='lat' dir='ltr'><strong><em>DE</em></strong></span> <span class='ocrx_word' id='word_1_488' title='bbox 1517 242 1673 298; x_wconf 86' lang='lat' dir='ltr'><strong><em>FIDE</em></strong></span> <span class='ocrx_word' id='word_1_489' title='bbox 1713 241 1802 297; x_wconf 86' lang='lat' dir='ltr'><strong><em>ET</em></strong></span> <span class='ocrx_word' id='word_1_490' title='bbox 1841 236 2197 306; x_wconf 81' lang='lat' dir='ltr'><strong><em>OPERIBUS,</em></strong></span> <span class='ocrx_word' id='word_1_491' title='bbox 2237 237 2295 294; x_wconf 89' lang='lat' dir='ltr'><strong><em>S.</em></strong></span> <span class='ocrx_word' id='word_1_492' title='bbox 2338 236 2698 296; x_wconf 81' lang='lat' dir='ltr'><strong><em>AUGUSTINI</em></strong></span> <span class='ocrx_word' id='word_1_493' title='bbox 3630 241 3722 302; x_wconf 74' lang='lat'><strong><em>200</em></strong></span> 
     </span>
    </p>
   </div>
   <div class='ocr_carea' id='block_1_62' title="bbox 2122 353 3724 426">
    <p class='ocr_par' dir='ltr' id='par_1_62' title="bbox 2122 353 3724 426">
     <span class='ocr_line' id='line_1_62' title="bbox 2122 353 3724 426; baseline 0.007 -22"><span class='ocrx_word' id='word_1_494' title='bbox 2122 353 2189 405; x_wconf 88' lang='lat' dir='ltr'><strong><em>ad</em></strong></span> <span class='ocrx_word' id='word_1_495' title='bbox 2219 368 2444 418; x_wconf 88' lang='lat' dir='ltr'><strong><em>messem,</em></strong></span> <span class='ocrx_word' id='word_1_496' title='bbox 2471 370 2532 407; x_wconf 92' lang='lat' dir='ltr'><strong><em>ne</em></strong></span> <span class='ocrx_word' id='word_1_497' title='bbox 2550 358 2682 425; x_wconf 87' lang='lat' dir='ltr'><strong><em>forte</em></strong></span> <span class='ocrx_word' id='word_1_498' title='bbox 2707 353 2828 407; x_wconf 90' lang='lat' dir='ltr'><strong><em>dum</em></strong></span> <span class='ocrx_word' id='word_1_499' title='bbox 2870 354 3019 408; x_wconf 79' lang='lat' dir='ltr'><strong><em>vultis</em></strong></span> <span class='ocrx_word' id='word_1_500' title='bbox 3046 355 3292 426; x_wconf 87' lang='lat' dir='ltr'><strong><em>colligere</em></strong></span> <span class='ocrx_word' id='word_1_501' title='bbox 3322 353 3559 420; x_wconf 76' lang='lat' dir='ltr'><strong><em>zizania,</em></strong></span> <span class='ocrx_word' id='word_1_502' title='bbox 3588 359 3724 415; x_wconf 79' lang='lat' dir='ltr'><strong><em>simul</em></strong></span> 
     </span>
    </p>
   </div>
   <div class='ocr_carea' id='block_1_63' title="bbox 2121 444 3719 518">
    <p class='ocr_par' dir='ltr' id='par_1_63' title="bbox 2121 444 3719 518">
     <span class='ocr_line' id='line_1_63' title="bbox 2121 444 3719 518; baseline 0.006 -22"><span class='ocrx_word' id='word_1_503' title='bbox 2121 444 2384 504; x_wconf 86' lang='lat' dir='ltr'><strong><em>eradicetis</em></strong></span> <span class='ocrx_word' id='word_1_504' title='bbox 2411 453 2458 497; x_wconf 86' lang='lat' dir='ltr'><strong><em>et</em></strong></span> <span class='ocrx_word' id='word_1_505' title='bbox 2483 445 2704 498; x_wconf 89' lang='lat' dir='ltr'><strong><em>triticum</em></strong></span> <span class='ocrx_word' id='word_1_506' title='bbox 2724 444 2934 516; x_wconf 77' lang='lat' dir='ltr'><strong><em>(Matth.</em></strong></span> <span class='ocrx_word' id='word_1_507' title='bbox 2960 461 3070 512; x_wconf 71' lang='grc' dir='ltr'><strong><em>χιιι,</em></strong></span> <span class='ocrx_word' id='word_1_508' title='bbox 3093 445 3184 510; x_wconf 71' lang='lat'><strong><em>29,</em></strong></span> <span class='ocrx_word' id='word_1_509' title='bbox 3209 447 3346 518; x_wconf 74' lang='lat'><strong><em>30);</em></strong></span> <span class='ocrx_word' id='word_1_510' title='bbox 3378 446 3627 518; x_wconf 86' lang='lat' dir='ltr'><strong><em>retiaque</em></strong></span> <span class='ocrx_word' id='word_1_511' title='bbox 3645 449 3719 507; x_wconf 81' lang='lat' dir='ltr'><strong><em>illa</em></strong></span> 
     </span>
    </p>
   </div>
   <div class='ocr_carea' id='block_1_64' title="bbox 2125 536 3724 612">
    <p class='ocr_par' dir='ltr' id='par_1_64' title="bbox 2125 536 3724 612">
     <span class='ocr_line' id='line_1_64' title="bbox 2125 536 3724 612; baseline 0.005 -22"><span class='ocrx_word' id='word_1_512' title='bbox 2125 538 2174 590; x_wconf 93' lang='lat' dir='ltr'><strong><em>in</em></strong></span> <span class='ocrx_word' id='word_1_513' title='bbox 2203 536 2546 593; x_wconf 84' lang='lat' dir='ltr'><strong><em>similitudine</em></strong></span> <span class='ocrx_word' id='word_1_514' title='bbox 2575 537 2826 592; x_wconf 77' lang='lat' dir='ltr'><strong><em>Ecclesia:</em></strong></span> <span class='ocrx_word' id='word_1_515' title='bbox 2854 553 3021 608; x_wconf 90' lang='lat' dir='ltr'><strong><em>usque</em></strong></span> <span class='ocrx_word' id='word_1_516' title='bbox 3048 539 3114 592; x_wconf 93' lang='lat' dir='ltr'><strong><em>ad</em></strong></span> <span class='ocrx_word' id='word_1_517' title='bbox 3133 540 3305 602; x_wconf 88' lang='lat' dir='ltr'><strong><em>littus,</em></strong></span> <span class='ocrx_word' id='word_1_518' title='bbox 3329 539 3445 594; x_wconf 87' lang='lat' dir='ltr'><strong><em>hoc</em></strong></span> <span class='ocrx_word' id='word_1_519' title='bbox 3474 551 3559 594; x_wconf 90' lang='lat' dir='ltr'><strong><em>est</em></strong></span> <span class='ocrx_word' id='word_1_520' title='bbox 3577 555 3724 612; x_wconf 89' lang='lat' dir='ltr'><strong><em>usque</em></strong></span> 
     </span>
    </p>
   </div>
   <div class='ocr_carea' id='block_1_65' title="bbox 2123 627 3725 700">
    <p class='ocr_par' dir='ltr' id='par_1_65' title="bbox 2123 627 3725 700">
     <span class='ocr_line' id='line_1_65' title="bbox 2123 627 3725 700; baseline 0.001 -20"><span class='ocrx_word' id='word_1_521' title='bbox 2123 627 2188 682; x_wconf 88' lang='lat' dir='ltr'><strong><em>ad</em></strong></span> <span class='ocrx_word' id='word_1_522' title='bbox 2212 628 2390 684; x_wconf 72' lang='lat' dir='ltr'><strong><em>smculi</em></strong></span> <span class='ocrx_word' id='word_1_523' title='bbox 2421 627 2599 692; x_wconf 84' lang='lat' dir='ltr'><strong><em>linem,</em></strong></span> <span class='ocrx_word' id='word_1_524' title='bbox 2635 627 2803 682; x_wconf 89' lang='lat' dir='ltr'><strong><em>bonos</em></strong></span> <span class='ocrx_word' id='word_1_525' title='bbox 2830 635 2886 682; x_wconf 91' lang='lat' dir='ltr'><strong><em>et</em></strong></span> <span class='ocrx_word' id='word_1_526' title='bbox 2910 629 3079 683; x_wconf 89' lang='lat' dir='ltr'><strong><em>malos</em></strong></span> <span class='ocrx_word' id='word_1_527' title='bbox 3107 629 3283 698; x_wconf 87' lang='lat' dir='ltr'><strong><em>pisces</em></strong></span> <span class='ocrx_word' id='word_1_528' title='bbox 3313 628 3579 682; x_wconf 86' lang='lat' dir='ltr'><strong><em>habitura</em></strong></span> <span class='ocrx_word' id='word_1_529' title='bbox 3605 645 3725 700; x_wconf 75' lang='lat' dir='ltr'><strong><em>pra:-</em></strong></span> 
     </span>
    </p>
   </div>
   <div class='ocr_carea' id='block_1_66' title="bbox 2123 703 3726 790">
    <p class='ocr_par' dir='ltr' id='par_1_66' title="bbox 2123 703 3726 790">
     <span class='ocr_line' id='line_1_66' title="bbox 2123 703 3726 790; baseline 0.002 -16"><span class='ocrx_word' id='word_1_530' title='bbox 2123 719 2283 782; x_wconf 81' lang='lat' dir='ltr'><strong><em>dixit;</em></strong></span> <span class='ocrx_word' id='word_1_531' title='bbox 2315 730 2369 774; x_wconf 92' lang='lat' dir='ltr'><strong><em>et</em></strong></span> <span class='ocrx_word' id='word_1_532' title='bbox 2394 728 2607 786; x_wconf 72' lang='lat' dir='ltr'><strong><em>caztera,</em></strong></span> <span class='ocrx_word' id='word_1_533' title='bbox 2639 721 2684 773; x_wconf 90' lang='lat' dir='ltr'><strong><em>si</em></strong></span> <span class='ocrx_word' id='word_1_534' title='bbox 2725 735 2827 790; x_wconf 92' lang='lat' dir='ltr'><strong><em>qua</em></strong></span> <span class='ocrx_word' id='word_1_535' title='bbox 2865 719 2934 775; x_wconf 90' lang='lat' dir='ltr'><strong><em>de</em></strong></span> <span class='ocrx_word' id='word_1_536' title='bbox 2970 721 3334 790; x_wconf 78' lang='lat' dir='ltr'><strong><em>permixtione</em></strong></span> <span class='ocrx_word' id='word_1_537' title='bbox 3386 720 3659 776; x_wconf 84' lang='lat' dir='ltr'><strong><em>bonorum</em></strong></span> <span class='ocrx_word' id='word_1_538' title='bbox 3681 703 3726 778; x_wconf 81' lang='lat' dir='ltr'><strong><em>et</em></strong></span> 
     </span>
    </p>
   </div>
   <div class='ocr_carea' id='block_1_67' title="bbox 2125 810 3722 880">
    <p class='ocr_par' dir='ltr' id='par_1_67' title="bbox 2125 810 3722 880">
     <span class='ocr_line' id='line_1_67' title="bbox 2125 810 3722 880; baseline 0.003 -16"><span class='ocrx_word' id='word_1_539' title='bbox 2125 810 2384 864; x_wconf 87' lang='lat' dir='ltr'><strong><em>malorum</em></strong></span> <span class='ocrx_word' id='word_1_540' title='bbox 2435 810 2547 863; x_wconf 86' lang='lat' dir='ltr'><strong><em>sive</em></strong></span> <span class='ocrx_word' id='word_1_541' title='bbox 2593 819 2776 879; x_wconf 84' lang='lat' dir='ltr'><strong><em>aperte</em></strong></span> <span class='ocrx_word' id='word_1_542' title='bbox 2801 810 2915 867; x_wconf 86' lang='lat' dir='ltr'><strong><em>sive</em></strong></span> <span class='ocrx_word' id='word_1_543' title='bbox 2952 826 3049 880; x_wconf 88' lang='lat' dir='ltr'><strong><em>per</em></strong></span> <span class='ocrx_word' id='word_1_544' title='bbox 3088 810 3500 865; x_wconf 87' lang='lat' dir='ltr'><strong><em>similitudines</em></strong></span> <span class='ocrx_word' id='word_1_545' title='bbox 3532 810 3722 869; x_wconf 78' lang='lat' dir='ltr'><strong><em>loculus</em></strong></span> 
     </span>
    </p>
   </div>
   <div class='ocr_carea' id='block_1_68' title="bbox 2125 899 3724 959">
    <p class='ocr_par' dir='ltr' id='par_1_68' title="bbox 2125 899 3724 959">
     <span class='ocr_line' id='line_1_68' title="bbox 2125 899 3724 959; baseline 0.003 -5"><span class='ocrx_word' id='word_1_546' title='bbox 2125 910 2208 955; x_wconf 91' lang='lat' dir='ltr'><strong><em>est</em></strong></span> <span class='ocrx_word' id='word_1_547' title='bbox 2235 917 2248 954; x_wconf 88' lang='lat'><strong>:</strong></span> <span class='ocrx_word' id='word_1_548' title='bbox 2279 916 2385 955; x_wconf 93' lang='lat' dir='ltr'><strong><em>non</em></strong></span> <span class='ocrx_word' id='word_1_549' title='bbox 2422 899 2543 955; x_wconf 90' lang='lat' dir='ltr'><strong><em>ideo</em></strong></span> <span class='ocrx_word' id='word_1_550' title='bbox 2591 909 2766 956; x_wconf 87' lang='lat' dir='ltr'><strong><em>tamen</em></strong></span> <span class='ocrx_word' id='word_1_551' title='bbox 2811 902 3159 955; x_wconf 86' lang='lat' dir='ltr'><strong><em>omittendam</em></strong></span> <span class='ocrx_word' id='word_1_552' title='bbox 3205 903 3436 958; x_wconf 84' lang='lat' dir='ltr'><strong><em>censuit</em></strong></span> <span class='ocrx_word' id='word_1_553' title='bbox 3485 902 3724 959; x_wconf 74' lang='lat' dir='ltr'><strong><em>Ecclesia:</em></strong></span> 
     </span>
    </p>
   </div>
   <div class='ocr_carea' id='block_1_69' title="bbox 2126 991 3726 1064">
    <p class='ocr_par' dir='ltr' id='par_1_69' title="bbox 2126 991 3726 1064">
     <span class='ocr_line' id='line_1_69' title="bbox 2126 991 3726 1064; baseline 0.003 -18"><span class='ocrx_word' id='word_1_554' title='bbox 2126 991 2490 1061; x_wconf 89' lang='lat' dir='ltr'><strong><em>disciplinam;</em></strong></span> <span class='ocrx_word' id='word_1_555' title='bbox 2515 991 2624 1046; x_wconf 90' lang='lat' dir='ltr'><strong><em>imo</em></strong></span> <span class='ocrx_word' id='word_1_556' title='bbox 2650 1007 2778 1046; x_wconf 90' lang='lat' dir='ltr'><strong><em>vero</em></strong></span> <span class='ocrx_word' id='word_1_557' title='bbox 2805 991 3081 1046; x_wconf 87' lang='lat' dir='ltr'><strong><em>admonuit</em></strong></span> <span class='ocrx_word' id='word_1_558' title='bbox 3102 993 3508 1057; x_wconf 86' lang='lat' dir='ltr'><strong><em>adhibendam,</em></strong></span> <span class='ocrx_word' id='word_1_559' title='bbox 3530 995 3726 1064; x_wconf 87' lang='lat' dir='ltr'><strong><em>quando</em></strong></span> 
     </span>
    </p>
   </div>
   <div class='ocr_carea' id='block_1_70' title="bbox 2127 1083 3724 1157">
    <p class='ocr_par' dir='ltr' id='par_1_70' title="bbox 2127 1083 3724 1157">
     <span class='ocr_line' id='line_1_70' title="bbox 2127 1083 3724 1157; baseline 0.004 -20"><span class='ocrx_word' id='word_1_560' title='bbox 2127 1085 2233 1138; x_wconf 88' lang='lat' dir='ltr'><strong><em>ait:</em></strong></span> <span class='ocrx_word' id='word_1_561' title='bbox 2265 1083 2517 1138; x_wconf 83' lang='lat' dir='ltr'><strong><em>Attendite</em></strong></span> <span class='ocrx_word' id='word_1_562' title='bbox 2536 1083 2704 1150; x_wconf 81' lang='lat' dir='ltr'><strong><em>vobis;</em></strong></span> <span class='ocrx_word' id='word_1_563' title='bbox 2730 1085 2775 1138; x_wconf 87' lang='lat' dir='ltr'><strong><em>si</em></strong></span> <span class='ocrx_word' id='word_1_564' title='bbox 2801 1089 3073 1156; x_wconf 82' lang='lat' dir='ltr'><strong><em>peccaverit</em></strong></span> <span class='ocrx_word' id='word_1_565' title='bbox 3099 1087 3152 1140; x_wconf 90' lang='lat' dir='ltr'><strong><em>in</em></strong></span> <span class='ocrx_word' id='word_1_566' title='bbox 3169 1096 3215 1140; x_wconf 88' lang='lat' dir='ltr'><strong><em>te</em></strong></span> <span class='ocrx_word' id='word_1_567' title='bbox 3231 1089 3407 1157; x_wconf 53' lang='lat' dir='ltr'><strong><em>frattr</em></strong></span> <span class='ocrx_word' id='word_1_568' title='bbox 3425 1097 3570 1151; x_wconf 87' lang='lat' dir='ltr'><strong><em>tuus,</em></strong></span> <span class='ocrx_word' id='word_1_569' title='bbox 3594 1090 3724 1154; x_wconf 80' lang='lat' dir='ltr'><strong><em>vade,</em></strong></span> 
     </span>
    </p>
   </div>
   <div class='ocr_carea' id='block_1_71' title="bbox 2130 1176 3723 1246">
    <p class='ocr_par' dir='ltr' id='par_1_71' title="bbox 2130 1176 3723 1246">
     <span class='ocr_line' id='line_1_71' title="bbox 2130 1176 3723 1246; baseline 0.002 -16"><span class='ocrx_word' id='word_1_570' title='bbox 2130 1185 2176 1230; x_wconf 89' lang='lat' dir='ltr'><strong><em>et</em></strong></span> <span class='ocrx_word' id='word_1_571' title='bbox 2201 1176 2398 1245; x_wconf 88' lang='lat' dir='ltr'><strong><em>corripe</em></strong></span> <span class='ocrx_word' id='word_1_572' title='bbox 2428 1191 2542 1229; x_wconf 89' lang='lat' dir='ltr'><strong><em>eum</em></strong></span> <span class='ocrx_word' id='word_1_573' title='bbox 2568 1177 2695 1229; x_wconf 82' lang='lat' dir='ltr'><strong><em>inter</em></strong></span> <span class='ocrx_word' id='word_1_574' title='bbox 2724 1185 2771 1229; x_wconf 91' lang='lat' dir='ltr'><strong><em>te</em></strong></span> <span class='ocrx_word' id='word_1_575' title='bbox 2821 1190 2868 1230; x_wconf 88' lang='lat' dir='ltr'><strong><em>et</em></strong></span> <span class='ocrx_word' id='word_1_576' title='bbox 2891 1177 3058 1246; x_wconf 89' lang='lat' dir='ltr'><strong><em>ipsum</em></strong></span> <span class='ocrx_word' id='word_1_577' title='bbox 3084 1179 3265 1231; x_wconf 88' lang='lat' dir='ltr'><strong><em>solum.</em></strong></span> <span class='ocrx_word' id='word_1_578' title='bbox 3307 1177 3378 1232; x_wconf 90' lang='lat' dir='ltr'><strong><em>Si</em></strong></span> <span class='ocrx_word' id='word_1_579' title='bbox 3405 1178 3631 1232; x_wconf 86' lang='lat' dir='ltr'><strong><em>audierit</em></strong></span> <span class='ocrx_word' id='word_1_580' title='bbox 3669 1188 3723 1244; x_wconf 80' lang='lat' dir='ltr'><strong><em>te,</em></strong></span> 
     </span>
    </p>
   </div>
   <div class='ocr_carea' id='block_1_72' title="bbox 2131 1266 3724 1336">
    <p class='ocr_par' dir='ltr' id='par_1_72' title="bbox 2131 1266 3724 1336">
     <span class='ocr_line' id='line_1_72' title="bbox 2131 1266 3724 1336; baseline 0.002 -16"><span class='ocrx_word' id='word_1_581' title='bbox 2131 1266 2354 1320; x_wconf 85' lang='lat' dir='ltr'><strong><em>lucratus</em></strong></span> <span class='ocrx_word' id='word_1_582' title='bbox 2381 1266 2480 1320; x_wconf 89' lang='lat' dir='ltr'><strong><em>eris</em></strong></span> <span class='ocrx_word' id='word_1_583' title='bbox 2508 1266 2715 1336; x_wconf 89' lang='lat' dir='ltr'><strong><em>fratrem</em></strong></span> <span class='ocrx_word' id='word_1_584' title='bbox 2755 1275 2915 1319; x_wconf 85' lang='lat' dir='ltr'><strong><em>tuum.</em></strong></span> <span class='ocrx_word' id='word_1_585' title='bbox 2945 1266 3006 1322; x_wconf 90' lang='lat' dir='ltr'><strong><em>Si</em></strong></span> <span class='ocrx_word' id='word_1_586' title='bbox 3032 1276 3199 1320; x_wconf 87' lang='lat' dir='ltr'><strong><em>autem</em></strong></span> <span class='ocrx_word' id='word_1_587' title='bbox 3232 1284 3344 1321; x_wconf 84' lang='lat' dir='ltr'><strong><em>non</em></strong></span> <span class='ocrx_word' id='word_1_588' title='bbox 3396 1268 3624 1321; x_wconf 80' lang='lat' dir='ltr'><strong><em>audierit</em></strong></span> <span class='ocrx_word' id='word_1_589' title='bbox 3668 1279 3724 1334; x_wconf 89' lang='lat' dir='ltr'><strong><em>te,</em></strong></span> 
     </span>
    </p>
   </div>
   <div class='ocr_carea' id='block_1_73' title="bbox 2131 1357 3726 1422">
    <p class='ocr_par' dir='ltr' id='par_1_73' title="bbox 2131 1357 3726 1422">
     <span class='ocr_line' id='line_1_73' title="bbox 2131 1357 3726 1422; baseline 0.003 -14"><span class='ocrx_word' id='word_1_590' title='bbox 2131 1373 2332 1411; x_wconf 85' lang='lat' dir='ltr'><strong><em>assume</em></strong></span> <span class='ocrx_word' id='word_1_591' title='bbox 2352 1360 2515 1411; x_wconf 85' lang='lat' dir='ltr'><strong><em>tecum</em></strong></span> <span class='ocrx_word' id='word_1_592' title='bbox 2543 1373 2699 1409; x_wconf 86' lang='lat' dir='ltr'><strong><em>unum</em></strong></span> <span class='ocrx_word' id='word_1_593' title='bbox 2730 1357 2807 1410; x_wconf 83' lang='lat' dir='ltr'><strong><em>vel</em></strong></span> <span class='ocrx_word' id='word_1_594' title='bbox 2831 1357 2980 1422; x_wconf 88' lang='lat' dir='ltr'><strong><em>duos,</em></strong></span> <span class='ocrx_word' id='word_1_595' title='bbox 3005 1365 3058 1410; x_wconf 89' lang='lat' dir='ltr'><strong><em>ut</em></strong></span> <span class='ocrx_word' id='word_1_596' title='bbox 3079 1358 3131 1410; x_wconf 88' lang='lat' dir='ltr'><strong><em>in</em></strong></span> <span class='ocrx_word' id='word_1_597' title='bbox 3158 1373 3244 1412; x_wconf 89' lang='lat' dir='ltr'><strong><em>ore</em></strong></span> <span class='ocrx_word' id='word_1_598' title='bbox 3271 1357 3495 1412; x_wconf 89' lang='lat' dir='ltr'><strong><em>testium</em></strong></span> <span class='ocrx_word' id='word_1_599' title='bbox 3526 1357 3726 1413; x_wconf 80' lang='lat' dir='ltr'><strong><em>duorum</em></strong></span> 
     </span>
    </p>
   </div>
   <div class='ocr_carea' id='block_1_74' title="bbox 2133 1447 3722 1514">
    <p class='ocr_par' dir='ltr' id='par_1_74' title="bbox 2133 1447 3722 1514">
     <span class='ocr_line' id='line_1_74' title="bbox 2133 1447 3722 1514; baseline 0.003 -14"><span class='ocrx_word' id='word_1_600' title='bbox 2133 1447 2208 1501; x_wconf 86' lang='lat' dir='ltr'><strong><em>vel</em></strong></span> <span class='ocrx_word' id='word_1_601' title='bbox 2234 1448 2388 1500; x_wconf 89' lang='lat' dir='ltr'><strong><em>trium</em></strong></span> <span class='ocrx_word' id='word_1_602' title='bbox 2417 1455 2511 1500; x_wconf 89' lang='lat' dir='ltr'><strong><em>stet</em></strong></span> <span class='ocrx_word' id='word_1_603' title='bbox 2549 1463 2695 1501; x_wconf 88' lang='lat' dir='ltr'><strong><em>omne</em></strong></span> <span class='ocrx_word' id='word_1_604' title='bbox 2723 1447 2944 1501; x_wconf 83' lang='lat' dir='ltr'><strong><em>verbum.</em></strong></span> <span class='ocrx_word' id='word_1_605' title='bbox 2978 1447 3127 1514; x_wconf 84' lang='lat' dir='ltr'><strong><em>Quod</em></strong></span> <span class='ocrx_word' id='word_1_606' title='bbox 3155 1449 3198 1502; x_wconf 89' lang='lat' dir='ltr'><strong><em>si</em></strong></span> <span class='ocrx_word' id='word_1_607' title='bbox 3224 1465 3332 1502; x_wconf 89' lang='lat' dir='ltr'><strong><em>non</em></strong></span> <span class='ocrx_word' id='word_1_608' title='bbox 3362 1449 3592 1502; x_wconf 86' lang='lat' dir='ltr'><strong><em>audierit</em></strong></span> <span class='ocrx_word' id='word_1_609' title='bbox 3633 1466 3722 1514; x_wconf 86' lang='lat' dir='ltr'><strong><em>eos,</em></strong></span> 
     </span>
    </p>
   </div>
   <div class='ocr_carea' id='block_1_75' title="bbox 2134 1537 3725 1605">
    <p class='ocr_par' dir='ltr' id='par_1_75' title="bbox 2134 1537 3725 1605">
     <span class='ocr_line' id='line_1_75' title="bbox 2134 1537 3725 1605; baseline 0.005 -18"><span class='ocrx_word' id='word_1_610' title='bbox 2134 1537 2215 1591; x_wconf 82' lang='lat' dir='ltr'><strong><em>die</em></strong></span> <span class='ocrx_word' id='word_1_611' title='bbox 2246 1537 2503 1592; x_wconf 69' lang='lat' dir='ltr'><strong><em>Ecclesiae.</em></strong></span> <span class='ocrx_word' id='word_1_612' title='bbox 2528 1537 2588 1593; x_wconf 91' lang='lat' dir='ltr'><strong><em>Si</em></strong></span> <span class='ocrx_word' id='word_1_613' title='bbox 2615 1547 2784 1593; x_wconf 83' lang='lat' dir='ltr'><strong><em>autem</em></strong></span> <span class='ocrx_word' id='word_1_614' title='bbox 2807 1554 2899 1592; x_wconf 85' lang='lat' dir='ltr'><strong><em>nec</em></strong></span> <span class='ocrx_word' id='word_1_615' title='bbox 2937 1537 3220 1594; x_wconf 81' lang='lat' dir='ltr'><strong><em>Ecclesium</em></strong></span> <span class='ocrx_word' id='word_1_616' title='bbox 3261 1540 3529 1605; x_wconf 82' lang='lat' dir='ltr'><strong><em>audierit,</em></strong></span> <span class='ocrx_word' id='word_1_617' title='bbox 3562 1541 3627 1594; x_wconf 89' lang='lat' dir='ltr'><strong><em>sit</em></strong></span> <span class='ocrx_word' id='word_1_618' title='bbox 3653 1541 3725 1595; x_wconf 81' lang='lat' dir='ltr'><strong><em>tibi</em></strong></span> 
     </span>
    </p>
   </div>
   <div class='ocr_carea' id='block_1_76' title="bbox 2135 1630 3722 1702">
    <p class='ocr_par' dir='ltr' id='par_1_76' title="bbox 2135 1630 3722 1702">
     <span class='ocr_line' id='line_1_76' title="bbox 2135 1630 3722 1702; baseline 0.004 -20"><span class='ocrx_word' id='word_1_619' title='bbox 2135 1639 2375 1698; x_wconf 85' lang='lat' dir='ltr'><strong><em>tanquam</em></strong></span> <span class='ocrx_word' id='word_1_620' title='bbox 2402 1630 2628 1684; x_wconf 89' lang='lat' dir='ltr'><strong><em>ethnicus</em></strong></span> <span class='ocrx_word' id='word_1_621' title='bbox 2653 1640 2699 1684; x_wconf 91' lang='lat' dir='ltr'><strong><em>et</em></strong></span> <span class='ocrx_word' id='word_1_622' title='bbox 2730 1631 3045 1701; x_wconf 84' lang='lat' dir='ltr'><strong><em>publicanus.</em></strong></span> <span class='ocrx_word' id='word_1_623' title='bbox 3078 1631 3279 1687; x_wconf 90' lang='lat' dir='ltr'><strong><em>Deinde</em></strong></span> <span class='ocrx_word' id='word_1_624' title='bbox 3311 1633 3495 1702; x_wconf 85' lang='lat' dir='ltr'><strong><em>ipsius</em></strong></span> <span class='ocrx_word' id='word_1_625' title='bbox 3537 1635 3722 1689; x_wconf 82' lang='lat' dir='ltr'><strong><em>severi-</em></strong></span> 
     </span>
    </p>
   </div>
   <div class='ocr_carea' id='block_1_77' title="bbox 2140 1722 3722 1792">
    <p class='ocr_par' dir='ltr' id='par_1_77' title="bbox 2140 1722 3722 1792">
     <span class='ocr_line' id='line_1_77' title="bbox 2140 1722 3722 1792; baseline 0.003 -18"><span class='ocrx_word' id='word_1_626' title='bbox 2140 1722 2263 1775; x_wconf 86' lang='lat' dir='ltr'><strong><em>tatis</em></strong></span> <span class='ocrx_word' id='word_1_627' title='bbox 2303 1731 2564 1776; x_wconf 75' lang='lat' dir='ltr'><strong><em>ter-rorem</em></strong></span> <span class='ocrx_word' id='word_1_628' title='bbox 2603 1723 2974 1792; x_wconf 90' lang='lat' dir='ltr'><strong><em>gravissimum</em></strong></span> <span class='ocrx_word' id='word_1_629' title='bbox 3026 1722 3221 1792; x_wconf 88' lang='lat' dir='ltr'><strong><em>adjecit</em></strong></span> <span class='ocrx_word' id='word_1_630' title='bbox 3265 1725 3448 1778; x_wconf 86' lang='lat' dir='ltr'><strong><em>etiam</em></strong></span> <span class='ocrx_word' id='word_1_631' title='bbox 3487 1739 3558 1779; x_wconf 89' lang='lat' dir='ltr'><strong><em>eo</em></strong></span> <span class='ocrx_word' id='word_1_632' title='bbox 3604 1725 3722 1789; x_wconf 88' lang='lat' dir='ltr'><strong><em>loco,</em></strong></span> 
     </span>
    </p>
   </div>
   <div class='ocr_carea' id='block_1_78' title="bbox 2136 1810 3720 1880">
    <p class='ocr_par' dir='ltr' id='par_1_78' title="bbox 2136 1810 3720 1880">
     <span class='ocr_line' id='line_1_78' title="bbox 2136 1810 3720 1880; baseline 0.003 -15"><span class='ocrx_word' id='word_1_633' title='bbox 2136 1810 2318 1866; x_wconf 86' lang='lat' dir='ltr'><strong><em>dicens</em></strong></span> <span class='ocrx_word' id='word_1_634' title='bbox 2347 1829 2360 1866; x_wconf 88' lang='lat'><strong>:</strong></span> <span class='ocrx_word' id='word_1_635' title='bbox 2397 1812 2523 1880; x_wconf 78' lang='lat' dir='ltr'><strong><em>Qua:</em></strong></span> <span class='ocrx_word' id='word_1_636' title='bbox 2548 1813 2794 1867; x_wconf 81' lang='lat' dir='ltr'><strong><em>solveritis</em></strong></span> <span class='ocrx_word' id='word_1_637' title='bbox 2821 1812 2872 1866; x_wconf 87' lang='lat' dir='ltr'><strong><em>in</em></strong></span> <span class='ocrx_word' id='word_1_638' title='bbox 2895 1821 3048 1880; x_wconf 86' lang='lat' dir='ltr'><strong><em>terra,</em></strong></span> <span class='ocrx_word' id='word_1_639' title='bbox 3068 1813 3234 1868; x_wconf 85' lang='lat' dir='ltr'><strong><em>soluta</em></strong></span> <span class='ocrx_word' id='word_1_640' title='bbox 3256 1822 3419 1868; x_wconf 85' lang='lat' dir='ltr'><strong><em>erunt</em></strong></span> <span class='ocrx_word' id='word_1_641' title='bbox 3437 1823 3488 1869; x_wconf 89' lang='lat' dir='ltr'><strong><em>et</em></strong></span> <span class='ocrx_word' id='word_1_642' title='bbox 3512 1815 3567 1868; x_wconf 85' lang='lat' dir='ltr'><strong><em>in</em></strong></span> <span class='ocrx_word' id='word_1_643' title='bbox 3586 1816 3720 1880; x_wconf 73' lang='lat' dir='ltr'><strong><em>creto,</em></strong></span> 
     </span>
    </p>
   </div>
   <div class='ocr_carea' id='block_1_79' title="bbox 2137 1903 3721 1978">
    <p class='ocr_par' dir='ltr' id='par_1_79' title="bbox 2137 1903 3721 1978">
     <span class='ocr_line' id='line_1_79' title="bbox 2137 1903 3721 1978; baseline 0.002 -22"><span class='ocrx_word' id='word_1_644' title='bbox 2137 1911 2183 1956; x_wconf 91' lang='lat' dir='ltr'><strong><em>et</em></strong></span> <span class='ocrx_word' id='word_1_645' title='bbox 2207 1917 2322 1975; x_wconf 73' lang='lat' dir='ltr'><strong><em>quae</em></strong></span> <span class='ocrx_word' id='word_1_646' title='bbox 2355 1903 2628 1974; x_wconf 82' lang='lat' dir='ltr'><strong><em>ligaveritis</em></strong></span> <span class='ocrx_word' id='word_1_647' title='bbox 2655 1905 2708 1958; x_wconf 89' lang='lat' dir='ltr'><strong><em>in</em></strong></span> <span class='ocrx_word' id='word_1_648' title='bbox 2735 1915 2891 1968; x_wconf 86' lang='lat' dir='ltr'><strong><em>terra,</em></strong></span> <span class='ocrx_word' id='word_1_649' title='bbox 2914 1905 3072 1975; x_wconf 86' lang='lat' dir='ltr'><strong><em>ligata</em></strong></span> <span class='ocrx_word' id='word_1_650' title='bbox 3095 1916 3240 1960; x_wconf 86' lang='lat' dir='ltr'><strong><em>erunt</em></strong></span> <span class='ocrx_word' id='word_1_651' title='bbox 3265 1915 3317 1960; x_wconf 84' lang='lat' dir='ltr'><strong><em>et</em></strong></span> <span class='ocrx_word' id='word_1_652' title='bbox 3363 1907 3425 1960; x_wconf 85' lang='lat' dir='ltr'><strong><em>in</em></strong></span> <span class='ocrx_word' id='word_1_653' title='bbox 3472 1906 3600 1960; x_wconf 69' lang='lat' dir='ltr'><strong><em>cmlo</em></strong></span> <span class='ocrx_word' id='word_1_654' title='bbox 3627 1905 3721 1978; x_wconf 80' lang='lat' dir='ltr'><strong><em>(Id.</em></strong></span> 
     </span>
    </p>
   </div>
   <div class='ocr_carea' id='block_1_80' title="bbox 2139 1994 3722 2066">
    <p class='ocr_par' dir='ltr' id='par_1_80' title="bbox 2139 1994 3722 2066">
     <span class='ocr_line' id='line_1_80' title="bbox 2139 1994 3722 2066; baseline 0.003 -19"><span class='ocrx_word' id='word_1_655' title='bbox 2139 2009 2288 2060; x_wconf 77' lang='lat' dir='ltr'><strong><em>svnt,</em></strong></span> <span class='ocrx_word' id='word_1_656' title='bbox 2321 1994 2532 2066; x_wconf 70' lang='lat'><strong><em>15-18).</em></strong></span> <span class='ocrx_word' id='word_1_657' title='bbox 2565 1994 2820 2050; x_wconf 86' lang='lat' dir='ltr'><strong><em>Prohibet</em></strong></span> <span class='ocrx_word' id='word_1_658' title='bbox 2857 1994 3017 2050; x_wconf 89' lang='lat' dir='ltr'><strong><em>etiam</em></strong></span> <span class='ocrx_word' id='word_1_659' title='bbox 3060 2005 3304 2050; x_wconf 90' lang='lat' dir='ltr'><strong><em>sanetum</em></strong></span> <span class='ocrx_word' id='word_1_660' title='bbox 3352 1995 3479 2051; x_wconf 90' lang='lat' dir='ltr'><strong><em>dari</em></strong></span> <span class='ocrx_word' id='word_1_661' title='bbox 3519 1995 3722 2052; x_wconf 82' lang='lat' dir='ltr'><strong><em>canibus</em></strong></span> 
     </span>
    </p>
   </div>
   <div class='ocr_carea' id='block_1_81' title="bbox 2140 2071 3720 2158">
    <p class='ocr_par' dir='ltr' id='par_1_81' title="bbox 2140 2071 3720 2158">
     <span class='ocr_line' id='line_1_81' title="bbox 2140 2071 3720 2158; baseline 0.004 -22"><span class='ocrx_word' id='word_1_662' title='bbox 2140 2083 2250 2154; x_wconf 86' lang='lat' dir='ltr'><strong><em>(Id.</em></strong></span> <span class='ocrx_word' id='word_1_663' title='bbox 2280 2101 2376 2151; x_wconf 83' lang='lat' dir='ltr'><strong><em>vn,</em></strong></span> <span class='ocrx_word' id='word_1_664' title='bbox 2425 2086 2504 2156; x_wconf 87' lang='grc'><strong><em>6).</em></strong></span> <span class='ocrx_word' id='word_1_665' title='bbox 2549 2085 2659 2141; x_wconf 84' lang='lat' dir='ltr'><strong><em>Nec</em></strong></span> <span class='ocrx_word' id='word_1_666' title='bbox 2693 2086 2993 2142; x_wconf 86' lang='lat' dir='ltr'><strong><em>contrarius</em></strong></span> <span class='ocrx_word' id='word_1_667' title='bbox 3017 2071 3100 2142; x_wconf 81' lang='lat' dir='ltr'><strong><em>est</em></strong></span> <span class='ocrx_word' id='word_1_668' title='bbox 3137 2087 3442 2158; x_wconf 84' lang='lat' dir='ltr'><strong><em>Apostolus</em></strong></span> <span class='ocrx_word' id='word_1_669' title='bbox 3494 2087 3720 2152; x_wconf 88' lang='lat' dir='ltr'><strong><em>Domino,</em></strong></span> 
     </span>
    </p>
   </div>
   <div class='ocr_carea' id='block_1_82' title="bbox 2139 2175 3722 2251">
    <p class='ocr_par' dir='ltr' id='par_1_82' title="bbox 2139 2175 3722 2251">
     <span class='ocr_line' id='line_1_82' title="bbox 2139 2175 3722 2251; baseline 0.004 -24"><span class='ocrx_word' id='word_1_670' title='bbox 2139 2176 2261 2245; x_wconf 88' lang='lat' dir='ltr'><strong><em>quia</em></strong></span> <span class='ocrx_word' id='word_1_671' title='bbox 2301 2175 2448 2242; x_wconf 89' lang='lat' dir='ltr'><strong><em>dicit,</em></strong></span> <span class='ocrx_word' id='word_1_672' title='bbox 2478 2175 2751 2232; x_wconf 86' lang='lat' dir='ltr'><strong><em>Peccantes</em></strong></span> <span class='ocrx_word' id='word_1_673' title='bbox 2775 2194 2947 2232; x_wconf 86' lang='lat' dir='ltr'><strong><em>coram</em></strong></span> <span class='ocrx_word' id='word_1_674' title='bbox 2989 2178 3216 2234; x_wconf 87' lang='lat' dir='ltr'><strong><em>omnibus</em></strong></span> <span class='ocrx_word' id='word_1_675' title='bbox 3255 2195 3446 2251; x_wconf 86' lang='lat' dir='ltr'><strong><em>argue,</em></strong></span> <span class='ocrx_word' id='word_1_676' title='bbox 3492 2189 3551 2234; x_wconf 77' lang='lat' dir='ltr'><strong><em>ut</em></strong></span> <span class='ocrx_word' id='word_1_677' title='bbox 3575 2179 3722 2235; x_wconf 70' lang='lat' dir='ltr'><strong><em>ceteri</em></strong></span> 
     </span>
    </p>
   </div>
   <div class='ocr_carea' id='block_1_83' title="bbox 2142 2267 3723 2340">
    <p class='ocr_par' dir='ltr' id='par_1_83' title="bbox 2142 2267 3723 2340">
     <span class='ocr_line' id='line_1_83' title="bbox 2142 2267 3723 2340; baseline 0.004 -21"><span class='ocrx_word' id='word_1_678' title='bbox 2142 2270 2368 2322; x_wconf 84' lang='lat' dir='ltr'><strong><em>timerent</em></strong></span> <span class='ocrx_word' id='word_1_679' title='bbox 2390 2267 2605 2322; x_wconf 88' lang='lat' dir='ltr'><strong><em>habeant</em></strong></span> <span class='ocrx_word' id='word_1_680' title='bbox 2627 2268 2671 2340; x_wconf 83' lang='grc' dir='ltr'><strong><em>(Ι</em></strong></span> <span class='ocrx_word' id='word_1_681' title='bbox 2695 2267 2825 2323; x_wconf 88' lang='lat' dir='ltr'><strong><em>Tim.</em></strong></span> <span class='ocrx_word' id='word_1_682' title='bbox 2848 2285 2900 2334; x_wconf 92' lang='lat' dir='ltr'><strong><em>v,</em></strong></span> <span class='ocrx_word' id='word_1_683' title='bbox 2921 2269 3050 2340; x_wconf 72' lang='lat'><strong><em>20);</em></strong></span> <span class='ocrx_word' id='word_1_684' title='bbox 3077 2286 3196 2326; x_wconf 88' lang='lat' dir='ltr'><strong><em>cum</em></strong></span> <span class='ocrx_word' id='word_1_685' title='bbox 3226 2271 3318 2327; x_wconf 89' lang='lat' dir='ltr'><strong><em>ille</em></strong></span> <span class='ocrx_word' id='word_1_686' title='bbox 3342 2272 3519 2338; x_wconf 85' lang='lat' dir='ltr'><strong><em>dicat,</em></strong></span> <span class='ocrx_word' id='word_1_687' title='bbox 3536 2271 3723 2339; x_wconf 71' lang='lat' dir='ltr'><strong><em>Corripe</em></strong></span> 
     </span>
    </p>
   </div>
   <div class='ocr_carea' id='block_1_84' title="bbox 2141 2359 3716 2431">
    <p class='ocr_par' dir='ltr' id='par_1_84' title="bbox 2141 2359 3716 2431">
     <span class='ocr_line' id='line_1_84' title="bbox 2141 2359 3716 2431; baseline 0.003 -19"><span class='ocrx_word' id='word_1_688' title='bbox 2141 2375 2255 2412; x_wconf 87' lang='lat' dir='ltr'><strong><em>eum</em></strong></span> <span class='ocrx_word' id='word_1_689' title='bbox 2283 2359 2412 2413; x_wconf 88' lang='lat' dir='ltr'><strong><em>inter</em></strong></span> <span class='ocrx_word' id='word_1_690' title='bbox 2433 2368 2479 2414; x_wconf 88' lang='lat' dir='ltr'><strong><em>te</em></strong></span> <span class='ocrx_word' id='word_1_691' title='bbox 2508 2367 2554 2414; x_wconf 89' lang='lat' dir='ltr'><strong><em>et</em></strong></span> <span class='ocrx_word' id='word_1_692' title='bbox 2579 2360 2766 2429; x_wconf 85' lang='lat' dir='ltr'><strong><em>ipsum.</em></strong></span> <span class='ocrx_word' id='word_1_693' title='bbox 2803 2359 3096 2431; x_wconf 90' lang='lat' dir='ltr'><strong><em>Utrumque</em></strong></span> <span class='ocrx_word' id='word_1_694' title='bbox 3116 2362 3259 2416; x_wconf 88' lang='lat' dir='ltr'><strong><em>enim</em></strong></span> <span class='ocrx_word' id='word_1_695' title='bbox 3292 2361 3606 2417; x_wconf 84' lang='lat' dir='ltr'><strong><em>faciendum</em></strong></span> <span class='ocrx_word' id='word_1_696' title='bbox 3631 2369 3716 2422; x_wconf 85' lang='lat' dir='ltr'><strong><em>est.</em></strong></span> 
     </span>
    </p>
   </div>
   <div class='ocr_carea' id='block_1_85' title="bbox 2142 2449 3719 2522">
    <p class='ocr_par' dir='ltr' id='par_1_85' title="bbox 2142 2449 3719 2522">
     <span class='ocr_line' id='line_1_85' title="bbox 2142 2449 3719 2522; baseline 0.001 -19"><span class='ocrx_word' id='word_1_697' title='bbox 2142 2449 2279 2504; x_wconf 88' lang='lat' dir='ltr'><strong><em>sicut</em></strong></span> <span class='ocrx_word' id='word_1_698' title='bbox 2305 2449 2624 2504; x_wconf 85' lang='lat' dir='ltr'><strong><em>infirmitatis</em></strong></span> <span class='ocrx_word' id='word_1_699' title='bbox 2649 2449 2927 2506; x_wconf 86' lang='lat' dir='ltr'><strong><em>diversitas</em></strong></span> <span class='ocrx_word' id='word_1_700' title='bbox 2954 2451 3204 2507; x_wconf 87' lang='lat' dir='ltr'><strong><em>admonet</em></strong></span> <span class='ocrx_word' id='word_1_701' title='bbox 3225 2467 3425 2508; x_wconf 90' lang='lat' dir='ltr'><strong><em>eorum</em></strong></span> <span class='ocrx_word' id='word_1_702' title='bbox 3473 2467 3606 2522; x_wconf 89' lang='lat' dir='ltr'><strong><em>quos</em></strong></span> <span class='ocrx_word' id='word_1_703' title='bbox 3633 2450 3719 2506; x_wconf 85' lang='lat' dir='ltr'><strong><em>uti-</em></strong></span> 
     </span>
    </p>
   </div>
   <div class='ocr_carea' id='block_1_86' title="bbox 2142 2541 3718 2614">
    <p class='ocr_par' dir='ltr' id='par_1_86' title="bbox 2142 2541 3718 2614">
     <span class='ocr_line' id='line_1_86' title="bbox 2142 2541 3718 2614; baseline 0.003 -20"><span class='ocrx_word' id='word_1_704' title='bbox 2142 2555 2246 2611; x_wconf 89' lang='lat' dir='ltr'><strong><em>que</em></strong></span> <span class='ocrx_word' id='word_1_705' title='bbox 2275 2555 2379 2595; x_wconf 91' lang='lat' dir='ltr'><strong><em>non</em></strong></span> <span class='ocrx_word' id='word_1_706' title='bbox 2415 2541 2744 2611; x_wconf 86' lang='lat' dir='ltr'><strong><em>perdendos,</em></strong></span> <span class='ocrx_word' id='word_1_707' title='bbox 2810 2542 2906 2598; x_wconf 90' lang='lat' dir='ltr'><strong><em>sed</em></strong></span> <span class='ocrx_word' id='word_1_708' title='bbox 2947 2543 3292 2613; x_wconf 79' lang='lat' dir='ltr'><strong><em>corrigendos</em></strong></span> <span class='ocrx_word' id='word_1_709' title='bbox 3362 2543 3718 2614; x_wconf 86' lang='lat' dir='ltr'><strong><em>curandosque</em></strong></span> 
     </span>
    </p>
   </div>
   <div class='ocr_carea' id='block_1_87' title="bbox 2145 2632 3719 2700">
    <p class='ocr_par' dir='ltr' id='par_1_87' title="bbox 2145 2632 3719 2700">
     <span class='ocr_line' id='line_1_87' title="bbox 2145 2632 3719 2700; baseline 0.001 -15"><span class='ocrx_word' id='word_1_710' title='bbox 2145 2632 2509 2700; x_wconf 86' lang='lat' dir='ltr'><strong><em>suscepimus;</em></strong></span> <span class='ocrx_word' id='word_1_711' title='bbox 2553 2642 2608 2687; x_wconf 89' lang='lat' dir='ltr'><strong><em>et</em></strong></span> <span class='ocrx_word' id='word_1_712' title='bbox 2648 2632 2784 2687; x_wconf 90' lang='lat' dir='ltr'><strong><em>alius</em></strong></span> <span class='ocrx_word' id='word_1_713' title='bbox 2813 2633 2909 2697; x_wconf 91' lang='lat' dir='ltr'><strong><em>sic,</em></strong></span> <span class='ocrx_word' id='word_1_714' title='bbox 2957 2634 3092 2688; x_wconf 88' lang='lat' dir='ltr'><strong><em>alius</em></strong></span> <span class='ocrx_word' id='word_1_715' title='bbox 3131 2643 3312 2690; x_wconf 86' lang='lat' dir='ltr'><strong><em>autem</em></strong></span> <span class='ocrx_word' id='word_1_716' title='bbox 3344 2635 3430 2690; x_wconf 91' lang='lat' dir='ltr'><strong><em>sic</em></strong></span> <span class='ocrx_word' id='word_1_717' title='bbox 3474 2633 3719 2690; x_wconf 85' lang='lat' dir='ltr'><strong><em>sanandus</em></strong></span> 
     </span>
    </p>
   </div>
   <div class='ocr_carea' id='block_1_88' title="bbox 2145 2721 3718 2782">
    <p class='ocr_par' dir='ltr' id='par_1_88' title="bbox 2145 2721 3718 2782">
     <span class='ocr_line' id='line_1_88' title="bbox 2145 2721 3718 2782; baseline 0.003 -6"><span class='ocrx_word' id='word_1_718' title='bbox 2145 2729 2245 2776; x_wconf 88' lang='lat' dir='ltr'><strong><em>est.</em></strong></span> <span class='ocrx_word' id='word_1_719' title='bbox 2270 2721 2344 2776; x_wconf 86' lang='lat' dir='ltr'><strong><em>Ita</em></strong></span> <span class='ocrx_word' id='word_1_720' title='bbox 2369 2723 2529 2776; x_wconf 91' lang='lat' dir='ltr'><strong><em>etiam</em></strong></span> <span class='ocrx_word' id='word_1_721' title='bbox 2553 2731 2635 2777; x_wconf 76' lang='lat' dir='ltr'><strong><em>est</em></strong></span> <span class='ocrx_word' id='word_1_722' title='bbox 2657 2724 2790 2777; x_wconf 88' lang='lat' dir='ltr'><strong><em>ratio</em></strong></span> <span class='ocrx_word' id='word_1_723' title='bbox 2809 2723 3176 2780; x_wconf 87' lang='lat' dir='ltr'><strong><em>dissimulandi</em></strong></span> <span class='ocrx_word' id='word_1_724' title='bbox 3202 2735 3257 2782; x_wconf 88' lang='lat' dir='ltr'><strong><em>et</em></strong></span> <span class='ocrx_word' id='word_1_725' title='bbox 3278 2726 3553 2782; x_wconf 83' lang='lat' dir='ltr'><strong><em>tolerandi</em></strong></span> <span class='ocrx_word' id='word_1_726' title='bbox 3573 2724 3718 2780; x_wconf 75' lang='lat' dir='ltr'><strong><em>malos</em></strong></span> 
     </span>
    </p>
   </div>
   <div class='ocr_carea' id='block_1_89' title="bbox 2147 2813 3715 2888">
    <p class='ocr_par' dir='ltr' id='par_1_89' title="bbox 2147 2813 3715 2888">
     <span class='ocr_line' id='line_1_89' title="bbox 2147 2813 3715 2888; baseline 0.001 -22"><span class='ocrx_word' id='word_1_727' title='bbox 2147 2813 2200 2866; x_wconf 90' lang='lat' dir='ltr'><strong><em>in</em></strong></span> <span class='ocrx_word' id='word_1_728' title='bbox 2230 2813 2467 2869; x_wconf 85' lang='lat' dir='ltr'><strong><em>Ecclesia</em></strong></span> <span class='ocrx_word' id='word_1_729' title='bbox 2498 2833 2512 2867; x_wconf 92' lang='lat'><strong>:</strong></span> <span class='ocrx_word' id='word_1_730' title='bbox 2538 2822 2593 2868; x_wconf 91' lang='lat' dir='ltr'><strong><em>et</em></strong></span> <span class='ocrx_word' id='word_1_731' title='bbox 2629 2822 2712 2869; x_wconf 82' lang='lat' dir='ltr'><strong><em>est</em></strong></span> <span class='ocrx_word' id='word_1_732' title='bbox 2738 2829 2924 2870; x_wconf 91' lang='lat' dir='ltr'><strong><em>rursus</em></strong></span> <span class='ocrx_word' id='word_1_733' title='bbox 2954 2816 3092 2872; x_wconf 89' lang='lat' dir='ltr'><strong><em>ratio</em></strong></span> <span class='ocrx_word' id='word_1_734' title='bbox 3127 2817 3427 2888; x_wconf 84' lang='lat' dir='ltr'><strong><em>castigandi</em></strong></span> <span class='ocrx_word' id='word_1_735' title='bbox 3478 2824 3534 2872; x_wconf 91' lang='lat' dir='ltr'><strong><em>et</em></strong></span> <span class='ocrx_word' id='word_1_736' title='bbox 3567 2814 3715 2870; x_wconf 84' lang='lat' dir='ltr'><strong><em>corri-</em></strong></span> 
     </span>
    </p>
   </div>
   <div class='ocr_carea' id='block_1_90' title="bbox 2148 2902 3714 2974">
    <p class='ocr_par' dir='ltr' id='par_1_90' title="bbox 2148 2902 3714 2974">
     <span class='ocr_line' id='line_1_90' title="bbox 2148 2902 3714 2974; baseline 0 -17"><span class='ocrx_word' id='word_1_737' title='bbox 2148 2904 2340 2974; x_wconf 88' lang='lat' dir='ltr'><strong><em>piendi,</em></strong></span> <span class='ocrx_word' id='word_1_738' title='bbox 2366 2919 2470 2959; x_wconf 89' lang='lat' dir='ltr'><strong><em>non</em></strong></span> <span class='ocrx_word' id='word_1_739' title='bbox 2490 2905 2801 2960; x_wconf 90' lang='lat' dir='ltr'><strong><em>admittendi</em></strong></span> <span class='ocrx_word' id='word_1_740' title='bbox 2829 2908 2968 2962; x_wconf 88' lang='lat' dir='ltr'><strong><em>vela</em></strong></span> <span class='ocrx_word' id='word_1_741' title='bbox 2993 2908 3376 2964; x_wconf 90' lang='lat' dir='ltr'><strong><em>communione</em></strong></span> <span class='ocrx_word' id='word_1_742' title='bbox 3405 2902 3714 2963; x_wconf 86' lang='lat' dir='ltr'><strong><em>removendi.</em></strong></span> 
     </span>
    </p>
   </div>
   <div class='ocr_carea' id='block_1_91' title="bbox 2219 2995 3717 3053">
    <p class='ocr_par' dir='ltr' id='par_1_91' title="bbox 2219 2995 3717 3053">
     <span class='ocr_line' id='line_1_91' title="bbox 2219 2995 3717 3053; baseline -0.001 -4"><span class='ocrx_word' id='word_1_743' title='bbox 2219 2995 2441 3050; x_wconf 84' lang='lat' dir='ltr'><strong><em>CAPUT</em></strong></span> <span class='ocrx_word' id='word_1_744' title='bbox 2481 2995 2568 3050; x_wconf 83' lang='lat' dir='ltr'><strong><em>IV.</em></strong></span> <span class='ocrx_word' id='word_1_745' title='bbox 2594 3026 2664 3035; x_wconf 89' lang='lat'><strong><em>—</em></strong></span> <span class='ocrx_word' id='word_1_746' title='bbox 2691 2996 2746 3052; x_wconf 83' lang='lat'><strong><em>5.</em></strong></span> <span class='ocrx_word' id='word_1_747' title='bbox 2772 2995 2987 3051; x_wconf 84' lang='lat' dir='ltr'><strong><em>Errores</em></strong></span> <span class='ocrx_word' id='word_1_748' title='bbox 3033 3014 3134 3052; x_wconf 89' lang='lat' dir='ltr'><strong><em>non</em></strong></span> <span class='ocrx_word' id='word_1_749' title='bbox 3186 2999 3506 3053; x_wconf 81' lang='lat' dir='ltr'><strong><em>servantium</em></strong></span> <span class='ocrx_word' id='word_1_750' title='bbox 3536 2995 3717 3050; x_wconf 76' lang='lat' dir='ltr'><strong><em>modum</em></strong></span> 
     </span>
    </p>
   </div>
   <div class='ocr_carea' id='block_1_92' title="bbox 2148 3085 3720 3156">
    <p class='ocr_par' dir='ltr' id='par_1_92' title="bbox 2148 3085 3720 3156">
     <span class='ocr_line' id='line_1_92' title="bbox 2148 3085 3720 3156; baseline 0.002 -19"><span class='ocrx_word' id='word_1_751' title='bbox 2148 3085 2199 3139; x_wconf 90' lang='lat' dir='ltr'><strong><em>in</em></strong></span> <span class='ocrx_word' id='word_1_752' title='bbox 2223 3085 2498 3156; x_wconf 88' lang='lat' dir='ltr'><strong><em>Scripturis</em></strong></span> <span class='ocrx_word' id='word_1_753' title='bbox 2520 3086 2874 3156; x_wconf 88' lang='lat' dir='ltr'><strong><em>intelligendis.</em></strong></span> <span class='ocrx_word' id='word_1_754' title='bbox 2905 3087 3286 3143; x_wconf 85' lang='lat' dir='ltr'><strong><em>Donatistarum</em></strong></span> <span class='ocrx_word' id='word_1_755' title='bbox 3310 3088 3480 3145; x_wconf 82' lang='lat' dir='ltr'><strong><em>errori</em></strong></span> <span class='ocrx_word' id='word_1_756' title='bbox 3509 3088 3720 3142; x_wconf 70' lang='lat' dir='ltr'><strong><em>aliusa-</em></strong></span> 
     </span>
    </p>
   </div>
   <div class='ocr_carea' id='block_1_93' title="bbox 2149 3177 3718 3251">
    <p class='ocr_par' dir='ltr' id='par_1_93' title="bbox 2149 3177 3718 3251">
     <span class='ocr_line' id='line_1_93' title="bbox 2149 3177 3718 3251; baseline -0.001 -22"><span class='ocrx_word' id='word_1_757' title='bbox 2149 3192 2235 3230; x_wconf 91' lang='lat' dir='ltr'><strong><em>ror</em></strong></span> <span class='ocrx_word' id='word_1_758' title='bbox 2261 3177 2542 3232; x_wconf 88' lang='lat' dir='ltr'><strong><em>contrarius</em></strong></span> <span class='ocrx_word' id='word_1_759' title='bbox 2569 3193 2632 3232; x_wconf 76' lang='lat' dir='ltr'><strong><em>ea:</em></strong></span> <span class='ocrx_word' id='word_1_760' title='bbox 2656 3177 2936 3249; x_wconf 90' lang='lat' dir='ltr'><strong><em>Scripturis</em></strong></span> <span class='ocrx_word' id='word_1_761' title='bbox 2965 3195 3228 3251; x_wconf 85' lang='lat' dir='ltr'><strong><em>perperam</em></strong></span> <span class='ocrx_word' id='word_1_762' title='bbox 3259 3179 3508 3250; x_wconf 87' lang='lat' dir='ltr'><strong><em>acceptis.</em></strong></span> <span class='ocrx_word' id='word_1_763' title='bbox 3547 3179 3718 3233; x_wconf 83' lang='lat' dir='ltr'><strong><em>Errant</em></strong></span> 
     </span>
    </p>
   </div>
   <div class='ocr_carea' id='block_1_94' title="bbox 2149 3265 3717 3337">
    <p class='ocr_par' dir='ltr' id='par_1_94' title="bbox 2149 3265 3717 3337">
     <span class='ocr_line' id='line_1_94' title="bbox 2149 3265 3717 3337; baseline 0 -17"><span class='ocrx_word' id='word_1_764' title='bbox 2149 3277 2324 3321; x_wconf 87' lang='lat' dir='ltr'><strong><em>autem</em></strong></span> <span class='ocrx_word' id='word_1_765' title='bbox 2367 3265 2644 3334; x_wconf 83' lang='lat' dir='ltr'><strong><em>homines,</em></strong></span> <span class='ocrx_word' id='word_1_766' title='bbox 2690 3283 2796 3323; x_wconf 90' lang='lat' dir='ltr'><strong><em>non</em></strong></span> <span class='ocrx_word' id='word_1_767' title='bbox 2835 3278 3112 3325; x_wconf 82' lang='lat' dir='ltr'><strong><em>servantes</em></strong></span> <span class='ocrx_word' id='word_1_768' title='bbox 3138 3269 3399 3337; x_wconf 91' lang='lat' dir='ltr'><strong><em>modum;</em></strong></span> <span class='ocrx_word' id='word_1_769' title='bbox 3445 3277 3640 3324; x_wconf 86' lang='lat' dir='ltr'><strong><em>etcum</em></strong></span> <span class='ocrx_word' id='word_1_770' title='bbox 3672 3266 3717 3320; x_wconf 89' lang='lat' dir='ltr'><strong><em>in</em></strong></span> 
     </span>
    </p>
   </div>
   <div class='ocr_carea' id='block_1_95' title="bbox 2151 3356 3715 3428">
    <p class='ocr_par' dir='ltr' id='par_1_95' title="bbox 2151 3356 3715 3428">
     <span class='ocr_line' id='line_1_95' title="bbox 2151 3356 3715 3428; baseline -0.001 -20"><span class='ocrx_word' id='word_1_771' title='bbox 2151 3371 2308 3409; x_wconf 90' lang='lat' dir='ltr'><strong><em>uuam</em></strong></span> <span class='ocrx_word' id='word_1_772' title='bbox 2336 3365 2539 3426; x_wconf 89' lang='lat' dir='ltr'><strong><em>partem</em></strong></span> <span class='ocrx_word' id='word_1_773' title='bbox 2571 3358 2873 3426; x_wconf 89' lang='lat' dir='ltr'><strong><em>procliviter</em></strong></span> <span class='ocrx_word' id='word_1_774' title='bbox 2898 3358 2976 3413; x_wconf 91' lang='lat' dir='ltr'><strong><em>ire</em></strong></span> <span class='ocrx_word' id='word_1_775' title='bbox 2996 3359 3276 3428; x_wconf 59' lang='lat' dir='ltr'><strong><em>coeperint,</em></strong></span> <span class='ocrx_word' id='word_1_776' title='bbox 3308 3375 3421 3414; x_wconf 91' lang='lat' dir='ltr'><strong><em>non</em></strong></span> <span class='ocrx_word' id='word_1_777' title='bbox 3447 3356 3715 3428; x_wconf 76' lang='lat' dir='ltr'><strong><em>reSpieiunt</em></strong></span> 
     </span>
    </p>
   </div>
   <div class='ocr_carea' id='block_1_96' title="bbox 2150 3443 3715 3521">
    <p class='ocr_par' dir='ltr' id='par_1_96' title="bbox 2150 3443 3715 3521">
     <span class='ocr_line' id='line_1_96' title="bbox 2150 3443 3715 3521; baseline -0.001 -21"><span class='ocrx_word' id='word_1_778' title='bbox 2150 3445 2344 3502; x_wconf 81' lang='lat' dir='ltr'><strong><em>divinae</em></strong></span> <span class='ocrx_word' id='word_1_779' title='bbox 2372 3447 2700 3503; x_wconf 87' lang='lat' dir='ltr'><strong><em>auctoritatis</em></strong></span> <span class='ocrx_word' id='word_1_780' title='bbox 2725 3448 2827 3503; x_wconf 90' lang='lat' dir='ltr'><strong><em>alia</em></strong></span> <span class='ocrx_word' id='word_1_781' title='bbox 2858 3449 3182 3517; x_wconf 87' lang='lat' dir='ltr'><strong><em>testimonia,</em></strong></span> <span class='ocrx_word' id='word_1_782' title='bbox 3210 3449 3409 3521; x_wconf 91' lang='lat' dir='ltr'><strong><em>quibus</em></strong></span> <span class='ocrx_word' id='word_1_783' title='bbox 3437 3447 3637 3520; x_wconf 88' lang='lat' dir='ltr'><strong><em>possint</em></strong></span> <span class='ocrx_word' id='word_1_784' title='bbox 3660 3443 3715 3498; x_wconf 80' lang='lat' dir='ltr'><strong><em>ab</em></strong></span> 
     </span>
    </p>
   </div>
   <div class='ocr_carea' id='block_1_97' title="bbox 2152 3539 3713 3614">
    <p class='ocr_par' dir='ltr' id='par_1_97' title="bbox 2152 3539 3713 3614">
     <span class='ocr_line' id='line_1_97' title="bbox 2152 3539 3713 3614; baseline -0.005 -17"><span class='ocrx_word' id='word_1_785' title='bbox 2152 3542 2243 3597; x_wconf 88' lang='lat' dir='ltr'><strong><em>illa</em></strong></span> <span class='ocrx_word' id='word_1_786' title='bbox 2274 3541 2565 3598; x_wconf 89' lang='lat' dir='ltr'><strong><em>intentione</em></strong></span> <span class='ocrx_word' id='word_1_787' title='bbox 2615 3543 2876 3610; x_wconf 86' lang='lat' dir='ltr'><strong><em>revocari,</em></strong></span> <span class='ocrx_word' id='word_1_788' title='bbox 2919 3552 2973 3598; x_wconf 92' lang='lat' dir='ltr'><strong><em>et</em></strong></span> <span class='ocrx_word' id='word_1_789' title='bbox 3021 3543 3074 3597; x_wconf 90' lang='lat' dir='ltr'><strong><em>in</em></strong></span> <span class='ocrx_word' id='word_1_790' title='bbox 3118 3557 3182 3598; x_wconf 86' lang='lat' dir='ltr'><strong><em>ea</em></strong></span> <span class='ocrx_word' id='word_1_791' title='bbox 3222 3559 3343 3614; x_wconf 72' lang='lat' dir='ltr'><strong><em>qua:</em></strong></span> <span class='ocrx_word' id='word_1_792' title='bbox 3380 3559 3452 3600; x_wconf 78' lang='lat' dir='ltr'><strong><em>ex</em></strong></span> <span class='ocrx_word' id='word_1_793' title='bbox 3498 3539 3713 3607; x_wconf 84' lang='lat' dir='ltr'><strong><em>utrisque</em></strong></span> 
     </span>
    </p>
   </div>
   <div class='ocr_carea' id='block_1_98' title="bbox 2154 3633 3711 3704">
    <p class='ocr_par' dir='ltr' id='par_1_98' title="bbox 2154 3633 3711 3704">
     <span class='ocr_line' id='line_1_98' title="bbox 2154 3633 3711 3704; baseline -0.004 -16"><span class='ocrx_word' id='word_1_794' title='bbox 2154 3643 2441 3704; x_wconf 88' lang='lat' dir='ltr'><strong><em>temperata</em></strong></span> <span class='ocrx_word' id='word_1_795' title='bbox 2469 3642 2553 3689; x_wconf 90' lang='lat' dir='ltr'><strong><em>est</em></strong></span> <span class='ocrx_word' id='word_1_796' title='bbox 2603 3634 2826 3689; x_wconf 87' lang='lat' dir='ltr'><strong><em>veritate</em></strong></span> <span class='ocrx_word' id='word_1_797' title='bbox 2869 3649 2932 3689; x_wconf 90' lang='lat' dir='ltr'><strong><em>ac</em></strong></span> <span class='ocrx_word' id='word_1_798' title='bbox 2973 3633 3343 3690; x_wconf 88' lang='lat' dir='ltr'><strong><em>moderatione</em></strong></span> <span class='ocrx_word' id='word_1_799' title='bbox 3395 3633 3711 3690; x_wconf 87' lang='lat' dir='ltr'><strong><em>consistere:</em></strong></span> 
     </span>
    </p>
   </div>
   <div class='ocr_carea' id='block_1_99' title="bbox 2155 3717 3711 3798">
    <p class='ocr_par' dir='ltr' id='par_1_99' title="bbox 2155 3717 3711 3798">
     <span class='ocr_line' id='line_1_99' title="bbox 2155 3717 3711 3798; baseline -0.003 -18"><span class='ocrx_word' id='word_1_800' title='bbox 2155 3741 2256 3782; x_wconf 89' lang='lat' dir='ltr'><strong><em>nec</em></strong></span> <span class='ocrx_word' id='word_1_801' title='bbox 2277 3727 2329 3780; x_wconf 91' lang='lat' dir='ltr'><strong><em>in</em></strong></span> <span class='ocrx_word' id='word_1_802' title='bbox 2362 3725 2462 3781; x_wconf 90' lang='lat' dir='ltr'><strong><em>hac</em></strong></span> <span class='ocrx_word' id='word_1_803' title='bbox 2485 3741 2546 3780; x_wconf 90' lang='lat' dir='ltr'><strong><em>re</em></strong></span> <span class='ocrx_word' id='word_1_804' title='bbox 2575 3733 2800 3794; x_wconf 88' lang='lat' dir='ltr'><strong><em>tantum,</em></strong></span> <span class='ocrx_word' id='word_1_805' title='bbox 2844 3725 2913 3782; x_wconf 91' lang='lat' dir='ltr'><strong><em>de</em></strong></span> <span class='ocrx_word' id='word_1_806' title='bbox 2940 3742 3043 3797; x_wconf 88' lang='lat' dir='ltr'><strong><em>qua</em></strong></span> <span class='ocrx_word' id='word_1_807' title='bbox 3075 3742 3215 3782; x_wconf 89' lang='lat' dir='ltr'><strong><em>nunc</em></strong></span> <span class='ocrx_word' id='word_1_808' title='bbox 3241 3729 3472 3798; x_wconf 68' lang='lat' dir='ltr'><strong><em>qumstio</em></strong></span> <span class='ocrx_word' id='word_1_809' title='bbox 3510 3733 3605 3786; x_wconf 85' lang='lat' dir='ltr'><strong><em>est,</em></strong></span> <span class='ocrx_word' id='word_1_810' title='bbox 3632 3717 3711 3776; x_wconf 82' lang='lat' dir='ltr'><strong><em>sed</em></strong></span> 
     </span>
    </p>
   </div>
   <div class='ocr_carea' id='block_1_100' title="bbox 2155 3815 3710 3886">
    <p class='ocr_par' dir='ltr' id='par_1_100' title="bbox 2155 3815 3710 3886">
     <span class='ocr_line' id='line_1_100' title="bbox 2155 3815 3710 3886; baseline -0.005 -13"><span class='ocrx_word' id='word_1_811' title='bbox 2155 3817 2312 3873; x_wconf 88' lang='lat' dir='ltr'><strong><em>etiam</em></strong></span> <span class='ocrx_word' id='word_1_812' title='bbox 2337 3817 2386 3871; x_wconf 91' lang='lat' dir='ltr'><strong><em>in</em></strong></span> <span class='ocrx_word' id='word_1_813' title='bbox 2413 3817 2530 3871; x_wconf 89' lang='lat' dir='ltr'><strong><em>aliis</em></strong></span> <span class='ocrx_word' id='word_1_814' title='bbox 2555 3817 2752 3872; x_wconf 89' lang='lat' dir='ltr'><strong><em>multis.</em></strong></span> <span class='ocrx_word' id='word_1_815' title='bbox 2777 3815 2906 3871; x_wconf 89' lang='lat' dir='ltr'><strong><em>Nam</em></strong></span> <span class='ocrx_word' id='word_1_816' title='bbox 2919 3817 3131 3886; x_wconf 88' lang='lat' dir='ltr'><strong><em>quidam</em></strong></span> <span class='ocrx_word' id='word_1_817' title='bbox 3147 3819 3416 3874; x_wconf 86' lang='lat' dir='ltr'><strong><em>intuentes</em></strong></span> <span class='ocrx_word' id='word_1_818' title='bbox 3440 3816 3710 3872; x_wconf 86' lang='lat' dir='ltr'><strong><em>divinarum</em></strong></span> 
     </span>
    </p>
   </div>
   <div class='ocr_carea' id='block_1_101' title="bbox 2159 3902 3710 3980">
    <p class='ocr_par' dir='ltr' id='par_1_101' title="bbox 2159 3902 3710 3980">
     <span class='ocr_line' id='line_1_101' title="bbox 2159 3902 3710 3980; baseline -0.007 -14"><span class='ocrx_word' id='word_1_819' title='bbox 2159 3911 2457 3966; x_wconf 91' lang='lat' dir='ltr'><strong><em>testimonia</em></strong></span> <span class='ocrx_word' id='word_1_820' title='bbox 2500 3909 2842 3976; x_wconf 88' lang='lat' dir='ltr'><strong><em>Litterarum,</em></strong></span> <span class='ocrx_word' id='word_1_821' title='bbox 2871 3909 3062 3980; x_wconf 89' lang='lat' dir='ltr'><strong><em>quibus</em></strong></span> <span class='ocrx_word' id='word_1_822' title='bbox 3115 3925 3254 3965; x_wconf 92' lang='lat' dir='ltr'><strong><em>unus</em></strong></span> <span class='ocrx_word' id='word_1_823' title='bbox 3302 3909 3447 3966; x_wconf 90' lang='lat' dir='ltr'><strong><em>Deus</em></strong></span> <span class='ocrx_word' id='word_1_824' title='bbox 3484 3902 3710 3963; x_wconf 88' lang='lat' dir='ltr'><strong><em>colendus</em></strong></span> 
     </span>
    </p>
   </div>
   <div class='ocr_carea' id='block_1_102' title="bbox 2157 4000 3711 4070">
    <p class='ocr_par' dir='ltr' id='par_1_102' title="bbox 2157 4000 3711 4070">
     <span class='ocr_line' id='line_1_102' title="bbox 2157 4000 3711 4070; baseline -0.006 -15"><span class='ocrx_word' id='word_1_825' title='bbox 2157 4002 2474 4067; x_wconf 88' lang='lat' dir='ltr'><strong><em>insinuatur,</em></strong></span> <span class='ocrx_word' id='word_1_826' title='bbox 2493 4000 2736 4056; x_wconf 87' lang='lat' dir='ltr'><strong><em>eumdem</em></strong></span> <span class='ocrx_word' id='word_1_827' title='bbox 2755 4000 2965 4056; x_wconf 89' lang='lat' dir='ltr'><strong><em>Patrem</em></strong></span> <span class='ocrx_word' id='word_1_828' title='bbox 2983 4000 3072 4070; x_wconf 89' lang='lat' dir='ltr'><strong><em>qui</em></strong></span> <span class='ocrx_word' id='word_1_829' title='bbox 3093 4009 3175 4055; x_wconf 92' lang='lat' dir='ltr'><strong><em>est</em></strong></span> <span class='ocrx_word' id='word_1_830' title='bbox 3194 4000 3382 4066; x_wconf 87' lang='lat' dir='ltr'><strong><em>Filius,</em></strong></span> <span class='ocrx_word' id='word_1_831' title='bbox 3397 4004 3711 4062; x_wconf 85' lang='lat' dir='ltr'><strong><em>sanctumque</em></strong></span> 
     </span>
    </p>
   </div>
   <div class='ocr_carea' id='block_1_103' title="bbox 2157 4090 3709 4163">
    <p class='ocr_par' dir='ltr' id='par_1_103' title="bbox 2157 4090 3709 4163">
     <span class='ocr_line' id='line_1_103' title="bbox 2157 4090 3709 4163; baseline -0.005 -15"><span class='ocrx_word' id='word_1_832' title='bbox 2157 4092 2411 4162; x_wconf 88' lang='lat' dir='ltr'><strong><em>Spiritum</em></strong></span> <span class='ocrx_word' id='word_1_833' title='bbox 2444 4099 2792 4163; x_wconf 88' lang='lat' dir='ltr'><strong><em>putaverunt;</em></strong></span> <span class='ocrx_word' id='word_1_834' title='bbox 2840 4091 2929 4146; x_wconf 89' lang='lat' dir='ltr'><strong><em>alii</em></strong></span> <span class='ocrx_word' id='word_1_835' title='bbox 2973 4107 3156 4147; x_wconf 89' lang='lat' dir='ltr'><strong><em>rursus</em></strong></span> <span class='ocrx_word' id='word_1_836' title='bbox 3189 4093 3352 4148; x_wconf 86' lang='lat' dir='ltr'><strong><em>veluti</em></strong></span> <span class='ocrx_word' id='word_1_837' title='bbox 3387 4090 3570 4148; x_wconf 86' lang='lat' dir='ltr'><strong><em>morbo</em></strong></span> <span class='ocrx_word' id='word_1_838' title='bbox 3602 4097 3709 4140; x_wconf 87' lang='lat' dir='ltr'><strong><em>con-</em></strong></span> 
     </span>
    </p>
   </div>
   <div class='ocr_carea' id='block_1_104' title="bbox 2160 4176 3709 4255">
    <p class='ocr_par' dir='ltr' id='par_1_104' title="bbox 2160 4176 3709 4255">
     <span class='ocr_line' id='line_1_104' title="bbox 2160 4176 3709 4255; baseline -0.008 -15"><span class='ocrx_word' id='word_1_839' title='bbox 2160 4185 2325 4240; x_wconf 90' lang='lat' dir='ltr'><strong><em>trario</em></strong></span> <span class='ocrx_word' id='word_1_840' title='bbox 2352 4185 2673 4250; x_wconf 86' lang='lat' dir='ltr'><strong><em>laborantes,</em></strong></span> <span class='ocrx_word' id='word_1_841' title='bbox 2701 4199 2823 4240; x_wconf 91' lang='lat' dir='ltr'><strong><em>cum</em></strong></span> <span class='ocrx_word' id='word_1_842' title='bbox 2852 4183 3188 4240; x_wconf 80' lang='lat' dir='ltr'><strong><em>attenderem</em></strong></span> <span class='ocrx_word' id='word_1_843' title='bbox 3206 4199 3267 4240; x_wconf 87' lang='lat' dir='ltr'><strong><em>ea</em></strong></span> <span class='ocrx_word' id='word_1_844' title='bbox 3293 4185 3486 4255; x_wconf 87' lang='lat' dir='ltr'><strong><em>quibus</em></strong></span> <span class='ocrx_word' id='word_1_845' title='bbox 3510 4176 3709 4235; x_wconf 81' lang='lat' dir='ltr'><strong><em>Trinitas</em></strong></span> 
     </span>
    </p>
   </div>
   <div class='ocr_carea' id='block_1_105' title="bbox 2159 4275 3708 4349">
    <p class='ocr_par' dir='ltr' id='par_1_105' title="bbox 2159 4275 3708 4349">
     <span class='ocr_line' id='line_1_105' title="bbox 2159 4275 3708 4349; baseline -0.007 -16"><span class='ocrx_word' id='word_1_846' title='bbox 2159 4277 2482 4343; x_wconf 89' lang='lat' dir='ltr'><strong><em>declaratur,</em></strong></span> <span class='ocrx_word' id='word_1_847' title='bbox 2507 4294 2607 4340; x_wconf 84' lang='lat' dir='ltr'><strong><em>nec</em></strong></span> <span class='ocrx_word' id='word_1_848' title='bbox 2633 4278 2871 4333; x_wconf 88' lang='lat' dir='ltr'><strong><em>valerent</em></strong></span> <span class='ocrx_word' id='word_1_849' title='bbox 2897 4278 3191 4348; x_wconf 76' lang='lat' dir='ltr'><strong><em>intelligere</em></strong></span> <span class='ocrx_word' id='word_1_850' title='bbox 3217 4279 3487 4349; x_wconf 90' lang='lat' dir='ltr'><strong><em>quomodo</em></strong></span> <span class='ocrx_word' id='word_1_851' title='bbox 3510 4275 3574 4331; x_wconf 91' lang='lat' dir='ltr'><strong><em>sit</em></strong></span> <span class='ocrx_word' id='word_1_852' title='bbox 3597 4280 3708 4326; x_wconf 77' lang='lat' dir='ltr'><strong><em>unus</em></strong></span> 
     </span>
    </p>
   </div>
   <div class='ocr_carea' id='block_1_106' title="bbox 2161 4364 3703 4433">
    <p class='ocr_par' dir='ltr' id='par_1_106' title="bbox 2161 4364 3703 4433">
     <span class='ocr_line' id='line_1_106' title="bbox 2161 4364 3703 4433; baseline -0.007 -10"><span class='ocrx_word' id='word_1_853' title='bbox 2161 4369 2318 4432; x_wconf 89' lang='lat' dir='ltr'><strong><em>Deus,</em></strong></span> <span class='ocrx_word' id='word_1_854' title='bbox 2345 4383 2464 4423; x_wconf 90' lang='lat' dir='ltr'><strong><em>cum</em></strong></span> <span class='ocrx_word' id='word_1_855' title='bbox 2491 4377 2544 4422; x_wconf 91' lang='lat' dir='ltr'><strong><em>et</em></strong></span> <span class='ocrx_word' id='word_1_856' title='bbox 2569 4367 2724 4423; x_wconf 89' lang='lat' dir='ltr'><strong><em>Pater</em></strong></span> <span class='ocrx_word' id='word_1_857' title='bbox 2751 4382 2855 4422; x_wconf 93' lang='lat' dir='ltr'><strong><em>non</em></strong></span> <span class='ocrx_word' id='word_1_858' title='bbox 2883 4368 2951 4424; x_wconf 91' lang='lat' dir='ltr'><strong><em>sit</em></strong></span> <span class='ocrx_word' id='word_1_859' title='bbox 2971 4368 3154 4433; x_wconf 88' lang='lat' dir='ltr'><strong><em>Filius,</em></strong></span> <span class='ocrx_word' id='word_1_860' title='bbox 3175 4385 3272 4424; x_wconf 92' lang='lat' dir='ltr'><strong><em>nec</em></strong></span> <span class='ocrx_word' id='word_1_861' title='bbox 3289 4369 3454 4425; x_wconf 90' lang='lat' dir='ltr'><strong><em>Filius</em></strong></span> <span class='ocrx_word' id='word_1_862' title='bbox 3473 4366 3539 4422; x_wconf 90' lang='lat' dir='ltr'><strong><em>sit</em></strong></span> <span class='ocrx_word' id='word_1_863' title='bbox 3558 4364 3703 4422; x_wconf 87' lang='lat' dir='ltr'><strong><em>Pater,</em></strong></span> 
     </span>
    </p>
   </div>
   <div class='ocr_carea' id='block_1_107' title="bbox 2162 4455 3705 4528">
    <p class='ocr_par' dir='ltr' id='par_1_107' title="bbox 2162 4455 3705 4528">
     <span class='ocr_line' id='line_1_107' title="bbox 2162 4455 3705 4528; baseline -0.006 -15"><span class='ocrx_word' id='word_1_864' title='bbox 2162 4474 2260 4513; x_wconf 90' lang='lat' dir='ltr'><strong><em>nec</em></strong></span> <span class='ocrx_word' id='word_1_865' title='bbox 2286 4459 2510 4528; x_wconf 90' lang='lat' dir='ltr'><strong><em>Spiritus</em></strong></span> <span class='ocrx_word' id='word_1_866' title='bbox 2537 4468 2752 4513; x_wconf 88' lang='lat' dir='ltr'><strong><em>sanctus</em></strong></span> <span class='ocrx_word' id='word_1_867' title='bbox 2780 4468 2871 4513; x_wconf 88' lang='lat' dir='ltr'><strong><em>aut</em></strong></span> <span class='ocrx_word' id='word_1_868' title='bbox 2894 4459 3061 4514; x_wconf 91' lang='lat' dir='ltr'><strong><em>Filius</em></strong></span> <span class='ocrx_word' id='word_1_869' title='bbox 3088 4471 3179 4514; x_wconf 89' lang='lat' dir='ltr'><strong><em>aut</em></strong></span> <span class='ocrx_word' id='word_1_870' title='bbox 3200 4460 3380 4526; x_wconf 90' lang='lat' dir='ltr'><strong><em>Pater,</em></strong></span> <span class='ocrx_word' id='word_1_871' title='bbox 3407 4455 3705 4515; x_wconf 79' lang='lat' dir='ltr'><strong><em>diversitates</em></strong></span> 
     </span>
    </p>
   </div>
   <div class='ocr_carea' id='block_1_108' title="bbox 2161 4543 3706 4622">
    <p class='ocr_par' dir='ltr' id='par_1_108' title="bbox 2161 4543 3706 4622">
     <span class='ocr_line' id='line_1_108' title="bbox 2161 4543 3706 4622; baseline -0.006 -17"><span class='ocrx_word' id='word_1_872' title='bbox 2161 4551 2320 4606; x_wconf 89' lang='lat' dir='ltr'><strong><em>etiam</em></strong></span> <span class='ocrx_word' id='word_1_873' title='bbox 2354 4549 2765 4606; x_wconf 89' lang='lat' dir='ltr'><strong><em>substantiarum</em></strong></span> <span class='ocrx_word' id='word_1_874' title='bbox 2793 4552 3111 4607; x_wconf 90' lang='lat' dir='ltr'><strong><em>asserendas</em></strong></span> <span class='ocrx_word' id='word_1_875' title='bbox 3143 4559 3476 4622; x_wconf 89' lang='lat' dir='ltr'><strong><em>putaverunt.</em></strong></span> <span class='ocrx_word' id='word_1_876' title='bbox 3516 4543 3706 4614; x_wconf 80' lang='lat' dir='ltr'><strong><em>Quidam</em></strong></span> 
     </span>
    </p>
   </div>
   <div class='ocr_carea' id='block_1_109' title="bbox 2164 4635 3700 4712">
    <p class='ocr_par' dir='ltr' id='par_1_109' title="bbox 2164 4635 3700 4712">
     <span class='ocr_line' id='line_1_109' title="bbox 2164 4635 3700 4712; baseline -0.002 -16"><span class='ocrx_word' id='word_1_877' title='bbox 2164 4642 2431 4696; x_wconf 87' lang='lat' dir='ltr'><strong><em>intuentes</em></strong></span> <span class='ocrx_word' id='word_1_878' title='bbox 2473 4642 2526 4696; x_wconf 92' lang='lat' dir='ltr'><strong><em>in</em></strong></span> <span class='ocrx_word' id='word_1_879' title='bbox 2576 4640 2866 4712; x_wconf 87' lang='lat' dir='ltr'><strong><em>Scripturis</em></strong></span> <span class='ocrx_word' id='word_1_880' title='bbox 2914 4651 3114 4697; x_wconf 80' lang='lat' dir='ltr'><strong><em>sancta:</em></strong></span> <span class='ocrx_word' id='word_1_881' title='bbox 3155 4643 3470 4710; x_wconf 81' lang='lat' dir='ltr'><strong><em>virginitatis</em></strong></span> <span class='ocrx_word' id='word_1_882' title='bbox 3503 4635 3700 4695; x_wconf 68' lang='lat' dir='ltr'><strong><em>laudem.</em></strong></span> 
     </span>
    </p>
   </div>
   <div class='ocr_carea' id='block_1_110' title="bbox 2162 4722 3706 4806">
    <p class='ocr_par' dir='ltr' id='par_1_110' title="bbox 2162 4722 3706 4806">
     <span class='ocr_line' id='line_1_110' title="bbox 2162 4722 3706 4806; baseline -0.006 -16"><span class='ocrx_word' id='word_1_883' title='bbox 2162 4735 2423 4790; x_wconf 89' lang='lat' dir='ltr'><strong><em>connubia</em></strong></span> <span class='ocrx_word' id='word_1_884' title='bbox 2453 4734 2838 4790; x_wconf 87' lang='lat' dir='ltr'><strong><em>damnaverunt</em></strong></span> <span class='ocrx_word' id='word_1_885' title='bbox 2864 4753 2880 4792; x_wconf 93' lang='lat'><strong>:</strong></span> <span class='ocrx_word' id='word_1_886' title='bbox 2907 4734 3120 4806; x_wconf 88' lang='lat' dir='ltr'><strong><em>quidam</em></strong></span> <span class='ocrx_word' id='word_1_887' title='bbox 3148 4751 3332 4791; x_wconf 90' lang='lat' dir='ltr'><strong><em>rursus</em></strong></span> <span class='ocrx_word' id='word_1_888' title='bbox 3359 4751 3419 4791; x_wconf 89' lang='lat' dir='ltr'><strong><em>ea</em></strong></span> <span class='ocrx_word' id='word_1_889' title='bbox 3441 4722 3706 4788; x_wconf 73' lang='lat' dir='ltr'><strong><em>testimonia</em></strong></span> 
     </span>
    </p>
   </div>
   <div class='ocr_carea' id='block_1_111' title="bbox 2163 4816 3702 4898">
    <p class='ocr_par' dir='ltr' id='par_1_111' title="bbox 2163 4816 3702 4898">
     <span class='ocr_line' id='line_1_111' title="bbox 2163 4816 3702 4898; baseline -0.009 -17"><span class='ocrx_word' id='word_1_890' title='bbox 2163 4836 2531 4883; x_wconf 86' lang='lat' dir='ltr'><strong><em>consectantes</em></strong></span> <span class='ocrx_word' id='word_1_891' title='bbox 2552 4827 2745 4898; x_wconf 89' lang='lat' dir='ltr'><strong><em>quibus</em></strong></span> <span class='ocrx_word' id='word_1_892' title='bbox 2771 4836 2915 4882; x_wconf 87' lang='lat' dir='ltr'><strong><em>casta</em></strong></span> <span class='ocrx_word' id='word_1_893' title='bbox 2945 4827 3188 4897; x_wconf 75' lang='lat' dir='ltr'><strong><em>conjugis</em></strong></span> <span class='ocrx_word' id='word_1_894' title='bbox 3219 4827 3580 4897; x_wconf 65' lang='lat' dir='ltr'><strong><em>medicantur,</em></strong></span> <span class='ocrx_word' id='word_1_895' title='bbox 3616 4816 3702 4869; x_wconf 84' lang='lat' dir='ltr'><strong><em>vir-</em></strong></span> 
     </span>
    </p>
   </div>
   <div class='ocr_carea' id='block_1_112' title="bbox 2163 4910 3700 4989">
    <p class='ocr_par' dir='ltr' id='par_1_112' title="bbox 2163 4910 3700 4989">
     <span class='ocr_line' id='line_1_112' title="bbox 2163 4910 3700 4989; baseline 0 -20"><span class='ocrx_word' id='word_1_896' title='bbox 2163 4917 2436 4987; x_wconf 83' lang='lat' dir='ltr'><strong><em>ginitatem</em></strong></span> <span class='ocrx_word' id='word_1_897' title='bbox 2481 4918 2678 4988; x_wconf 90' lang='lat' dir='ltr'><strong><em>nuptiis</em></strong></span> <span class='ocrx_word' id='word_1_898' title='bbox 2702 4926 3064 4988; x_wconf 82' lang='lat' dir='ltr'><strong><em>aequaverunt.</em></strong></span> <span class='ocrx_word' id='word_1_899' title='bbox 3089 4918 3313 4989; x_wconf 85' lang='lat' dir='ltr'><strong><em>Quidam</em></strong></span> <span class='ocrx_word' id='word_1_900' title='bbox 3339 4934 3458 4974; x_wconf 90' lang='lat' dir='ltr'><strong><em>cum</em></strong></span> <span class='ocrx_word' id='word_1_901' title='bbox 3484 4910 3700 4984; x_wconf 62' lang='lat' dir='ltr'><strong><em>legerent.</em></strong></span> 
     </span>
    </p>
   </div>
   <div class='ocr_carea' id='block_1_113' title="bbox 2163 4998 3729 5085">
    <p class='ocr_par' dir='ltr' id='par_1_113' title="bbox 2163 4998 3729 5085">
     <span class='ocr_line' id='line_1_113' title="bbox 2163 4998 3729 5085; baseline -0.009 -23"><span class='ocrx_word' id='word_1_902' title='bbox 2163 5007 2361 5063; x_wconf 89' lang='lat' dir='ltr'><strong><em>Bonum</em></strong></span> <span class='ocrx_word' id='word_1_903' title='bbox 2379 5019 2471 5076; x_wconf 89' lang='lat' dir='ltr'><strong><em>est,</em></strong></span> <span class='ocrx_word' id='word_1_904' title='bbox 2494 5015 2696 5081; x_wconf 88' lang='lat' dir='ltr'><strong><em>fratres,</em></strong></span> <span class='ocrx_word' id='word_1_905' title='bbox 2716 5026 2816 5085; x_wconf 87' lang='lat' dir='ltr'><strong><em>non</em></strong></span> <span class='ocrx_word' id='word_1_906' title='bbox 2842 5010 3149 5064; x_wconf 89' lang='lat' dir='ltr'><strong><em>manducare</em></strong></span> <span class='ocrx_word' id='word_1_907' title='bbox 3167 5026 3388 5075; x_wconf 87' lang='lat' dir='ltr'><strong><em>carnem,</em></strong></span> <span class='ocrx_word' id='word_1_908' title='bbox 3411 5021 3557 5077; x_wconf 87' lang='lat' dir='ltr'><strong><em>neque</em></strong></span> <span class='ocrx_word' id='word_1_909' title='bbox 3573 4998 3705 5054; x_wconf 80' lang='lat' dir='ltr'><strong><em>bibere</em></strong></span> <span class='ocrx_word' id='word_1_910' title='bbox 3722 5023 3729 5046; x_wconf 66' lang='grc' dir='ltr'><em>ρ</em></span> 
     </span>
    </p>
   </div>
   <div class='ocr_carea' id='block_1_114' title="bbox 2165 5098 3698 5170">
    <p class='ocr_par' dir='ltr' id='par_1_114' title="bbox 2165 5098 3698 5170">
     <span class='ocr_line' id='line_1_114' title="bbox 2165 5098 3698 5170; baseline -0.007 -17"><span class='ocrx_word' id='word_1_911' title='bbox 2165 5101 2333 5154; x_wconf 78' lang='lat' dir='ltr'><strong><em>vinum</em></strong></span> <span class='ocrx_word' id='word_1_912' title='bbox 2356 5098 2529 5170; x_wconf 80' lang='lat' dir='ltr'><strong><em>(Rom.</em></strong></span> <span class='ocrx_word' id='word_1_913' title='bbox 2558 5115 2667 5166; x_wconf 75' lang='lat' dir='ltr'><strong><em>xxv,</em></strong></span> <span class='ocrx_word' id='word_1_914' title='bbox 2691 5099 2806 5170; x_wconf 72' lang='lat'><strong><em>21),</em></strong></span> <span class='ocrx_word' id='word_1_915' title='bbox 2845 5110 2901 5156; x_wconf 86' lang='lat' dir='ltr'><strong><em>et</em></strong></span> <span class='ocrx_word' id='word_1_916' title='bbox 2925 5101 3176 5156; x_wconf 89' lang='lat' dir='ltr'><strong><em>nonnulla</em></strong></span> <span class='ocrx_word' id='word_1_917' title='bbox 3198 5101 3421 5167; x_wconf 89' lang='lat' dir='ltr'><strong><em>similia;</em></strong></span> <span class='ocrx_word' id='word_1_918' title='bbox 3447 5098 3698 5154; x_wconf 81' lang='lat' dir='ltr'><strong><em>creaturam</em></strong></span> 
     </span>
    </p>
   </div>
   <div class='ocr_carea' id='block_1_115' title="bbox 2167 5191 3698 5262">
    <p class='ocr_par' dir='ltr' id='par_1_115' title="bbox 2167 5191 3698 5262">
     <span class='ocr_line' id='line_1_115' title="bbox 2167 5191 3698 5262; baseline -0.008 -17"><span class='ocrx_word' id='word_1_919' title='bbox 2167 5191 2262 5246; x_wconf 89' lang='lat' dir='ltr'><strong><em>Dei</em></strong></span> <span class='ocrx_word' id='word_1_920' title='bbox 2289 5199 2360 5256; x_wconf 90' lang='lat' dir='ltr'><strong><em>et,</em></strong></span> <span class='ocrx_word' id='word_1_921' title='bbox 2387 5205 2518 5262; x_wconf 89' lang='lat' dir='ltr'><strong><em>quas</em></strong></span> <span class='ocrx_word' id='word_1_922' title='bbox 2543 5191 2848 5257; x_wconf 82' lang='lat' dir='ltr'><strong><em>voluerunt,</em></strong></span> <span class='ocrx_word' id='word_1_923' title='bbox 2888 5205 3039 5247; x_wconf 89' lang='lat' dir='ltr'><strong><em>escas</em></strong></span> <span class='ocrx_word' id='word_1_924' title='bbox 3068 5193 3366 5248; x_wconf 87' lang='lat' dir='ltr'><strong><em>immundas</em></strong></span> <span class='ocrx_word' id='word_1_925' title='bbox 3408 5203 3521 5248; x_wconf 89' lang='lat' dir='ltr'><strong><em>esse</em></strong></span> <span class='ocrx_word' id='word_1_926' title='bbox 3545 5191 3698 5239; x_wconf 81' lang='lat' dir='ltr'><strong><em>sense-</em></strong></span> 
     </span>
    </p>
   </div>
   <div class='ocr_carea' id='block_1_116' title="bbox 2166 5274 3697 5352">
    <p class='ocr_par' dir='ltr' id='par_1_116' title="bbox 2166 5274 3697 5352">
     <span class='ocr_line' id='line_1_116' title="bbox 2166 5274 3697 5352; baseline -0.004 -16"><span class='ocrx_word' id='word_1_927' title='bbox 2166 5291 2289 5336; x_wconf 89' lang='lat' dir='ltr'><strong><em>runt</em></strong></span> <span class='ocrx_word' id='word_1_928' title='bbox 2314 5300 2326 5335; x_wconf 92' lang='lat'>:</span> <span class='ocrx_word' id='word_1_929' title='bbox 2352 5281 2565 5351; x_wconf 90' lang='lat' dir='ltr'><strong><em>quidam</em></strong></span> <span class='ocrx_word' id='word_1_930' title='bbox 2588 5297 2716 5335; x_wconf 87' lang='lat' dir='ltr'><strong><em>vero</em></strong></span> <span class='ocrx_word' id='word_1_931' title='bbox 2746 5282 3002 5352; x_wconf 81' lang='lat' dir='ltr'><strong><em>legentes,</em></strong></span> <span class='ocrx_word' id='word_1_932' title='bbox 3036 5283 3213 5339; x_wconf 85' lang='lat' dir='ltr'><strong><em>Omnis</em></strong></span> <span class='ocrx_word' id='word_1_933' title='bbox 3238 5292 3463 5338; x_wconf 86' lang='lat' dir='ltr'><strong><em>creatura</em></strong></span> <span class='ocrx_word' id='word_1_934' title='bbox 3488 5275 3574 5333; x_wconf 79' lang='lat' dir='ltr'><strong><em>Dei</em></strong></span> <span class='ocrx_word' id='word_1_935' title='bbox 3595 5274 3697 5326; x_wconf 70' lang='grc' dir='ltr'><strong><em>ὸοιια</em></strong></span> 
     </span>
    </p>
   </div>
   <div class='ocr_carea' id='block_1_117' title="bbox 2167 5362 3700 5447">
    <p class='ocr_par' dir='ltr' id='par_1_117' title="bbox 2167 5362 3700 5447">
     <span class='ocr_line' id='line_1_117' title="bbox 2167 5362 3700 5447; baseline -0.008 -22"><span class='ocrx_word' id='word_1_936' title='bbox 2167 5383 2260 5440; x_wconf 89' lang='lat' dir='ltr'><strong><em>est,</em></strong></span> <span class='ocrx_word' id='word_1_937' title='bbox 2293 5381 2336 5426; x_wconf 91' lang='lat' dir='ltr'><strong><em>et</em></strong></span> <span class='ocrx_word' id='word_1_938' title='bbox 2386 5371 2514 5425; x_wconf 89' lang='lat' dir='ltr'><strong><em>nihil</em></strong></span> <span class='ocrx_word' id='word_1_939' title='bbox 2547 5372 2883 5440; x_wconf 84' lang='lat' dir='ltr'><strong><em>abjiciendum</em></strong></span> <span class='ocrx_word' id='word_1_940' title='bbox 2928 5374 3063 5444; x_wconf 87' lang='lat' dir='ltr'><strong><em>quod</em></strong></span> <span class='ocrx_word' id='word_1_941' title='bbox 3110 5391 3222 5428; x_wconf 88' lang='lat' dir='ltr'><strong><em>cum</em></strong></span> <span class='ocrx_word' id='word_1_942' title='bbox 3249 5375 3518 5447; x_wconf 86' lang='lat' dir='ltr'><strong><em>gratiarum</em></strong></span> <span class='ocrx_word' id='word_1_943' title='bbox 3541 5362 3700 5419; x_wconf 68' lang='lat' dir='ltr'><strong><em>actione</em></strong></span> 
     </span>
    </p>
   </div>
   <div class='ocr_carea' id='block_1_118' title="bbox 2170 5452 3694 5535">
    <p class='ocr_par' dir='ltr' id='par_1_118' title="bbox 2170 5452 3694 5535">
     <span class='ocr_line' id='line_1_118' title="bbox 2170 5452 3694 5535; baseline -0.011 -16"><span class='ocrx_word' id='word_1_944' title='bbox 2170 5465 2442 5535; x_wconf 85' lang='lat' dir='ltr'><strong><em>percipitur</em></strong></span> <span class='ocrx_word' id='word_1_945' title='bbox 2475 5464 2514 5533; x_wconf 81' lang='grc' dir='ltr'><strong><em>(Ι</em></strong></span> <span class='ocrx_word' id='word_1_946' title='bbox 2541 5462 2673 5517; x_wconf 88' lang='lat' dir='ltr'><strong><em>Tim.</em></strong></span> <span class='ocrx_word' id='word_1_947' title='bbox 2699 5480 2772 5528; x_wconf 86' lang='lat' dir='ltr'><strong><em>tv,</em></strong></span> <span class='ocrx_word' id='word_1_948' title='bbox 2797 5464 2873 5534; x_wconf 78' lang='grc'><strong><em>4),</em></strong></span> <span class='ocrx_word' id='word_1_949' title='bbox 2905 5466 2955 5518; x_wconf 91' lang='lat' dir='ltr'><strong><em>in</em></strong></span> <span class='ocrx_word' id='word_1_950' title='bbox 2997 5467 3338 5521; x_wconf 88' lang='lat' dir='ltr'><strong><em>voracitatem</em></strong></span> <span class='ocrx_word' id='word_1_951' title='bbox 3373 5452 3694 5535; x_wconf 59' lang='lat' dir='ltr'><strong><em>vinolentiamf</em></strong></span> 
     </span>
    </p>
   </div>
   <div class='ocr_carea' id='block_1_119' title="bbox 2171 5534 3694 5625">
    <p class='ocr_par' dir='ltr' id='par_1_119' title="bbox 2171 5534 3694 5625">
     <span class='ocr_line' id='line_1_119' title="bbox 2171 5534 3694 5625; baseline 0.002 -16"><span class='ocrx_word' id='word_1_952' title='bbox 2171 5571 2274 5625; x_wconf 89' lang='lat' dir='ltr'><strong><em>que</em></strong></span> <span class='ocrx_word' id='word_1_953' title='bbox 2297 5555 2518 5624; x_wconf 51' lang='lat' dir='ltr'><strong><em>collapsi</em></strong></span> <span class='ocrx_word' id='word_1_954' title='bbox 2539 5564 2694 5619; x_wconf 87' lang='lat' dir='ltr'><strong><em>sunt;</em></strong></span> <span class='ocrx_word' id='word_1_955' title='bbox 2729 5570 2832 5610; x_wconf 89' lang='lat' dir='ltr'><strong><em>non</em></strong></span> <span class='ocrx_word' id='word_1_956' title='bbox 2854 5555 2954 5611; x_wconf 90' lang='lat' dir='ltr'><strong><em>sibi</em></strong></span> <span class='ocrx_word' id='word_1_957' title='bbox 2982 5557 3216 5612; x_wconf 87' lang='lat' dir='ltr'><strong><em>valentes</em></strong></span> <span class='ocrx_word' id='word_1_958' title='bbox 3239 5555 3449 5612; x_wconf 89' lang='lat' dir='ltr'><strong><em>auferre</em></strong></span> <span class='ocrx_word' id='word_1_959' title='bbox 3470 5549 3595 5611; x_wconf 68' lang='lat' dir='ltr'><strong><em>vitia.</em></strong></span> <span class='ocrx_word' id='word_1_960' title='bbox 3615 5534 3694 5596; x_wconf 65' lang='grc' dir='ltr'><strong><em>ηίεί</em></strong></span> 
     </span>
    </p>
   </div>
   <div class='ocr_carea' id='block_1_120' title="bbox 2176 5645 3584 5720">
    <p class='ocr_par' dir='ltr' id='par_1_120' title="bbox 2176 5645 3584 5720">
     <span class='ocr_line' id='line_1_120' title="bbox 2176 5645 3584 5720; baseline -0.002 -18"><span class='ocrx_word' id='word_1_961' title='bbox 2176 5648 2253 5702; x_wconf 84' lang='lat' dir='ltr'><strong><em>eis</em></strong></span> <span class='ocrx_word' id='word_1_962' title='bbox 2283 5662 2312 5701; x_wconf 90' lang='lat' dir='ltr'><strong><em>e</em></strong></span> <span class='ocrx_word' id='word_1_963' title='bbox 2335 5645 2605 5701; x_wconf 86' lang='lat' dir='ltr'><strong><em>contrario</em></strong></span> <span class='ocrx_word' id='word_1_964' title='bbox 2632 5647 2710 5702; x_wconf 78' lang='lat' dir='ltr'><strong><em>vel</em></strong></span> <span class='ocrx_word' id='word_1_965' title='bbox 2740 5656 2881 5702; x_wconf 87' lang='lat' dir='ltr'><strong><em>tanta</em></strong></span> <span class='ocrx_word' id='word_1_966' title='bbox 2914 5649 2993 5702; x_wconf 85' lang='lat' dir='ltr'><strong><em>vel</em></strong></span> <span class='ocrx_word' id='word_1_967' title='bbox 3024 5649 3222 5720; x_wconf 79' lang='lat' dir='ltr'><strong><em>majora</em></strong></span> <span class='ocrx_word' id='word_1_968' title='bbox 3246 5648 3584 5704; x_wconf 76' lang='lat' dir='ltr'><strong><em>succederent-</em></strong></span> 
     </span>
    </p>
   </div>
   <div class='ocr_carea' id='block_1_121' title="bbox 3785 0 3882 6220">
    <p class='ocr_par' dir='ltr' id='par_1_121' title="bbox 3869 917 3882 2048">
     <span class='ocr_line' id='line_1_121' title="bbox 3879 917 3882 937; baseline 0 0"><span class='ocrx_word' id='word_1_969' title='bbox 3879 917 3882 937; x_wconf 92' lang='grc' dir='ltr'><strong>Ι</strong></span> 
     </span>
     <span class='ocr_line' id='line_1_122' title="bbox 3871 1178 3882 1214; baseline 0 0"><span class='ocrx_word' id='word_1_970' title='bbox 3871 1178 3882 1214; x_wconf 67' lang='lat'>1</span> 
     </span>
     <span class='ocr_line' id='line_1_123' title="bbox 3869 1561 3882 1578; baseline 0 0"><span class='ocrx_word' id='word_1_971' title='bbox 3869 1561 3882 1578; x_wconf 53' lang='grc' dir='ltr'><strong><em>ει</em></strong></span> 
     </span>
     <span class='ocr_line' id='line_1_124' title="bbox 3869 2012 3882 2048; baseline 0 -3"><span class='ocrx_word' id='word_1_972' title='bbox 3869 2012 3882 2048; x_wconf 71' lang='lat' dir='ltr'><strong><em>il</em></strong></span> 
     </span>
    </p>

    <p class='ocr_par' dir='ltr' id='par_1_122' title="bbox 3869 2102 3882 4428">
     <span class='ocr_line' id='line_1_125' title="bbox 3879 2102 3882 2124; baseline 0 0"><span class='ocrx_word' id='word_1_973' title='bbox 3879 2102 3882 2124; x_wconf 90' lang='grc' dir='ltr'><strong>Ι</strong></span> 
     </span>
     <span class='ocr_line' id='line_1_126' title="bbox 3877 2307 3882 2321; baseline 0 0"><span class='ocrx_word' id='word_1_974' title='bbox 3877 2307 3882 2321; x_wconf 88' lang='lat' dir='ltr'><strong><em>t</em></strong></span> 
     </span>
     <span class='ocr_line' id='line_1_127' title="bbox 3873 3211 3877 3222; baseline 0 0"><span class='ocrx_word' id='word_1_975' title='bbox 3873 3211 3877 3222; x_wconf 70' lang='grc' dir='ltr'>ι</span> 
     </span>
     <span class='ocr_line' id='line_1_128' title="bbox 3871 3390 3877 3404; baseline 0 0"><span class='ocrx_word' id='word_1_976' title='bbox 3871 3390 3877 3404; x_wconf 86' lang='lat' dir='ltr'><strong><em>t</em></strong></span> 
     </span>
     <span class='ocr_line' id='line_1_129' title="bbox 3869 3779 3874 3790; baseline 0 0"><span class='ocrx_word' id='word_1_977' title='bbox 3869 3779 3874 3790; x_wconf 80' lang='grc' dir='ltr'>ι</span> 
     </span>
     <span class='ocr_line' id='line_1_130' title="bbox 3869 3853 3877 3866; baseline 0 0"><span class='ocrx_word' id='word_1_978' title='bbox 3869 3853 3877 3866; x_wconf 74' lang='lat' dir='ltr'><strong><em>v</em></strong></span> 
     </span>
     <span class='ocr_line' id='line_1_131' title="bbox 3873 4223 3879 4236; baseline 0 0"><span class='ocrx_word' id='word_1_979' title='bbox 3873 4223 3879 4236; x_wconf 65' lang='grc' dir='ltr'><strong><em>ο</em></strong></span> 
     </span>
     <span class='ocr_line' id='line_1_132' title="bbox 3869 4306 3877 4320; baseline 0 0"><span class='ocrx_word' id='word_1_980' title='bbox 3869 4306 3877 4320; x_wconf 64' lang='lat' dir='ltr'><strong><em>v</em></strong></span> 
     </span>
     <span class='ocr_line' id='line_1_133' title="bbox 3875 4398 3882 4428; baseline 0 0"><span class='ocrx_word' id='word_1_981' title='bbox 3875 4398 3882 4428; x_wconf 91' lang='lat' dir='ltr'>J</span> 
     </span>
    </p>
   </div>
  </div>
