3882 6286
100 310 181 370 201
367 313 370 318 ’
1483 292 1687 350 LIBER
1725 292 1924 352 UNUS.

153 427 198 482 6.
218 423 297 480 Sic
316 422 468 479 etiam
492 420 547 476 in
578 419 681 476 hac
695 431 870 482 causa,
896 430 1015 488 quae
1041 413 1270 471 habetur
1295 413 1347 469 in
1369 410 1634 480 manibus,

93 517 276 591 quidam
301 513 564 568 intuentes
589 517 850 581 praecepta
886 505 1208 573 severitatis,
1240 504 1432 576 quibus
1451 503 1641 559 admo-

90 621 250 664 nemur
270 603 532 673 corripere
560 601 845 672 inquietos,
868 613 976 654 non
991 597 1123 653 dare
1145 604 1388 652 sanctum
1399 594 1638 664 canibus,

89 709 134 754 ut
155 695 404 753 ethnicum
434 692 637 748 habere
681 689 940 747 Ecclesiae
966 696 1410 758 contemptorem,
1437 702 1467 742 a
1491 701 1642 743 com-

87 805 196 860 page
233 784 465 857 corporis
491 783 795 839 membrum
842 779 984 853 quod
1012 779 1336 836 scandalizat
1369 777 1637 847 avellere;

85 886 140 940 ita
165 880 453 954 perturbant
475 876 735 934 Ecclesiae
755 889 965 946 pacem,
992 883 1050 930 ut
1069 880 1331 929 conentur
1355 878 1479 928 ante
1497 879 1638 927 tem-

86 991 164 1042 pus
180 984 413 1042 separare
434 969 662 1036 zizania,
693 975 855 1038 atque
881 965 986 1022 hoc
1003 978 1188 1021 errore
1207 963 1391 1019 caecati
1417 962 1516 1034 ipsi
1539 976 1638 1032 po-

85 1068 170 1122 tius
195 1080 222 1121 a
248 1062 436 1120 Christi
464 1061 671 1116 unitate
699 1066 1033 1129 separentur.
1080 1056 1264 1125 Qualis
1292 1055 1446 1112 nobis
1477 1068 1638 1110 causa

84 1167 148 1213 est
166 1155 400 1211 adversus
424 1151 658 1208 schisma
685 1149 896 1206 Donati.
925 1149 992 1204 Et
1012 1146 1116 1204 hoc
1141 1162 1247 1203 non
1269 1160 1388 1201 cum
1416 1145 1521 1201 illis
1547 1144 1638 1217 qui

83 1253 312 1307 noverunt
333 1244 702 1312 Caecilianum,
733 1257 840 1298 non
860 1241 1023 1306 veris,
1054 1239 1150 1296 sed
1170 1237 1516 1295 calumniosis
1535 1237 1639 1293 cri-

83 1340 281 1398 minibus
311 1336 626 1409 appetitum,
654 1342 710 1390 et
731 1333 1090 1405 perniciosam
1130 1330 1450 1386 sententiam
1484 1342 1636 1383 suam

81 1431 320 1489 mortifero
339 1426 549 1500 pudore
579 1442 686 1481 non
709 1424 992 1490 deserunt;
1024 1421 1120 1479 sed
1160 1435 1284 1477 cum
1310 1420 1415 1476 illis
1443 1418 1637 1489 quibus

81 1523 314 1578 dicimus:
346 1516 574 1573 Etiamsi
612 1514 738 1571 mali
768 1513 995 1569 fuissent
1031 1519 1254 1584 propter
1277 1523 1413 1581 quos
1452 1509 1505 1563 in
1531 1508 1636 1564 Ec-

81 1615 214 1671 clesia
237 1627 338 1668 non
360 1611 514 1678 estis,
529 1625 627 1665 vos
652 1617 829 1664 tamen
846 1621 942 1663 eos
960 1604 1182 1662 ferendo
1204 1618 1338 1675 quos
1351 1601 1637 1660 emendare

81 1719 156 1764 aut
184 1720 448 1778 segregare
481 1703 706 1759 minime
736 1699 1013 1773 poteratis,
1045 1698 1099 1754 in
1149 1697 1389 1754 Ecclesia
1427 1711 1638 1768 perma-

82 1817 188 1858 nere
208 1799 480 1856 debuistis.
513 1795 744 1866 Quidam
760 1808 888 1850 vero
902 1807 935 1849 e
957 1791 1227 1847 contrario
1253 1789 1635 1860 periclitantes,

83 1911 182 1952 cum
230 1893 483 1949 bonorum
528 1888 904 1958 malorumque
955 1882 1388 1941 commixtionem
1433 1880 1488 1936 in
1537 1879 1638 1935 Ec-

84 1984 217 2042 clesia
241 1983 657 2038 demonstratam
669 1979 754 2035 vel
775 1977 1084 2050 praedictam
1099 1989 1221 2033 esse
1244 1971 1634 2046 perspexerint,

86 2089 128 2134 et
144 2075 384 2148 patientiae
404 2081 684 2146 praecepta
705 2070 991 2127 didicerint
1023 2069 1164 2142 (qua:
1182 2068 1255 2123 ita
1278 2080 1376 2122 nos
1397 2064 1638 2120 ﬁrmissi-

88 2183 182 2223 mos
215 2165 470 2232 reddunt,
499 2173 562 2220 ut
587 2163 750 2219 etiam
778 2161 824 2217 si
873 2160 1126 2216 videntur
1158 2158 1213 2214 in
1250 2156 1490 2213 Ecclesia
1517 2169 1638 2211 esse

91 2259 272 2324 zizania,
297 2272 398 2312 nou
427 2265 616 2312 tamen
643 2251 963 2324 impediatur
986 2258 1076 2306 aut
1098 2247 1252 2316 fides,
1283 2255 1376 2302 aut
1407 2244 1639 2304 charitas

95 2359 258 2415 nostra,
284 2357 337 2404 ut
356 2347 617 2419 quoniam
645 2344 848 2400 zizania
875 2356 995 2400 esse
1023 2342 1078 2396 in
1095 2339 1330 2397 Ecclesia
1345 2337 1634 2407 cernimus,

99 2443 175 2512 ipsi
186 2441 242 2498 de
261 2438 492 2496 Ecclesia
520 2435 882 2506 recedamus),
910 2429 1304 2490 destituendam
1328 2437 1518 2502 putant
1535 2428 1639 2485 Ec-

101 2533 236 2587 clesia:
251 2530 585 2600 disciplinam
608 2529 649 2594 ⁸,
683 2525 969 2598 quamdam
993 2519 1450 2595 perversissimam
1478 2534 1638 2577 secu-

107 2624 266 2679 ritatem
287 2622 588 2695 praepositis
609 2621 924 2686 tribuentes,
961 2626 1020 2674 ut
1045 2616 1112 2672 ad
1137 2630 1230 2672 eos
1251 2629 1359 2671 non
1381 2616 1640 2684 pertineat

112 2715 190 2770 nisi
209 2715 345 2772 dicere
365 2714 506 2787 quid
518 2712 818 2772 cavendum
835 2709 1027 2782 quidve
1042 2705 1338 2764 faciendum
1353 2705 1443 2773 sit,
1464 2702 1640 2776 quod-

110 2805 206 2861 libet
221 2816 364 2863 autem
395 2805 635 2878 quisque
662 2802 820 2858 faciat
843 2815 950 2856 non
970 2813 1177 2855 curare.

157 2897 336 2954 CAPUT
353 2897 561 2952 V.—7.
581 2895 726 2951 Sana
746 2893 973 2947 doctrina
995 2901 1068 2945 est
1083 2898 1138 2943 ut
1153 2905 1240 2943 nec
1261 2895 1464 2959 prapter
1478 2886 1639 2942 malos

105 2990 311 3044 recedatur
357 2991 418 3046 ab
466 2988 728 3054 Ecclesia,
768 3001 859 3041 nec
897 2985 952 3039 in
989 2982 1149 3038 malos
1189 2981 1326 3053 ipsos
1359 2980 1641 3052 negligatur

102 3081 338 3152 disciplina.
365 3082 480 3138 Nos
511 3095 641 3136 vero
684 3077 753 3134 ad
806 3091 988 3132 sanam
1029 3073 1325 3130 doctrinam
1371 3073 1640 3144 pertinere

101 3173 372 3230 arbitramur
397 3189 466 3230 ex
499 3171 741 3241 utrisque
762 3166 1079 3224 testimoniis
1103 3166 1266 3220 vitam
1291 3163 1640 3220 sententiam-

99 3279 178 3333 que
196 3265 434 3322 tnoderari
467 3266 515 3330 ’,
547 3270 607 3319 ut
629 3269 686 3317 et
707 3259 938 3316 canesin
961 3257 1202 3314 Ecclesia
1223 3264 1442 3327 propter
1456 3269 1639 3326 pacem

99 3355 308 3414 Ecclesiae
343 3358 662 3424 toleremus,
693 3362 749 3410 et
793 3353 1018 3408 canibus
1062 3359 1307 3405 sanctum
1335 3389 1349 3415 ,
1405 3349 1494 3404 ubi
1537 3363 1641 3420 pax

100 3447 310 3504 Bulcsia:
352 3459 468 3505 tuta
494 3458 598 3516 est,
654 3461 762 3501 non
813 3445 1022 3500 demus.
1064 3442 1197 3497 Cum
1243 3456 1372 3512 ergo
1398 3442 1512 3496 sive
1543 3455 1640 3511 per

99 3542 418 3613 negligentiam
443 3540 878 3614 praepositorum,
907 3537 1024 3592 sive
1049 3551 1143 3605 per
1168 3535 1396 3605 aliquam
1421 3547 1642 3589 excusa-

99 3634 227 3691 bilem
251 3638 650 3702 necessitatem,
669 3633 781 3689 sive
804 3646 899 3703 per
925 3629 1158 3686 occultas
1182 3627 1524 3697 obreptiones
1553 3629 1638 3682 in-

108 3729 310 3785 venimus
336 3731 388 3785 in
415 3728 661 3786 Ecclesia
700 3725 890 3791 malos,
921 3736 1055 3794 quos
1081 3720 1435 3777 ecclesiastica
1475 3719 1641 3776 disci-

101 3821 215 3890 plina
233 3825 494 3896 corrigere
523 3831 615 3876 aut
643 3832 898 3876 coercere
920 3831 1028 3871 non
1052 3828 1371 3886 possumus;
1397 3820 1525 3878 tunc
1548 3811 1640 3885 (ne

99 3915 310 3970 ascendat
347 3917 399 3971 in
430 3929 528 3970 cor
561 3921 801 3967 nostrum
848 3908 1011 3979 impia
1059 3914 1114 3962 et
1151 3905 1449 3976 perniciosa
1500 3919 1637 3975 pra:-

101 4009 310 4078 sumptio,
334 4023 438 4080 qua
465 4005 832 4062 existimemus
851 4015 949 4057 nos
968 3999 1036 4054 ab
1053 3998 1136 4054 his
1160 4011 1278 4053 esse
1294 3995 1636 4067 separandos,

102 4105 146 4148 υι
167 4099 368 4165 peccatis
401 4109 592 4154 eorum
640 4108 746 4149 non
796 4090 1154 4164 inquinemur,
1207 4097 1366 4158 atque
1411 4087 1482 4142 ita
1520 4096 1643 4158 post

103 4199 180 4239 nos
200 4187 392 4245 trahere
412 4201 672 4244 conemur
692 4183 857 4240 veluti
879 4181 1106 4238 mundos
1130 4190 1445 4250 sanctosque
1481 4178 1639 4234 disci-

105 4278 244 4346 pulos,
265 4282 326 4337 ab
345 4281 568 4337 unitatis
586 4293 704 4334 com
713 4291 842 4349 page
863 4275 1012 4348 quasi
1038 4289 1068 4328 a
1086 4274 1345 4329 malorum
1369 4270 1640 4328 consortio

107 4373 386 4447 segregatos)
415 4371 635 4428 veniant
659 4370 714 4425 in
750 4377 982 4424 mentem
1013 4366 1118 4421 illa:
1142 4364 1210 4420 de
1251 4362 1538 4433 Scripturis
1561 4363 1638 4417 si-

107 4462 383 4520 militudines
405 4473 463 4520 et
491 4462 672 4518 divina
697 4458 913 4515 oracula
943 4457 1027 4512 vel
1051 4456 1348 4512 certissima
1372 4452 1636 4524 exempla,

109 4555 264 4624 quibus
285 4559 705 4615 demonstratum
734 4561 790 4610 et
815 4551 1225 4624 przenuntiatum
1254 4556 1358 4615 est,
1387 4547 1556 4602 malos
1584 4546 1639 4601 in

110 4647 309 4706 Ecclesia
333 4651 628 4723 permixtos
651 4646 806 4703 bonis
830 4658 998 4716 usque
1024 4642 1078 4697 in
1104 4642 1263 4696 finem
1293 4639 1473 4695 saeculi
1501 4647 1636 4694 tem-

111 4753 274 4813 pusque
305 4743 483 4815 iudicii
533 4740 761 4803 futuros,
800 4744 856 4792 et
882 4735 1015 4791 nihil
1059 4733 1214 4789 bonis
1269 4732 1322 4787 in
1346 4731 1548 4786 unitate
1575 4744 1640 4786 ac

115 4834 462 4904 participatione
483 4834 953 4890 Sacramentorum
973 4825 1064 4897 qui
1105 4840 1290 4880 eorum
1330 4823 1483 4879 factis
1527 4839 1638 4879 non

113 4930 427 4984 consenserint
461 4926 765 4984 obfuturos.
809 4922 943 4978 Cum
973 4935 1106 4975 vero
1133 4919 1212 4974 eis
1256 4933 1350 4989 per
1373 4931 1505 4987 quos
1533 4916 1638 4973 Ec-

113 5016 239 5073 clesia
261 5023 466 5092 regitur,
489 5020 642 5074 adest
671 5016 813 5072 salva
839 5029 971 5088 pace
1010 5012 1264 5068 Ecclesia:
1293 5018 1530 5081 potestas
1555 5010 1639 5066 di-

116 5108 306 5179 sciplinze
328 5113 584 5169 adversus
619 5108 891 5180 improbos
929 5112 1022 5159 aut
1049 5102 1281 5159 nefarios
1304 5101 1636 5168 exercenda},

116 5205 214 5253 tunc
228 5217 412 5270 rursus,
441 5217 511 5257 ne
534 5198 774 5256 socordia
802 5195 1131 5266 scgnitiaque
1149 5192 1496 5255 dormiamus,
1522 5191 1641 5247 aliis

118 5290 274 5347 aculeis
287 5301 682 5364 praeceptorum,
702 5303 822 5360 quas
840 5286 908 5342 ad
935 5285 1271 5342 severitatem
1305 5281 1641 5340 coercitionis

117 5382 349 5451 pertinent,
369 5383 633 5441 excitandi
660 5396 865 5448 sumus,
897 5389 956 5434 ut
980 5390 1197 5448 gressus
1225 5384 1437 5431 nostros
1462 5375 1514 5428 in
1555 5373 1639 5428 via

123 5468 286 5531 Domini
309 5492 370 5535 ex
394 5477 634 5546 utrisque
655 5469 978 5529 testimoniis
1000 5467 1094 5524 illo
1117 5466 1253 5522 duce
1291 5474 1450 5535 atque
1490 5463 1641 5535 adju-

147 5629 182 5697 ,ι
210 5637 265 5682 tta
289 5642 382 5697 llas.
414 5635 534 5697 aditi
551 5641 734 5695 autem,
753 5627 1093 5682 imtituendam
1112 5630 1282 5691 putant
1302 5635 1404 5676 esse
1417 5628 1465 5674 et
1486 5621 1642 5674 Eccle-

125 5695 589 5762 αρκααίοάριίηαιη.

171 5754 188 5785 ³
211 5764 290 5807 Am.
311 5767 361 5811 et
377 5749 482 5820 se,
514 5765 668 5810 tutam
699 5752 978 5807 sententiam
999 5749 1259 5804 moderari.

343 5843 568 5904 Saucr.
604 5841 881 5901 Auens'r.
909 5836 1016 5900 Vl.

2075 216 2086 224 ο
2157 206 2187 224 ..⁵

3230 311 3336 369 202

1754 423 1868 469 tore
1897 412 2188 487 dirigentes
2211 420 2252 487 ί,
2278 435 2378 478 nec
2404 425 2671 495 patientia:
2699 429 2912 485 nomine
2938 436 3330 501 torpescamus,

1749 520 1850 562 nec
1871 506 2094 563 obtentu
2114 509 2399 580 diligentiae
2423 517 2724 574 saaviamus.

1817 596 2044 655 CAPUT
2062 598 2147 655 Vl.
2169 603 2303 658 —8.
2320 603 2398 659 Ad
2411 605 2727 677 Baptismum
2740 626 2808 664 an
2823 610 3158 666 admittendus
3176 613 3332 668 adul-

1747 696 1824 743 ter
1843 697 1890 744 et
1910 699 2143 760 peccator
2171 709 2273 748 non
2292 707 2564 754 correctus.
2594 701 2675 754 An
2699 710 2950 772 prwcepta
2973 702 3094 757 bene
3131 703 3331 759 uiuendi

1745 795 1848 835 non
1871 781 2013 852 prius
2042 784 2289 839 tradenda
2312 788 2463 856 quam
2488 789 2803 861 Baptismus.
2835 791 2944 848 Hac
2972 807 3101 865 ergo
3133 808 3332 850 secun-

1745 873 1871 929 dum
1896 889 2080 932 sanam
2099 877 2397 935 doctrinam
2419 882 2784 940 moderatione
2804 893 3034 951 servata,
3056 885 3333 943 videamus

1743 965 1885 1024 unde
1907 969 2102 1040 agitur,
2131 970 2184 1027 id
2203 980 2305 1041 est,
2322 982 2498 1029 utrum
2515 974 2582 1030 ad
2598 976 2994 1047 percipiendum
3004 977 3332 1048 Baptismum

1743 1058 1824 1116 sic
1842 1060 2157 1118 admittendi
2196 1073 2322 1119 sunt
2346 1064 2614 1134 homines,
2643 1075 2702 1122 ut
2727 1067 2873 1122 nulla
2903 1067 2975 1123 ibi
3001 1068 3182 1139 vigilet
3211 1067 3333 1124 dili-
3425 1071 3435 1141 ᾗ

1743 1152 1942 1223 gentia,
1973 1169 2042 1209 ne
2061 1163 2305 1210 sanctum
2326 1157 2548 1213 canibus
2574 1158 2766 1225 detur;
2790 1173 2959 1230 usque
2986 1159 3121 1214 adeo
3147 1168 3207 1215 ut
3230 1175 3332 1215 nec

1742 1244 2065 1316 apertissimi
2093 1245 2343 1304 adulterii
2381 1255 2779 1321 perpetratores
2809 1259 2863 1306 et
2904 1251 3020 1320 ejus
3069 1267 3327 1323 perseve-

1743 1336 1929 1391 rantiae
1978 1339 2313 1408 professores
2350 1354 2382 1394 a
2429 1339 2779 1397 Sacramento
2835 1350 2993 1398 tantae
3031 1343 3328 1398 sanctitatis

1742 1428 2023 1485 videantur
2046 1431 2260 1487 arcendi
2287 1450 2300 1488 :
2319 1447 2426 1504 quo
2445 1433 2562 1490 sine
2577 1434 2740 1490 dubio
2768 1449 2875 1490 non
2899 1434 3322 1500 admitterentur,

1741 1522 1788 1578 si
1815 1537 1910 1593 per
1934 1523 2078 1593 ipsos
2106 1523 2223 1580 dies
2248 1525 2438 1596 quibus
2467 1526 2713 1582 eamdem
2739 1528 2964 1599 gratiam
2996 1530 3320 1599 percepturi,

1740 1613 1854 1670 suis
1877 1614 2177 1671 nominibus
2233 1615 2392 1684 datis,
2436 1616 2779 1683 abstinentia,
2829 1619 3068 1688 jejuniis,
3115 1621 3326 1676 exorci-

1741 1704 1974 1775 smisque
1997 1713 2306 1775 purgantur,
2325 1721 2446 1761 cum
2465 1706 2838 1779 suislegitimis
2849 1709 3053 1765 etveris
3072 1710 3326 1766 uxoribus

1740 1810 1802 1851 se
1816 1796 2193 1853 concubituros
2214 1797 2608 1868 profiterentur,
2626 1809 2786 1869 atque
2800 1799 2958 1869 hujus
2969 1801 3068 1864 rei,
3083 1802 3328 1869 quamvis

1740 1889 1846 1946 alio
1862 1898 2099 1962 tempore
2114 1890 2290 1956 licitae,
2307 1891 2489 1962 paucis
2505 1892 2634 1962 ipsis
2658 1892 2986 1948 solemnibus
3002 1893 3190 1949 diebus
3204 1895 3326 1949 nul-

1741 1979 1846 2035 lam
1876 1981 2260 2037 continentiam
2289 1991 2617 2038 servaturos.
2645 1981 2763 2052 Quo
2789 1982 2947 2038 modo
2965 1983 3121 2054 igitur
3148 1983 3214 2038 ad
3236 1984 3326 2040 illa

1741 2081 1924 2128 sancta
1953 2087 2209 2130 recusans
2231 2073 2619 2130 correctionem
2650 2073 2858 2130 adulter
2873 2073 3189 2142 admittitur,
3221 2091 3329 2146 quo

1740 2177 1996 2220 recusans
2014 2165 2442 2221 observationem
2472 2181 2577 2221 non
2595 2165 2890 2221 admittitur
2909 2165 3224 2236 coniugatus
3242 2168 3266 2220 ’ἔ

1812 2254 1867 2312 9.
1907 2255 2012 2311 Sed
2039 2255 2206 2326 prius,
2253 2256 2519 2327 inquiunt,
2555 2255 2882 2327 baptizetur;
2915 2256 3110 2312 deinde
3134 2257 3327 2312 docea-

1742 2354 1829 2403 tur
1856 2347 1984 2419 quid
2003 2347 2070 2403 ad
2096 2347 2290 2404 bonam
2319 2349 2481 2404 vitam
2509 2363 2793 2420 moresque
2812 2350 3095 2420 pertineat.
3120 2349 3205 2404 Fit
3224 2350 3327 2406 hoc
3410 2337 3414 2342 ’

1741 2441 1833 2496 ubi
1857 2454 2178 2511 quemquam
2202 2439 2338 2495 forte
2357 2439 2473 2496 dies
2497 2447 2654 2510 urget
2679 2449 2974 2506 extremus,
3001 2448 3060 2494 ut
3080 2439 3145 2495 ad
3165 2441 3329 2496 verba

1743 2530 2085 2604 paucissima,
2109 2531 2301 2602 quibus
2322 2539 2502 2586 tamen
2528 2531 2710 2586 omnia
2735 2532 3094 2600 continentur,
3121 2532 3325 2600 credat,

1742 2622 2251 2692 Sacramentumque
2274 2621 2559 2692 percipiat;
2607 2630 2666 2675 ut
2690 2622 2736 2676 si
2773 2636 2840 2676 ex
2869 2621 2968 2677 hac
2992 2624 3098 2678 vita
3125 2625 3326 2694 migra-

1743 2717 1902 2783 verit,
1943 2715 2195 2770 liberatus
2222 2722 2378 2770 exeat
2413 2727 2444 2767 a
2483 2721 2632 2768 reatu
2659 2714 3056 2783 praeteritorum
3082 2715 3324 2770 omnium

1743 2817 2102 2880 peccatorum.
2147 2807 2202 2863 Si
2245 2816 2424 2862 autem
2468 2821 2632 2862 sanus
2661 2806 2824 2876 petit,
2869 2808 3204 2878 spatiumque
3246 2809 3322 2864 di-

1742 2898 1926 2956 scendi
1973 2907 2077 2965 est,
2114 2896 2257 2969 quod
2295 2895 2435 2952 aliud
2472 2897 2823 2966 opportunius
2858 2905 3068 2968 tempus
3095 2900 3322 2969 reperiri

1742 2999 1956 3062 potest,
1981 3004 2087 3061 quo
2109 2987 2290 3043 audiat
2313 2987 2763 3058 quemadmodum
2789 2987 2961 3044 fidelis
2996 2989 3111 3044 ﬁeri
3137 3005 3201 3046 ac
3239 2991 3326 3046 vi-

1743 3096 1872 3138 vere
1899 3080 2114 3147 debeat,
2144 3094 2303 3151 quam
2325 3077 2455 3133 illud
2484 3093 2606 3133 cum
2634 3079 2920 3138 attentiore
2947 3080 3127 3136 animo
3161 3090 3325 3154 atque

1745 3174 1860 3245 ipsa
1886 3172 2142 3242 religione
2163 3183 2426 3241 suspenso
2454 3169 2820 3225 saluberrima:
2852 3169 2974 3225 fidei
3008 3169 3325 3232 Sacramen-

1745 3275 1856 3322 tum
1887 3265 2057 3337 petit?
2099 3265 2181 3320 An
2226 3279 2393 3334 usque
2419 3262 2553 3317 adeo
2595 3261 2992 3318 dissimulamus
3018 3278 3050 3318 a
3076 3265 3326 3322 sensibus

1745 3357 1962 3423 nostris,
1994 3363 2053 3409 ut
2075 3354 2158 3410 vel
2184 3368 2279 3409 nos
2312 3353 2455 3423 ipsos
2475 3367 2585 3407 non
2600 3351 2946 3407 recordemur
2965 3367 3126 3422 quam
3154 3352 3325 3410 fueri-

1745 3462 1865 3504 mus
1906 3446 2092 3502 attenti
2134 3453 2294 3515 atque
2331 3444 2540 3498 solliciti
2570 3442 2696 3514 quid
2726 3443 2878 3498 nobis
2909 3445 3259 3516 prmciperent
3288 3462 3322 3502 a

1744 3539 1938 3612 quibus
1953 3536 2432 3601 catechizabamur,
2464 3549 2583 3589 cum
2610 3533 2772 3588 fontis
2797 3533 2937 3589 illius
2979 3534 3325 3592 Sacramenta

1744 3635 2226 3700 peteremus,atque
2237 3624 2306 3680 ob
2323 3624 2422 3679 hoc
2431 3624 2801 3695 Competentes
2816 3625 2973 3680 etiam
2991 3640 3322 3694 vocaremur;

1742 3725 1828 3780 vel
1843 3739 1947 3778 non
1965 3723 2261 3776 intueamur
2275 3719 2427 3784 alios,
2443 3717 2532 3788 qui
2553 3732 2649 3789 per
2662 3731 2833 3772 annos
2847 3718 3080 3788 singulos
3095 3718 3162 3772 ad
3181 3720 3325 3774 lava-

1743 3830 1893 3871 crum
1910 3811 2326 3885 regenerationis
2342 3819 2647 3877 accurrunt,
2669 3809 2853 3880 quales
2873 3810 2979 3864 sint
2998 3810 3126 3880 ipsis
3139 3810 3328 3867 diebus

1742 3906 1933 3978 quibus
1944 3903 2358 3968 catechizantur,
2377 3902 2765 3966 exorcizantur,
2789 3911 3114 3970 scrutantur,
3131 3913 3328 3974 quanta

1743 3998 2010 4070 vigilantia
2052 3995 2389 4061 conveniant,
2418 4009 2525 4064 quo
2566 3993 2743 4049 studio
2766 3994 3030 4062 ferveant,
3070 4011 3172 4065 qua
3198 4011 3327 4051 cura

1743 4090 2040 4164 pendeant?
2064 4090 2118 4144 Si
2149 4099 2272 4144 tunc
2294 4096 2500 4157 tempus
2521 4101 2625 4142 non
2647 4096 2729 4141 est
2748 4086 2983 4141 discendi
3014 4089 3056 4152 ',
3080 4103 3198 4157 qua:
3221 4088 3327 4142 vita

1743 4191 2000 4255 congruat
2014 4190 2179 4248 tanto,
2193 4178 2333 4251 quod
2347 4177 2589 4246 accipere
2601 4175 2925 4242 desiderant,
2942 4179 3287 4232 Sacramento
3304 4194 3321 4242 ;

1743 4275 1957 4348 quando
2004 4272 2161 4329 erit?
2215 4272 2297 4326 An
2343 4284 2472 4325 vero
2509 4283 2631 4324 cum
2666 4268 3006 4338 acceperint,
3067 4269 3120 4322 in
3164 4267 3325 4322 tantis

1744 4365 2054 4423 criminibus
2079 4370 2452 4433 permanentes
2471 4358 2632 4415 etiam
2661 4368 2778 4429 post
2822 4359 3172 4428 Baptismum,
3211 4373 3321 4413 non

1744 4459 1869 4515 novi
1895 4455 2158 4521 homines,
2181 4452 2278 4510 sed
2306 4451 2384 4508 rei
2412 4449 2660 4506 veteres?
2691 4459 2748 4504 ut
2775 4448 3020 4504 videlicet
3053 4449 3324 4519 perversi-

1745 4558 1854 4606 tate
1879 4545 2108 4604 mirabili
2137 4545 2284 4616 prius
2308 4543 2386 4600 eis
2406 4543 2633 4607 dicatur,
2665 4540 2866 4595 lnduite
2911 4539 3180 4593 hominem
3225 4555 3325 4593 no-

1744 4657 1903 4706 vum;
1952 4648 2005 4696 et
2037 4652 2158 4693 cum
2204 4634 2371 4690 induti
2413 4633 2630 4698 fuerint,
2667 4639 2850 4702 postea
2873 4629 3099 4695 dicatur,
3139 4630 3327 4684 Exuite

1745 4742 1978 4790 veterem
2011 4748 2024 4783 :
2057 4743 2177 4784 cum
2207 4726 2493 4797 Apostolus
2521 4737 2708 4778 sanum
2744 4721 2986 4778 ordinem
3019 4730 3205 4776 tenens
3238 4720 3324 4776 di-

1744 4835 1851 4893 cat,
1885 4823 2071 4877 Exuite
2097 4829 2324 4884 veterem,
2354 4825 2398 4870 et
2427 4815 2618 4870 induite
2654 4829 2836 4867 nouum
2885 4812 3106 4884 (Colore.
3139 4829 3195 4867 ιιι
3218 4853 3234 4878 ,
3263 4813 3318 4878 9,

1747 4918 1868 4989 10);
1915 4923 1971 4971 et
2014 4915 2127 4985 ipse
2170 4909 2426 4965 Dominus
2453 4908 2666 4970 clamet,
2701 4903 2865 4958 Nemo
2907 4905 3065 4958 assuil
3096 4920 3323 4974 pannum

1745 5027 1927 5068 novum
1962 5009 2247 5063 vestimento
2285 5003 2454 5071 ueteri,
2493 5010 2540 5056 et
2578 5015 2723 5054 nemo
2749 4999 2898 5053 mittit
2923 4998 3104 5066 sinum
3143 5012 3327 5050 novum
3378 4978 3388 5018 ³

1745 5106 1798 5159 in
1827 5111 1958 5157 utres
1983 5110 2185 5154 veteres.
2216 5095 2428 5168 (Matth.
2458 5091 2645 5161 tx,16,
2680 5089 2789 5165 17).
2818 5089 2955 5159 Quid
2982 5099 3157 5145 autem
3184 5088 3327 5142 aliud
3378 5079 3388 5101 '

1745 5196 1852 5268 agit
1875 5203 2043 5249 totum
2087 5201 2316 5260 tempus,
2366 5202 2474 5259 quo
2507 5185 3009 5242 catechumenorum
3054 5182 3227 5236 locum
3271 5189 3329 5234 et

1747 5300 1941 5342 nomen
1970 5289 2174 5348 tenent,
2203 5279 2304 5334 nisi
2334 5285 2394 5333 ut
2418 5276 2633 5332 audiant
2659 5289 2777 5346 qua:
2804 5273 2935 5330 fides
2963 5281 3018 5326 et
3045 5270 3216 5341 qualis
3246 5269 3327 5322 vi-

1746 5387 1802 5435 ta
1838 5377 2029 5433 debeat
2062 5389 2180 5431 esse
2218 5370 2520 5434 christiani;
2550 5378 2608 5423 ut
2634 5383 2755 5422 cum
2785 5382 2844 5422 se
2883 5367 3026 5436 ipsos
3056 5363 3323 5435 probave-

1746 5473 1870 5539 rint,
1916 5478 2043 5524 tunc
2065 5467 2133 5522 de
2161 5480 2343 5521 mensa
2383 5461 2590 5517 Domini
2621 5459 2959 5524 manducent,
2991 5465 3044 5510 et
3067 5455 3135 5509 de
3160 5454 3328 5510 calice

1746 5562 1962 5622 bibant?
2004 5559 2262 5629 Quoniam
2299 5556 2384 5628 qui
2412 5553 2681 5608 manducat
2707 5559 2755 5606 et
2780 5549 2901 5604 bibit
2935 5547 3161 5618 indigne,
3185 5545 3326 5615 judi-

1815 5683 1833 5714 ι
1864 5686 1992 5736 uss,
2014 5679 2155 5737 atque
2184 5678 2334 5737 utare.

1817 5745 1838 5774 ⁸
1870 5734 1998 5799 Mss,
2020 5734 2233 5788 dicendi.

2805 5844 2816 5855 -
2851 5803 3085 5886 (Sept)
