3874 6398
120 336 210 395 ,οδ
1483 307 1680 368 LlBEF

1787 306 1937 365 NUS.

175 446 249 501 15.
274 441 367 500 Sed
403 436 760 504 inﬁdelitatis,
801 427 1072 503 inquiunt,
1116 425 1522 488 tantummodo,
1548 436 1653 494 qua

117 542 160 596 in
178 537 418 593 Christum
461 548 566 589 non
594 527 963 591 crediderunt,
986 537 1080 579 eos
1132 521 1301 577 voluit
1345 534 1505 592 agerc
1534 529 1656 588 pte-

116 629 371 687 nitentiam.
396 626 525 681 Mira
554 620 896 695 praesumptio
925 617 1073 689 (nolo
1113 614 1403 686 quidquam
1429 609 1656 683 gravius

116 721 303 791 dicere),
326 717 529 789 quando
554 729 615 771 eo
634 712 817 779 audito
846 708 987 781 quod
1016 707 1219 763 dictum
1240 713 1325 762 est
1341 745 1358 773 ,
1374 703 1520 775 Agite
1545 718 1656 774 pm-

116 812 369 877 nitentium,
412 807 575 864 solius
612 801 941 861 inﬁdelitatis
967 807 1083 855 acta
1108 798 1328 862 dicitur,
1376 810 1500 851 cum
1551 793 1658 847 vita

117 902 329 962 mutanda
376 916 438 955 ex
486 906 662 953 vetere
706 896 760 951 in
812 907 1012 948 novam
1060 889 1304 947 doctrina
1351 884 1659 957 evangelica

114 997 393 1061 traderetur,
423 991 512 1046 ubi
539 991 716 1060 utique
739 996 794 1043 et
818 984 951 1042 illud
978 991 1062 1039 est
1090 981 1233 1054 quod
1258 982 1311 1036 in
1339 994 1403 1035 ea
1430 986 1655 1034 senten-

115 1094 173 1146 tia
193 1088 323 1161 ponit
348 1083 666 1157 Apostolus,
700 1079 800 1148 Qui
844 1075 1270 1151 {urabatur,.jom
1317 1088 1419 1128 non
1463 1075 1663 1142 [aretur

116 1159 296 1257 (Ephes.
325 1193 395 1243 tv,
422 1173 513 1248 28)
535 1191 549 1241 ;
570 1182 623 1229 et
646 1181 874 1238 caetera,
899 1168 1093 1240 quibus
1117 1165 1427 1237 exsequitur
1447 1160 1573 1234 quid
1594 1159 1665 1215 sit

114 1253 347 1345 deponere
386 1277 620 1324 veterem
666 1264 943 1319 hominem
971 1269 1030 1317 et
1072 1260 1297 1316 induere
1338 1270 1559 1323 novum.
1603 1253 1663 1309 In

115 1365 187 1421 his
210 1373 360 1420 autem
405 1360 537 1432 ipsis
568 1357 748 1413 verbis
775 1355 922 1429 Petri
968 1354 1173 1409 habent
1198 1350 1342 1407 unde
1382 1346 1664 1405 admoneri

118 1458 397 1531 potuissent,
448 1453 495 1509 si
544 1450 824 1521 diligenter
850 1445 1131 1503 attendere
1171 1443 1486 1498 voluissent.
1530 1440 1665 1495 Cum

119 1549 238 1607 enim
263 1547 497 1612 dixisset,
523 1542 672 1614 Agite
706 1540 1056 1614 paenitentiam
1076 1578 1094 1604 ,
1125 1544 1172 1591 et
1196 1536 1479 1605 baptizatur
1504 1548 1664 1589 unus-

115 1622 288 1713 quisque
308 1646 516 1693 vestrum
539 1636 591 1689 in
620 1632 823 1687 nomine
850 1629 1061 1687 Domini
1089 1626 1215 1683 Iesu
1250 1624 1439 1682 Christi
1487 1626 1541 1679 in
1579 1639 1666 1679 re-

115 1734 361 1788 missionem
403 1737 760 1800 peccatorum,
814 1733 861 1778 et
906 1722 1166 1792 accipietis
1213 1720 1401 1775 donum
1442 1717 1668 1789 Spiritus

115 1826 267 1881 sancti.
299 1820 451 1878 Nobis
480 1822 614 1876 enim
657 1819 769 1875 [nec
815 1826 886 1872 est
918 1816 1185 1887 promissio
1212 1823 1259 1869 et
1285 1812 1410 1883 ﬁliis
1444 1811 1666 1879 nostris,

116 1928 153 1973 et
168 1917 373 1973 cornibus
403 1915 489 1987 qui
512 1922 630 1968 sunt
671 1912 823 1983 longe
848 1924 1193 1981 quoscumque
1218 1905 1535 1963 advocaverit
1560 1902 1671 1957 Do-

118 2010 256 2065 minus
277 2007 403 2063 Deus
424 2016 626 2071 noster;
648 2002 907 2061 continuo
940 1999 1174 2067 subjecit
1197 1998 1289 2069 qui
1318 1996 1512 2053 librum
1540 1995 1673 2071 serie

117 2101 231 2172 psit,
258 2107 407 2170 atque
447 2098 524 2153 ait
551 2114 565 2150 :
599 2094 666 2150 Et
693 2094 889 2150 ceteris
915 2090 1077 2146 verbis
1106 2088 1337 2163 pluribus
1365 2087 1673 2158 testiﬁcaba-

122 2203 203 2260 tur,
230 2193 413 2259 dicens,
440 2190 642 2261 Eripite
682 2204 770 2243 vos
815 2204 847 2240 a
884 2185 1071 2241 sazeulo
1117 2184 1213 2239 hoe
1260 2198 1439 2254 pravo.
1488 2182 1554 2236 At
1595 2182 1676 2238 illi

123 2286 363 2340 avidissime
384 2284 642 2355 capientes
670 2288 975 2352 exceperunt
1012 2277 1183 2343 verba,
1231 2286 1278 2331 et
1320 2276 1673 2349 crediderunt,

126 2387 160 2441 et
190 2377 397 2448 boptisati
435 2383 591 2441 sunt;
640 2382 688 2429 et
732 2373 947 2443 adjectis
986 2378 1104 2425 sunt
1144 2369 1237 2441 illa
1263 2369 1346 2424 die
1391 2367 1678 2423 triamillia

128 2471 275 2525 enim
298 2469 421 2542 (Act.
460 2484 534 2537 tt,
580 2465 794 2537 38-41).
824 2462 955 2531 Quis
983 2461 1073 2517 hic
1098 2476 1205 2519 non
1235 2459 1529 2529 intelligat,
1568 2472 1676 2513 ca:-

134 2563 236 2631 teris
257 2562 477 2634 pluribus
508 2559 686 2616 verbis
706 2598 725 2623 ,
756 2572 875 2629 quae
902 2570 932 2610 a
959 2551 1222 2625 scriptore
1252 2560 1472 2622 propter
1502 2549 1676 2621 longi-

139 2654 325 2711 tudinem
349 2656 665 2717 reticentur,
711 2648 767 2705 id
810 2648 987 2719 egisse
1032 2646 1286 2712 Petrum,
1320 2651 1378 2699 ut
1404 2642 1678 2713 eriperent

147 2760 194 2799 se
212 2745 264 2801 ab
280 2745 358 2802 hoc
374 2745 581 2804 saeculo
606 2756 808 2814 pravo;
837 2736 1272 2811 quandoquidem
1299 2736 1415 2806 ipsa
1455 2744 1679 2790 senten-

147 2836 203 2895 tia
223 2836 407 2901 breviter
435 2836 611 2893 indita
651 2843 767 2899 est,
796 2832 883 2889 cui
915 2828 1302 2903 persuadendre
1332 2827 1510 2883 verbis
1556 2829 1677 2904 plu-

141 2927 253 2982 ribus
269 2926 437 2985 Petrus
468 2925 725 2984 instabat.
759 2924 876 2995 Ipsa
896 2922 1096 2992 quippe
1122 2934 1332 2975 summa
1361 2918 1532 2990 posita
1562 2926 1678 2987 est,

136 3036 229 3079 cum
250 3021 425 3078 dictum
458 3029 544 3077 est
562 3060 580 3085 ,
606 3017 811 3091 Eripite
837 3031 924 3077 vos
948 3031 981 3068 a
1003 3012 1192 3071 steculo
1216 3012 1311 3067 hoc
1342 3028 1519 3083 pravo.
1546 3010 1681 3067 Ver-

135 3112 199 3193 bis
238 3105 736 3193 autemipluribus,
784 3118 842 3179 ut
902 3108 1009 3171 hoc
1065 3108 1252 3172 ﬁeret,
1300 3106 1683 3163 testilicabatur

131 3188 305 3262 Petrus.
334 3207 389 3263 ln
416 3188 505 3277 his
528 3205 711 3269 verbis
753 3211 869 3259 erat
896 3208 1229 3257 mortuorum
1272 3214 1498 3269 operum
1548 3214 1682 3255 con-

130 3294 388 3365 demnatio,
419 3311 542 3368 qua:
569 3293 814 3364 nequiter
841 3300 1006 3367 agunt
1032 3290 1188 3361 hujus
1230 3289 1413 3344 muli
1453 3288 1683 3347 dilecto-

135 3402 236 3453 res,
259 3398 305 3445 ct
325 3386 721 3449 commendatio
742 3384 863 3449 vitm
888 3383 1065 3449 bonas,
1093 3396 1252 3452 quam
1283 3388 1498 3437 teneant
1526 3389 1686 3451 atque

136 3488 373 3543 sectentur
400 3480 489 3552 qui
516 3493 577 3536 se
616 3475 686 3531 ab
726 3477 829 3532 hoc
862 3488 1026 3545 pravo
1053 3474 1249 3529 saeculo
1287 3472 1537 3543 eripiunt.
1569 3471 1685 3527 Jam

139 3568 321 3641 itaque,
351 3571 393 3625 si
440 3571 649 3642 placet,
698 3566 969 3625 afﬁrmare
1016 3573 1294 3632 conentur,
1344 3579 1465 3619 eum
1492 3578 1553 3618 se
1576 3563 1686 3621 eri—

130 3672 234 3731 pere
258 3662 317 3716 ab
344 3660 443 3733 hoc
473 3659 675 3715 sacculo
702 3672 867 3729 pravo
888 3698 902 3721 ,
930 3656 1021 3728 qui
1045 3642 1411 3713 tantummodo
1432 3654 1602 3711 credit
1632 3656 1687 3710 in

130 3753 361 3811 Christum
382 3797 395 3821 ,
423 3753 637 3812 etiamsi
679 3752 735 3808 in
777 3750 992 3825 ﬂagitiis
1017 3749 1207 3821 quibus
1237 3748 1467 3804 voluerit
1498 3762 1685 3819 perse-

132 3856 253 3901 veret
278 3862 435 3918 usque
457 3846 523 3902 ad
554 3842 948 3916 professionem
969 3839 1235 3899 adulterii.
1262 3839 1419 3907 Quod
1442 3840 1487 3895 si
1510 3840 1691 3896 dicere

132 3936 258 3993 nefas
282 3948 380 4007 est,
398 3938 622 3993 audiant
645 3932 947 4005 baptizandi
975 3948 1082 3988 non
1112 3932 1285 3989 solum
1313 3930 1437 4002 quid
1469 3930 1692 3988 credere

138 4029 339 4088 debeant
357 4075 373 4101 ,
400 4032 495 4089 sed
520 4033 684 4087 etiam
714 4027 1167 4099 quemadmodum
1196 4042 1257 4085 se
1283 4028 1351 4083 ab
1395 4026 1497 4082 hoc
1529 4042 1691 4099 pravo

134 4124 300 4179 secqu
320 4124 563 4195 eripiant.
584 4121 661 4177 lbi
681 4118 827 4175 enim
848 4133 1068 4175 necesse
1090 4126 1172 4176 est
1196 4127 1251 4173 ut
1267 4117 1483 4173 audiant
1500 4130 1691 4188 quem-

136 4210 387 4269 admodum
424 4213 711 4273 credentes
743 4211 924 4266 vivere
954 4209 1200 4265 debeant.

194 4305 397 4366 CAPUT
429 4307 523 4365 1X.
543 4336 615 4347 —-
642 4306 730 4360 14.
762 4290 1021 4374 spadonis
1046 4314 1156 4374 post
1185 4302 1304 4373 ﬁdei
1334 4301 1694 4373 professionem

138 4400 279 4457 statim
317 4400 552 4478 baptismi
597 4395 826 4467 exemplo
859 4395 991 4450 male
1018 4396 1090 4449 uti
1115 4393 1448 4450 adversarios.
1474 4392 1651 4462 Spado
1673 4433 1691 4461 ,

138 4492 386 4564 inquiunt,
414 4495 508 4550 ille
546 4506 709 4563 quem
753 4488 1032 4563 Philippus
1071 4486 1385 4557 baptizavit,
1417 4484 1545 4539 nihil
1578 4484 1697 4553 plus

142 4583 283 4654 dixit,
310 4603 462 4659 quam
488 4628 504 4655 ,
534 4584 698 4641 Credo
727 4581 774 4635 F
777 4581 921 4636 ilium
940 4578 1039 4633 Dei
1068 4596 1172 4635 esse
1198 4577 1377 4635 Iesum
1406 4576 1696 4644 Christum;

141 4684 186 4730 et
222 4677 268 4733 in
310 4678 403 4735 hac
428 4668 764 4749 professione
794 4671 1049 4733 continuo
1090 4671 1389 4745 baptizatus
1430 4677 1531 4735 est.
1559 4668 1695 4727 Num

145 4784 251 4840 ergo
274 4774 436 4843 placet
464 4782 523 4828 ut
570 4771 675 4833 hoc
718 4768 896 4827 solum
942 4764 1186 4831 homines
1223 4761 1614 4834 respondeant,
1646 4768 1701 4843 et

148 4842 365 4919 continuo
401 4860 770 4941 baptizentpr?
800 4858 933 4915 nihil
981 4857 1047 4937 de
1072 4856 1273 4928 Spiritu
1316 4863 1535 4923 sancto,
1566 4842 1699 4921 nihil

148 4951 388 5021 desincta
409 4955 651 5023 Ecclesia
667 4994 684 5020 ,
716 4951 850 5019 nihil
880 4950 950 5015 dc
974 4948 1295 5007 remissione
1320 4956 1658 5019 peccatorum
1679 4987 1697 5016 ,

150 5044 259 5099 nihil
278 5046 341 5103 de
358 5045 753 5109 resurrectione
795 5051 1128 5105 mortuorum
1146 5081 1162 5105 ,
1192 5048 1464 5111 postremo
1490 5037 1555 5105 de
1584 5038 1701 5119 ipso

150 5134 345 5203 Domino
366 5140 491 5198 Iesu
530 5136 748 5201 Christo
791 5133 922 5207 nihil
967 5132 1069 5195 nisi
1099 5132 1221 5203 quia
1267 5130 1430 5187 Filius
1462 5127 1553 5187 Dei
1583 5135 1697 5197 est,

150 5239 237 5281 non
262 5228 324 5285 de
340 5230 709 5303 incarnatione,
731 5226 846 5297 eius
864 5240 932 5283 ex
953 5224 1181 5294 virgine,
1206 5237 1311 5277 non
1338 5220 1404 5287 de
1427 5221 1698 5293 passione,

151 5317 207 5375 de
230 5332 383 5395 morte
403 5322 600 5389 crucis,
632 5319 700 5393 de
736 5318 1006 5389 sepultura
1027 5357 1041 5381 ,
1074 5314 1141 5372 de
1166 5313 1302 5373 tertii
1332 5311 1435 5367 diei
1462 5325 1703 5367 resurre-

152 5409 401 5480 ctiOne,de
420 5411 739 5483 ascensione
761 5426 825 5465 ac
848 5409 987 5471 Sede
1011 5408 1079 5475 ad
1107 5408 1379 5475 dexteram
1407 5403 1579 5460 Patris
1598 5402 1704 5473 (ali—

156 5504 262 5573 quid
281 5506 549 5579 dicendum
580 5514 667 5561 cst
689 5502 1038 5571 catcchizanti
1059 5543 1072 5568 ,
1103 5517 1169 5567 ,ac
1200 5498 1556 5571 proﬁtendum
1582 5511 1701 5552 cre-

158 5593 315 5652 denti?
336 5600 389 5657 Si
409 5599 550 5655 enim
573 5595 752 5667 Spado
772 5610 891 5653 cum
918 5594 1301 5665 respondisset,
1327 5590 1486 5646 Credo
1509 5588 1703 5643 Filium

160 5685 239 5745 Dei
267 5706 358 5747 esse
383 5690 558 5761 Iesum
583 5686 867 5757 Christum,
903 5686 1006 5747 hoc
1039 5686 1087 5742 ei
1121 5686 1364 5755 sufﬁcere
1388 5683 1560 5737 visum
1589 5688 1700 5749 est,

161 5790 209 5837 tu
231 5784 455 5841 Continuo
480 5782 780 5855 baptizatus
810 5780 1149 5849 abscederet;
1179 5795 1271 5834 cur
1302 5792 1409 5833 non
1439 5772 1489 5829 id
1517 5770 1696 5842 sequi-

3240 305 3355 369 203

1764 422 1918 480 mur?
1941 436 2039 479 cur
2066 433 2171 478 non
2204 422 2493 489 imitamur,
2514 419 2986 494 atqueaul’erimus
3011 429 3208 483 caetera
3231 436 3354 494 qua:

1763 530 1986 572 necesse
2024 514 2318 583 habemus,
2360 515 2521 571 etiam
2547 529 2666 572 cum
2697 513 2763 569 ad
2792 504 3167 583 baptizandum
3209 522 3352 570 tem-

1764 607 1913 677 poris
1962 614 2114 677 urget
2158 607 2435 677 angustia,
2489 604 2793 676 exprimere
2842 605 3252 674 interrogando,
3297 615 3360 662 ut

1763 699 2118 770 baptizandus
2160 698 2227 753 ad
2272 706 2460 754 cuncta
2505 698 2863 767 respondeat,
2908 688 3120 753 etiamsi
3150 715 3212 754 ea
3244 717 3356 756 rne-

1765 794 1953 855 moriae
1978 793 2234 850 mandare
2256 808 2361 849 non
2386 795 2589 849 vacavit
2621 794 2679 847 1?
2705 793 2761 849 Si
2790 802 2964 850 autem
2986 793 3256 864 Scriptura
3281 804 3363 848 ta-

1767 885 1912 958 cuit,
1940 894 2101 959 atque
2123 886 2466 959 intelligenda
2493 886 2693 942 dimisit
2716 896 2909 943 cratera
2931 927 2947 955 ,
2978 903 3097 959 qum
3125 904 3245 945 cum
3270 888 3360 944 illo

1766 978 2018 1051 Spadone
2038 978 2356 1049 baptizando
2382 979 2657 1050 Philippus
2684 979 2815 1051 egit,
2848 988 3007 1049 atque
3033 981 3085 1035 in
3110 996 3177 1037 eo
3218 982 3360 1052 quod

1768 1073 1864 1139 ait,
1879 1070 2163 1143 Baptizavit
2183 1087 2297 1127 eum
2318 1070 2595 1143 Philippus
2612 1070 2746 1142 (Aet.
2770 1087 2878 1138 \‘lll,
2901 1072 3114 1142 55-38),
3141 1074 3365 1142 intelligi

1769 1161 1938 1219 voluit
1980 1163 2196 1233 impleta
2239 1162 2457 1229 omnia,
2505 1168 2624 1232 qua:
2670 1162 2795 1217 licet
2824 1171 3099 1219 taceantur
3129 1164 3182 1221 in
3213 1164 3363 1219 Scri-

1773 1253 1943 1325 pturis
1963 1254 2134 1323 gratia
2164 1253 2478 1322 brevitatis,
2511 1261 2689 1308 tamen
2736 1254 2876 1309 serie
2907 1255 3208 1310 traditionis
3254 1258 3366 1311 sci-

1771 1360 1891 1405 mus
1917 1344 2216 1415 implenda;
2244 1350 2358 1417 pari
2385 1346 2546 1401 modo
2571 1346 2732 1403 etiam
2760 1345 2813 1400 in
2843 1360 2908 1400 eo
2937 1346 3077 1416 quod
3101 1348 3363 1417 scriptum

1772 1444 1854 1492 est
1890 1436 2286 1506 evangelizasse
2328 1437 2630 1508 Philippum
2680 1436 2916 1508 Spadoni
2954 1439 3235 1494 Dominum
3276 1440 3368 1496 Je-

1773 1541 1891 1589 sum
1914 1568 1928 1594 ,
1962 1529 2109 1584 nullo
2138 1528 2300 1584 modo
2322 1528 2673 1584 dubitandum
2702 1539 2863 1587 estet
2891 1532 2980 1587 illa
3030 1532 3085 1587 in
3127 1532 3368 1591 catechi-

1773 1636 1893 1693 smo
1921 1623 2060 1677 dicta
2110 1637 2231 1678 esse
2253 1663 2271 1691 ,
2317 1638 2435 1693 qua:
2482 1622 2549 1677 ad
2592 1623 2754 1677 vitam
2786 1639 3070 1697 moresque
3097 1627 3368 1696 pertinent

1774 1714 1892 1785 ejus
1917 1715 2006 1785 qui
2050 1713 2222 1771 credit
2261 1714 2313 1769 in
2359 1714 2641 1770 Dominum
2685 1715 2892 1771 Jesum.
2939 1717 3050 1771 lloc
3094 1727 3177 1773 est
3222 1698 3367 1775 enim

1777 1808 2144 1879 cvangelizare
2172 1808 2441 1869 Christum
2464 1849 2479 1875 ,
2509 1822 2617 1862 non
2650 1817 2855 1867 tantum
2885 1810 3068 1866 dicere
3095 1827 3214 1881 qua:
3242 1822 3371 1873 sunt

1774 1898 2045 1973 {credenda
2071 1898 2139 1953 de
2167 1899 2380 1959 Christo
2401 1939 2415 1964 ,
2445 1898 2539 1953 sed
2567 1899 2727 1957 etiam
2774 1916 2893 1970 qua:
2947 1902 3275 1969 observanda
3318 1905 3372 1961 ei

1778 1991 1869 2061 qui
1897 1990 2106 2049 accedit
2131 1989 2198 2045 ad
2226 2005 2540 2061 compagem
2571 1991 2813 2061 corporis
2840 1991 3039 2047 Christi
3067 2010 3080 2047 :
3110 1995 3217 2059 imo
3242 1976 3373 2052 vero

1779 2091 1969 2145 cuncta
1998 2081 2181 2151 dicere
2204 2098 2322 2153 quae
2346 2090 2471 2138 sunt
2490 2083 2756 2141 credenda
2778 2084 2847 2147 de
2865 2083 3079 2141 Christo
3097 2128 3114 2155 ,
3146 2102 3255 2143 non
3280 2104 3373 2157 so-

1783 2175 1894 2233 lum
1936 2177 2090 2247 cujus
2131 2177 2204 2232 sit
2248 2178 2422 2243 ﬁlius,
2475 2177 2617 2237 unde
2656 2178 2953 2249 secundum
3000 2180 3372 2251 divinitatem,

1783 2268 1926 2323 unde
1954 2268 2248 2331 secundum
2292 2283 2510 2324 carnem
2555 2270 2802 2340 genitus,
2843 2286 2962 2341 qme
2991 2286 3277 2343 perpessus
3316 2283 3376 2330 et

1783 2374 1980 2430 quare,
2008 2375 2129 2430 qua:
2168 2360 2240 2414 sit
2266 2361 2435 2414 virtus
2465 2362 2877 2429 resurrectionis
2901 2363 3046 2433 ejus,
3087 2363 3231 2435 quod
3273 2366 3377 2421 do-

1784 2467 1914 2507 num
1959 2450 2191 2523 Spiritus
2233 2451 2544 2523 promiserit
2587 2452 2903 2524 dederitque
2949 2455 3233 2525 ﬁdelibus;
3280 2459 3379 2521 sed

1785 2547 1948 2601 etiam
1979 2547 2151 2616 qualia
2183 2548 2454 2615 membra,
2486 2549 2679 2618 quibus
2709 2550 2779 2606 sit
2800 2560 2996 2621 caput,
3027 2564 3265 2623 quierat,
3296 2555 3381 2617 iu,-

1786 2638 2005 2719 stituat,
2049 2637 2269 2710 diligat,
2323 2638 2547 2708 liberet,
2598 2649 2757 2711 atque
2802 2643 2869 2697 ad
2916 2653 3172 2701 aeternam
3215 2648 3380 2704 vitam

1784 2725 2154 2800 honoremque
2180 2729 2456 2801 perducat.
2487 2732 2614 2787 Haec
2641 2749 2761 2795 cum
2793 2735 3063 2804 dicuntur,
3094 2739 3381 2809 aliquando

1785 2818 2001 2876 brevius
2032 2831 2191 2894 atque
2220 2822 2563 2883 coustrictius
2584 2866 2599 2891 ,
2641 2825 2930 2896 aliquando
2973 2829 3132 2885 latius
3157 2840 3212 2887 et
3244 2832 3381 2889 ube-

1788 2912 1929 2981 rius,
1976 2911 2220 2968 Christus
2250 2915 2678 2985 evangelizatur;
2732 2926 2787 2973 et
2836 2929 3010 2983 tamen
3055 2937 3162 2983 non
3206 2925 3382 2981 solum

1787 3006 1929 3078 quod
1958 3006 2023 3061 ad
2048 3006 2239 3075 ﬁdem,
2268 3021 2453 3063 verum
2482 3008 2645 3063 etiam
2672 3009 2814 3081 quod
2841 3010 2907 3071 ad
2938 3027 3120 3072 mores
3146 2992 3384 3085 ﬁdelium

1787 3099 2052 3169 pertinet,
2085 3114 2192 3153 non
2219 3100 2665 3169 praetermittitur.
2822 3173 2829 3177 _
3358 3090 3363 3093 ’

1784 3262 1787 3265 ὗ
1862 3189 2086 3246 CAPUT
2118 3190 2186 3245 Χ.
2216 3222 2288 3231 -
2313 3192 2399 3259 15.
2433 3184 2598 3247 Locus
2620 3192 2786 3259 Pauli
2810 3211 2863 3249 se
2886 3195 3017 3259 nihil
3042 3198 3171 3257 scire
3200 3209 3387 3271 praem

1790 3282 2047 3339 Christum
2072 3283 2247 3339 Iesum
2277 3286 2576 3357 proﬁtentis.
2606 3286 2873 3359 Prazcepta
2899 3289 2998 3344 duo
3028 3291 3092 3347 de
3123 3293 3388 3353 dilectione

1790 3374 1890 3431 Dei
1917 3387 1962 3432 et
1989 3378 2206 3449 proximi
2250 3379 2382 3437 male
2417 3381 2625 3452 referri,
2654 3370 2875 3445 alterum
2916 3382 2984 3436 ad
3009 3383 3340 3455 baptizandos
3368 3434 3385 3458 ,

1792 3471 2005 3523 alterum
2034 3470 2102 3523 ad
2122 3470 2421 3541 baptizatos.
2455 3462 2566 3529 Hoc
2586 3471 2805 3543 intelligi
2842 3483 3017 3544 potest
3046 3477 3207 3545 etiam
3238 3479 3292 3535 in
3322 3497 3388 3537 eo

1791 3563 1934 3633 quod
1960 3558 2603 3620 commemorant'dixisse
2631 3567 2933 3635 apostolum
2954 3568 3174 3625 Paulum
3197 3612 3213 3637 ,
3239 3571 3391 3629 Nihil

1794 3672 1875 3709 me
1908 3656 2032 3711 duxi
2056 3656 2183 3709 scire
2208 3656 2262 3708 in
2291 3656 2428 3721 vobis
2447 3698 2461 3722 ,
2492 3657 2588 3711 nisi
2641 3655 2897 3713 Christum
2930 3658 3138 3729 Iesum,
3183 3672 3229 3718 et
3256 3638 3389 3731 hunc

1795 3747 2095 3817 cruciﬁxum
2123 3744 2163 3817 (l
2192 3746 2307 3799 Cor.
2340 3764 2405 3813 υ,
2439 3746 2517 3819 2).
2548 3747 2698 3816 Quod
2722 3749 2797 3803 illi
2820 3760 3004 3820 putant
3032 3752 3103 3807 ita
3123 3726 3342 3817 dictum
3362 3726 3386 3827 ἱ,

1794 3838 2048 3905 tanquam
2077 3836 2209 3892 nihil
2230 3837 2373 3892 aliud
2396 3838 2472 3895 eis
2494 3837 2817 3903 insinuatum
2844 3852 3096 3910 esset;ut
3117 3846 3386 3915 primitus‘

1797 3929 2104 3999 crederent,
2157 3946 2219 3986 ac
2246 3930 2439 3987 deinde
2495 3932 2748 4004 baptizati
2788 3935 3046 4007 quidquid
3100 3937 3169 3992 ad
3225 3940 3388 3996 vitam

1798 4039 2082 4094 moresque
2109 4025 2338 4095 pertinet
2366 4024 2654 4081 discerent.
2688 4026 2802 4082 Hoc
2823 4029 3101 4101 inquiunt,
3128 4031 3392 4103 Apostolo

1797 4119 1929 4175 satis
1954 4134 2216 4190 superque
2240 4118 2442 4174 sullecit
2466 4161 2479 4186 ,
2509 4121 2597 4190 qui
2619 4121 2699 4175 eis
2720 4121 2856 4177 dixit
2885 4123 3023 4192 quod
3050 4120 3169 4180 etsi
3196 4128 3392 4191 multos

1799 4211 2116 4281 pmdagogos
2159 4209 2415 4264 haberent
2440 4208 2492 4262 in
2535 4209 2747 4281 Christo
2771 4253 2785 4277 ,
2811 4214 2906 4266 sed
2938 4229 3042 4268 non
3074 4213 3273 4270 multos
3299 4233 3393 4286 pa-

1802 4311 1911 4356 tres
1932 4343 1945 4367 ,
1974 4301 2097 4371 quia
2128 4314 2221 4354 cos
2255 4299 2308 4353 in
2356 4298 2569 4354 Christo
2594 4298 2717 4355 Iesu
2752 4318 2845 4372 per
2898 4300 3245 4375 Evangeliuut
3275 4307 3392 4377 ipse

1800 4394 2073 4467 genuisset
2099 4393 2205 4465 (Id.
2236 4410 2305 4460 1v,
2340 4390 2531 4466 l5).‘Si
2558 4410 2686 4467 ergo
2708 4392 2798 4450 ille
2819 4398 2907 4468 qui
2931 4414 3025 4468 per
3046 4396 3392 4469 Evangelium

1800 4489 2021 4562 genuit,
2051 4488 2290 4559 quamvis
2316 4487 2509 4560 gratias
2538 4496 2661 4560 agat
2688 4487 2828 4559 quod
2859 4490 3124 4559 neminem
3156 4484 3394 4561 ipsorum

1798 4576 2150 4655 baptizavcrit
2174 4582 2275 4637 uisi
2297 4579 2544 4652 Crispum
2565 4591 2618 4638 et
2644 4581 2830 4638 Gaimn
2852 4623 2867 4649 ,
2901 4593 2955 4637 et
2980 4582 3264 4655 Stephanus
3295 4586 3395 4642 do-

1794 4693 1949 4757 mum
1981 4675 2090 4749 (Id.
2120 4693 2168 4746 ι,
2200 4677 2270 4731 14
2291 4719 2304 4742 ,
2337 4675 2461 4749 16),
2489 4675 2623 4731 nihil
2658 4691 2750 4730 eos
2771 4677 3000 4747 amplius
3022 4677 3205 4747 docuit
3232 4674 3395 4751 quam

1803 4772 2073 4837 Christum
2101 4770 2448 4837 cruciﬁxum;
2474 4768 2600 4840 quid
2638 4770 2682 4823 si
2710 4768 2852 4833 dicat
2892 4769 3088 4841 aliquis
3113 4814 3128 4839 ,
3161 4789 3261 4829 nec
3307 4792 3397 4841 re-

1798 4856 2100 4924 isurrexisse
2120 4866 2390 4921 Christum
2434 4879 2527 4919 eos
2553 4862 2765 4917 audisse
2786 4902 2800 4928 ,
2848 4863 3064 4934 quando
3096 4882 3191 4936 per
3222 4866 3400 4923 Evan-

1803 4959 1998 5030 gelium
2016 4957 2177 5027 geniti
2206 4954 2363 5011 sunt?
2379 4952 2530 5009 Unde
2541 4961 2621 5008 est
2647 4952 2804 5023 igitur
2826 4954 2969 5025 quod
2991 4957 3069 5010 eis
3095 4956 3244 5024 dicit,
3270 4958 3401 5012 Tra-

1798 5036 2054 5105 'ditii'enim
2064 5046 2468 5117 vobisinprintis,
2485 5036 2844 5114 quiaGhristas
2866 5058 3094 5102 mortuus
3123 5058 3195 5103 est
3221 5056 3402 5104 secun-

1800 5140 1929 5195 dam
1957 5139 2267 5209 Scripturas,
2290 5145 2336 5190 et
2359 5136 2479 5206 quia
2498 5136 2723 5207 sepultus
2755 5145 2848 5202 est,
2895 5145 2944 5191 et
2976 5138 3096 5207 quia
3125 5144 3403 5195 resurrexit

1802 5232 1952 5288 tertia
1972 5231 2054 5284 die
2080 5228 2355 5285 secundum
2384 5227 2679 5300 Scripturas
2703 5227 2813 5301 (Id.
2842 5241 2912 5283 xv
2931 5272 2946 5298 ,
2976 5231 3041 5298 5,
3063 5232 3121 5302 4)
3142 5274 3154 5297 ,
3180 5220 3234 5286 εἰ
3265 5232 3399 5288 nihil

1806 5325 1908 5382 nisi
1931 5322 2239 5380 cruciﬁxum
2264 5320 2553 5379 docuerat?
2581 5322 2636 5376 Si
2661 5330 2837 5377 autem
2868 5336 2974 5377 non
2990 5322 3059 5377 ita
3079 5316 3397 5393 intelligunt,

1807 5418 1900 5475 sed
1919 5417 2021 5474 hoc
2044 5430 2251 5489 quoque
2270 5416 2337 5471 ad
2357 5415 2628 5481 Christum
2656 5414 2961 5471 cruciﬁxum
2984 5416 3247 5485 pertinere
3272 5429 3399 5473 con-
3434 5450 3437 5453 ι

1875 5596 2085 5665 ίέἀίιίν.
2385 5594 2746 5665 Ψφὲςίατε-Ῑποη
2776 5589 2955 5665 υσίτιίιέ
2991 5589 3397 5665 “illam

1807 5650 2119 5728 intelligenda
2139 5654 2361 5728 admisit.
2408 5655 2576 5705 Melius
2618 5663 2750 5713 Mss,
2793 5664 2887 5701 non
2909 5650 3189 5705 vacarit..."

1808 5719 2183 5787 gendrl'dimisit.
2230 5719 2233 5721 ’

1877 5786 1896 5816 ²
1932 5783 2067 5843 aditi,
2093 5779 2187 5831 nisi
2211 5784 2261 5828 ut
2285 5777 2520 5842 primitus.
2550 5777 2713 5833 Abest,
2736 5772 2846 5834 nisi,
2864 5784 2891 5821 a
2909 5780 3017 5825 ηδε,
