  <div class='ocr_page' id='page_1' title='image "/cluster/home/n/w/nwhite01/storage/ocr_20150623/40/uva.x000669811/111.png"; bbox 0 0 3882 6286; ppageno 0'>
   <div class='ocr_carea' id='block_1_1' title="bbox 479 298 587 356">
    <p class='ocr_par' dir='ltr' id='par_1_1' title="bbox 479 298 587 356">
     <span class='ocr_line' id='line_1_1' title="bbox 479 298 587 356; baseline 0 -1"><span class='ocrx_word' id='word_1_1' title='bbox 479 298 587 356; x_wconf 75' lang='grc'><strong>207</strong></span> 
     </span>
    </p>
   </div>
   <div class='ocr_carea' id='block_1_2' title="bbox 1466 293 2778 368">
    <p class='ocr_par' dir='ltr' id='par_1_2' title="bbox 1466 293 2778 368">
     <span class='ocr_line' id='line_1_2' title="bbox 1466 293 2778 368; baseline 0.018 -22"><span class='ocrx_word' id='word_1_2' title='bbox 1466 293 1551 347; x_wconf 78' lang='grc' dir='ltr'><strong>ΒΕ</strong></span> <span class='ocrx_word' id='word_1_3' title='bbox 1590 294 1747 350; x_wconf 83' lang='lat' dir='ltr'><strong>FIDE</strong></span> <span class='ocrx_word' id='word_1_4' title='bbox 1786 296 1874 353; x_wconf 83' lang='lat' dir='ltr'><strong>ET</strong></span> <span class='ocrx_word' id='word_1_5' title='bbox 1912 296 2271 365; x_wconf 81' lang='lat' dir='ltr'><strong>OPERIBUS.</strong></span> <span class='ocrx_word' id='word_1_6' title='bbox 2314 304 2371 360; x_wconf 93' lang='lat' dir='ltr'><strong>S.</strong></span> <span class='ocrx_word' id='word_1_7' title='bbox 2413 306 2778 368; x_wconf 85' lang='lat' dir='ltr'><strong>AUGUSTINI</strong></span> 
     </span>
    </p>
   </div>
   <div class='ocr_carea' id='block_1_3' title="bbox 474 408 2062 478">
    <p class='ocr_par' dir='ltr' id='par_1_3' title="bbox 474 408 2062 478">
     <span class='ocr_line' id='line_1_3' title="bbox 474 408 2062 478; baseline -0.001 -8"><span class='ocrx_word' id='word_1_8' title='bbox 474 412 698 470; x_wconf 90' lang='lat' dir='ltr'><strong>tendunt</strong></span> <span class='ocrx_word' id='word_1_9' title='bbox 723 411 738 443; x_wconf 84' lang='grc'>¹</span> <span class='ocrx_word' id='word_1_10' title='bbox 764 428 779 478; x_wconf 90' lang='lat'><strong>;</strong></span> <span class='ocrx_word' id='word_1_11' title='bbox 806 410 978 466; x_wconf 99' lang='lat' dir='ltr'><strong>sciant</strong></span> <span class='ocrx_word' id='word_1_12' title='bbox 1006 409 1061 464; x_wconf 90' lang='lat' dir='ltr'><strong>in</strong></span> <span class='ocrx_word' id='word_1_13' title='bbox 1089 408 1303 465; x_wconf 90' lang='lat' dir='ltr'><strong>Christo</strong></span> <span class='ocrx_word' id='word_1_14' title='bbox 1327 409 1585 465; x_wconf 78' lang='lat' dir='ltr'><strong>crueilixo</strong></span> <span class='ocrx_word' id='word_1_15' title='bbox 1610 412 1775 466; x_wconf 89' lang='lat' dir='ltr'><strong>multa</strong></span> <span class='ocrx_word' id='word_1_16' title='bbox 1814 412 2062 468; x_wconf 83' lang='lat' dir='ltr'><strong>homines</strong></span> 
     </span>
    </p>
   </div>
   <div class='ocr_carea' id='block_1_4' title="bbox 471 503 2062 575">
    <p class='ocr_par' dir='ltr' id='par_1_4' title="bbox 471 503 2062 575">
     <span class='ocr_line' id='line_1_4' title="bbox 471 503 2062 575; baseline 0.001 -14"><span class='ocrx_word' id='word_1_17' title='bbox 471 507 680 562; x_wconf 83' lang='lat' dir='ltr'><strong>discere</strong></span> <span class='ocrx_word' id='word_1_18' title='bbox 696 546 710 571; x_wconf 89' lang='lat'><strong>,</strong></span> <span class='ocrx_word' id='word_1_19' title='bbox 737 512 793 560; x_wconf 87' lang='lat' dir='ltr'><strong>et</strong></span> <span class='ocrx_word' id='word_1_20' title='bbox 812 505 1043 560; x_wconf 77' lang='lat' dir='ltr'><strong>maxime</strong></span> <span class='ocrx_word' id='word_1_21' title='bbox 1069 503 1211 575; x_wconf 89' lang='lat' dir='ltr'><strong>quod</strong></span> <span class='ocrx_word' id='word_1_22' title='bbox 1231 512 1367 559; x_wconf 86' lang='lat' dir='ltr'><strong>vetus</strong></span> <span class='ocrx_word' id='word_1_23' title='bbox 1393 504 1543 558; x_wconf 89' lang='lat' dir='ltr'><strong>homo</strong></span> <span class='ocrx_word' id='word_1_24' title='bbox 1565 515 1732 560; x_wconf 88' lang='lat' dir='ltr'><strong>noster</strong></span> <span class='ocrx_word' id='word_1_25' title='bbox 1756 506 1909 561; x_wconf 89' lang='lat' dir='ltr'><strong>simul</strong></span> <span class='ocrx_word' id='word_1_26' title='bbox 1945 524 2062 562; x_wconf 80' lang='lat' dir='ltr'><strong>cru-</strong></span> 
     </span>
    </p>
   </div>
   <div class='ocr_carea' id='block_1_5' title="bbox 3638 342 3738 401">
    <p class='ocr_par' dir='ltr' id='par_1_5' title="bbox 3638 342 3738 401">
     <span class='ocr_line' id='line_1_5' title="bbox 3638 342 3738 401; baseline 0.05 -5"><span class='ocrx_word' id='word_1_27' title='bbox 3638 342 3738 401; x_wconf 75' lang='lat'><strong>208</strong></span> 
     </span>
    </p>
   </div>
   <div class='ocr_carea' id='block_1_6' title="bbox 2175 415 3732 525">
    <p class='ocr_par' dir='ltr' id='par_1_6' title="bbox 2175 415 3732 525">
     <span class='ocr_line' id='line_1_6' title="bbox 2175 415 3732 525; baseline 0.021 -56"><span class='ocrx_word' id='word_1_28' title='bbox 2175 415 2262 471; x_wconf 91' lang='lat' dir='ltr'><strong>ubi</strong></span> <span class='ocrx_word' id='word_1_29' title='bbox 2291 418 2520 477; x_wconf 77' lang='lat' dir='ltr'><strong>disceret</strong></span> <span class='ocrx_word' id='word_1_30' title='bbox 2562 426 3008 495; x_wconf 83' lang='lat' dir='ltr'><strong>quemadmodum</strong></span> <span class='ocrx_word' id='word_1_31' title='bbox 3037 434 3259 494; x_wconf 88' lang='lat' dir='ltr'><strong>viveret.</strong></span> <span class='ocrx_word' id='word_1_32' title='bbox 3289 440 3401 498; x_wconf 90' lang='lat' dir='ltr'><strong>Cur</strong></span> <span class='ocrx_word' id='word_1_33' title='bbox 3425 460 3545 518; x_wconf 88' lang='lat' dir='ltr'><strong>ergo</strong></span> <span class='ocrx_word' id='word_1_34' title='bbox 3569 450 3732 525; x_wconf 83' lang='lat' dir='ltr'><strong>bapii-</strong></span> 
     </span>
    </p>
   </div>
   <div class='ocr_carea' id='block_1_7' title="bbox 2168 509 3732 612">
    <p class='ocr_par' dir='ltr' id='par_1_7' title="bbox 2168 509 3732 612">
     <span class='ocr_line' id='line_1_7' title="bbox 2168 509 3732 612; baseline 0.028 -52"><span class='ocrx_word' id='word_1_35' title='bbox 2168 509 2351 565; x_wconf 83' lang='lat' dir='ltr'><strong>zandis</strong></span> <span class='ocrx_word' id='word_1_36' title='bbox 2377 513 2459 567; x_wconf 92' lang='lat' dir='ltr'><strong>vel</strong></span> <span class='ocrx_word' id='word_1_37' title='bbox 2498 516 2809 586; x_wconf 83' lang='lat' dir='ltr'><strong>Symbolum</strong></span> <span class='ocrx_word' id='word_1_38' title='bbox 2854 524 3108 583; x_wconf 78' lang='lat' dir='ltr'><strong>tradimus</strong></span> <span class='ocrx_word' id='word_1_39' title='bbox 3136 570 3150 593; x_wconf 94' lang='lat'><strong>,</strong></span> <span class='ocrx_word' id='word_1_40' title='bbox 3183 509 3613 612; x_wconf 71' lang='lat' dir='ltr'><strong>reddendumque</strong></span> <span class='ocrx_word' id='word_1_41' title='bbox 3639 509 3732 604; x_wconf 50' lang='grc' dir='ltr'><strong>’τέ-</strong></span> 
     </span>
    </p>
   </div>
   <div class='ocr_carea' id='block_1_8' title="bbox 469 598 3729 707">
    <p class='ocr_par' dir='ltr' id='par_1_8' title="bbox 469 598 3729 707">
     <span class='ocr_line' id='line_1_8' title="bbox 469 598 3729 707; baseline 0.01 -53"><span class='ocrx_word' id='word_1_42' title='bbox 469 600 653 669; x_wconf 79' lang='lat' dir='ltr'><strong>ciﬁxus</strong></span> <span class='ocrx_word' id='word_1_43' title='bbox 678 606 788 664; x_wconf 86' lang='lat' dir='ltr'><strong>est,</strong></span> <span class='ocrx_word' id='word_1_44' title='bbox 812 606 865 650; x_wconf 89' lang='lat' dir='ltr'><strong>ut</strong></span> <span class='ocrx_word' id='word_1_45' title='bbox 911 607 1174 652; x_wconf 72' lang='lat' dir='ltr'><strong>evacuatur</strong></span> <span class='ocrx_word' id='word_1_46' title='bbox 1210 613 1392 668; x_wconf 87' lang='lat' dir='ltr'><strong>corpus</strong></span> <span class='ocrx_word' id='word_1_47' title='bbox 1438 598 1658 667; x_wconf 80' lang='lat' dir='ltr'><strong>peccati,</strong></span> <span class='ocrx_word' id='word_1_48' title='bbox 1701 609 1746 653; x_wconf 91' lang='lat' dir='ltr'><strong>et</strong></span> <span class='ocrx_word' id='word_1_49' title='bbox 1792 600 1928 653; x_wconf 88' lang='lat' dir='ltr'><strong>ultra</strong></span> <span class='ocrx_word' id='word_1_50' title='bbox 1957 616 2058 654; x_wconf 88' lang='lat' dir='ltr'><strong>non</strong></span> <span class='ocrx_word' id='word_1_51' title='bbox 2165 600 2477 667; x_wconf 85' lang='lat' dir='ltr'><strong>poscimus?</strong></span> <span class='ocrx_word' id='word_1_52' title='bbox 2506 606 2644 661; x_wconf 84' lang='lat' dir='ltr'><strong>Nihil</strong></span> <span class='ocrx_word' id='word_1_53' title='bbox 2672 610 2815 665; x_wconf 90' lang='lat' dir='ltr'><strong>enim</strong></span> <span class='ocrx_word' id='word_1_54' title='bbox 2849 614 2955 669; x_wconf 89' lang='lat' dir='ltr'><strong>tale</strong></span> <span class='ocrx_word' id='word_1_55' title='bbox 2984 615 3177 675; x_wconf 82' lang='lat' dir='ltr'><strong>factum</strong></span> <span class='ocrx_word' id='word_1_56' title='bbox 3208 634 3290 679; x_wconf 91' lang='lat' dir='ltr'><strong>est</strong></span> <span class='ocrx_word' id='word_1_57' title='bbox 3315 641 3439 698; x_wconf 83' lang='lat' dir='ltr'><strong>erga</strong></span> <span class='ocrx_word' id='word_1_58' title='bbox 3470 630 3585 689; x_wconf 89' lang='lat' dir='ltr'><strong>illos</strong></span> <span class='ocrx_word' id='word_1_59' title='bbox 3610 653 3729 707; x_wconf 82' lang='lat' dir='ltr'><strong>quos</strong></span> 
     </span>
    </p>
   </div>
   <div class='ocr_carea' id='block_1_9' title="bbox 468 687 2056 761">
    <p class='ocr_par' dir='ltr' id='par_1_9' title="bbox 468 687 2056 761">
     <span class='ocr_line' id='line_1_9' title="bbox 468 687 2056 761; baseline 0.001 -16"><span class='ocrx_word' id='word_1_60' title='bbox 468 692 745 746; x_wconf 74' lang='lat' dir='ltr'><strong>serviamus</strong></span> <span class='ocrx_word' id='word_1_61' title='bbox 771 700 975 761; x_wconf 86' lang='lat' dir='ltr'><strong>peccato</strong></span> <span class='ocrx_word' id='word_1_62' title='bbox 1015 687 1189 757; x_wconf 88' lang='lat' dir='ltr'><strong>(Rom.</strong></span> <span class='ocrx_word' id='word_1_63' title='bbox 1220 705 1306 755; x_wconf 82' lang='lat' dir='ltr'><strong>Vl,</strong></span> <span class='ocrx_word' id='word_1_64' title='bbox 1359 688 1453 759; x_wconf 86' lang='lat'><strong>6):</strong></span> <span class='ocrx_word' id='word_1_65' title='bbox 1487 689 1626 745; x_wconf 91' lang='lat' dir='ltr'><strong>unde</strong></span> <span class='ocrx_word' id='word_1_66' title='bbox 1667 690 1825 745; x_wconf 91' lang='lat' dir='ltr'><strong>etiam</strong></span> <span class='ocrx_word' id='word_1_67' title='bbox 1881 690 1948 746; x_wconf 89' lang='lat' dir='ltr'><strong>de</strong></span> <span class='ocrx_word' id='word_1_68' title='bbox 1997 706 2056 747; x_wconf 86' lang='lat' dir='ltr'><strong>se</strong></span> 
     </span>
    </p>
   </div>
   <div class='ocr_carea' id='block_1_10' title="bbox 468 778 2055 851">
    <p class='ocr_par' dir='ltr' id='par_1_10' title="bbox 468 778 2055 851">
     <span class='ocr_line' id='line_1_10' title="bbox 468 778 2055 851; baseline 0.001 -16"><span class='ocrx_word' id='word_1_69' title='bbox 468 783 586 851; x_wconf 87' lang='lat' dir='ltr'><strong>ipso</strong></span> <span class='ocrx_word' id='word_1_70' title='bbox 612 780 774 845; x_wconf 87' lang='lat' dir='ltr'><strong>dicit,</strong></span> <span class='ocrx_word' id='word_1_71' title='bbox 809 778 941 833; x_wconf 82' lang='lat' dir='ltr'><strong>Mihi</strong></span> <span class='ocrx_word' id='word_1_72' title='bbox 969 789 1134 833; x_wconf 89' lang='lat' dir='ltr'><strong>autem</strong></span> <span class='ocrx_word' id='word_1_73' title='bbox 1150 779 1278 833; x_wconf 86' lang='lat' dir='ltr'><strong>absit</strong></span> <span class='ocrx_word' id='word_1_74' title='bbox 1305 778 1521 850; x_wconf 87' lang='lat' dir='ltr'><strong>gloriari</strong></span> <span class='ocrx_word' id='word_1_75' title='bbox 1542 823 1557 845; x_wconf 89' lang='lat'><strong>,</strong></span> <span class='ocrx_word' id='word_1_76' title='bbox 1586 780 1683 834; x_wconf 88' lang='lat' dir='ltr'><strong>nisi</strong></span> <span class='ocrx_word' id='word_1_77' title='bbox 1703 782 1755 835; x_wconf 90' lang='lat' dir='ltr'><strong>in</strong></span> <span class='ocrx_word' id='word_1_78' title='bbox 1774 797 1918 836; x_wconf 84' lang='lat' dir='ltr'><strong>cruce</strong></span> <span class='ocrx_word' id='word_1_79' title='bbox 1946 780 2055 837; x_wconf 89' lang='lat' dir='ltr'><strong>Do-</strong></span> 
     </span>
    </p>
   </div>
   <div class='ocr_carea' id='block_1_11' title="bbox 464 871 2049 943">
    <p class='ocr_par' dir='ltr' id='par_1_11' title="bbox 464 871 2049 943">
     <span class='ocr_line' id='line_1_11' title="bbox 464 871 2049 943; baseline 0.003 -19"><span class='ocrx_word' id='word_1_80' title='bbox 464 874 591 926; x_wconf 83' lang='lat' dir='ltr'><strong>mini</strong></span> <span class='ocrx_word' id='word_1_81' title='bbox 617 873 775 926; x_wconf 90' lang='lat' dir='ltr'><strong>nostri</strong></span> <span class='ocrx_word' id='word_1_82' title='bbox 801 871 837 925; x_wconf 83' lang='lat' dir='ltr'><strong><em>J</em></strong></span> <span class='ocrx_word' id='word_1_83' title='bbox 841 888 929 926; x_wconf 88' lang='lat' dir='ltr'><strong>esu</strong></span> <span class='ocrx_word' id='word_1_84' title='bbox 953 871 1137 926; x_wconf 79' lang='lat' dir='ltr'><strong>Christi</strong></span> <span class='ocrx_word' id='word_1_85' title='bbox 1162 912 1176 937; x_wconf 90' lang='lat'><strong>,</strong></span> <span class='ocrx_word' id='word_1_86' title='bbox 1205 888 1292 941; x_wconf 90' lang='lat' dir='ltr'><strong>per</strong></span> <span class='ocrx_word' id='word_1_87' title='bbox 1318 889 1463 943; x_wconf 86' lang='lat' dir='ltr'><strong>quem</strong></span> <span class='ocrx_word' id='word_1_88' title='bbox 1490 873 1613 926; x_wconf 86' lang='lat' dir='ltr'><strong>mihi</strong></span> <span class='ocrx_word' id='word_1_89' title='bbox 1639 874 1858 929; x_wconf 87' lang='lat' dir='ltr'><strong>mundus</strong></span> <span class='ocrx_word' id='word_1_90' title='bbox 1883 876 2049 929; x_wconf 83' lang='lat' dir='ltr'><strong>cruci-</strong></span> 
     </span>
    </p>
   </div>
   <div class='ocr_carea' id='block_1_12' title="bbox 463 960 2049 1035">
    <p class='ocr_par' dir='ltr' id='par_1_12' title="bbox 463 960 2049 1035">
     <span class='ocr_line' id='line_1_12' title="bbox 463 960 2049 1035; baseline 0.004 -20"><span class='ocrx_word' id='word_1_91' title='bbox 463 964 599 1031; x_wconf 74' lang='lat' dir='ltr'><strong>fixus</strong></span> <span class='ocrx_word' id='word_1_92' title='bbox 628 971 740 1027; x_wconf 87' lang='lat' dir='ltr'><strong>est,</strong></span> <span class='ocrx_word' id='word_1_93' title='bbox 772 971 819 1016; x_wconf 86' lang='lat' dir='ltr'><strong>et</strong></span> <span class='ocrx_word' id='word_1_94' title='bbox 842 979 934 1033; x_wconf 85' lang='lat' dir='ltr'><strong>ego</strong></span> <span class='ocrx_word' id='word_1_95' title='bbox 981 960 1382 1033; x_wconf 85' lang='lat' dir='ltr'><strong>mundo(Galat.</strong></span> <span class='ocrx_word' id='word_1_96' title='bbox 1428 978 1514 1030; x_wconf 72' lang='grc' dir='ltr'><strong>γι,</strong></span> <span class='ocrx_word' id='word_1_97' title='bbox 1558 964 1670 1035; x_wconf 73' lang='grc'><strong>14).</strong></span> <span class='ocrx_word' id='word_1_98' title='bbox 1695 964 1926 1021; x_wconf 84' lang='lat' dir='ltr'><strong>Proinde</strong></span> <span class='ocrx_word' id='word_1_99' title='bbox 1968 974 2049 1022; x_wconf 84' lang='lat' dir='ltr'><strong>at-</strong></span> 
     </span>
    </p>
   </div>
   <div class='ocr_carea' id='block_1_13' title="bbox 461 1052 2048 1128">
    <p class='ocr_par' dir='ltr' id='par_1_13' title="bbox 461 1052 2048 1128">
     <span class='ocr_line' id='line_1_13' title="bbox 461 1052 2048 1128; baseline 0.003 -21"><span class='ocrx_word' id='word_1_100' title='bbox 461 1054 721 1118; x_wconf 82' lang='lat' dir='ltr'><strong>tendant,</strong></span> <span class='ocrx_word' id='word_1_101' title='bbox 754 1063 810 1108; x_wconf 90' lang='lat' dir='ltr'><strong>et</strong></span> <span class='ocrx_word' id='word_1_102' title='bbox 845 1053 1060 1108; x_wconf 90' lang='lat' dir='ltr'><strong>videant</strong></span> <span class='ocrx_word' id='word_1_103' title='bbox 1101 1052 1550 1122; x_wconf 86' lang='lat' dir='ltr'><strong>quemadmodum</strong></span> <span class='ocrx_word' id='word_1_104' title='bbox 1591 1054 1847 1111; x_wconf 88' lang='lat' dir='ltr'><strong>doceatur</strong></span> <span class='ocrx_word' id='word_1_105' title='bbox 1888 1066 2048 1128; x_wconf 90' lang='lat' dir='ltr'><strong>atque</strong></span> 
     </span>
    </p>
   </div>
   <div class='ocr_carea' id='block_1_14' title="bbox 2162 694 3729 783">
    <p class='ocr_par' dir='ltr' id='par_1_14' title="bbox 2162 694 3729 783">
     <span class='ocr_line' id='line_1_14' title="bbox 2162 694 3729 783; baseline 0.027 -41"><span class='ocrx_word' id='word_1_106' title='bbox 2162 703 2259 758; x_wconf 92' lang='lat' dir='ltr'><strong>per</strong></span> <span class='ocrx_word' id='word_1_107' title='bbox 2284 707 2429 748; x_wconf 83' lang='lat' dir='ltr'><strong>mare</strong></span> <span class='ocrx_word' id='word_1_108' title='bbox 2452 694 2688 752; x_wconf 82' lang='lat' dir='ltr'><strong>Rubrum</strong></span> <span class='ocrx_word' id='word_1_109' title='bbox 2717 700 2858 757; x_wconf 86' lang='lat' dir='ltr'><strong>Deus</strong></span> <span class='ocrx_word' id='word_1_110' title='bbox 2878 705 2945 760; x_wconf 90' lang='lat' dir='ltr'><strong>ab</strong></span> <span class='ocrx_word' id='word_1_111' title='bbox 2968 707 3236 782; x_wconf 67' lang='lat' dir='ltr'><strong>IEgyptiis</strong></span> <span class='ocrx_word' id='word_1_112' title='bbox 3281 694 3541 776; x_wconf 76' lang='lat' dir='ltr'><strong>liberavit.</strong></span> <span class='ocrx_word' id='word_1_113' title='bbox 3565 694 3729 783; x_wconf 50' lang='lat' dir='ltr'><strong>Si&#39;au;</strong></span> 
     </span>
    </p>
   </div>
   <div class='ocr_carea' id='block_1_15' title="bbox 2161 787 3731 879">
    <p class='ocr_par' dir='ltr' id='par_1_15' title="bbox 2161 787 3731 879">
     <span class='ocr_line' id='line_1_15' title="bbox 2161 787 3731 879; baseline 0.026 -45"><span class='ocrx_word' id='word_1_114' title='bbox 2161 788 2267 836; x_wconf 90' lang='lat' dir='ltr'><strong>tem</strong></span> <span class='ocrx_word' id='word_1_115' title='bbox 2318 796 2465 841; x_wconf 91' lang='lat' dir='ltr'><strong>recte</strong></span> <span class='ocrx_word' id='word_1_116' title='bbox 2505 787 2808 862; x_wconf 90' lang='lat' dir='ltr'><strong>intelligunt</strong></span> <span class='ocrx_word' id='word_1_117' title='bbox 2850 795 2954 853; x_wconf 89' lang='lat' dir='ltr'><strong>hoc</strong></span> <span class='ocrx_word' id='word_1_118' title='bbox 2994 801 3281 870; x_wconf 84' lang='lat' dir='ltr'><strong>signiﬁcari</strong></span> <span class='ocrx_word' id='word_1_119' title='bbox 3324 816 3731 879; x_wconf 48' lang='lat' dir='ltr'><strong>pra‘cedentibus</strong></span> 
     </span>
    </p>
   </div>
   <div class='ocr_carea' id='block_1_16' title="bbox 2158 876 3731 983">
    <p class='ocr_par' dir='ltr' id='par_1_16' title="bbox 2158 876 3731 983">
     <span class='ocr_line' id='line_1_16' title="bbox 2158 876 3731 983; baseline 0.026 -58"><span class='ocrx_word' id='word_1_120' title='bbox 2158 876 2427 945; x_wconf 87' lang='lat' dir='ltr'><strong>mysteriis</strong></span> <span class='ocrx_word' id='word_1_121' title='bbox 2445 877 2513 935; x_wconf 91' lang='lat' dir='ltr'><strong>de</strong></span> <span class='ocrx_word' id='word_1_122' title='bbox 2540 884 2800 953; x_wconf 82' lang='lat' dir='ltr'><strong>sanguine</strong></span> <span class='ocrx_word' id='word_1_123' title='bbox 2825 888 2943 945; x_wconf 91' lang='lat' dir='ltr'><strong>ovis</strong></span> <span class='ocrx_word' id='word_1_124' title='bbox 2970 894 3211 960; x_wconf 84' lang='lat' dir='ltr'><strong>postibus</strong></span> <span class='ocrx_word' id='word_1_125' title='bbox 3238 876 3370 955; x_wconf 75' lang='lat' dir='ltr'><strong>illito</strong></span> <span class='ocrx_word' id='word_1_126' title='bbox 3396 945 3411 970; x_wconf 92' lang='lat'><strong>,</strong></span> <span class='ocrx_word' id='word_1_127' title='bbox 3436 913 3489 959; x_wconf 91' lang='lat' dir='ltr'><strong>et</strong></span> <span class='ocrx_word' id='word_1_128' title='bbox 3517 906 3583 962; x_wconf 88' lang='lat' dir='ltr'><strong>de</strong></span> <span class='ocrx_word' id='word_1_129' title='bbox 3613 876 3731 983; x_wconf 49' lang='lat' dir='ltr'><strong>azy;</strong></span> 
     </span>
    </p>
   </div>
   <div class='ocr_carea' id='block_1_17' title="bbox 2157 966 3728 1067">
    <p class='ocr_par' dir='ltr' id='par_1_17' title="bbox 2157 966 3728 1067">
     <span class='ocr_line' id='line_1_17' title="bbox 2157 966 3728 1067; baseline 0.027 -49"><span class='ocrx_word' id='word_1_130' title='bbox 2157 966 2259 1021; x_wconf 89' lang='lat' dir='ltr'><strong>mis</strong></span> <span class='ocrx_word' id='word_1_131' title='bbox 2288 968 2612 1029; x_wconf 90' lang='lat' dir='ltr'><strong>sinceritatis</strong></span> <span class='ocrx_word' id='word_1_132' title='bbox 2638 985 2694 1031; x_wconf 89' lang='lat' dir='ltr'><strong>et</strong></span> <span class='ocrx_word' id='word_1_133' title='bbox 2732 981 2972 1038; x_wconf 84' lang='lat' dir='ltr'><strong>veritatis</strong></span> <span class='ocrx_word' id='word_1_134' title='bbox 2993 984 3188 1055; x_wconf 76' lang='lat' dir='ltr'><strong>(Exod.</strong></span> <span class='ocrx_word' id='word_1_135' title='bbox 3212 996 3459 1067; x_wconf 76' lang='lat' dir='ltr'><strong>xu-xrv);</strong></span> <span class='ocrx_word' id='word_1_136' title='bbox 3492 1013 3585 1055; x_wconf 89' lang='lat' dir='ltr'><strong>cur</strong></span> <span class='ocrx_word' id='word_1_137' title='bbox 3632 966 3728 1060; x_wconf 75' lang='lat' dir='ltr'><strong>non</strong></span> 
     </span>
    </p>
   </div>
   <div class='ocr_carea' id='block_1_18' title="bbox 2159 1061 3731 1168">
    <p class='ocr_par' dir='ltr' id='par_1_18' title="bbox 2159 1061 3731 1168">
     <span class='ocr_line' id='line_1_18' title="bbox 2159 1061 3731 1168; baseline 0.023 -53"><span class='ocrx_word' id='word_1_138' title='bbox 2159 1061 2318 1115; x_wconf 88' lang='lat' dir='ltr'><strong>etiam</strong></span> <span class='ocrx_word' id='word_1_139' title='bbox 2348 1063 2478 1119; x_wconf 92' lang='lat' dir='ltr'><strong>illud</strong></span> <span class='ocrx_word' id='word_1_140' title='bbox 2500 1082 2892 1141; x_wconf 88' lang='lat' dir='ltr'><strong>consequenter</strong></span> <span class='ocrx_word' id='word_1_141' title='bbox 2929 1077 3259 1152; x_wconf 86' lang='lat' dir='ltr'><strong>intelligunt,</strong></span> <span class='ocrx_word' id='word_1_142' title='bbox 3290 1061 3461 1157; x_wconf 78' lang='lat' dir='ltr'><strong>ipsam</strong></span> <span class='ocrx_word' id='word_1_143' title='bbox 3492 1092 3560 1147; x_wconf 88' lang='lat' dir='ltr'><strong>ab</strong></span> <span class='ocrx_word' id='word_1_144' title='bbox 3578 1094 3731 1168; x_wconf 65' lang='lat' dir='ltr'><strong>Egy-</strong></span> 
     </span>
    </p>
   </div>
   <div class='ocr_carea' id='block_1_19' title="bbox 459 1144 3729 1255">
    <p class='ocr_par' dir='ltr' id='par_1_19' title="bbox 459 1144 3729 1255">
     <span class='ocr_line' id='line_1_19' title="bbox 3098 1144 3699 1168; baseline -0.007 4"><span class='ocrx_word' id='word_1_145' title='bbox 3098 1144 3123 1152; x_wconf 80' lang='lat'>&#39;</span> <span class='ocrx_word' id='word_1_146' title='bbox 3247 1144 3257 1151; x_wconf 89' lang='lat'><em>&#39;</em></span> <span class='ocrx_word' id='word_1_147' title='bbox 3312 1144 3325 1157; x_wconf 86' lang='lat'><strong>&#39;</strong></span> <span class='ocrx_word' id='word_1_148' title='bbox 3500 1144 3552 1147; x_wconf 63' lang='lat'><strong>&quot;&quot;</strong></span> <span class='ocrx_word' id='word_1_149' title='bbox 3578 1144 3699 1168; x_wconf 72' lang='lat' dir='ltr'><strong>&#39;—us</strong></span> 
     </span>
     <span class='ocr_line' id='line_1_20' title="bbox 459 1144 3729 1255; baseline 0.013 -54"><span class='ocrx_word' id='word_1_150' title='bbox 459 1146 698 1201; x_wconf 90' lang='lat' dir='ltr'><strong>discatur</strong></span> <span class='ocrx_word' id='word_1_151' title='bbox 726 1145 967 1200; x_wconf 89' lang='lat' dir='ltr'><strong>Christus</strong></span> <span class='ocrx_word' id='word_1_152' title='bbox 992 1144 1306 1213; x_wconf 80' lang='lat' dir='ltr'><strong>crucifixus,</strong></span> <span class='ocrx_word' id='word_1_153' title='bbox 1332 1155 1387 1200; x_wconf 92' lang='lat' dir='ltr'><strong>et</strong></span> <span class='ocrx_word' id='word_1_154' title='bbox 1439 1147 1505 1201; x_wconf 91' lang='lat' dir='ltr'><strong>ad</strong></span> <span class='ocrx_word' id='word_1_155' title='bbox 1532 1147 1649 1218; x_wconf 90' lang='lat' dir='ltr'><strong>ejus</strong></span> <span class='ocrx_word' id='word_1_156' title='bbox 1694 1164 1910 1205; x_wconf 91' lang='lat' dir='ltr'><strong>crucem</strong></span> <span class='ocrx_word' id='word_1_157' title='bbox 1948 1165 2047 1206; x_wconf 81' lang='lat' dir='ltr'><strong>no-</strong></span> <span class='ocrx_word' id='word_1_158' title='bbox 2156 1151 2281 1220; x_wconf 91' lang='lat' dir='ltr'><strong>ptiis</strong></span> <span class='ocrx_word' id='word_1_159' title='bbox 2298 1157 2689 1224; x_wconf 88' lang='lat' dir='ltr'><strong>separationem</strong></span> <span class='ocrx_word' id='word_1_160' title='bbox 2706 1163 3007 1233; x_wconf 79' lang='lat' dir='ltr'><strong>significare</strong></span> <span class='ocrx_word' id='word_1_161' title='bbox 3025 1170 3409 1234; x_wconf 89' lang='lat' dir='ltr'><strong>discessionem</strong></span> <span class='ocrx_word' id='word_1_162' title='bbox 3436 1197 3467 1236; x_wconf 93' lang='lat' dir='ltr'><strong>a</strong></span> <span class='ocrx_word' id='word_1_163' title='bbox 3488 1191 3729 1255; x_wconf 79' lang='lat' dir='ltr'><strong>peccatis,</strong></span> 
     </span>
     <span class='ocr_line' id='line_1_21' title="bbox 559 1235 2645 1255; baseline 0 0"><span class='ocrx_word' id='word_1_164' title='bbox 559 1237 569 1248; x_wconf 81' lang='grc'><strong><em>⁸</em></strong></span> <span class='ocrx_word' id='word_1_165' title='bbox 615 1244 632 1255; x_wconf 70' lang='grc' dir='ltr'><strong><em>Α</em></strong></span> <span class='ocrx_word' id='word_1_166' title='bbox 666 1236 924 1255; x_wconf 39' lang='grc' dir='ltr'><strong>-Α-η.3η-..-</strong></span> <span class='ocrx_word' id='word_1_167' title='bbox 964 1235 1094 1255; x_wconf 44' lang='lat' dir='ltr'><strong>___-.I</strong></span> <span class='ocrx_word' id='word_1_168' title='bbox 1126 1236 1271 1255; x_wconf 66' lang='lat'><strong>_‘!_,_</strong></span> <span class='ocrx_word' id='word_1_169' title='bbox 1314 1252 1403 1255; x_wconf 39' lang='lat' dir='ltr'><strong>WA-</strong></span> <span class='ocrx_word' id='word_1_170' title='bbox 1435 1238 1475 1255; x_wconf 38' lang='grc' dir='ltr'><strong>εν</strong></span> <span class='ocrx_word' id='word_1_171' title='bbox 1528 1238 1562 1255; x_wconf 24' lang='grc' dir='ltr'><strong>ξ’</strong></span> <span class='ocrx_word' id='word_1_172' title='bbox 1684 1254 1687 1255; x_wconf 66' lang='lat'>,</span> <span class='ocrx_word' id='word_1_173' title='bbox 2351 1248 2363 1255; x_wconf 88' lang='lat'>.</span> <span class='ocrx_word' id='word_1_174' title='bbox 2480 1251 2490 1255; x_wconf 88' lang='lat'><em>_</em></span> <span class='ocrx_word' id='word_1_175' title='bbox 2616 1252 2645 1255; x_wconf 66' lang='lat'><strong><em>__</em></strong></span> 
     </span>
    </p>
   </div>
   <div class='ocr_carea' id='block_1_20' title="bbox 456 1235 2043 1310">
    <p class='ocr_par' dir='ltr' id='par_1_20' title="bbox 456 1235 2043 1310">
     <span class='ocr_line' id='line_1_22' title="bbox 456 1235 2043 1310; baseline 0.004 -21"><span class='ocrx_word' id='word_1_176' title='bbox 456 1237 636 1293; x_wconf 70' lang='lat' dir='ltr'><strong>verint</strong></span> <span class='ocrx_word' id='word_1_177' title='bbox 665 1236 929 1305; x_wconf 70' lang='lat' dir='ltr'><strong>pertinuere</strong></span> <span class='ocrx_word' id='word_1_178' title='bbox 955 1235 1097 1306; x_wconf 91' lang='lat' dir='ltr'><strong>quod</strong></span> <span class='ocrx_word' id='word_1_179' title='bbox 1119 1236 1278 1291; x_wconf 91' lang='lat' dir='ltr'><strong>etiam</strong></span> <span class='ocrx_word' id='word_1_180' title='bbox 1310 1252 1408 1291; x_wconf 90' lang='lat' dir='ltr'><strong>nos</strong></span> <span class='ocrx_word' id='word_1_181' title='bbox 1435 1238 1487 1292; x_wconf 90' lang='lat' dir='ltr'><strong>in</strong></span> <span class='ocrx_word' id='word_1_182' title='bbox 1516 1238 1635 1307; x_wconf 84' lang='lat' dir='ltr'><strong>ejus</strong></span> <span class='ocrx_word' id='word_1_183' title='bbox 1667 1254 1893 1310; x_wconf 91' lang='lat' dir='ltr'><strong>corpore</strong></span> <span class='ocrx_word' id='word_1_184' title='bbox 1920 1256 2043 1297; x_wconf 88' lang='lat' dir='ltr'><strong>cru-</strong></span> 
     </span>
    </p>
   </div>
   <div class='ocr_carea' id='block_1_21' title="bbox 455 1326 2045 1398">
    <p class='ocr_par' dir='ltr' id='par_1_21' title="bbox 455 1326 2045 1398">
     <span class='ocr_line' id='line_1_23' title="bbox 455 1326 2045 1398; baseline 0.003 -16"><span class='ocrx_word' id='word_1_185' title='bbox 455 1328 721 1398; x_wconf 82' lang='lat' dir='ltr'><strong>cifigimur</strong></span> <span class='ocrx_word' id='word_1_186' title='bbox 740 1326 973 1393; x_wconf 89' lang='lat' dir='ltr'><strong>mundo;</strong></span> <span class='ocrx_word' id='word_1_187' title='bbox 1003 1326 1089 1381; x_wconf 91' lang='lat' dir='ltr'><strong>ubi</strong></span> <span class='ocrx_word' id='word_1_188' title='bbox 1117 1327 1429 1398; x_wconf 80' lang='lat' dir='ltr'><strong>intelligitur</strong></span> <span class='ocrx_word' id='word_1_189' title='bbox 1449 1330 1625 1384; x_wconf 89' lang='lat' dir='ltr'><strong>omnis</strong></span> <span class='ocrx_word' id='word_1_190' title='bbox 1652 1332 1908 1387; x_wconf 88' lang='lat' dir='ltr'><strong>coercitio</strong></span> <span class='ocrx_word' id='word_1_191' title='bbox 1936 1348 2045 1387; x_wconf 87' lang='lat' dir='ltr'><strong>ma-</strong></span> 
     </span>
    </p>
   </div>
   <div class='ocr_carea' id='block_1_22' title="bbox 446 1410 2043 1492">
    <p class='ocr_par' dir='ltr' id='par_1_22' title="bbox 446 1410 2043 1492">
     <span class='ocr_line' id='line_1_24' title="bbox 446 1410 2043 1492; baseline 0.003 -18"><span class='ocrx_word' id='word_1_192' title='bbox 446 1410 625 1474; x_wconf 79' lang='lat' dir='ltr'><strong>larum</strong></span> <span class='ocrx_word' id='word_1_193' title='bbox 651 1418 1200 1489; x_wconf 89' lang='lat' dir='ltr'><strong>concupiscentiarum</strong></span> <span class='ocrx_word' id='word_1_194' title='bbox 1235 1434 1248 1472; x_wconf 94' lang='lat'>:</span> <span class='ocrx_word' id='word_1_195' title='bbox 1278 1434 1341 1473; x_wconf 92' lang='lat' dir='ltr'><strong>ac</strong></span> <span class='ocrx_word' id='word_1_196' title='bbox 1363 1435 1458 1489; x_wconf 91' lang='lat' dir='ltr'><strong>per</strong></span> <span class='ocrx_word' id='word_1_197' title='bbox 1479 1418 1578 1475; x_wconf 87' lang='lat' dir='ltr'><strong>hoc</strong></span> <span class='ocrx_word' id='word_1_198' title='bbox 1606 1420 1720 1476; x_wconf 91' lang='lat' dir='ltr'><strong>ﬁeri</strong></span> <span class='ocrx_word' id='word_1_199' title='bbox 1737 1438 1842 1476; x_wconf 90' lang='lat' dir='ltr'><strong>non</strong></span> <span class='ocrx_word' id='word_1_200' title='bbox 1868 1432 2043 1492; x_wconf 84' lang='lat' dir='ltr'><strong>potest</strong></span> 
     </span>
    </p>
   </div>
   <div class='ocr_carea' id='block_1_23' title="bbox 451 1507 2039 1581">
    <p class='ocr_par' dir='ltr' id='par_1_23' title="bbox 451 1507 2039 1581">
     <span class='ocr_line' id='line_1_25' title="bbox 451 1507 2039 1581; baseline 0.005 -17"><span class='ocrx_word' id='word_1_201' title='bbox 451 1519 512 1564; x_wconf 90' lang='lat' dir='ltr'><strong>ut</strong></span> <span class='ocrx_word' id='word_1_202' title='bbox 538 1509 617 1565; x_wconf 91' lang='lat' dir='ltr'><strong>eis</strong></span> <span class='ocrx_word' id='word_1_203' title='bbox 635 1510 724 1580; x_wconf 91' lang='lat' dir='ltr'><strong>qui</strong></span> <span class='ocrx_word' id='word_1_204' title='bbox 755 1523 915 1564; x_wconf 84' lang='lat' dir='ltr'><strong>cruce</strong></span> <span class='ocrx_word' id='word_1_205' title='bbox 935 1507 1132 1563; x_wconf 86' lang='lat' dir='ltr'><strong>Christi</strong></span> <span class='ocrx_word' id='word_1_206' title='bbox 1158 1508 1455 1565; x_wconf 78' lang='lat' dir='ltr'><strong>formantur</strong></span> <span class='ocrx_word' id='word_1_207' title='bbox 1475 1512 1494 1541; x_wconf 83' lang='lat'><strong>’</strong></span> <span class='ocrx_word' id='word_1_208' title='bbox 1516 1551 1531 1577; x_wconf 93' lang='lat'><strong>,</strong></span> <span class='ocrx_word' id='word_1_209' title='bbox 1562 1512 1800 1581; x_wconf 84' lang='lat' dir='ltr'><strong>professa</strong></span> <span class='ocrx_word' id='word_1_210' title='bbox 1827 1514 2039 1572; x_wconf 88' lang='lat' dir='ltr'><strong>adulte-</strong></span> 
     </span>
    </p>
   </div>
   <div class='ocr_carea' id='block_1_24' title="bbox 449 1601 2037 1673">
    <p class='ocr_par' dir='ltr' id='par_1_24' title="bbox 449 1601 2037 1673">
     <span class='ocr_line' id='line_1_26' title="bbox 449 1601 2037 1673; baseline 0.005 -17"><span class='ocrx_word' id='word_1_211' title='bbox 449 1602 529 1657; x_wconf 85' lang='lat' dir='ltr'><strong>ria</strong></span> <span class='ocrx_word' id='word_1_212' title='bbox 557 1603 947 1673; x_wconf 88' lang='lat' dir='ltr'><strong>permittantur.</strong></span> <span class='ocrx_word' id='word_1_213' title='bbox 976 1601 1111 1657; x_wconf 86' lang='lat' dir='ltr'><strong>Nam</strong></span> <span class='ocrx_word' id='word_1_214' title='bbox 1138 1611 1192 1657; x_wconf 91' lang='lat' dir='ltr'><strong>et</strong></span> <span class='ocrx_word' id='word_1_215' title='bbox 1212 1603 1486 1673; x_wconf 88' lang='lat' dir='ltr'><strong>apostolus</strong></span> <span class='ocrx_word' id='word_1_216' title='bbox 1513 1604 1706 1659; x_wconf 82' lang='lat' dir='ltr'><strong>Petrus</strong></span> <span class='ocrx_word' id='word_1_217' title='bbox 1747 1606 1815 1661; x_wconf 90' lang='lat' dir='ltr'><strong>de</strong></span> <span class='ocrx_word' id='word_1_218' title='bbox 1855 1622 2037 1664; x_wconf 84' lang='lat' dir='ltr'><strong>sacra-</strong></span> 
     </span>
    </p>
   </div>
   <div class='ocr_carea' id='block_1_25' title="bbox 447 1697 2036 1768">
    <p class='ocr_par' dir='ltr' id='par_1_25' title="bbox 447 1697 2036 1768">
     <span class='ocr_line' id='line_1_27' title="bbox 447 1697 2036 1768; baseline 0.006 -18"><span class='ocrx_word' id='word_1_219' title='bbox 447 1705 632 1752; x_wconf 87' lang='lat' dir='ltr'><strong>mento</strong></span> <span class='ocrx_word' id='word_1_220' title='bbox 662 1697 827 1768; x_wconf 91' lang='lat' dir='ltr'><strong>ipsius</strong></span> <span class='ocrx_word' id='word_1_221' title='bbox 846 1698 1020 1752; x_wconf 89' lang='lat' dir='ltr'><strong>crucis</strong></span> <span class='ocrx_word' id='word_1_222' title='bbox 1041 1739 1056 1763; x_wconf 90' lang='lat'><strong>,</strong></span> <span class='ocrx_word' id='word_1_223' title='bbox 1086 1697 1188 1752; x_wconf 91' lang='lat' dir='ltr'><strong>hoc</strong></span> <span class='ocrx_word' id='word_1_224' title='bbox 1208 1707 1291 1752; x_wconf 89' lang='lat' dir='ltr'><strong>est</strong></span> <span class='ocrx_word' id='word_1_225' title='bbox 1311 1699 1571 1768; x_wconf 88' lang='lat' dir='ltr'><strong>passionis</strong></span> <span class='ocrx_word' id='word_1_226' title='bbox 1594 1700 1788 1756; x_wconf 87' lang='lat' dir='ltr'><strong>Christi</strong></span> <span class='ocrx_word' id='word_1_227' title='bbox 1807 1743 1822 1768; x_wconf 85' lang='lat'><strong>,</strong></span> <span class='ocrx_word' id='word_1_228' title='bbox 1851 1703 2036 1759; x_wconf 85' lang='lat' dir='ltr'><strong>admo-</strong></span> 
     </span>
    </p>
   </div>
   <div class='ocr_carea' id='block_1_26' title="bbox 446 1789 2035 1861">
    <p class='ocr_par' dir='ltr' id='par_1_26' title="bbox 446 1789 2035 1861">
     <span class='ocr_line' id='line_1_28' title="bbox 446 1789 2035 1861; baseline 0.006 -18"><span class='ocrx_word' id='word_1_229' title='bbox 446 1801 571 1852; x_wconf 86' lang='lat' dir='ltr'><strong>net,</strong></span> <span class='ocrx_word' id='word_1_230' title='bbox 602 1797 660 1843; x_wconf 93' lang='lat' dir='ltr'><strong>ut</strong></span> <span class='ocrx_word' id='word_1_231' title='bbox 699 1789 787 1860; x_wconf 90' lang='lat' dir='ltr'><strong>qui</strong></span> <span class='ocrx_word' id='word_1_232' title='bbox 813 1804 876 1842; x_wconf 92' lang='lat' dir='ltr'><strong>ea</strong></span> <span class='ocrx_word' id='word_1_233' title='bbox 923 1800 1304 1844; x_wconf 87' lang='lat' dir='ltr'><strong>consecrantur</strong></span> <span class='ocrx_word' id='word_1_234' title='bbox 1354 1806 1577 1860; x_wconf 89' lang='lat' dir='ltr'><strong>peccare</strong></span> <span class='ocrx_word' id='word_1_235' title='bbox 1628 1792 1914 1861; x_wconf 86' lang='lat' dir='ltr'><strong>desinant,</strong></span> <span class='ocrx_word' id='word_1_236' title='bbox 1962 1796 2035 1853; x_wconf 88' lang='lat' dir='ltr'><strong>ita</strong></span> 
     </span>
    </p>
   </div>
   <div class='ocr_carea' id='block_1_27' title="bbox 444 1879 2036 1952">
    <p class='ocr_par' dir='ltr' id='par_1_27' title="bbox 444 1879 2036 1952">
     <span class='ocr_line' id='line_1_29' title="bbox 444 1879 2036 1952; baseline 0.006 -17"><span class='ocrx_word' id='word_1_237' title='bbox 444 1881 670 1951; x_wconf 90' lang='lat' dir='ltr'><strong>loquens</strong></span> <span class='ocrx_word' id='word_1_238' title='bbox 703 1898 716 1932; x_wconf 90' lang='lat'>:</span> <span class='ocrx_word' id='word_1_239' title='bbox 746 1879 948 1934; x_wconf 84' lang='lat' dir='ltr'><strong>Christo</strong></span> <span class='ocrx_word' id='word_1_240' title='bbox 993 1897 1110 1952; x_wconf 86' lang='lat' dir='ltr'><strong>ergo</strong></span> <span class='ocrx_word' id='word_1_241' title='bbox 1149 1898 1298 1951; x_wconf 86' lang='lat' dir='ltr'><strong>passo</strong></span> <span class='ocrx_word' id='word_1_242' title='bbox 1326 1882 1379 1936; x_wconf 88' lang='lat' dir='ltr'><strong>in</strong></span> <span class='ocrx_word' id='word_1_243' title='bbox 1427 1900 1579 1937; x_wconf 88' lang='lat' dir='ltr'><strong>carne</strong></span> <span class='ocrx_word' id='word_1_244' title='bbox 1602 1925 1618 1952; x_wconf 92' lang='lat'><strong>,</strong></span> <span class='ocrx_word' id='word_1_245' title='bbox 1652 1896 1700 1940; x_wconf 89' lang='lat' dir='ltr'><strong>et</strong></span> <span class='ocrx_word' id='word_1_246' title='bbox 1750 1902 1835 1942; x_wconf 86' lang='lat' dir='ltr'><strong>vos</strong></span> <span class='ocrx_word' id='word_1_247' title='bbox 1861 1889 2036 1946; x_wconf 86' lang='lat' dir='ltr'><strong>eadem</strong></span> 
     </span>
    </p>
   </div>
   <div class='ocr_carea' id='block_1_28' title="bbox 445 1971 2031 2047">
    <p class='ocr_par' dir='ltr' id='par_1_28' title="bbox 445 1971 2031 2047">
     <span class='ocr_line' id='line_1_30' title="bbox 445 1971 2031 2047; baseline 0.007 -23"><span class='ocrx_word' id='word_1_248' title='bbox 445 1971 748 2042; x_wconf 84' lang='lat' dir='ltr'><strong>cogitatione</strong></span> <span class='ocrx_word' id='word_1_249' title='bbox 766 1971 1066 2036; x_wconf 83' lang='lat' dir='ltr'><strong>armamini;</strong></span> <span class='ocrx_word' id='word_1_250' title='bbox 1099 1972 1218 2038; x_wconf 87' lang='lat' dir='ltr'><strong>quia</strong></span> <span class='ocrx_word' id='word_1_251' title='bbox 1240 1972 1329 2041; x_wconf 83' lang='lat' dir='ltr'><strong>qui</strong></span> <span class='ocrx_word' id='word_1_252' title='bbox 1352 1984 1577 2029; x_wconf 87' lang='lat' dir='ltr'><strong>mortuus</strong></span> <span class='ocrx_word' id='word_1_253' title='bbox 1603 1985 1675 2029; x_wconf 90' lang='lat' dir='ltr'><strong>est</strong></span> <span class='ocrx_word' id='word_1_254' title='bbox 1700 1994 1852 2034; x_wconf 89' lang='lat' dir='ltr'><strong>carne</strong></span> <span class='ocrx_word' id='word_1_255' title='bbox 1876 2021 1892 2047; x_wconf 93' lang='lat'><strong>,</strong></span> <span class='ocrx_word' id='word_1_256' title='bbox 1939 1982 2031 2036; x_wconf 86' lang='lat' dir='ltr'><strong>de-</strong></span> 
     </span>
    </p>
   </div>
   <div class='ocr_carea' id='block_1_29' title="bbox 444 2060 2029 2134">
    <p class='ocr_par' dir='ltr' id='par_1_29' title="bbox 444 2060 2029 2134">
     <span class='ocr_line' id='line_1_31' title="bbox 444 2060 2029 2134; baseline 0.007 -19"><span class='ocrx_word' id='word_1_257' title='bbox 444 2060 530 2115; x_wconf 89' lang='lat' dir='ltr'><strong>siit</strong></span> <span class='ocrx_word' id='word_1_258' title='bbox 554 2076 757 2131; x_wconf 85' lang='lat' dir='ltr'><strong>peccare</strong></span> <span class='ocrx_word' id='word_1_259' title='bbox 775 2102 791 2129; x_wconf 87' lang='lat'><strong>,</strong></span> <span class='ocrx_word' id='word_1_260' title='bbox 837 2070 892 2114; x_wconf 88' lang='lat' dir='ltr'><strong>ut</strong></span> <span class='ocrx_word' id='word_1_261' title='bbox 908 2061 1022 2131; x_wconf 89' lang='lat' dir='ltr'><strong>jam</strong></span> <span class='ocrx_word' id='word_1_262' title='bbox 1049 2077 1151 2116; x_wconf 87' lang='lat' dir='ltr'><strong>non</strong></span> <span class='ocrx_word' id='word_1_263' title='bbox 1189 2062 1448 2118; x_wconf 84' lang='lat' dir='ltr'><strong>hominum</strong></span> <span class='ocrx_word' id='word_1_264' title='bbox 1494 2066 1755 2123; x_wconf 83' lang='lat' dir='ltr'><strong>desideriis</strong></span> <span class='ocrx_word' id='word_1_265' title='bbox 1776 2109 1791 2134; x_wconf 94' lang='lat'><strong>,</strong></span> <span class='ocrx_word' id='word_1_266' title='bbox 1821 2070 1911 2125; x_wconf 88' lang='lat' dir='ltr'><strong>sed</strong></span> <span class='ocrx_word' id='word_1_267' title='bbox 1938 2087 2029 2126; x_wconf 79' lang='lat' dir='ltr'><strong>vo-</strong></span> 
     </span>
    </p>
   </div>
   <div class='ocr_carea' id='block_1_30' title="bbox 442 2152 2026 2234">
    <p class='ocr_par' dir='ltr' id='par_1_30' title="bbox 442 2152 2026 2234">
     <span class='ocr_line' id='line_1_32' title="bbox 442 2152 2026 2234; baseline 0.008 -27"><span class='ocrx_word' id='word_1_268' title='bbox 442 2154 639 2208; x_wconf 85' lang='lat' dir='ltr'><strong>luntate</strong></span> <span class='ocrx_word' id='word_1_269' title='bbox 663 2152 873 2208; x_wconf 85' lang='lat' dir='ltr'><strong>Domini</strong></span> <span class='ocrx_word' id='word_1_270' title='bbox 892 2153 992 2209; x_wconf 89' lang='lat' dir='ltr'><strong>Dei</strong></span> <span class='ocrx_word' id='word_1_271' title='bbox 1013 2154 1262 2225; x_wconf 86' lang='lat' dir='ltr'><strong>reliquum</strong></span> <span class='ocrx_word' id='word_1_272' title='bbox 1290 2155 1342 2210; x_wconf 88' lang='lat' dir='ltr'><strong>in</strong></span> <span class='ocrx_word' id='word_1_273' title='bbox 1370 2172 1522 2212; x_wconf 91' lang='lat' dir='ltr'><strong>carne</strong></span> <span class='ocrx_word' id='word_1_274' title='bbox 1544 2159 1674 2213; x_wconf 81' lang='lat' dir='ltr'><strong>vivat</strong></span> <span class='ocrx_word' id='word_1_275' title='bbox 1708 2160 1749 2231; x_wconf 94' lang='lat' dir='ltr'><strong>(l</strong></span> <span class='ocrx_word' id='word_1_276' title='bbox 1779 2160 1923 2217; x_wconf 90' lang='lat' dir='ltr'><strong>Petr.</strong></span> <span class='ocrx_word' id='word_1_277' title='bbox 1954 2180 2026 2234; x_wconf 86' lang='lat' dir='ltr'><strong>tv,</strong></span> 
     </span>
    </p>
   </div>
   <div class='ocr_carea' id='block_1_31' title="bbox 443 2243 2028 2324">
    <p class='ocr_par' dir='ltr' id='par_1_31' title="bbox 443 2243 2028 2324">
     <span class='ocr_line' id='line_1_33' title="bbox 443 2243 2028 2324; baseline 0.008 -23"><span class='ocrx_word' id='word_1_278' title='bbox 443 2247 472 2301; x_wconf 73' lang='grc'><strong>1</strong></span> <span class='ocrx_word' id='word_1_279' title='bbox 503 2287 518 2312; x_wconf 89' lang='grc'>,</span> <span class='ocrx_word' id='word_1_280' title='bbox 547 2243 604 2318; x_wconf 76' lang='grc'>2)</span> <span class='ocrx_word' id='word_1_281' title='bbox 627 2263 641 2310; x_wconf 89' lang='grc'><strong>;</strong></span> <span class='ocrx_word' id='word_1_282' title='bbox 668 2254 721 2300; x_wconf 90' lang='lat' dir='ltr'><strong>et</strong></span> <span class='ocrx_word' id='word_1_283' title='bbox 740 2255 933 2301; x_wconf 75' lang='lat' dir='ltr'><strong>cietera</strong></span> <span class='ocrx_word' id='word_1_284' title='bbox 952 2287 968 2314; x_wconf 90' lang='lat'><strong>,</strong></span> <span class='ocrx_word' id='word_1_285' title='bbox 998 2246 1190 2316; x_wconf 90' lang='lat' dir='ltr'><strong>quibus</strong></span> <span class='ocrx_word' id='word_1_286' title='bbox 1217 2258 1605 2319; x_wconf 88' lang='lat' dir='ltr'><strong>consequenter</strong></span> <span class='ocrx_word' id='word_1_287' title='bbox 1627 2254 1881 2324; x_wconf 88' lang='lat' dir='ltr'><strong>ostendit,</strong></span> <span class='ocrx_word' id='word_1_288' title='bbox 1906 2272 2028 2314; x_wconf 91' lang='lat' dir='ltr'><strong>eum</strong></span> 
     </span>
    </p>
   </div>
   <div class='ocr_carea' id='block_1_32' title="bbox 438 2336 2029 2417">
    <p class='ocr_par' dir='ltr' id='par_1_32' title="bbox 438 2336 2029 2417">
     <span class='ocr_line' id='line_1_34' title="bbox 438 2336 2029 2417; baseline 0.009 -26"><span class='ocrx_word' id='word_1_289' title='bbox 438 2338 712 2408; x_wconf 89' lang='lat' dir='ltr'><strong>pertinere</strong></span> <span class='ocrx_word' id='word_1_290' title='bbox 734 2337 801 2392; x_wconf 92' lang='lat' dir='ltr'><strong>ad</strong></span> <span class='ocrx_word' id='word_1_291' title='bbox 831 2336 1101 2393; x_wconf 87' lang='lat' dir='ltr'><strong>Christum</strong></span> <span class='ocrx_word' id='word_1_292' title='bbox 1127 2338 1470 2407; x_wconf 83' lang='lat' dir='ltr'><strong>cruciﬁxum,</strong></span> <span class='ocrx_word' id='word_1_293' title='bbox 1505 2341 1606 2398; x_wconf 93' lang='lat' dir='ltr'><strong>hoc</strong></span> <span class='ocrx_word' id='word_1_294' title='bbox 1631 2355 1741 2412; x_wconf 89' lang='lat' dir='ltr'><strong>est,</strong></span> <span class='ocrx_word' id='word_1_295' title='bbox 1791 2362 1887 2417; x_wconf 91' lang='lat' dir='ltr'><strong>per</strong></span> <span class='ocrx_word' id='word_1_296' title='bbox 1910 2363 2029 2404; x_wconf 89' lang='lat' dir='ltr'><strong>ear-</strong></span> 
     </span>
    </p>
   </div>
   <div class='ocr_carea' id='block_1_33' title="bbox 437 2428 2027 2501">
    <p class='ocr_par' dir='ltr' id='par_1_33' title="bbox 437 2428 2027 2501">
     <span class='ocr_line' id='line_1_35' title="bbox 437 2428 2027 2501; baseline 0.009 -18"><span class='ocrx_word' id='word_1_297' title='bbox 437 2443 563 2484; x_wconf 90' lang='lat' dir='ltr'><strong>nem</strong></span> <span class='ocrx_word' id='word_1_298' title='bbox 581 2443 818 2500; x_wconf 88' lang='lat' dir='ltr'><strong>passum,</strong></span> <span class='ocrx_word' id='word_1_299' title='bbox 840 2429 932 2500; x_wconf 93' lang='lat' dir='ltr'><strong>qui</strong></span> <span class='ocrx_word' id='word_1_300' title='bbox 953 2428 1005 2484; x_wconf 91' lang='lat' dir='ltr'><strong>in</strong></span> <span class='ocrx_word' id='word_1_301' title='bbox 1022 2430 1139 2500; x_wconf 88' lang='lat' dir='ltr'><strong>ejus</strong></span> <span class='ocrx_word' id='word_1_302' title='bbox 1156 2444 1380 2501; x_wconf 90' lang='lat' dir='ltr'><strong>corpore</strong></span> <span class='ocrx_word' id='word_1_303' title='bbox 1397 2434 1667 2491; x_wconf 83' lang='lat' dir='ltr'><strong>cruciﬁxis</strong></span> <span class='ocrx_word' id='word_1_304' title='bbox 1685 2438 1704 2467; x_wconf 80' lang='grc'><strong><em>³</em></strong></span> <span class='ocrx_word' id='word_1_305' title='bbox 1726 2439 2027 2498; x_wconf 87' lang='lat' dir='ltr'><strong>carnalibus</strong></span> 
     </span>
    </p>
   </div>
   <div class='ocr_carea' id='block_1_34' title="bbox 437 2519 1533 2594">
    <p class='ocr_par' dir='ltr' id='par_1_34' title="bbox 437 2519 1533 2594">
     <span class='ocr_line' id='line_1_36' title="bbox 437 2519 1533 2594; baseline 0.002 -18"><span class='ocrx_word' id='word_1_306' title='bbox 437 2519 718 2577; x_wconf 89' lang='lat' dir='ltr'><strong>desideriis</strong></span> <span class='ocrx_word' id='word_1_307' title='bbox 746 2519 882 2576; x_wconf 91' lang='lat' dir='ltr'><strong>bene</strong></span> <span class='ocrx_word' id='word_1_308' title='bbox 904 2520 1032 2575; x_wconf 89' lang='lat' dir='ltr'><strong>vivit</strong></span> <span class='ocrx_word' id='word_1_309' title='bbox 1049 2535 1145 2592; x_wconf 90' lang='lat' dir='ltr'><strong>per</strong></span> <span class='ocrx_word' id='word_1_310' title='bbox 1166 2521 1533 2594; x_wconf 84' lang='lat' dir='ltr'><strong>Evangelium.</strong></span> 
     </span>
    </p>
   </div>
   <div class='ocr_carea' id='block_1_35' title="bbox 508 2634 2023 2717">
    <p class='ocr_par' dir='ltr' id='par_1_35' title="bbox 508 2634 2023 2717">
     <span class='ocr_line' id='line_1_37' title="bbox 508 2634 2023 2717; baseline 0.008 -25"><span class='ocrx_word' id='word_1_311' title='bbox 508 2636 596 2692; x_wconf 78' lang='grc'><strong>16.</strong></span> <span class='ocrx_word' id='word_1_312' title='bbox 624 2635 761 2704; x_wconf 85' lang='lat' dir='ltr'><strong>Quid</strong></span> <span class='ocrx_word' id='word_1_313' title='bbox 780 2677 796 2705; x_wconf 91' lang='lat'><strong>,</strong></span> <span class='ocrx_word' id='word_1_314' title='bbox 827 2634 969 2707; x_wconf 91' lang='lat' dir='ltr'><strong>quod</strong></span> <span class='ocrx_word' id='word_1_315' title='bbox 984 2636 1144 2693; x_wconf 89' lang='lat' dir='ltr'><strong>etiam</strong></span> <span class='ocrx_word' id='word_1_316' title='bbox 1169 2636 1277 2693; x_wconf 91' lang='lat' dir='ltr'><strong>duo</strong></span> <span class='ocrx_word' id='word_1_317' title='bbox 1303 2637 1393 2693; x_wconf 88' lang='lat' dir='ltr'><strong>illa</strong></span> <span class='ocrx_word' id='word_1_318' title='bbox 1423 2649 1687 2712; x_wconf 73' lang='lat' dir='ltr'><strong>praicepta</strong></span> <span class='ocrx_word' id='word_1_319' title='bbox 1707 2684 1724 2712; x_wconf 94' lang='lat'><strong>,</strong></span> <span class='ocrx_word' id='word_1_320' title='bbox 1751 2643 1806 2699; x_wconf 91' lang='lat' dir='ltr'><strong>in</strong></span> <span class='ocrx_word' id='word_1_321' title='bbox 1831 2646 2023 2717; x_wconf 86' lang='lat' dir='ltr'><strong>quibus</strong></span> 
     </span>
    </p>
   </div>
   <div class='ocr_carea' id='block_1_36' title="bbox 434 2728 2017 2809">
    <p class='ocr_par' dir='ltr' id='par_1_36' title="bbox 434 2728 2017 2809">
     <span class='ocr_line' id='line_1_38' title="bbox 434 2728 2017 2809; baseline 0.008 -25"><span class='ocrx_word' id='word_1_322' title='bbox 434 2729 692 2784; x_wconf 88' lang='lat' dir='ltr'><strong>Dominus</strong></span> <span class='ocrx_word' id='word_1_323' title='bbox 742 2729 819 2784; x_wconf 87' lang='lat' dir='ltr'><strong>ait</strong></span> <span class='ocrx_word' id='word_1_324' title='bbox 846 2737 1012 2785; x_wconf 86' lang='lat' dir='ltr'><strong>totam</strong></span> <span class='ocrx_word' id='word_1_325' title='bbox 1055 2728 1251 2800; x_wconf 83' lang='lat' dir='ltr'><strong>Legem</strong></span> <span class='ocrx_word' id='word_1_326' title='bbox 1302 2730 1704 2805; x_wconf 85' lang='lat' dir='ltr'><strong>Prophetasque</strong></span> <span class='ocrx_word' id='word_1_327' title='bbox 1740 2737 1975 2807; x_wconf 88' lang='lat' dir='ltr'><strong>pendere</strong></span> <span class='ocrx_word' id='word_1_328' title='bbox 2000 2780 2017 2809; x_wconf 90' lang='lat'><strong>,</strong></span> 
     </span>
    </p>
   </div>
   <div class='ocr_carea' id='block_1_37' title="bbox 428 2819 2020 2892">
    <p class='ocr_par' dir='ltr' id='par_1_37' title="bbox 428 2819 2020 2892">
     <span class='ocr_line' id='line_1_39' title="bbox 428 2819 2020 2892; baseline 0.007 -16"><span class='ocrx_word' id='word_1_329' title='bbox 428 2819 556 2876; x_wconf 85' lang='lat' dir='ltr'><strong>huic</strong></span> <span class='ocrx_word' id='word_1_330' title='bbox 582 2836 693 2876; x_wconf 82' lang='lat' dir='ltr'><strong>suae</strong></span> <span class='ocrx_word' id='word_1_331' title='bbox 726 2820 964 2892; x_wconf 89' lang='lat' dir='ltr'><strong>opinioni</strong></span> <span class='ocrx_word' id='word_1_332' title='bbox 1009 2820 1290 2892; x_wconf 88' lang='lat' dir='ltr'><strong>sutl&#39;ragari</strong></span> <span class='ocrx_word' id='word_1_333' title='bbox 1336 2822 1703 2881; x_wconf 79' lang='lat' dir='ltr'><strong>arbitrantur?</strong></span> <span class='ocrx_word' id='word_1_334' title='bbox 1744 2837 1800 2883; x_wconf 90' lang='lat' dir='ltr'><strong>et</strong></span> <span class='ocrx_word' id='word_1_335' title='bbox 1832 2830 1910 2885; x_wconf 91' lang='lat' dir='ltr'><strong>sic</strong></span> <span class='ocrx_word' id='word_1_336' title='bbox 1955 2846 2020 2887; x_wconf 89' lang='lat' dir='ltr'><strong>ea</strong></span> 
     </span>
    </p>
   </div>
   <div class='ocr_carea' id='block_1_38' title="bbox 426 2914 2018 2990">
    <p class='ocr_par' dir='ltr' id='par_1_38' title="bbox 426 2914 2018 2990">
     <span class='ocr_line' id='line_1_40' title="bbox 426 2914 2018 2990; baseline 0.008 -22"><span class='ocrx_word' id='word_1_337' title='bbox 426 2921 866 2978; x_wconf 86' lang='lat' dir='ltr'><strong>commemorant,</strong></span> <span class='ocrx_word' id='word_1_338' title='bbox 889 2922 948 2968; x_wconf 93' lang='lat' dir='ltr'><strong>ut</strong></span> <span class='ocrx_word' id='word_1_339' title='bbox 962 2914 1211 2983; x_wconf 89' lang='lat' dir='ltr'><strong>quoniam</strong></span> <span class='ocrx_word' id='word_1_340' title='bbox 1224 2915 1454 2984; x_wconf 89' lang='lat' dir='ltr'><strong>primum</strong></span> <span class='ocrx_word' id='word_1_341' title='bbox 1471 2928 1792 2990; x_wconf 70' lang='lat' dir='ltr'><strong>praeceptum</strong></span> <span class='ocrx_word' id='word_1_342' title='bbox 1817 2922 2018 2981; x_wconf 91' lang='lat' dir='ltr'><strong>dictum</strong></span> 
     </span>
    </p>
   </div>
   <div class='ocr_carea' id='block_1_39' title="bbox 426 3002 2015 3087">
    <p class='ocr_par' dir='ltr' id='par_1_39' title="bbox 426 3002 2015 3087">
     <span class='ocr_line' id='line_1_41' title="bbox 426 3002 2015 3087; baseline 0.007 -26"><span class='ocrx_word' id='word_1_343' title='bbox 426 3013 516 3061; x_wconf 83' lang='lat' dir='ltr'><strong>est</strong></span> <span class='ocrx_word' id='word_1_344' title='bbox 536 3046 552 3073; x_wconf 92' lang='lat'><strong>,</strong></span> <span class='ocrx_word' id='word_1_345' title='bbox 583 3003 779 3076; x_wconf 83' lang='lat' dir='ltr'><strong>Diliges</strong></span> <span class='ocrx_word' id='word_1_346' title='bbox 808 3002 1085 3059; x_wconf 86' lang='lat' dir='ltr'><strong>Dominum</strong></span> <span class='ocrx_word' id='word_1_347' title='bbox 1114 3004 1284 3061; x_wconf 90' lang='lat' dir='ltr'><strong>Deum</strong></span> <span class='ocrx_word' id='word_1_348' title='bbox 1304 3018 1447 3062; x_wconf 86' lang='lat' dir='ltr'><strong>tuum</strong></span> <span class='ocrx_word' id='word_1_349' title='bbox 1490 3026 1554 3065; x_wconf 80' lang='lat' dir='ltr'><strong>ea:</strong></span> <span class='ocrx_word' id='word_1_350' title='bbox 1575 3021 1680 3067; x_wconf 88' lang='lat' dir='ltr'><strong>toto</strong></span> <span class='ocrx_word' id='word_1_351' title='bbox 1706 3015 1858 3070; x_wconf 86' lang='lat' dir='ltr'><strong>corde</strong></span> <span class='ocrx_word' id='word_1_352' title='bbox 1885 3026 1971 3073; x_wconf 88' lang='lat' dir='ltr'><strong>tuo</strong></span> <span class='ocrx_word' id='word_1_353' title='bbox 1998 3060 2015 3087; x_wconf 93' lang='lat'><strong>,</strong></span> 
     </span>
    </p>
   </div>
   <div class='ocr_carea' id='block_1_40' title="bbox 426 3098 2017 3171">
    <p class='ocr_par' dir='ltr' id='par_1_40' title="bbox 426 3098 2017 3171">
     <span class='ocr_line' id='line_1_42' title="bbox 426 3098 2017 3171; baseline 0.008 -19"><span class='ocrx_word' id='word_1_354' title='bbox 426 3107 478 3153; x_wconf 88' lang='lat' dir='ltr'><strong>et</strong></span> <span class='ocrx_word' id='word_1_355' title='bbox 504 3113 569 3153; x_wconf 76' lang='lat' dir='ltr'><strong>ea:</strong></span> <span class='ocrx_word' id='word_1_356' title='bbox 600 3106 708 3151; x_wconf 89' lang='lat' dir='ltr'><strong>tota</strong></span> <span class='ocrx_word' id='word_1_357' title='bbox 736 3098 911 3152; x_wconf 88' lang='lat' dir='ltr'><strong>anima</strong></span> <span class='ocrx_word' id='word_1_358' title='bbox 937 3106 1059 3163; x_wconf 88' lang='lat' dir='ltr'><strong>tua,</strong></span> <span class='ocrx_word' id='word_1_359' title='bbox 1081 3108 1129 3153; x_wconf 87' lang='lat' dir='ltr'><strong>et</strong></span> <span class='ocrx_word' id='word_1_360' title='bbox 1164 3115 1227 3153; x_wconf 74' lang='lat' dir='ltr'><strong>es;</strong></span> <span class='ocrx_word' id='word_1_361' title='bbox 1256 3107 1361 3153; x_wconf 89' lang='lat' dir='ltr'><strong>tota</strong></span> <span class='ocrx_word' id='word_1_362' title='bbox 1383 3111 1547 3157; x_wconf 87' lang='lat' dir='ltr'><strong>mente</strong></span> <span class='ocrx_word' id='word_1_363' title='bbox 1588 3114 1717 3171; x_wconf 86' lang='lat' dir='ltr'><strong>tua;</strong></span> <span class='ocrx_word' id='word_1_364' title='bbox 1740 3108 2017 3165; x_wconf 85' lang='lat' dir='ltr'><strong>secundum</strong></span> 
     </span>
    </p>
   </div>
   <div class='ocr_carea' id='block_1_41' title="bbox 422 3189 2017 3270">
    <p class='ocr_par' dir='ltr' id='par_1_41' title="bbox 422 3189 2017 3270">
     <span class='ocr_line' id='line_1_43' title="bbox 422 3189 2017 3270; baseline 0.008 -25"><span class='ocrx_word' id='word_1_365' title='bbox 422 3200 593 3246; x_wconf 76' lang='lat' dir='ltr'><strong>autem</strong></span> <span class='ocrx_word' id='word_1_366' title='bbox 617 3190 783 3246; x_wconf 87' lang='lat' dir='ltr'><strong>simile</strong></span> <span class='ocrx_word' id='word_1_367' title='bbox 800 3190 916 3245; x_wconf 87' lang='lat' dir='ltr'><strong>huic</strong></span> <span class='ocrx_word' id='word_1_368' title='bbox 940 3232 956 3259; x_wconf 90' lang='lat'><strong>,</strong></span> <span class='ocrx_word' id='word_1_369' title='bbox 984 3189 1179 3262; x_wconf 77' lang='lat' dir='ltr'><strong>Diliges</strong></span> <span class='ocrx_word' id='word_1_370' title='bbox 1200 3192 1487 3261; x_wconf 72' lang='lat' dir='ltr'><strong>proximum</strong></span> <span class='ocrx_word' id='word_1_371' title='bbox 1527 3204 1670 3251; x_wconf 90' lang='lat' dir='ltr'><strong>tuum</strong></span> <span class='ocrx_word' id='word_1_372' title='bbox 1706 3207 1946 3270; x_wconf 84' lang='lat' dir='ltr'><strong>tanquam</strong></span> <span class='ocrx_word' id='word_1_373' title='bbox 1969 3214 2017 3260; x_wconf 92' lang='lat' dir='ltr'><strong>te</strong></span> 
     </span>
    </p>
   </div>
   <div class='ocr_carea' id='block_1_42' title="bbox 420 3284 2013 3365">
    <p class='ocr_par' dir='ltr' id='par_1_42' title="bbox 420 3284 2013 3365">
     <span class='ocr_line' id='line_1_44' title="bbox 420 3284 2013 3365; baseline 0.007 -24"><span class='ocrx_word' id='word_1_374' title='bbox 420 3286 589 3356; x_wconf 89' lang='lat' dir='ltr'><strong>ipsum</strong></span> <span class='ocrx_word' id='word_1_375' title='bbox 615 3284 831 3357; x_wconf 77' lang='lat' dir='ltr'><strong>(Matth.</strong></span> <span class='ocrx_word' id='word_1_376' title='bbox 861 3300 975 3340; x_wconf 72' lang='grc' dir='ltr'>χιιι</span> <span class='ocrx_word' id='word_1_377' title='bbox 997 3323 1014 3351; x_wconf 87' lang='grc'><em>,</em></span> <span class='ocrx_word' id='word_1_378' title='bbox 1067 3285 1293 3358; x_wconf 76' lang='grc'><strong>57-40);</strong></span> <span class='ocrx_word' id='word_1_379' title='bbox 1322 3287 1554 3357; x_wconf 90' lang='lat' dir='ltr'><strong>primum</strong></span> <span class='ocrx_word' id='word_1_380' title='bbox 1584 3291 1809 3348; x_wconf 82' lang='lat' dir='ltr'><strong>credant</strong></span> <span class='ocrx_word' id='word_1_381' title='bbox 1842 3297 2013 3365; x_wconf 78' lang='lat' dir='ltr'><strong>perti-</strong></span> 
     </span>
    </p>
   </div>
   <div class='ocr_carea' id='block_1_43' title="bbox 416 3376 2009 3458">
    <p class='ocr_par' dir='ltr' id='par_1_43' title="bbox 416 3376 2009 3458">
     <span class='ocr_line' id='line_1_45' title="bbox 416 3376 2009 3458; baseline 0.006 -25"><span class='ocrx_word' id='word_1_382' title='bbox 416 3392 552 3434; x_wconf 85' lang='lat' dir='ltr'><strong>nere</strong></span> <span class='ocrx_word' id='word_1_383' title='bbox 579 3377 646 3432; x_wconf 89' lang='lat' dir='ltr'><strong>ad</strong></span> <span class='ocrx_word' id='word_1_384' title='bbox 674 3377 1020 3447; x_wconf 88' lang='lat' dir='ltr'><strong>baptizandos</strong></span> <span class='ocrx_word' id='word_1_385' title='bbox 1048 3376 1091 3443; x_wconf 69' lang='grc' dir='ltr'><strong>δ,</strong></span> <span class='ocrx_word' id='word_1_386' title='bbox 1131 3378 1222 3433; x_wconf 91' lang='lat' dir='ltr'><strong>ubi</strong></span> <span class='ocrx_word' id='word_1_387' title='bbox 1271 3377 1484 3436; x_wconf 90' lang='lat' dir='ltr'><strong>dilectio</strong></span> <span class='ocrx_word' id='word_1_388' title='bbox 1514 3381 1610 3438; x_wconf 90' lang='lat' dir='ltr'><strong>Dei</strong></span> <span class='ocrx_word' id='word_1_389' title='bbox 1658 3387 1963 3458; x_wconf 86' lang='lat' dir='ltr'><strong>praecipitur</strong></span> <span class='ocrx_word' id='word_1_390' title='bbox 1991 3430 2009 3458; x_wconf 96' lang='lat'><strong>,</strong></span> 
     </span>
    </p>
   </div>
   <div class='ocr_carea' id='block_1_44' title="bbox 417 3467 2011 3539">
    <p class='ocr_par' dir='ltr' id='par_1_44' title="bbox 417 3467 2011 3539">
     <span class='ocr_line' id='line_1_46' title="bbox 417 3467 2011 3539; baseline 0.009 -16"><span class='ocrx_word' id='word_1_391' title='bbox 417 3467 715 3526; x_wconf 87' lang='lat' dir='ltr'><strong>secundum</strong></span> <span class='ocrx_word' id='word_1_392' title='bbox 744 3476 924 3523; x_wconf 90' lang='lat' dir='ltr'><strong>autem</strong></span> <span class='ocrx_word' id='word_1_393' title='bbox 971 3468 1040 3523; x_wconf 91' lang='lat' dir='ltr'><strong>ad</strong></span> <span class='ocrx_word' id='word_1_394' title='bbox 1084 3468 1414 3539; x_wconf 83' lang='lat' dir='ltr'><strong>baptizatos,</strong></span> <span class='ocrx_word' id='word_1_395' title='bbox 1466 3472 1554 3528; x_wconf 93' lang='lat' dir='ltr'><strong>ubi</strong></span> <span class='ocrx_word' id='word_1_396' title='bbox 1600 3475 1848 3532; x_wconf 90' lang='lat' dir='ltr'><strong>videntur</strong></span> <span class='ocrx_word' id='word_1_397' title='bbox 1891 3496 2011 3537; x_wconf 88' lang='lat' dir='ltr'><strong>esse</strong></span> 
     </span>
    </p>
   </div>
   <div class='ocr_carea' id='block_1_45' title="bbox 415 3558 2007 3638">
    <p class='ocr_par' dir='ltr' id='par_1_45' title="bbox 415 3558 2007 3638">
     <span class='ocr_line' id='line_1_47' title="bbox 415 3558 2007 3638; baseline 0.007 -23"><span class='ocrx_word' id='word_1_398' title='bbox 415 3574 601 3615; x_wconf 87' lang='lat' dir='ltr'><strong>mores</strong></span> <span class='ocrx_word' id='word_1_399' title='bbox 620 3559 1044 3615; x_wconf 87' lang='lat' dir='ltr'><strong>conversationis</strong></span> <span class='ocrx_word' id='word_1_400' title='bbox 1070 3558 1321 3616; x_wconf 82' lang='lat' dir='ltr'><strong>humanae</strong></span> <span class='ocrx_word' id='word_1_401' title='bbox 1351 3579 1365 3615; x_wconf 91' lang='lat'>:</span> <span class='ocrx_word' id='word_1_402' title='bbox 1395 3561 1474 3619; x_wconf 91' lang='lat' dir='ltr'><strong>sic</strong></span> <span class='ocrx_word' id='word_1_403' title='bbox 1498 3564 1649 3621; x_wconf 87' lang='lat' dir='ltr'><strong>obliti</strong></span> <span class='ocrx_word' id='word_1_404' title='bbox 1694 3569 1837 3638; x_wconf 91' lang='lat' dir='ltr'><strong>quod</strong></span> <span class='ocrx_word' id='word_1_405' title='bbox 1872 3572 2007 3627; x_wconf 81' lang='lat' dir='ltr'><strong>scri-</strong></span> 
     </span>
    </p>
   </div>
   <div class='ocr_carea' id='block_1_46' title="bbox 415 3651 2008 3733">
    <p class='ocr_par' dir='ltr' id='par_1_46' title="bbox 415 3651 2008 3733">
     <span class='ocr_line' id='line_1_48' title="bbox 415 3651 2008 3733; baseline 0.008 -27"><span class='ocrx_word' id='word_1_406' title='bbox 415 3661 567 3725; x_wconf 84' lang='lat' dir='ltr'><strong>ptum</strong></span> <span class='ocrx_word' id='word_1_407' title='bbox 588 3660 691 3719; x_wconf 89' lang='lat' dir='ltr'><strong>est,</strong></span> <span class='ocrx_word' id='word_1_408' title='bbox 711 3651 771 3707; x_wconf 86' lang='lat' dir='ltr'><strong>Si</strong></span> <span class='ocrx_word' id='word_1_409' title='bbox 791 3652 1001 3721; x_wconf 76' lang='lat' dir='ltr'><strong>fratrem</strong></span> <span class='ocrx_word' id='word_1_410' title='bbox 1026 3662 1169 3706; x_wconf 87' lang='lat' dir='ltr'><strong>tuum</strong></span> <span class='ocrx_word' id='word_1_411' title='bbox 1180 3670 1328 3725; x_wconf 83' lang='lat' dir='ltr'><strong>quem</strong></span> <span class='ocrx_word' id='word_1_412' title='bbox 1348 3655 1486 3711; x_wconf 77' lang='lat' dir='ltr'><strong>vides</strong></span> <span class='ocrx_word' id='word_1_413' title='bbox 1506 3674 1606 3713; x_wconf 91' lang='lat' dir='ltr'><strong>non</strong></span> <span class='ocrx_word' id='word_1_414' title='bbox 1629 3660 1823 3733; x_wconf 73' lang='lat' dir='ltr'><strong>diligis,</strong></span> <span class='ocrx_word' id='word_1_415' title='bbox 1842 3661 2008 3720; x_wconf 90' lang='lat' dir='ltr'><strong>Deum</strong></span> 
     </span>
    </p>
   </div>
   <div class='ocr_carea' id='block_1_47' title="bbox 414 3742 2001 3826">
    <p class='ocr_par' dir='ltr' id='par_1_47' title="bbox 414 3742 2001 3826">
     <span class='ocr_line' id='line_1_49' title="bbox 414 3742 2001 3826; baseline 0.009 -29"><span class='ocrx_word' id='word_1_416' title='bbox 414 3760 563 3815; x_wconf 88' lang='lat' dir='ltr'><strong>quem</strong></span> <span class='ocrx_word' id='word_1_417' title='bbox 592 3760 693 3797; x_wconf 86' lang='lat' dir='ltr'><strong>non</strong></span> <span class='ocrx_word' id='word_1_418' title='bbox 733 3742 869 3797; x_wconf 84' lang='lat' dir='ltr'><strong>vides</strong></span> <span class='ocrx_word' id='word_1_419' title='bbox 896 3744 1145 3812; x_wconf 88' lang='lat' dir='ltr'><strong>quomodo</strong></span> <span class='ocrx_word' id='word_1_420' title='bbox 1173 3744 1384 3817; x_wconf 86' lang='lat' dir='ltr'><strong>diligere</strong></span> <span class='ocrx_word' id='word_1_421' title='bbox 1416 3750 1602 3817; x_wconf 87' lang='lat' dir='ltr'><strong>poteris</strong></span> <span class='ocrx_word' id='word_1_422' title='bbox 1632 3750 1676 3822; x_wconf 86' lang='grc' dir='ltr'><strong>(Ι</strong></span> <span class='ocrx_word' id='word_1_423' title='bbox 1720 3750 1876 3809; x_wconf 84' lang='lat' dir='ltr'><strong>Joan.</strong></span> <span class='ocrx_word' id='word_1_424' title='bbox 1902 3772 1955 3811; x_wconf 86' lang='lat' dir='ltr'><strong>tv</strong></span> <span class='ocrx_word' id='word_1_425' title='bbox 1983 3797 2001 3826; x_wconf 89' lang='lat'><strong>,</strong></span> 
     </span>
    </p>
   </div>
   <div class='ocr_carea' id='block_1_48' title="bbox 412 3834 2006 3915">
    <p class='ocr_par' dir='ltr' id='par_1_48' title="bbox 412 3834 2006 3915">
     <span class='ocr_line' id='line_1_50' title="bbox 412 3834 2006 3915; baseline 0.008 -25"><span class='ocrx_word' id='word_1_426' title='bbox 412 3835 551 3905; x_wconf 75' lang='lat'><strong>20)?</strong></span> <span class='ocrx_word' id='word_1_427' title='bbox 577 3843 632 3890; x_wconf 92' lang='lat' dir='ltr'><strong>et</strong></span> <span class='ocrx_word' id='word_1_428' title='bbox 659 3834 788 3890; x_wconf 92' lang='lat' dir='ltr'><strong>illud</strong></span> <span class='ocrx_word' id='word_1_429' title='bbox 840 3834 984 3889; x_wconf 88' lang='lat' dir='ltr'><strong>aliud</strong></span> <span class='ocrx_word' id='word_1_430' title='bbox 1032 3835 1085 3890; x_wconf 90' lang='lat' dir='ltr'><strong>in</strong></span> <span class='ocrx_word' id='word_1_431' title='bbox 1124 3836 1311 3892; x_wconf 90' lang='lat' dir='ltr'><strong>eadem</strong></span> <span class='ocrx_word' id='word_1_432' title='bbox 1342 3839 1581 3910; x_wconf 83' lang='lat' dir='ltr'><strong>Epistola</strong></span> <span class='ocrx_word' id='word_1_433' title='bbox 1629 3842 1891 3915; x_wconf 87' lang='lat' dir='ltr'><strong>Joannis,</strong></span> <span class='ocrx_word' id='word_1_434' title='bbox 1942 3847 2006 3904; x_wconf 88' lang='lat' dir='ltr'><strong>Si</strong></span> 
     </span>
    </p>
   </div>
   <div class='ocr_carea' id='block_1_49' title="bbox 415 3930 2003 4005">
    <p class='ocr_par' dir='ltr' id='par_1_49' title="bbox 415 3930 2003 4005">
     <span class='ocr_line' id='line_1_51' title="bbox 415 3930 2003 4005; baseline 0.008 -20"><span class='ocrx_word' id='word_1_435' title='bbox 415 3934 527 4005; x_wconf 85' lang='lat' dir='ltr'><strong>quis</strong></span> <span class='ocrx_word' id='word_1_436' title='bbox 558 3930 724 4003; x_wconf 88' lang='lat' dir='ltr'><strong>diligit</strong></span> <span class='ocrx_word' id='word_1_437' title='bbox 754 3931 1036 4000; x_wconf 84' lang='lat' dir='ltr'><strong>mundum,</strong></span> <span class='ocrx_word' id='word_1_438' title='bbox 1091 3949 1193 3987; x_wconf 91' lang='lat' dir='ltr'><strong>non</strong></span> <span class='ocrx_word' id='word_1_439' title='bbox 1236 3943 1310 3989; x_wconf 91' lang='lat' dir='ltr'><strong>est</strong></span> <span class='ocrx_word' id='word_1_440' title='bbox 1354 3936 1579 3992; x_wconf 88' lang='lat' dir='ltr'><strong>charitas</strong></span> <span class='ocrx_word' id='word_1_441' title='bbox 1631 3938 1805 3994; x_wconf 87' lang='lat' dir='ltr'><strong>Patris</strong></span> <span class='ocrx_word' id='word_1_442' title='bbox 1832 3944 1884 3996; x_wconf 90' lang='lat' dir='ltr'><strong>in</strong></span> <span class='ocrx_word' id='word_1_443' title='bbox 1911 3943 2003 3999; x_wconf 88' lang='lat' dir='ltr'><strong>illo</strong></span> 
     </span>
    </p>
   </div>
   <div class='ocr_carea' id='block_1_50' title="bbox 417 4024 2003 4103">
    <p class='ocr_par' dir='ltr' id='par_1_50' title="bbox 417 4024 2003 4103">
     <span class='ocr_line' id='line_1_52' title="bbox 417 4024 2003 4103; baseline 0.008 -24"><span class='ocrx_word' id='word_1_444' title='bbox 417 4024 530 4098; x_wconf 83' lang='lat' dir='ltr'><strong>(Id.</strong></span> <span class='ocrx_word' id='word_1_445' title='bbox 562 4040 629 4089; x_wconf 84' lang='grc' dir='ltr'><strong>ιι,</strong></span> <span class='ocrx_word' id='word_1_446' title='bbox 660 4025 774 4096; x_wconf 80' lang='grc'><strong>15).</strong></span> <span class='ocrx_word' id='word_1_447' title='bbox 802 4024 919 4093; x_wconf 89' lang='lat' dir='ltr'><strong>Quo</strong></span> <span class='ocrx_word' id='word_1_448' title='bbox 945 4035 1123 4082; x_wconf 89' lang='lat' dir='ltr'><strong>autem</strong></span> <span class='ocrx_word' id='word_1_449' title='bbox 1147 4028 1416 4097; x_wconf 88' lang='lat' dir='ltr'><strong>pertinent</strong></span> <span class='ocrx_word' id='word_1_450' title='bbox 1442 4032 1621 4087; x_wconf 87' lang='lat' dir='ltr'><strong>omnia</strong></span> <span class='ocrx_word' id='word_1_451' title='bbox 1663 4031 1857 4103; x_wconf 84' lang='lat' dir='ltr'><strong>ﬂagitia</strong></span> <span class='ocrx_word' id='word_1_452' title='bbox 1886 4052 2003 4092; x_wconf 85' lang='lat' dir='ltr'><strong>mo-</strong></span> 
     </span>
    </p>
   </div>
   <div class='ocr_carea' id='block_1_51' title="bbox 410 4118 2001 4193">
    <p class='ocr_par' dir='ltr' id='par_1_51' title="bbox 410 4118 2001 4193">
     <span class='ocr_line' id='line_1_53' title="bbox 410 4118 2001 4193; baseline 0.007 -19"><span class='ocrx_word' id='word_1_453' title='bbox 410 4134 532 4174; x_wconf 89' lang='lat' dir='ltr'><strong>rum</strong></span> <span class='ocrx_word' id='word_1_454' title='bbox 572 4118 870 4183; x_wconf 89' lang='lat' dir='ltr'><strong>malorum,</strong></span> <span class='ocrx_word' id='word_1_455' title='bbox 911 4118 1015 4174; x_wconf 88' lang='lat' dir='ltr'><strong>nisi</strong></span> <span class='ocrx_word' id='word_1_456' title='bbox 1069 4118 1137 4174; x_wconf 91' lang='lat' dir='ltr'><strong>ad</strong></span> <span class='ocrx_word' id='word_1_457' title='bbox 1194 4120 1381 4176; x_wconf 88' lang='lat' dir='ltr'><strong>mundi</strong></span> <span class='ocrx_word' id='word_1_458' title='bbox 1424 4120 1583 4193; x_wconf 91' lang='lat' dir='ltr'><strong>hujus</strong></span> <span class='ocrx_word' id='word_1_459' title='bbox 1612 4124 2001 4185; x_wconf 87' lang='lat' dir='ltr'><strong>dilectionem?</strong></span> 
     </span>
    </p>
   </div>
   <div class='ocr_carea' id='block_1_52' title="bbox 407 4209 2000 4291">
    <p class='ocr_par' dir='ltr' id='par_1_52' title="bbox 407 4209 2000 4291">
     <span class='ocr_line' id='line_1_54' title="bbox 407 4209 2000 4291; baseline 0.007 -25"><span class='ocrx_word' id='word_1_460' title='bbox 407 4211 489 4267; x_wconf 86' lang='lat' dir='ltr'><strong>Ac</strong></span> <span class='ocrx_word' id='word_1_461' title='bbox 515 4226 610 4280; x_wconf 88' lang='lat' dir='ltr'><strong>per</strong></span> <span class='ocrx_word' id='word_1_462' title='bbox 632 4210 734 4266; x_wconf 91' lang='lat' dir='ltr'><strong>hoc</strong></span> <span class='ocrx_word' id='word_1_463' title='bbox 759 4209 887 4266; x_wconf 90' lang='lat' dir='ltr'><strong>illud</strong></span> <span class='ocrx_word' id='word_1_464' title='bbox 912 4210 1142 4281; x_wconf 89' lang='lat' dir='ltr'><strong>primum</strong></span> <span class='ocrx_word' id='word_1_465' title='bbox 1171 4222 1497 4286; x_wconf 70' lang='lat' dir='ltr'><strong>prmceptum</strong></span> <span class='ocrx_word' id='word_1_466' title='bbox 1518 4257 1533 4281; x_wconf 91' lang='lat'><strong>,</strong></span> <span class='ocrx_word' id='word_1_467' title='bbox 1562 4218 1705 4287; x_wconf 90' lang='lat' dir='ltr'><strong>quod</strong></span> <span class='ocrx_word' id='word_1_468' title='bbox 1734 4219 1800 4274; x_wconf 92' lang='lat' dir='ltr'><strong>ad</strong></span> <span class='ocrx_word' id='word_1_469' title='bbox 1828 4220 2000 4291; x_wconf 89' lang='lat' dir='ltr'><strong>bapti-</strong></span> 
     </span>
    </p>
   </div>
   <div class='ocr_carea' id='block_1_53' title="bbox 408 4302 1997 4374">
    <p class='ocr_par' dir='ltr' id='par_1_53' title="bbox 408 4302 1997 4374">
     <span class='ocr_line' id='line_1_55' title="bbox 408 4302 1997 4374; baseline 0.008 -16"><span class='ocrx_word' id='word_1_470' title='bbox 408 4302 609 4359; x_wconf 82' lang='lat' dir='ltr'><strong>zandos</strong></span> <span class='ocrx_word' id='word_1_471' title='bbox 653 4302 922 4374; x_wconf 89' lang='lat' dir='ltr'><strong>pertinere</strong></span> <span class='ocrx_word' id='word_1_472' title='bbox 975 4302 1334 4373; x_wconf 87' lang='lat' dir='ltr'><strong>arbitrantur,</strong></span> <span class='ocrx_word' id='word_1_473' title='bbox 1385 4308 1502 4363; x_wconf 89' lang='lat' dir='ltr'><strong>sine</strong></span> <span class='ocrx_word' id='word_1_474' title='bbox 1549 4308 1705 4365; x_wconf 85' lang='lat' dir='ltr'><strong>bonis</strong></span> <span class='ocrx_word' id='word_1_475' title='bbox 1754 4314 1997 4371; x_wconf 88' lang='lat' dir='ltr'><strong>moribus</strong></span> 
     </span>
    </p>
   </div>
   <div class='ocr_carea' id='block_1_54' title="bbox 406 4394 1992 4470">
    <p class='ocr_par' dir='ltr' id='par_1_54' title="bbox 406 4394 1992 4470">
     <span class='ocr_line' id='line_1_56' title="bbox 406 4394 1992 4470; baseline 0.008 -20"><span class='ocrx_word' id='word_1_476' title='bbox 406 4394 683 4451; x_wconf 89' lang='lat' dir='ltr'><strong>observari</strong></span> <span class='ocrx_word' id='word_1_477' title='bbox 707 4394 855 4449; x_wconf 91' lang='lat' dir='ltr'><strong>nullo</strong></span> <span class='ocrx_word' id='word_1_478' title='bbox 875 4402 1029 4464; x_wconf 88' lang='lat' dir='ltr'><strong>pacto</strong></span> <span class='ocrx_word' id='word_1_479' title='bbox 1047 4404 1240 4464; x_wconf 89' lang='lat' dir='ltr'><strong>potest.</strong></span> <span class='ocrx_word' id='word_1_480' title='bbox 1261 4397 1398 4453; x_wconf 88' lang='lat' dir='ltr'><strong>Nolo</strong></span> <span class='ocrx_word' id='word_1_481' title='bbox 1421 4401 1658 4470; x_wconf 89' lang='lat' dir='ltr'><strong>pluribus</strong></span> <span class='ocrx_word' id='word_1_482' title='bbox 1680 4404 1954 4463; x_wconf 85' lang='lat' dir='ltr'><strong>immorari</strong></span> <span class='ocrx_word' id='word_1_483' title='bbox 1978 4426 1992 4463; x_wconf 90' lang='lat'>:</span> 
     </span>
    </p>
   </div>
   <div class='ocr_carea' id='block_1_55' title="bbox 406 4485 1993 4563">
    <p class='ocr_par' dir='ltr' id='par_1_55' title="bbox 406 4485 1993 4563">
     <span class='ocr_line' id='line_1_57' title="bbox 406 4485 1993 4563; baseline 0.008 -21"><span class='ocrx_word' id='word_1_484' title='bbox 406 4501 533 4542; x_wconf 90' lang='lat' dir='ltr'><strong>nam</strong></span> <span class='ocrx_word' id='word_1_485' title='bbox 553 4485 839 4558; x_wconf 79' lang='lat' dir='ltr'><strong>diligenter</strong></span> <span class='ocrx_word' id='word_1_486' title='bbox 862 4485 1196 4541; x_wconf 87' lang='lat' dir='ltr'><strong>considerata</strong></span> <span class='ocrx_word' id='word_1_487' title='bbox 1219 4487 1317 4543; x_wconf 90' lang='lat' dir='ltr'><strong>ista</strong></span> <span class='ocrx_word' id='word_1_488' title='bbox 1348 4488 1455 4544; x_wconf 89' lang='lat' dir='ltr'><strong>duo</strong></span> <span class='ocrx_word' id='word_1_489' title='bbox 1479 4503 1774 4563; x_wconf 74' lang='lat' dir='ltr'><strong>prmcepta,</strong></span> <span class='ocrx_word' id='word_1_490' title='bbox 1817 4498 1887 4552; x_wconf 89' lang='lat' dir='ltr'><strong>ita</strong></span> <span class='ocrx_word' id='word_1_491' title='bbox 1927 4514 1993 4554; x_wconf 77' lang='lat' dir='ltr'><strong>ex</strong></span> 
     </span>
    </p>
   </div>
   <div class='ocr_carea' id='block_1_56' title="bbox 403 4578 1994 4658">
    <p class='ocr_par' dir='ltr' id='par_1_56' title="bbox 403 4578 1994 4658">
     <span class='ocr_line' id='line_1_58' title="bbox 403 4578 1994 4658; baseline 0.008 -25"><span class='ocrx_word' id='word_1_492' title='bbox 403 4579 663 4634; x_wconf 86' lang='lat' dir='ltr'><strong>alterutro</strong></span> <span class='ocrx_word' id='word_1_493' title='bbox 680 4592 921 4635; x_wconf 79' lang='lat' dir='ltr'><strong>connexa</strong></span> <span class='ocrx_word' id='word_1_494' title='bbox 936 4578 1293 4650; x_wconf 89' lang='lat' dir='ltr'><strong>reperiuntur,</strong></span> <span class='ocrx_word' id='word_1_495' title='bbox 1308 4588 1478 4636; x_wconf 89' lang='lat' dir='ltr'><strong>utnec</strong></span> <span class='ocrx_word' id='word_1_496' title='bbox 1490 4581 1704 4639; x_wconf 89' lang='lat' dir='ltr'><strong>dilectio</strong></span> <span class='ocrx_word' id='word_1_497' title='bbox 1717 4585 1808 4641; x_wconf 89' lang='lat' dir='ltr'><strong>Dei</strong></span> <span class='ocrx_word' id='word_1_498' title='bbox 1826 4589 1994 4658; x_wconf 84' lang='lat' dir='ltr'><strong>possit</strong></span> 
     </span>
    </p>
   </div>
   <div class='ocr_carea' id='block_1_57' title="bbox 403 4669 1994 4753">
    <p class='ocr_par' dir='ltr' id='par_1_57' title="bbox 403 4669 1994 4753">
     <span class='ocr_line' id='line_1_59' title="bbox 403 4669 1994 4753; baseline 0.009 -28"><span class='ocrx_word' id='word_1_499' title='bbox 403 4671 588 4725; x_wconf 86' lang='lat' dir='ltr'><strong>essein</strong></span> <span class='ocrx_word' id='word_1_500' title='bbox 607 4669 890 4738; x_wconf 90' lang='lat' dir='ltr'><strong>homine,si</strong></span> <span class='ocrx_word' id='word_1_501' title='bbox 904 4687 1008 4727; x_wconf 91' lang='lat' dir='ltr'><strong>non</strong></span> <span class='ocrx_word' id='word_1_502' title='bbox 1025 4671 1195 4743; x_wconf 81' lang='lat' dir='ltr'><strong>diligit</strong></span> <span class='ocrx_word' id='word_1_503' title='bbox 1207 4671 1637 4742; x_wconf 82' lang='lat' dir='ltr'><strong>proximum,nec</strong></span> <span class='ocrx_word' id='word_1_504' title='bbox 1652 4677 1865 4736; x_wconf 89' lang='lat' dir='ltr'><strong>dilectio</strong></span> <span class='ocrx_word' id='word_1_505' title='bbox 1877 4698 1994 4753; x_wconf 86' lang='lat' dir='ltr'><strong>pro-</strong></span> 
     </span>
    </p>
   </div>
   <div class='ocr_carea' id='block_1_58' title="bbox 402 4759 1987 4846">
    <p class='ocr_par' dir='ltr' id='par_1_58' title="bbox 402 4759 1987 4846">
     <span class='ocr_line' id='line_1_60' title="bbox 402 4759 1987 4846; baseline 0.011 -33"><span class='ocrx_word' id='word_1_506' title='bbox 402 4759 554 4823; x_wconf 79' lang='lat' dir='ltr'><strong>ximi,</strong></span> <span class='ocrx_word' id='word_1_507' title='bbox 580 4760 742 4816; x_wconf 88' lang='lat' dir='ltr'><strong>sinon</strong></span> <span class='ocrx_word' id='word_1_508' title='bbox 753 4761 925 4833; x_wconf 75' lang='lat' dir='ltr'><strong>diligit</strong></span> <span class='ocrx_word' id='word_1_509' title='bbox 950 4763 1257 4820; x_wconf 87' lang='lat' dir='ltr'><strong>Deum.Sed</strong></span> <span class='ocrx_word' id='word_1_510' title='bbox 1276 4762 1343 4819; x_wconf 87' lang='lat' dir='ltr'><strong>ad</strong></span> <span class='ocrx_word' id='word_1_511' title='bbox 1358 4779 1469 4820; x_wconf 92' lang='lat' dir='ltr'><strong>rem</strong></span> <span class='ocrx_word' id='word_1_512' title='bbox 1486 4782 1605 4837; x_wconf 64' lang='lat' dir='ltr'><strong>qua:</strong></span> <span class='ocrx_word' id='word_1_513' title='bbox 1628 4785 1767 4827; x_wconf 92' lang='lat' dir='ltr'><strong>nunc</strong></span> <span class='ocrx_word' id='word_1_514' title='bbox 1791 4772 1987 4846; x_wconf 89' lang='lat' dir='ltr'><strong>agitur,</strong></span> 
     </span>
    </p>
   </div>
   <div class='ocr_carea' id='block_1_59' title="bbox 401 4852 1755 4929">
    <p class='ocr_par' dir='ltr' id='par_1_59' title="bbox 401 4852 1755 4929">
     <span class='ocr_line' id='line_1_61' title="bbox 401 4852 1755 4929; baseline 0.008 -23"><span class='ocrx_word' id='word_1_515' title='bbox 401 4852 546 4922; x_wconf 92' lang='lat' dir='ltr'><strong>quod</strong></span> <span class='ocrx_word' id='word_1_516' title='bbox 574 4852 642 4909; x_wconf 94' lang='lat' dir='ltr'><strong>de</strong></span> <span class='ocrx_word' id='word_1_517' title='bbox 662 4852 744 4908; x_wconf 90' lang='lat' dir='ltr'><strong>his</strong></span> <span class='ocrx_word' id='word_1_518' title='bbox 767 4853 972 4909; x_wconf 89' lang='lat' dir='ltr'><strong>duobus</strong></span> <span class='ocrx_word' id='word_1_519' title='bbox 999 4856 1279 4929; x_wconf 82' lang='lat' dir='ltr'><strong>praeceptis</strong></span> <span class='ocrx_word' id='word_1_520' title='bbox 1298 4858 1529 4916; x_wconf 81' lang='lat' dir='ltr'><strong>diximus</strong></span> <span class='ocrx_word' id='word_1_521' title='bbox 1543 4860 1755 4919; x_wconf 88' lang='lat' dir='ltr'><strong>sufﬁcit.</strong></span> 
     </span>
    </p>
   </div>
   <div class='ocr_carea' id='block_1_60' title="bbox 472 4978 1986 5067">
    <p class='ocr_par' dir='ltr' id='par_1_60' title="bbox 472 4978 1986 5067">
     <span class='ocr_line' id='line_1_62' title="bbox 472 4978 1986 5067; baseline 0.013 -33"><span class='ocrx_word' id='word_1_522' title='bbox 472 4978 700 5037; x_wconf 86' lang='lat' dir='ltr'><strong>CAPUT</strong></span> <span class='ocrx_word' id='word_1_523' title='bbox 742 4980 930 5036; x_wconf 76' lang='lat' dir='ltr'><strong>XL—</strong></span> <span class='ocrx_word' id='word_1_524' title='bbox 958 4984 1047 5038; x_wconf 82' lang='grc'><strong>17.</strong></span> <span class='ocrx_word' id='word_1_525' title='bbox 1077 4984 1333 5055; x_wconf 83' lang='lat' dir='ltr'><strong>Objectio,</strong></span> <span class='ocrx_word' id='word_1_526' title='bbox 1379 4988 1515 5057; x_wconf 87' lang='lat' dir='ltr'><strong>quod</strong></span> <span class='ocrx_word' id='word_1_527' title='bbox 1553 4987 1804 5049; x_wconf 80' lang='lat' dir='ltr'><strong>Israelita:</strong></span> <span class='ocrx_word' id='word_1_528' title='bbox 1844 4995 1986 5067; x_wconf 84' lang='lat' dir='ltr'><strong>prius</strong></span> 
     </span>
    </p>
   </div>
   <div class='ocr_carea' id='block_1_61' title="bbox 398 5074 1981 5161">
    <p class='ocr_par' dir='ltr' id='par_1_61' title="bbox 398 5074 1981 5161">
     <span class='ocr_line' id='line_1_63' title="bbox 398 5074 1981 5161; baseline 0.012 -34"><span class='ocrx_word' id='word_1_529' title='bbox 398 5089 541 5128; x_wconf 83' lang='lat' dir='ltr'><strong>mare</strong></span> <span class='ocrx_word' id='word_1_530' title='bbox 561 5074 848 5130; x_wconf 85' lang='lat' dir='ltr'><strong>transierint</strong></span> <span class='ocrx_word' id='word_1_531' title='bbox 872 5086 919 5130; x_wconf 93' lang='lat' dir='ltr'><strong>et</strong></span> <span class='ocrx_word' id='word_1_532' title='bbox 944 5086 1055 5148; x_wconf 90' lang='lat' dir='ltr'><strong>post</strong></span> <span class='ocrx_word' id='word_1_533' title='bbox 1084 5078 1243 5150; x_wconf 88' lang='lat' dir='ltr'><strong>legem</strong></span> <span class='ocrx_word' id='word_1_534' title='bbox 1270 5082 1572 5151; x_wconf 86' lang='lat' dir='ltr'><strong>acceperint.</strong></span> <span class='ocrx_word' id='word_1_535' title='bbox 1596 5084 1667 5141; x_wconf 86' lang='lat' dir='ltr'><strong>At</strong></span> <span class='ocrx_word' id='word_1_536' title='bbox 1715 5088 1856 5143; x_wconf 91' lang='lat' dir='ltr'><strong>enim</strong></span> <span class='ocrx_word' id='word_1_537' title='bbox 1880 5103 1981 5161; x_wconf 86' lang='lat' dir='ltr'><strong>po-</strong></span> 
     </span>
    </p>
   </div>
   <div class='ocr_carea' id='block_1_62' title="bbox 398 5163 1976 5251">
    <p class='ocr_par' dir='ltr' id='par_1_62' title="bbox 398 5163 1976 5251">
     <span class='ocr_line' id='line_1_64' title="bbox 398 5163 1976 5251; baseline 0.013 -33"><span class='ocrx_word' id='word_1_538' title='bbox 398 5164 556 5236; x_wconf 92' lang='lat' dir='ltr'><strong>pulus</strong></span> <span class='ocrx_word' id='word_1_539' title='bbox 593 5163 753 5222; x_wconf 84' lang='lat' dir='ltr'><strong>Israel</strong></span> <span class='ocrx_word' id='word_1_540' title='bbox 780 5167 1010 5238; x_wconf 90' lang='lat' dir='ltr'><strong>primum</strong></span> <span class='ocrx_word' id='word_1_541' title='bbox 1039 5184 1136 5240; x_wconf 91' lang='lat' dir='ltr'><strong>per</strong></span> <span class='ocrx_word' id='word_1_542' title='bbox 1164 5185 1311 5228; x_wconf 90' lang='lat' dir='ltr'><strong>mare</strong></span> <span class='ocrx_word' id='word_1_543' title='bbox 1349 5172 1588 5230; x_wconf 80' lang='lat' dir='ltr'><strong>Rubrum</strong></span> <span class='ocrx_word' id='word_1_544' title='bbox 1616 5175 1807 5235; x_wconf 90' lang='lat' dir='ltr'><strong>ductus</strong></span> <span class='ocrx_word' id='word_1_545' title='bbox 1855 5192 1976 5251; x_wconf 89' lang='lat' dir='ltr'><strong>est,</strong></span> 
     </span>
    </p>
   </div>
   <div class='ocr_carea' id='block_1_63' title="bbox 395 5256 1976 5344">
    <p class='ocr_par' dir='ltr' id='par_1_63' title="bbox 395 5256 1976 5344">
     <span class='ocr_line' id='line_1_65' title="bbox 395 5256 1976 5344; baseline 0.013 -34"><span class='ocrx_word' id='word_1_546' title='bbox 395 5270 504 5328; x_wconf 90' lang='lat' dir='ltr'><strong>quo</strong></span> <span class='ocrx_word' id='word_1_547' title='bbox 527 5256 853 5328; x_wconf 88' lang='lat' dir='ltr'><strong>signiﬁcatur</strong></span> <span class='ocrx_word' id='word_1_548' title='bbox 877 5259 1179 5331; x_wconf 85' lang='lat' dir='ltr'><strong>Baptismus</strong></span> <span class='ocrx_word' id='word_1_549' title='bbox 1206 5277 1220 5328; x_wconf 95' lang='lat'><strong>;</strong></span> <span class='ocrx_word' id='word_1_550' title='bbox 1247 5272 1302 5319; x_wconf 88' lang='lat' dir='ltr'><strong>et</strong></span> <span class='ocrx_word' id='word_1_551' title='bbox 1331 5273 1514 5335; x_wconf 90' lang='lat' dir='ltr'><strong>postea</strong></span> <span class='ocrx_word' id='word_1_552' title='bbox 1544 5266 1713 5340; x_wconf 90' lang='lat' dir='ltr'><strong>legem</strong></span> <span class='ocrx_word' id='word_1_553' title='bbox 1735 5274 1976 5344; x_wconf 89' lang='lat' dir='ltr'><strong>accepit,</strong></span> 
     </span>
    </p>
   </div>
   <div class='ocr_carea' id='block_1_64' title="bbox 457 5409 1265 5474">
    <p class='ocr_par' dir='ltr' id='par_1_64' title="bbox 457 5409 1265 5474">
     <span class='ocr_line' id='line_1_66' title="bbox 457 5409 1265 5474; baseline 0.011 -16"><span class='ocrx_word' id='word_1_554' title='bbox 457 5409 474 5474; x_wconf 58' lang='grc' dir='ltr'>ξ</span> <span class='ocrx_word' id='word_1_555' title='bbox 511 5411 582 5460; x_wconf 86' lang='lat' dir='ltr'><strong>sic</strong></span> <span class='ocrx_word' id='word_1_556' title='bbox 606 5419 709 5474; x_wconf 81' lang='lat' dir='ltr'><strong>Mss.</strong></span> <span class='ocrx_word' id='word_1_557' title='bbox 746 5419 799 5462; x_wconf 78' lang='lat' dir='ltr'><strong>At</strong></span> <span class='ocrx_word' id='word_1_558' title='bbox 824 5415 957 5474; x_wconf 89' lang='lat' dir='ltr'><strong>editi,</strong></span> <span class='ocrx_word' id='word_1_559' title='bbox 984 5419 1265 5469; x_wconf 85' lang='lat' dir='ltr'><strong>concedunt.</strong></span> 
     </span>
    </p>
   </div>
   <div class='ocr_carea' id='block_1_65' title="bbox 456 5472 1976 5548">
    <p class='ocr_par' dir='ltr' id='par_1_65' title="bbox 456 5472 1976 5548">
     <span class='ocr_line' id='line_1_67' title="bbox 456 5472 1976 5548; baseline 0.018 -30"><span class='ocrx_word' id='word_1_560' title='bbox 456 5472 477 5543; x_wconf 60' lang='grc' dir='ltr'><strong>ξ</strong></span> <span class='ocrx_word' id='word_1_561' title='bbox 510 5473 713 5548; x_wconf 27' lang='lat' dir='ltr'><strong>l.ov.,‘in</strong></span> <span class='ocrx_word' id='word_1_562' title='bbox 734 5488 879 5526; x_wconf 80' lang='lat' dir='ltr'><strong>cruce</strong></span> <span class='ocrx_word' id='word_1_563' title='bbox 900 5472 1077 5529; x_wconf 80' lang='lat' dir='ltr'><strong>Christi</strong></span> <span class='ocrx_word' id='word_1_564' title='bbox 1094 5477 1430 5548; x_wconf 64' lang='grc' dir='ltr'><strong>ἱηίοηηςιηιιινΔ</strong></span> <span class='ocrx_word' id='word_1_565' title='bbox 1472 5487 1632 5546; x_wconf 78' lang='lat' dir='ltr'><strong>Abest,</strong></span> <span class='ocrx_word' id='word_1_566' title='bbox 1659 5492 1724 5548; x_wconf 83' lang='lat' dir='ltr'><strong>in,</strong></span> <span class='ocrx_word' id='word_1_567' title='bbox 1747 5495 1809 5541; x_wconf 86' lang='lat' dir='ltr'><strong>ab</strong></span> <span class='ocrx_word' id='word_1_568' title='bbox 1834 5496 1976 5547; x_wconf 84' lang='lat' dir='ltr'><strong>editis</strong></span> 
     </span>
    </p>
   </div>
   <div class='ocr_carea' id='block_1_66' title="bbox 380 5533 1974 5622">
    <p class='ocr_par' dir='ltr' id='par_1_66' title="bbox 380 5533 1974 5622">
     <span class='ocr_line' id='line_1_68' title="bbox 380 5533 1974 5622; baseline 0.018 -40"><span class='ocrx_word' id='word_1_569' title='bbox 380 5533 497 5622; x_wconf 52' lang='lat' dir='ltr'><strong>aliis</strong></span> <span class='ocrx_word' id='word_1_570' title='bbox 520 5542 618 5622; x_wconf 35' lang='lat' dir='ltr'><strong>etoa</strong></span> <span class='ocrx_word' id='word_1_571' title='bbox 639 5542 767 5599; x_wconf 67' lang='lat' dir='ltr'><strong>uss,</strong></span> <span class='ocrx_word' id='word_1_572' title='bbox 793 5551 999 5602; x_wconf 86' lang='lat' dir='ltr'><strong>quorum</strong></span> <span class='ocrx_word' id='word_1_573' title='bbox 1021 5533 1247 5605; x_wconf 74' lang='lat' dir='ltr'><strong>praecipui</strong></span> <span class='ocrx_word' id='word_1_574' title='bbox 1271 5544 1392 5605; x_wconf 91' lang='lat' dir='ltr'><strong>loco,</strong></span> <span class='ocrx_word' id='word_1_575' title='bbox 1411 5533 1974 5622; x_wconf 53' lang='lat' dir='ltr'><strong>mrormantur,—babeiii:</strong></span> 
     </span>
    </p>
   </div>
   <div class='ocr_carea' id='block_1_67' title="bbox 410 5603 673 5647">
    <p class='ocr_par' dir='ltr' id='par_1_67' title="bbox 410 5603 673 5647">
     <span class='ocr_line' id='line_1_69' title="bbox 410 5603 673 5647; baseline 0 0"><span class='ocrx_word' id='word_1_576' title='bbox 410 5603 673 5647; x_wconf 71' lang='lat' dir='ltr'><strong>armantur.</strong></span> 
     </span>
    </p>
   </div>
   <div class='ocr_carea' id='block_1_68' title="bbox 390 5598 1817 5732">
    <p class='ocr_par' dir='ltr' id='par_1_68' title="bbox 390 5598 1817 5732">
     <span class='ocr_line' id='line_1_70' title="bbox 390 5598 1817 5732; baseline 0.025 -36"><span class='ocrx_word' id='word_1_577' title='bbox 952 5665 1237 5732; x_wconf 71' lang='lat' dir='ltr'><strong>mnendatur</strong></span> <span class='ocrx_word' id='word_1_578' title='bbox 1260 5682 1323 5718; x_wconf 82' lang='lat' dir='ltr'><strong>ex</strong></span> <span class='ocrx_word' id='word_1_579' title='bbox 1348 5670 1492 5721; x_wconf 85' lang='lat' dir='ltr'><strong>editis</strong></span> <span class='ocrx_word' id='word_1_580' title='bbox 1506 5673 1612 5725; x_wconf 87' lang='lat' dir='ltr'><strong>aliis</strong></span> <span class='ocrx_word' id='word_1_581' title='bbox 1635 5686 1687 5729; x_wconf 91' lang='lat' dir='ltr'><strong>et</strong></span> <span class='ocrx_word' id='word_1_582' title='bbox 1711 5688 1817 5732; x_wconf 80' lang='lat' dir='ltr'><strong>Mss.</strong></span> 
     </span>
    </p>
   </div>
   <div class='ocr_carea' id='block_1_69' title="bbox 452 5721 1969 5811">
    <p class='ocr_par' dir='ltr' id='par_1_69' title="bbox 452 5721 1969 5811">
     <span class='ocr_line' id='line_1_71' title="bbox 452 5721 1969 5811; baseline 0.02 -42"><span class='ocrx_word' id='word_1_583' title='bbox 452 5721 647 5811; x_wconf 47' lang='lat' dir='ltr'><strong>‘JEnd‘i’ti,</strong></span> <span class='ocrx_word' id='word_1_584' title='bbox 670 5721 1969 5811; x_wconf 39' lang='lat' dir='ltr'><strong>baptizandttrit_,&quot;ouiissovverho,</strong></span> 
     </span>
    </p>
   </div>
   <div class='ocr_carea' id='block_1_70' title="bbox 391 5784 1277 5849">
    <p class='ocr_par' dir='ltr' id='par_1_70' title="bbox 391 5784 1277 5849">
     <span class='ocr_line' id='line_1_72' title="bbox 391 5784 1277 5849; baseline 0.006 -14"><span class='ocrx_word' id='word_1_585' title='bbox 391 5784 611 5846; x_wconf 69' lang='lat' dir='ltr'><strong>credam,</strong></span> <span class='ocrx_word' id='word_1_586' title='bbox 637 5784 763 5849; x_wconf 79' lang='lat' dir='ltr'><strong>quod</strong></span> <span class='ocrx_word' id='word_1_587' title='bbox 784 5784 1055 5838; x_wconf 81' lang='lat' dir='ltr'><strong>restituitur</strong></span> <span class='ocrx_word' id='word_1_588' title='bbox 1080 5802 1141 5839; x_wconf 84' lang='lat' dir='ltr'><strong>ex</strong></span> <span class='ocrx_word' id='word_1_589' title='bbox 1169 5796 1277 5840; x_wconf 76' lang='lat' dir='ltr'><strong>Mss.</strong></span> 
     </span>
    </p>
   </div>
   <div class='ocr_carea' id='block_1_71' title="bbox 2151 1248 3731 1347">
    <p class='ocr_par' dir='ltr' id='par_1_71' title="bbox 2151 1248 3731 1347">
     <span class='ocr_line' id='line_1_73' title="bbox 2151 1248 3731 1347; baseline 0.025 -49"><span class='ocrx_word' id='word_1_590' title='bbox 2151 1258 2312 1314; x_wconf 90' lang='lat' dir='ltr'><strong>quam</strong></span> <span class='ocrx_word' id='word_1_591' title='bbox 2348 1248 2648 1319; x_wconf 88' lang='lat' dir='ltr'><strong>baptizandi</strong></span> <span class='ocrx_word' id='word_1_592' title='bbox 2689 1257 3050 1325; x_wconf 74' lang='lat' dir='ltr'><strong>proﬁtentur?</strong></span> <span class='ocrx_word' id='word_1_593' title='bbox 3075 1265 3155 1321; x_wconf 81' lang='lat' dir='ltr'><strong>Ad</strong></span> <span class='ocrx_word' id='word_1_594' title='bbox 3196 1267 3297 1325; x_wconf 91' lang='lat' dir='ltr'><strong>hoc</strong></span> <span class='ocrx_word' id='word_1_595' title='bbox 3324 1273 3467 1329; x_wconf 89' lang='lat' dir='ltr'><strong>enim</strong></span> <span class='ocrx_word' id='word_1_596' title='bbox 3488 1248 3731 1347; x_wconf 54' lang='lat' dir='ltr'><strong>pertinei</strong></span> 
     </span>
    </p>
   </div>
   <div class='ocr_carea' id='block_1_72' title="bbox 2148 1339 3729 1437">
    <p class='ocr_par' dir='ltr' id='par_1_72' title="bbox 2148 1339 3729 1437">
     <span class='ocr_line' id='line_1_74' title="bbox 2148 1339 3729 1437; baseline 0.023 -47"><span class='ocrx_word' id='word_1_597' title='bbox 2148 1339 2291 1407; x_wconf 92' lang='lat' dir='ltr'><strong>quod</strong></span> <span class='ocrx_word' id='word_1_598' title='bbox 2321 1355 2350 1393; x_wconf 91' lang='lat' dir='ltr'><strong>a</strong></span> <span class='ocrx_word' id='word_1_599' title='bbox 2392 1341 2551 1399; x_wconf 89' lang='lat' dir='ltr'><strong>Petro</strong></span> <span class='ocrx_word' id='word_1_600' title='bbox 2574 1345 2773 1403; x_wconf 92' lang='lat' dir='ltr'><strong>dictum</strong></span> <span class='ocrx_word' id='word_1_601' title='bbox 2802 1361 2883 1406; x_wconf 90' lang='lat' dir='ltr'><strong>est</strong></span> <span class='ocrx_word' id='word_1_602' title='bbox 2908 1394 2923 1421; x_wconf 93' lang='lat'><strong>,</strong></span> <span class='ocrx_word' id='word_1_603' title='bbox 2954 1355 3100 1426; x_wconf 83' lang='lat' dir='ltr'><strong>Agite</strong></span> <span class='ocrx_word' id='word_1_604' title='bbox 3136 1339 3525 1437; x_wconf 63' lang='lat' dir='ltr'><strong>paenitentiam,</strong></span> <span class='ocrx_word' id='word_1_605' title='bbox 3573 1381 3622 1425; x_wconf 86' lang='lat' dir='ltr'><strong>et</strong></span> <span class='ocrx_word' id='word_1_606' title='bbox 3658 1373 3729 1427; x_wconf 80' lang='lat' dir='ltr'><strong>ba-</strong></span> 
     </span>
    </p>
   </div>
   <div class='ocr_carea' id='block_1_73' title="bbox 2147 1431 3730 1520">
    <p class='ocr_par' dir='ltr' id='par_1_73' title="bbox 2147 1431 3730 1520">
     <span class='ocr_line' id='line_1_75' title="bbox 2147 1431 3730 1520; baseline 0.025 -38"><span class='ocrx_word' id='word_1_607' title='bbox 2147 1431 2363 1501; x_wconf 80' lang='lat' dir='ltr'><strong>ptizetur</strong></span> <span class='ocrx_word' id='word_1_608' title='bbox 2382 1438 2721 1510; x_wconf 85' lang='lat' dir='ltr'><strong>unusquisque</strong></span> <span class='ocrx_word' id='word_1_609' title='bbox 2746 1453 2967 1499; x_wconf 85' lang='lat' dir='ltr'><strong>vestrum</strong></span> <span class='ocrx_word' id='word_1_610' title='bbox 2992 1448 3044 1503; x_wconf 87' lang='lat' dir='ltr'><strong>in</strong></span> <span class='ocrx_word' id='word_1_611' title='bbox 3071 1453 3274 1509; x_wconf 88' lang='lat' dir='ltr'><strong>nomine</strong></span> <span class='ocrx_word' id='word_1_612' title='bbox 3328 1455 3539 1515; x_wconf 86' lang='lat' dir='ltr'><strong>Domini</strong></span> <span class='ocrx_word' id='word_1_613' title='bbox 3582 1469 3730 1520; x_wconf 78' lang='lat' dir='ltr'><strong>nostri</strong></span> 
     </span>
    </p>
   </div>
   <div class='ocr_carea' id='block_1_74' title="bbox 2143 1521 3725 1628">
    <p class='ocr_par' dir='ltr' id='par_1_74' title="bbox 2143 1521 3725 1628">
     <span class='ocr_line' id='line_1_76' title="bbox 2143 1521 3725 1628; baseline 0.024 -52"><span class='ocrx_word' id='word_1_614' title='bbox 2143 1521 2267 1579; x_wconf 85' lang='lat' dir='ltr'><strong>Jesu</strong></span> <span class='ocrx_word' id='word_1_615' title='bbox 2288 1525 2475 1583; x_wconf 87' lang='lat' dir='ltr'><strong>Christi</strong></span> <span class='ocrx_word' id='word_1_616' title='bbox 2501 1546 2522 1584; x_wconf 88' lang='lat'><strong><em>:</em></strong></span> <span class='ocrx_word' id='word_1_617' title='bbox 2550 1540 2797 1604; x_wconf 89' lang='lat' dir='ltr'><strong>tanquam</strong></span> <span class='ocrx_word' id='word_1_618' title='bbox 2826 1537 3063 1609; x_wconf 90' lang='lat' dir='ltr'><strong>diceret,</strong></span> <span class='ocrx_word' id='word_1_619' title='bbox 3090 1544 3346 1605; x_wconf 87' lang='lat' dir='ltr'><strong>Recedite</strong></span> <span class='ocrx_word' id='word_1_620' title='bbox 3368 1552 3439 1606; x_wconf 87' lang='lat' dir='ltr'><strong>ab</strong></span> <span class='ocrx_word' id='word_1_621' title='bbox 3458 1553 3693 1628; x_wconf 59' lang='lat' dir='ltr'><strong>A&#39;ngpm</strong></span> <span class='ocrx_word' id='word_1_622' title='bbox 3712 1601 3725 1627; x_wconf 89' lang='lat'><strong>,</strong></span> 
     </span>
    </p>
   </div>
   <div class='ocr_carea' id='block_1_75' title="bbox 2143 1622 3727 1720">
    <p class='ocr_par' dir='ltr' id='par_1_75' title="bbox 2143 1622 3727 1720">
     <span class='ocr_line' id='line_1_77' title="bbox 2143 1622 3727 1720; baseline 0.022 -49"><span class='ocrx_word' id='word_1_623' title='bbox 2143 1626 2199 1672; x_wconf 91' lang='lat' dir='ltr'><strong>et</strong></span> <span class='ocrx_word' id='word_1_624' title='bbox 2222 1633 2316 1688; x_wconf 88' lang='lat' dir='ltr'><strong>per</strong></span> <span class='ocrx_word' id='word_1_625' title='bbox 2331 1635 2478 1678; x_wconf 90' lang='lat' dir='ltr'><strong>mare</strong></span> <span class='ocrx_word' id='word_1_626' title='bbox 2495 1622 2733 1681; x_wconf 84' lang='lat' dir='ltr'><strong>Rubrum</strong></span> <span class='ocrx_word' id='word_1_627' title='bbox 2758 1632 2998 1689; x_wconf 88' lang='lat' dir='ltr'><strong>transite.</strong></span> <span class='ocrx_word' id='word_1_628' title='bbox 3024 1635 3177 1694; x_wconf 90' lang='lat' dir='ltr'><strong>Unde</strong></span> <span class='ocrx_word' id='word_1_629' title='bbox 3204 1651 3259 1696; x_wconf 89' lang='lat' dir='ltr'><strong>et</strong></span> <span class='ocrx_word' id='word_1_630' title='bbox 3275 1642 3327 1696; x_wconf 93' lang='lat' dir='ltr'><strong>in</strong></span> <span class='ocrx_word' id='word_1_631' title='bbox 3350 1622 3593 1714; x_wconf 78' lang='lat' dir='ltr'><strong>Epistola</strong></span> 
     </span>
    </p>
   </div>
   <div class='ocr_carea' id='block_1_76' title="bbox 2141 1710 3726 1809">
    <p class='ocr_par' dir='ltr' id='par_1_76' title="bbox 2141 1710 3726 1809">
     <span class='ocr_line' id='line_1_78' title="bbox 2141 1710 3726 1809; baseline 0.021 -45"><span class='ocrx_word' id='word_1_632' title='bbox 2141 1710 2210 1766; x_wconf 88' lang='lat' dir='ltr'><strong>ad</strong></span> <span class='ocrx_word' id='word_1_633' title='bbox 2238 1711 2491 1771; x_wconf 57' lang='lat' dir='ltr'><strong>Hebraeos</strong></span> <span class='ocrx_word' id='word_1_634' title='bbox 2520 1717 2829 1777; x_wconf 89' lang='lat' dir='ltr'><strong>inscribitur</strong></span> <span class='ocrx_word' id='word_1_635' title='bbox 2847 1764 2862 1788; x_wconf 89' lang='lat'><strong>,</strong></span> <span class='ocrx_word' id='word_1_636' title='bbox 2900 1740 3023 1782; x_wconf 89' lang='lat' dir='ltr'><strong>cum</strong></span> <span class='ocrx_word' id='word_1_637' title='bbox 3052 1744 3236 1787; x_wconf 89' lang='lat' dir='ltr'><strong>eorum</strong></span> <span class='ocrx_word' id='word_1_638' title='bbox 3263 1736 3351 1804; x_wconf 92' lang='lat' dir='ltr'><strong>qui</strong></span> <span class='ocrx_word' id='word_1_639' title='bbox 3394 1736 3726 1809; x_wconf 85' lang='lat' dir='ltr'><strong>baptizantur</strong></span> 
     </span>
    </p>
   </div>
   <div class='ocr_carea' id='block_1_77' title="bbox 2141 1814 3725 1899">
    <p class='ocr_par' dir='ltr' id='par_1_77' title="bbox 2141 1814 3725 1899">
     <span class='ocr_line' id='line_1_79' title="bbox 2141 1814 3725 1899; baseline 0.023 -42"><span class='ocrx_word' id='word_1_640' title='bbox 2141 1818 2692 1867; x_wconf 87' lang='lat' dir='ltr'><strong>commemorarentur</strong></span> <span class='ocrx_word' id='word_1_641' title='bbox 2719 1814 2869 1871; x_wconf 90' lang='lat' dir='ltr'><strong>initia</strong></span> <span class='ocrx_word' id='word_1_642' title='bbox 2889 1860 2903 1883; x_wconf 89' lang='lat'><strong>,</strong></span> <span class='ocrx_word' id='word_1_643' title='bbox 2934 1821 3103 1890; x_wconf 89' lang='lat' dir='ltr'><strong>posita</strong></span> <span class='ocrx_word' id='word_1_644' title='bbox 3128 1834 3211 1880; x_wconf 90' lang='lat' dir='ltr'><strong>est</strong></span> <span class='ocrx_word' id='word_1_645' title='bbox 3254 1827 3325 1881; x_wconf 91' lang='lat' dir='ltr'><strong>ibi</strong></span> <span class='ocrx_word' id='word_1_646' title='bbox 3356 1832 3676 1899; x_wconf 81' lang='lat' dir='ltr'><strong>poenitentia</strong></span> <span class='ocrx_word' id='word_1_647' title='bbox 3696 1853 3725 1892; x_wconf 81' lang='lat' dir='ltr'><strong>a</strong></span> 
     </span>
    </p>
   </div>
   <div class='ocr_carea' id='block_1_78' title="bbox 2138 1898 3724 1984">
    <p class='ocr_par' dir='ltr' id='par_1_78' title="bbox 2138 1898 3724 1984">
     <span class='ocr_line' id='line_1_80' title="bbox 2138 1898 3724 1984; baseline 0.02 -34"><span class='ocrx_word' id='word_1_648' title='bbox 2138 1898 2366 1954; x_wconf 90' lang='lat' dir='ltr'><strong>mortuis</strong></span> <span class='ocrx_word' id='word_1_649' title='bbox 2390 1902 2662 1971; x_wconf 91' lang='lat' dir='ltr'><strong>operibus.</strong></span> <span class='ocrx_word' id='word_1_650' title='bbox 2702 1905 2792 1963; x_wconf 90' lang='lat' dir='ltr'><strong>Sic</strong></span> <span class='ocrx_word' id='word_1_651' title='bbox 2839 1909 2982 1965; x_wconf 91' lang='lat' dir='ltr'><strong>enim</strong></span> <span class='ocrx_word' id='word_1_652' title='bbox 3029 1910 3202 1969; x_wconf 88' lang='lat' dir='ltr'><strong>dicit:</strong></span> <span class='ocrx_word' id='word_1_653' title='bbox 3250 1898 3378 1974; x_wconf 83' lang='lat' dir='ltr'><strong>Ideo</strong></span> <span class='ocrx_word' id='word_1_654' title='bbox 3421 1924 3724 1984; x_wconf 80' lang='lat' dir='ltr'><strong>remittentes</strong></span> 
     </span>
    </p>
   </div>
   <div class='ocr_carea' id='block_1_79' title="bbox 2137 1987 3719 2084">
    <p class='ocr_par' dir='ltr' id='par_1_79' title="bbox 2137 1987 3719 2084">
     <span class='ocr_line' id='line_1_81' title="bbox 2137 1987 3719 2084; baseline 0.02 -43"><span class='ocrx_word' id='word_1_655' title='bbox 2137 1987 2284 2043; x_wconf 87' lang='lat' dir='ltr'><strong>initia</strong></span> <span class='ocrx_word' id='word_1_656' title='bbox 2306 1991 2497 2048; x_wconf 84' lang='lat' dir='ltr'><strong>Christi</strong></span> <span class='ocrx_word' id='word_1_657' title='bbox 2515 1995 2717 2052; x_wconf 86' lang='lat' dir='ltr'><strong>verbum</strong></span> <span class='ocrx_word' id='word_1_658' title='bbox 2736 2040 2750 2064; x_wconf 90' lang='lat'><strong>,</strong></span> <span class='ocrx_word' id='word_1_659' title='bbox 2773 2000 2827 2054; x_wconf 91' lang='lat' dir='ltr'><strong>in</strong></span> <span class='ocrx_word' id='word_1_660' title='bbox 2847 2008 3326 2063; x_wconf 84' lang='lat' dir='ltr'><strong>consummationem</strong></span> <span class='ocrx_word' id='word_1_661' title='bbox 3356 2015 3719 2084; x_wconf 77' lang='lat' dir='ltr'><strong>respiciamus,</strong></span> 
     </span>
    </p>
   </div>
   <div class='ocr_carea' id='block_1_80' title="bbox 2136 2081 3721 2169">
    <p class='ocr_par' dir='ltr' id='par_1_80' title="bbox 2136 2081 3721 2169">
     <span class='ocr_line' id='line_1_82' title="bbox 2136 2081 3721 2169; baseline 0.021 -37"><span class='ocrx_word' id='word_1_662' title='bbox 2136 2094 2239 2134; x_wconf 88' lang='lat' dir='ltr'><strong>non</strong></span> <span class='ocrx_word' id='word_1_663' title='bbox 2263 2081 2444 2137; x_wconf 89' lang='lat' dir='ltr'><strong>iterum</strong></span> <span class='ocrx_word' id='word_1_664' title='bbox 2451 2086 2698 2155; x_wconf 88' lang='lat' dir='ltr'><strong>jacientes</strong></span> <span class='ocrx_word' id='word_1_665' title='bbox 2717 2090 3104 2160; x_wconf 80' lang='lat' dir='ltr'><strong>fundamentum</strong></span> <span class='ocrx_word' id='word_1_666' title='bbox 3124 2081 3483 2169; x_wconf 70' lang='lat' dir='ltr'><strong>paenitentiaea</strong></span> <span class='ocrx_word' id='word_1_667' title='bbox 3514 2111 3721 2166; x_wconf 82' lang='lat' dir='ltr'><strong>mortuis</strong></span> 
     </span>
    </p>
   </div>
   <div class='ocr_carea' id='block_1_81' title="bbox 2135 2173 3721 2270">
    <p class='ocr_par' dir='ltr' id='par_1_81' title="bbox 2135 2173 3721 2270">
     <span class='ocr_line' id='line_1_83' title="bbox 2135 2173 3721 2270; baseline 0.018 -45"><span class='ocrx_word' id='word_1_668' title='bbox 2135 2173 2372 2242; x_wconf 88' lang='lat' dir='ltr'><strong>operibus</strong></span> <span class='ocrx_word' id='word_1_669' title='bbox 2394 2217 2410 2243; x_wconf 92' lang='lat'><strong>,</strong></span> <span class='ocrx_word' id='word_1_670' title='bbox 2439 2186 2485 2231; x_wconf 91' lang='lat' dir='ltr'><strong>et</strong></span> <span class='ocrx_word' id='word_1_671' title='bbox 2510 2178 2631 2247; x_wconf 75' lang='lat' dir='ltr'><strong>ﬁdei</strong></span> <span class='ocrx_word' id='word_1_672' title='bbox 2670 2181 2725 2236; x_wconf 89' lang='lat' dir='ltr'><strong>in</strong></span> <span class='ocrx_word' id='word_1_673' title='bbox 2754 2182 2947 2252; x_wconf 88' lang='lat' dir='ltr'><strong>Deum,</strong></span> <span class='ocrx_word' id='word_1_674' title='bbox 2986 2190 3174 2244; x_wconf 87' lang='lat' dir='ltr'><strong>lavacri</strong></span> <span class='ocrx_word' id='word_1_675' title='bbox 3208 2191 3489 2263; x_wconf 61' lang='lat' dir='ltr'><strong>doctrinae,</strong></span> <span class='ocrx_word' id='word_1_676' title='bbox 3525 2199 3721 2270; x_wconf 80' lang='lat' dir='ltr'><strong>imposi-</strong></span> 
     </span>
    </p>
   </div>
   <div class='ocr_carea' id='block_1_82' title="bbox 2134 2265 3719 2365">
    <p class='ocr_par' dir='ltr' id='par_1_82' title="bbox 2134 2265 3719 2365">
     <span class='ocr_line' id='line_1_84' title="bbox 2134 2265 3719 2365; baseline 0.02 -47"><span class='ocrx_word' id='word_1_677' title='bbox 2134 2265 2284 2321; x_wconf 87' lang='lat' dir='ltr'><strong>tionis</strong></span> <span class='ocrx_word' id='word_1_678' title='bbox 2308 2284 2587 2338; x_wconf 88' lang='lat' dir='ltr'><strong>manuum,</strong></span> <span class='ocrx_word' id='word_1_679' title='bbox 2612 2278 2989 2334; x_wconf 87' lang='lat' dir='ltr'><strong>resurrectionis</strong></span> <span class='ocrx_word' id='word_1_680' title='bbox 3025 2283 3175 2337; x_wconf 90' lang='lat' dir='ltr'><strong>etiam</strong></span> <span class='ocrx_word' id='word_1_681' title='bbox 3211 2296 3527 2344; x_wconf 88' lang='lat' dir='ltr'><strong>mortuorum</strong></span> <span class='ocrx_word' id='word_1_682' title='bbox 3558 2304 3608 2347; x_wconf 87' lang='lat' dir='ltr'><strong>et</strong></span> <span class='ocrx_word' id='word_1_683' title='bbox 3633 2296 3719 2365; x_wconf 79' lang='lat' dir='ltr'><strong>ju-</strong></span> 
     </span>
    </p>
   </div>
   <div class='ocr_carea' id='block_1_83' title="bbox 2133 2356 3720 2457">
    <p class='ocr_par' dir='ltr' id='par_1_83' title="bbox 2133 2356 3720 2457">
     <span class='ocr_line' id='line_1_85' title="bbox 2133 2356 3720 2457; baseline 0.021 -48"><span class='ocrx_word' id='word_1_684' title='bbox 2133 2356 2254 2411; x_wconf 87' lang='lat' dir='ltr'><strong>dicii</strong></span> <span class='ocrx_word' id='word_1_685' title='bbox 2272 2361 2444 2415; x_wconf 67' lang='lat' dir='ltr'><strong>(sterni</strong></span> <span class='ocrx_word' id='word_1_686' title='bbox 2474 2361 2659 2434; x_wconf 82' lang='lat' dir='ltr'><strong>(Hebr.</strong></span> <span class='ocrx_word' id='word_1_687' title='bbox 2685 2381 2738 2421; x_wconf 77' lang='lat' dir='ltr'><strong>Vl</strong></span> <span class='ocrx_word' id='word_1_688' title='bbox 2762 2408 2779 2435; x_wconf 88' lang='lat'><strong>,</strong></span> <span class='ocrx_word' id='word_1_689' title='bbox 2812 2369 2876 2434; x_wconf 70' lang='grc' dir='ltr'><strong>ι,</strong></span> <span class='ocrx_word' id='word_1_690' title='bbox 2906 2370 2984 2442; x_wconf 77' lang='lat'><strong>2).</strong></span> <span class='ocrx_word' id='word_1_691' title='bbox 3015 2372 3141 2430; x_wconf 76' lang='lat' dir='ltr'><strong>Haec</strong></span> <span class='ocrx_word' id='word_1_692' title='bbox 3164 2377 3324 2446; x_wconf 84' lang='lat' dir='ltr'><strong>igitur</strong></span> <span class='ocrx_word' id='word_1_693' title='bbox 3348 2382 3533 2437; x_wconf 87' lang='lat' dir='ltr'><strong>omnia</strong></span> <span class='ocrx_word' id='word_1_694' title='bbox 3568 2356 3720 2457; x_wconf 64' lang='lat' dir='ltr'><strong>peiu-</strong></span> 
     </span>
    </p>
   </div>
   <div class='ocr_carea' id='block_1_84' title="bbox 2131 2452 3719 2551">
    <p class='ocr_par' dir='ltr' id='par_1_84' title="bbox 2131 2452 3719 2551">
     <span class='ocr_line' id='line_1_86' title="bbox 2131 2452 3719 2551; baseline 0.021 -48"><span class='ocrx_word' id='word_1_695' title='bbox 2131 2464 2261 2505; x_wconf 90' lang='lat' dir='ltr'><strong>nere</strong></span> <span class='ocrx_word' id='word_1_696' title='bbox 2285 2452 2351 2506; x_wconf 91' lang='lat' dir='ltr'><strong>ad</strong></span> <span class='ocrx_word' id='word_1_697' title='bbox 2382 2454 2528 2510; x_wconf 88' lang='lat' dir='ltr'><strong>initia</strong></span> <span class='ocrx_word' id='word_1_698' title='bbox 2558 2460 2948 2532; x_wconf 85' lang='lat' dir='ltr'><strong>ueophytorum</strong></span> <span class='ocrx_word' id='word_1_699' title='bbox 2974 2467 3106 2523; x_wconf 88' lang='lat' dir='ltr'><strong>satis</strong></span> <span class='ocrx_word' id='word_1_700' title='bbox 3125 2480 3417 2544; x_wconf 89' lang='lat' dir='ltr'><strong>aperteque</strong></span> <span class='ocrx_word' id='word_1_701' title='bbox 3444 2452 3719 2551; x_wconf 80' lang='lat' dir='ltr'><strong>Scriptura</strong></span> 
     </span>
    </p>
   </div>
   <div class='ocr_carea' id='block_1_85' title="bbox 2130 2545 3716 2642">
    <p class='ocr_par' dir='ltr' id='par_1_85' title="bbox 2130 2545 3716 2642">
     <span class='ocr_line' id='line_1_87' title="bbox 2130 2545 3716 2642; baseline 0.022 -47"><span class='ocrx_word' id='word_1_702' title='bbox 2130 2549 2373 2600; x_wconf 88' lang='lat' dir='ltr'><strong>testatur.</strong></span> <span class='ocrx_word' id='word_1_703' title='bbox 2406 2545 2544 2616; x_wconf 87' lang='lat' dir='ltr'><strong>Quid</strong></span> <span class='ocrx_word' id='word_1_704' title='bbox 2569 2558 2651 2606; x_wconf 89' lang='lat' dir='ltr'><strong>est</strong></span> <span class='ocrx_word' id='word_1_705' title='bbox 2683 2561 2863 2609; x_wconf 89' lang='lat' dir='ltr'><strong>autem</strong></span> <span class='ocrx_word' id='word_1_706' title='bbox 2914 2571 2946 2612; x_wconf 89' lang='lat' dir='ltr'><strong>a</strong></span> <span class='ocrx_word' id='word_1_707' title='bbox 2993 2561 3221 2617; x_wconf 90' lang='lat' dir='ltr'><strong>mortuis</strong></span> <span class='ocrx_word' id='word_1_708' title='bbox 3249 2567 3505 2635; x_wconf 90' lang='lat' dir='ltr'><strong>operibus</strong></span> <span class='ocrx_word' id='word_1_709' title='bbox 3550 2545 3716 2642; x_wconf 58' lang='lat' dir='ltr'><strong>pinni-</strong></span> 
     </span>
    </p>
   </div>
   <div class='ocr_carea' id='block_1_86' title="bbox 2128 2635 3715 2725">
    <p class='ocr_par' dir='ltr' id='par_1_86' title="bbox 2128 2635 3715 2725">
     <span class='ocr_line' id='line_1_88' title="bbox 2128 2635 3715 2725; baseline 0.022 -38"><span class='ocrx_word' id='word_1_710' title='bbox 2128 2635 2293 2690; x_wconf 89' lang='lat' dir='ltr'><strong>tentia</strong></span> <span class='ocrx_word' id='word_1_711' title='bbox 2311 2677 2326 2702; x_wconf 95' lang='lat'><strong>,</strong></span> <span class='ocrx_word' id='word_1_712' title='bbox 2357 2638 2460 2694; x_wconf 90' lang='lat' dir='ltr'><strong>nisi</strong></span> <span class='ocrx_word' id='word_1_713' title='bbox 2485 2640 2554 2696; x_wconf 87' lang='lat' dir='ltr'><strong>ab</strong></span> <span class='ocrx_word' id='word_1_714' title='bbox 2590 2640 2673 2699; x_wconf 90' lang='lat' dir='ltr'><strong>his</strong></span> <span class='ocrx_word' id='word_1_715' title='bbox 2698 2659 2818 2715; x_wconf 76' lang='lat' dir='ltr'><strong>qua:</strong></span> <span class='ocrx_word' id='word_1_716' title='bbox 2843 2657 3055 2717; x_wconf 85' lang='lat' dir='ltr'><strong>oportet</strong></span> <span class='ocrx_word' id='word_1_717' title='bbox 3081 2654 3388 2713; x_wconf 85' lang='lat' dir='ltr'><strong>mortiﬁcari</strong></span> <span class='ocrx_word' id='word_1_718' title='bbox 3406 2701 3423 2725; x_wconf 90' lang='lat'><strong>,</strong></span> <span class='ocrx_word' id='word_1_719' title='bbox 3457 2673 3523 2717; x_wconf 91' lang='lat' dir='ltr'><strong>ut</strong></span> <span class='ocrx_word' id='word_1_720' title='bbox 3550 2635 3715 2722; x_wconf 41' lang='lat' dir='ltr'><strong>niva-</strong></span> 
     </span>
    </p>
   </div>
   <div class='ocr_carea' id='block_1_87' title="bbox 2130 2728 3713 2828">
    <p class='ocr_par' dir='ltr' id='par_1_87' title="bbox 2130 2728 3713 2828">
     <span class='ocr_line' id='line_1_89' title="bbox 2130 2728 3713 2828; baseline 0.022 -49"><span class='ocrx_word' id='word_1_721' title='bbox 2130 2728 2426 2799; x_wconf 68' lang='lat' dir='ltr'><strong>mus?quai</strong></span> <span class='ocrx_word' id='word_1_722' title='bbox 2455 2732 2500 2787; x_wconf 91' lang='lat' dir='ltr'><strong>si</strong></span> <span class='ocrx_word' id='word_1_723' title='bbox 2550 2733 2811 2792; x_wconf 89' lang='lat' dir='ltr'><strong>adulteria</strong></span> <span class='ocrx_word' id='word_1_724' title='bbox 2863 2738 3353 2819; x_wconf 86' lang='lat' dir='ltr'><strong>fornicationesque</strong></span> <span class='ocrx_word' id='word_1_725' title='bbox 3408 2767 3522 2809; x_wconf 89' lang='lat' dir='ltr'><strong>non</strong></span> <span class='ocrx_word' id='word_1_726' title='bbox 3560 2766 3713 2828; x_wconf 88' lang='lat' dir='ltr'><strong>sunt,</strong></span> 
     </span>
    </p>
   </div>
   <div class='ocr_carea' id='block_1_88' title="bbox 2124 2817 3715 2908">
    <p class='ocr_par' dir='ltr' id='par_1_88' title="bbox 2124 2817 3715 2908">
     <span class='ocr_line' id='line_1_90' title="bbox 2124 2817 3715 2908; baseline 0.023 -38"><span class='ocrx_word' id='word_1_727' title='bbox 2124 2817 2251 2888; x_wconf 91' lang='lat' dir='ltr'><strong>quid</strong></span> <span class='ocrx_word' id='word_1_728' title='bbox 2271 2820 2382 2890; x_wconf 86' lang='lat' dir='ltr'><strong>jam</strong></span> <span class='ocrx_word' id='word_1_729' title='bbox 2408 2822 2547 2879; x_wconf 90' lang='lat' dir='ltr'><strong>inter</strong></span> <span class='ocrx_word' id='word_1_730' title='bbox 2570 2840 2733 2897; x_wconf 92' lang='lat' dir='ltr'><strong>opera</strong></span> <span class='ocrx_word' id='word_1_731' title='bbox 2771 2840 2981 2888; x_wconf 89' lang='lat' dir='ltr'><strong>mortua</strong></span> <span class='ocrx_word' id='word_1_732' title='bbox 3023 2817 3406 2898; x_wconf 87' lang='lat' dir='ltr'><strong>nominandum</strong></span> <span class='ocrx_word' id='word_1_733' title='bbox 3446 2856 3537 2901; x_wconf 89' lang='lat' dir='ltr'><strong>est</strong></span> <span class='ocrx_word' id='word_1_734' title='bbox 3559 2848 3585 2902; x_wconf 87' lang='lat'><strong>?</strong></span> <span class='ocrx_word' id='word_1_735' title='bbox 3635 2817 3715 2908; x_wconf 72' lang='lat' dir='ltr'><strong>Sic</strong></span> 
     </span>
    </p>
   </div>
   <div class='ocr_carea' id='block_1_89' title="bbox 2121 2912 3715 3007">
    <p class='ocr_par' dir='ltr' id='par_1_89' title="bbox 2121 2912 3715 3007">
     <span class='ocr_line' id='line_1_91' title="bbox 2121 2912 3715 3007; baseline 0.021 -44"><span class='ocrx_word' id='word_1_736' title='bbox 2121 2917 2302 2965; x_wconf 86' lang='lat' dir='ltr'><strong>autem</strong></span> <span class='ocrx_word' id='word_1_737' title='bbox 2328 2926 2433 2967; x_wconf 93' lang='lat' dir='ltr'><strong>non</strong></span> <span class='ocrx_word' id='word_1_738' title='bbox 2458 2912 2654 2971; x_wconf 89' lang='lat' dir='ltr'><strong>sufﬁcit</strong></span> <span class='ocrx_word' id='word_1_739' title='bbox 2678 2918 2940 2987; x_wconf 86' lang='lat' dir='ltr'><strong>professio</strong></span> <span class='ocrx_word' id='word_1_740' title='bbox 2968 2929 3288 2986; x_wconf 88' lang='lat' dir='ltr'><strong>recessionis</strong></span> <span class='ocrx_word' id='word_1_741' title='bbox 3307 2946 3335 2986; x_wconf 92' lang='lat' dir='ltr'><strong>a</strong></span> <span class='ocrx_word' id='word_1_742' title='bbox 3365 2935 3595 3007; x_wconf 90' lang='lat' dir='ltr'><strong>talibus,</strong></span> <span class='ocrx_word' id='word_1_743' title='bbox 3620 2942 3715 2997; x_wconf 86' lang='lat' dir='ltr'><strong>nisi</strong></span> 
     </span>
    </p>
   </div>
   <div class='ocr_carea' id='block_1_90' title="bbox 2121 3002 3714 3105">
    <p class='ocr_par' dir='ltr' id='par_1_90' title="bbox 2121 3002 3714 3105">
     <span class='ocr_line' id='line_1_92' title="bbox 2121 3002 3714 3105; baseline 0.021 -49"><span class='ocrx_word' id='word_1_744' title='bbox 2121 3002 2282 3058; x_wconf 89' lang='lat' dir='ltr'><strong>etiam</strong></span> <span class='ocrx_word' id='word_1_745' title='bbox 2331 3005 2542 3062; x_wconf 89' lang='lat' dir='ltr'><strong>lavacro</strong></span> <span class='ocrx_word' id='word_1_746' title='bbox 2571 3014 2987 3081; x_wconf 89' lang='lat' dir='ltr'><strong>regenerationis</strong></span> <span class='ocrx_word' id='word_1_747' title='bbox 3024 3031 3211 3077; x_wconf 90' lang='lat' dir='ltr'><strong>cuncta</strong></span> <span class='ocrx_word' id='word_1_748' title='bbox 3239 3028 3549 3099; x_wconf 71' lang='lat' dir='ltr'><strong>praeterita,</strong></span> <span class='ocrx_word' id='word_1_749' title='bbox 3603 3049 3714 3105; x_wconf 78' lang='lat' dir='ltr'><strong>qua:</strong></span> 
     </span>
    </p>
   </div>
   <div class='ocr_carea' id='block_1_91' title="bbox 2119 3094 3711 3184">
    <p class='ocr_par' dir='ltr' id='par_1_91' title="bbox 2119 3094 3711 3184">
     <span class='ocr_line' id='line_1_93' title="bbox 2119 3094 3711 3184; baseline 0.022 -37"><span class='ocrx_word' id='word_1_750' title='bbox 2119 3094 2267 3149; x_wconf 91' lang='lat' dir='ltr'><strong>velut</strong></span> <span class='ocrx_word' id='word_1_751' title='bbox 2309 3110 2739 3171; x_wconf 89' lang='lat' dir='ltr'><strong>persequuntur,</strong></span> <span class='ocrx_word' id='word_1_752' title='bbox 2790 3115 3008 3175; x_wconf 89' lang='lat' dir='ltr'><strong>peccata</strong></span> <span class='ocrx_word' id='word_1_753' title='bbox 3036 3109 3355 3184; x_wconf 88' lang='lat' dir='ltr'><strong>deleantur,</strong></span> <span class='ocrx_word' id='word_1_754' title='bbox 3412 3094 3565 3178; x_wconf 72' lang='lat' dir='ltr'><strong>sicut</strong></span> <span class='ocrx_word' id='word_1_755' title='bbox 3612 3094 3711 3182; x_wconf 77' lang='lat' dir='ltr'><strong>non</strong></span> 
     </span>
    </p>
   </div>
   <div class='ocr_carea' id='block_1_92' title="bbox 2117 3186 3712 3288">
    <p class='ocr_par' dir='ltr' id='par_1_92' title="bbox 2117 3186 3712 3288">
     <span class='ocr_line' id='line_1_94' title="bbox 2117 3186 3712 3288; baseline 0.021 -48"><span class='ocrx_word' id='word_1_756' title='bbox 2117 3186 2330 3243; x_wconf 83' lang='lat' dir='ltr'><strong>sull&#39;ecit</strong></span> <span class='ocrx_word' id='word_1_757' title='bbox 2356 3188 2607 3247; x_wconf 88' lang='lat' dir='ltr'><strong>lsraelitis</strong></span> <span class='ocrx_word' id='word_1_758' title='bbox 2634 3196 2886 3253; x_wconf 89' lang='lat' dir='ltr'><strong>recedere</strong></span> <span class='ocrx_word' id='word_1_759' title='bbox 2938 3199 3008 3256; x_wconf 92' lang='lat' dir='ltr'><strong>ab</strong></span> <span class='ocrx_word' id='word_1_760' title='bbox 3030 3201 3297 3276; x_wconf 63' lang='lat' dir='ltr'><strong>Egypto,</strong></span> <span class='ocrx_word' id='word_1_761' title='bbox 3344 3209 3447 3266; x_wconf 91' lang='lat' dir='ltr'><strong>nisi</strong></span> <span class='ocrx_word' id='word_1_762' title='bbox 3477 3228 3550 3268; x_wconf 88' lang='lat' dir='ltr'><strong>ea</strong></span> <span class='ocrx_word' id='word_1_763' title='bbox 3602 3232 3712 3288; x_wconf 67' lang='lat' dir='ltr'><strong>qua:</strong></span> 
     </span>
    </p>
   </div>
   <div class='ocr_carea' id='block_1_93' title="bbox 2119 3275 3709 3368">
    <p class='ocr_par' dir='ltr' id='par_1_93' title="bbox 2119 3275 3709 3368">
     <span class='ocr_line' id='line_1_95' title="bbox 2119 3275 3709 3368; baseline 0.023 -38"><span class='ocrx_word' id='word_1_764' title='bbox 2119 3275 2499 3350; x_wconf 89' lang='lat' dir='ltr'><strong>insequebatur</strong></span> <span class='ocrx_word' id='word_1_765' title='bbox 2541 3282 2775 3343; x_wconf 91' lang='lat' dir='ltr'><strong>hostium</strong></span> <span class='ocrx_word' id='word_1_766' title='bbox 2820 3291 3107 3351; x_wconf 89' lang='lat' dir='ltr'><strong>multitudo</strong></span> <span class='ocrx_word' id='word_1_767' title='bbox 3141 3275 3381 3368; x_wconf 88' lang='lat' dir='ltr'><strong>ejusdem</strong></span> <span class='ocrx_word' id='word_1_768' title='bbox 3409 3306 3589 3363; x_wconf 84' lang='lat' dir='ltr'><strong>maris</strong></span> <span class='ocrx_word' id='word_1_769' title='bbox 3616 3275 3709 3366; x_wconf 64' lang='lat' dir='ltr'><strong>bu-</strong></span> 
     </span>
    </p>
   </div>
   <div class='ocr_carea' id='block_1_94' title="bbox 2115 3368 3708 3461">
    <p class='ocr_par' dir='ltr' id='par_1_94' title="bbox 2115 3368 3708 3461">
     <span class='ocr_line' id='line_1_96' title="bbox 2115 3368 3708 3461; baseline 0.023 -37"><span class='ocrx_word' id='word_1_770' title='bbox 2115 3368 2290 3426; x_wconf 89' lang='lat' dir='ltr'><strong>ctibus</strong></span> <span class='ocrx_word' id='word_1_771' title='bbox 2322 3372 2586 3443; x_wconf 89' lang='lat' dir='ltr'><strong>interiret,</strong></span> <span class='ocrx_word' id='word_1_772' title='bbox 2619 3378 2708 3448; x_wconf 93' lang='lat' dir='ltr'><strong>qui</strong></span> <span class='ocrx_word' id='word_1_773' title='bbox 2739 3379 2833 3437; x_wconf 87' lang='lat' dir='ltr'><strong>Dei</strong></span> <span class='ocrx_word' id='word_1_774' title='bbox 2857 3385 3055 3456; x_wconf 92' lang='lat' dir='ltr'><strong>populo</strong></span> <span class='ocrx_word' id='word_1_775' title='bbox 3084 3392 3373 3450; x_wconf 84' lang='lat' dir='ltr'><strong>transiture</strong></span> <span class='ocrx_word' id='word_1_776' title='bbox 3399 3396 3708 3461; x_wconf 56' lang='lat' dir='ltr'><strong>liberanda.</strong></span> 
     </span>
    </p>
   </div>
   <div class='ocr_carea' id='block_1_95' title="bbox 2114 3466 3707 3553">
    <p class='ocr_par' dir='ltr' id='par_1_95' title="bbox 2114 3466 3707 3553">
     <span class='ocr_line' id='line_1_97' title="bbox 2114 3466 3707 3553; baseline 0.025 -41"><span class='ocrx_word' id='word_1_777' title='bbox 2114 3475 2218 3531; x_wconf 88' lang='lat' dir='ltr'><strong>que</strong></span> <span class='ocrx_word' id='word_1_778' title='bbox 2253 3471 2558 3533; x_wconf 90' lang='lat' dir='ltr'><strong>patuerunt.</strong></span> <span class='ocrx_word' id='word_1_779' title='bbox 2589 3466 2689 3535; x_wconf 88' lang='lat' dir='ltr'><strong>Qui</strong></span> <span class='ocrx_word' id='word_1_780' title='bbox 2710 3485 2838 3542; x_wconf 90' lang='lat' dir='ltr'><strong>ergo</strong></span> <span class='ocrx_word' id='word_1_781' title='bbox 2860 3476 3142 3543; x_wconf 81' lang='lat' dir='ltr'><strong>profitetur</strong></span> <span class='ocrx_word' id='word_1_782' title='bbox 3166 3482 3233 3537; x_wconf 90' lang='lat' dir='ltr'><strong>ab</strong></span> <span class='ocrx_word' id='word_1_783' title='bbox 3256 3484 3525 3545; x_wconf 90' lang='lat' dir='ltr'><strong>adulterio</strong></span> <span class='ocrx_word' id='word_1_784' title='bbox 3569 3495 3707 3553; x_wconf 85' lang='lat' dir='ltr'><strong>nolle</strong></span> 
     </span>
    </p>
   </div>
   <div class='ocr_carea' id='block_1_96' title="bbox 2112 3562 3701 3652">
    <p class='ocr_par' dir='ltr' id='par_1_96' title="bbox 2112 3562 3701 3652">
     <span class='ocr_line' id='line_1_98' title="bbox 2112 3562 3701 3652; baseline 0.02 -42"><span class='ocrx_word' id='word_1_785' title='bbox 2112 3568 2173 3610; x_wconf 76' lang='lat' dir='ltr'><strong>Se</strong></span> <span class='ocrx_word' id='word_1_786' title='bbox 2196 3564 2403 3613; x_wconf 90' lang='lat' dir='ltr'><strong>mutare</strong></span> <span class='ocrx_word' id='word_1_787' title='bbox 2422 3600 2437 3625; x_wconf 91' lang='lat'><strong>,</strong></span> <span class='ocrx_word' id='word_1_788' title='bbox 2462 3562 2732 3630; x_wconf 87' lang='lat' dir='ltr'><strong>quomodo</strong></span> <span class='ocrx_word' id='word_1_789' title='bbox 2758 3580 2853 3635; x_wconf 89' lang='lat' dir='ltr'><strong>per</strong></span> <span class='ocrx_word' id='word_1_790' title='bbox 2872 3583 3019 3625; x_wconf 90' lang='lat' dir='ltr'><strong>mare</strong></span> <span class='ocrx_word' id='word_1_791' title='bbox 3040 3571 3280 3631; x_wconf 78' lang='lat' dir='ltr'><strong>Rubrum</strong></span> <span class='ocrx_word' id='word_1_792' title='bbox 3307 3576 3561 3652; x_wconf 89' lang='lat' dir='ltr'><strong>ducetur,</strong></span> <span class='ocrx_word' id='word_1_793' title='bbox 3586 3602 3701 3643; x_wconf 90' lang='lat' dir='ltr'><strong>cum</strong></span> 
     </span>
    </p>
   </div>
   <div class='ocr_carea' id='block_1_97' title="bbox 2111 3644 3704 3734">
    <p class='ocr_par' dir='ltr' id='par_1_97' title="bbox 2111 3644 3704 3734">
     <span class='ocr_line' id='line_1_99' title="bbox 2111 3644 3704 3734; baseline 0.023 -36"><span class='ocrx_word' id='word_1_794' title='bbox 2111 3644 2181 3700; x_wconf 93' lang='lat' dir='ltr'><strong>ab</strong></span> <span class='ocrx_word' id='word_1_795' title='bbox 2206 3645 2441 3720; x_wconf 65' lang='lat' dir='ltr'><strong>Egypto</strong></span> <span class='ocrx_word' id='word_1_796' title='bbox 2466 3651 2643 3709; x_wconf 88' lang='lat' dir='ltr'><strong>adhuc</strong></span> <span class='ocrx_word' id='word_1_797' title='bbox 2669 3667 2881 3713; x_wconf 91' lang='lat' dir='ltr'><strong>recuset</strong></span> <span class='ocrx_word' id='word_1_798' title='bbox 2909 3661 3241 3721; x_wconf 86' lang='lat' dir='ltr'><strong>abscedere?</strong></span> <span class='ocrx_word' id='word_1_799' title='bbox 3264 3668 3463 3729; x_wconf 90' lang='lat' dir='ltr'><strong>Deinde</strong></span> <span class='ocrx_word' id='word_1_800' title='bbox 3482 3644 3602 3731; x_wconf 74' lang='lat' dir='ltr'><strong>non</strong></span> <span class='ocrx_word' id='word_1_801' title='bbox 3628 3688 3704 3734; x_wconf 83' lang='lat' dir='ltr'><strong>at-</strong></span> 
     </span>
    </p>
   </div>
   <div class='ocr_carea' id='block_1_98' title="bbox 2112 3739 3701 3827">
    <p class='ocr_par' dir='ltr' id='par_1_98' title="bbox 2112 3739 3701 3827">
     <span class='ocr_line' id='line_1_100' title="bbox 2112 3739 3701 3827; baseline 0.022 -34"><span class='ocrx_word' id='word_1_802' title='bbox 2112 3739 2338 3797; x_wconf 89' lang='lat' dir='ltr'><strong>tendunt</strong></span> <span class='ocrx_word' id='word_1_803' title='bbox 2357 3744 2410 3798; x_wconf 92' lang='lat' dir='ltr'><strong>in</strong></span> <span class='ocrx_word' id='word_1_804' title='bbox 2439 3760 2502 3800; x_wconf 90' lang='lat' dir='ltr'><strong>ea</strong></span> <span class='ocrx_word' id='word_1_805' title='bbox 2529 3745 2646 3817; x_wconf 85' lang='lat' dir='ltr'><strong>lege</strong></span> <span class='ocrx_word' id='word_1_806' title='bbox 2667 3788 2682 3815; x_wconf 96' lang='lat'><strong>,</strong></span> <span class='ocrx_word' id='word_1_807' title='bbox 2710 3765 2829 3820; x_wconf 74' lang='lat' dir='ltr'><strong>qua:</strong></span> <span class='ocrx_word' id='word_1_808' title='bbox 2858 3763 2983 3822; x_wconf 91' lang='lat' dir='ltr'><strong>post</strong></span> <span class='ocrx_word' id='word_1_809' title='bbox 3004 3758 3282 3815; x_wconf 87' lang='lat' dir='ltr'><strong>transitum</strong></span> <span class='ocrx_word' id='word_1_810' title='bbox 3317 3765 3483 3821; x_wconf 90' lang='lat' dir='ltr'><strong>maris</strong></span> <span class='ocrx_word' id='word_1_811' title='bbox 3532 3769 3701 3827; x_wconf 80' lang='lat' dir='ltr'><strong>Rubri</strong></span> 
     </span>
    </p>
   </div>
   <div class='ocr_carea' id='block_1_99' title="bbox 2110 3832 3699 3926">
    <p class='ocr_par' dir='ltr' id='par_1_99' title="bbox 2110 3832 3699 3926">
     <span class='ocr_line' id='line_1_101' title="bbox 2110 3832 3699 3926; baseline 0.021 -39"><span class='ocrx_word' id='word_1_812' title='bbox 2110 3832 2189 3888; x_wconf 92' lang='lat' dir='ltr'><strong>illi</strong></span> <span class='ocrx_word' id='word_1_813' title='bbox 2218 3836 2416 3906; x_wconf 90' lang='lat' dir='ltr'><strong>populo</strong></span> <span class='ocrx_word' id='word_1_814' title='bbox 2440 3838 2563 3893; x_wconf 87' lang='lat' dir='ltr'><strong>data</strong></span> <span class='ocrx_word' id='word_1_815' title='bbox 2588 3850 2703 3907; x_wconf 92' lang='lat' dir='ltr'><strong>est,</strong></span> <span class='ocrx_word' id='word_1_816' title='bbox 2737 3844 2966 3913; x_wconf 91' lang='lat' dir='ltr'><strong>primum</strong></span> <span class='ocrx_word' id='word_1_817' title='bbox 3002 3863 3124 3906; x_wconf 87' lang='lat' dir='ltr'><strong>esse</strong></span> <span class='ocrx_word' id='word_1_818' title='bbox 3162 3865 3488 3926; x_wconf 70' lang='lat' dir='ltr'><strong>prteceptum</strong></span> <span class='ocrx_word' id='word_1_819' title='bbox 3510 3902 3527 3926; x_wconf 90' lang='lat'><strong>,</strong></span> <span class='ocrx_word' id='word_1_820' title='bbox 3583 3862 3699 3919; x_wconf 86' lang='lat' dir='ltr'><strong>Non</strong></span> 
     </span>
    </p>
   </div>
   <div class='ocr_carea' id='block_1_100' title="bbox 2107 3929 3699 4026">
    <p class='ocr_par' dir='ltr' id='par_1_100' title="bbox 2107 3929 3699 4026">
     <span class='ocr_line' id='line_1_102' title="bbox 2107 3929 3699 4026; baseline 0.019 -47"><span class='ocrx_word' id='word_1_821' title='bbox 2107 3937 2251 3980; x_wconf 87' lang='lat' dir='ltr'><strong>erunt</strong></span> <span class='ocrx_word' id='word_1_822' title='bbox 2276 3929 2364 3982; x_wconf 87' lang='lat' dir='ltr'><strong>tibi</strong></span> <span class='ocrx_word' id='word_1_823' title='bbox 2384 3929 2474 3984; x_wconf 87' lang='lat' dir='ltr'><strong>alii</strong></span> <span class='ocrx_word' id='word_1_824' title='bbox 2499 3931 2572 3985; x_wconf 88' lang='lat' dir='ltr'><strong>dii</strong></span> <span class='ocrx_word' id='word_1_825' title='bbox 2598 3944 2784 4003; x_wconf 71' lang='lat' dir='ltr'><strong>praeter</strong></span> <span class='ocrx_word' id='word_1_826' title='bbox 2802 3953 2900 3992; x_wconf 91' lang='lat' dir='ltr'><strong>me.</strong></span> <span class='ocrx_word' id='word_1_827' title='bbox 2921 3938 3043 3995; x_wconf 89' lang='lat' dir='ltr'><strong>Non</strong></span> <span class='ocrx_word' id='word_1_828' title='bbox 3063 3945 3219 4013; x_wconf 79' lang='lat' dir='ltr'><strong>[acies</strong></span> <span class='ocrx_word' id='word_1_829' title='bbox 3239 3946 3327 4003; x_wconf 83' lang='lat' dir='ltr'><strong>tibi</strong></span> <span class='ocrx_word' id='word_1_830' title='bbox 3355 3949 3517 4019; x_wconf 86' lang='lat' dir='ltr'><strong>idola,</strong></span> <span class='ocrx_word' id='word_1_831' title='bbox 3546 3972 3699 4026; x_wconf 85' lang='lat' dir='ltr'><strong>neque</strong></span> 
     </span>
    </p>
   </div>
   <div class='ocr_carea' id='block_1_101' title="bbox 2105 4018 3689 4114">
    <p class='ocr_par' dir='ltr' id='par_1_101' title="bbox 2105 4018 3689 4114">
     <span class='ocr_line' id='line_1_103' title="bbox 2105 4018 3689 4114; baseline 0.019 -43"><span class='ocrx_word' id='word_1_832' title='bbox 2105 4018 2266 4072; x_wconf 87' lang='lat' dir='ltr'><strong>ullum</strong></span> <span class='ocrx_word' id='word_1_833' title='bbox 2296 4021 2624 4077; x_wconf 88' lang='lat' dir='ltr'><strong>simulacrum</strong></span> <span class='ocrx_word' id='word_1_834' title='bbox 2650 4066 2666 4091; x_wconf 89' lang='lat'><strong>,</strong></span> <span class='ocrx_word' id='word_1_835' title='bbox 2692 4042 3021 4102; x_wconf 62' lang='lat' dir='ltr'><strong>quiscumque</strong></span> <span class='ocrx_word' id='word_1_836' title='bbox 3066 4034 3120 4088; x_wconf 91' lang='lat' dir='ltr'><strong>in</strong></span> <span class='ocrx_word' id='word_1_837' title='bbox 3152 4036 3278 4092; x_wconf 65' lang='lat' dir='ltr'><strong>caelo</strong></span> <span class='ocrx_word' id='word_1_838' title='bbox 3297 4050 3411 4094; x_wconf 86' lang='lat' dir='ltr'><strong>sunt</strong></span> <span class='ocrx_word' id='word_1_839' title='bbox 3437 4060 3647 4100; x_wconf 87' lang='lat' dir='ltr'><strong>sursum</strong></span> <span class='ocrx_word' id='word_1_840' title='bbox 3675 4088 3689 4114; x_wconf 88' lang='lat'><strong>,</strong></span> 
     </span>
    </p>
   </div>
   <div class='ocr_carea' id='block_1_102' title="bbox 2102 4116 3693 4210">
    <p class='ocr_par' dir='ltr' id='par_1_102' title="bbox 2102 4116 3693 4210">
     <span class='ocr_line' id='line_1_104' title="bbox 2102 4116 3693 4210; baseline 0.019 -47"><span class='ocrx_word' id='word_1_841' title='bbox 2102 4122 2148 4165; x_wconf 89' lang='lat' dir='ltr'><strong>et</strong></span> <span class='ocrx_word' id='word_1_842' title='bbox 2167 4128 2489 4183; x_wconf 69' lang='lat' dir='ltr'><strong>quaecumque</strong></span> <span class='ocrx_word' id='word_1_843' title='bbox 2513 4116 2567 4170; x_wconf 90' lang='lat' dir='ltr'><strong>in</strong></span> <span class='ocrx_word' id='word_1_844' title='bbox 2594 4127 2727 4172; x_wconf 86' lang='lat' dir='ltr'><strong>terra</strong></span> <span class='ocrx_word' id='word_1_845' title='bbox 2753 4120 2988 4177; x_wconf 87' lang='lat' dir='ltr'><strong>deorsum</strong></span> <span class='ocrx_word' id='word_1_846' title='bbox 3012 4165 3027 4190; x_wconf 87' lang='lat'><strong>,</strong></span> <span class='ocrx_word' id='word_1_847' title='bbox 3050 4136 3097 4180; x_wconf 89' lang='lat' dir='ltr'><strong>et</strong></span> <span class='ocrx_word' id='word_1_848' title='bbox 3119 4144 3444 4203; x_wconf 72' lang='lat' dir='ltr'><strong>quaecumque</strong></span> <span class='ocrx_word' id='word_1_849' title='bbox 3466 4136 3521 4190; x_wconf 89' lang='lat' dir='ltr'><strong>in</strong></span> <span class='ocrx_word' id='word_1_850' title='bbox 3560 4156 3693 4210; x_wconf 85' lang='lat' dir='ltr'><strong>aqua</strong></span> 
     </span>
    </p>
   </div>
   <div class='ocr_carea' id='block_1_103' title="bbox 2101 4205 3689 4302">
    <p class='ocr_par' dir='ltr' id='par_1_103' title="bbox 2101 4205 3689 4302">
     <span class='ocr_line' id='line_1_105' title="bbox 2101 4205 3689 4302; baseline 0.02 -45"><span class='ocrx_word' id='word_1_851' title='bbox 2101 4214 2149 4259; x_wconf 90' lang='lat' dir='ltr'><strong>et</strong></span> <span class='ocrx_word' id='word_1_852' title='bbox 2172 4205 2264 4260; x_wconf 88' lang='lat' dir='ltr'><strong>sub</strong></span> <span class='ocrx_word' id='word_1_853' title='bbox 2295 4215 2463 4274; x_wconf 85' lang='lat' dir='ltr'><strong>terra;</strong></span> <span class='ocrx_word' id='word_1_854' title='bbox 2494 4225 2596 4265; x_wconf 89' lang='lat' dir='ltr'><strong>non</strong></span> <span class='ocrx_word' id='word_1_855' title='bbox 2614 4211 2851 4271; x_wconf 85' lang='lat' dir='ltr'><strong>adorabis</strong></span> <span class='ocrx_word' id='word_1_856' title='bbox 2866 4232 2926 4270; x_wconf 89' lang='lat' dir='ltr'><strong>ea</strong></span> <span class='ocrx_word' id='word_1_857' title='bbox 2948 4258 2963 4285; x_wconf 91' lang='lat'><strong>,</strong></span> <span class='ocrx_word' id='word_1_858' title='bbox 2997 4235 3153 4289; x_wconf 84' lang='lat' dir='ltr'><strong>neque</strong></span> <span class='ocrx_word' id='word_1_859' title='bbox 3175 4225 3356 4280; x_wconf 80' lang='lat' dir='ltr'><strong>servies</strong></span> <span class='ocrx_word' id='word_1_860' title='bbox 3380 4232 3452 4283; x_wconf 81' lang='lat' dir='ltr'><strong>eis</strong></span> <span class='ocrx_word' id='word_1_861' title='bbox 3487 4205 3689 4302; x_wconf 66' lang='lat' dir='ltr'><strong>(Exod.</strong></span> 
     </span>
    </p>
   </div>
   <div class='ocr_carea' id='block_1_104' title="bbox 2100 4300 3684 4389">
    <p class='ocr_par' dir='ltr' id='par_1_104' title="bbox 2100 4300 3684 4389">
     <span class='ocr_line' id='line_1_106' title="bbox 2100 4300 3684 4389; baseline 0.018 -36"><span class='ocrx_word' id='word_1_862' title='bbox 2100 4314 2202 4366; x_wconf 76' lang='lat' dir='ltr'><strong>xx,</strong></span> <span class='ocrx_word' id='word_1_863' title='bbox 2232 4300 2296 4367; x_wconf 76' lang='grc'><strong>4,</strong></span> <span class='ocrx_word' id='word_1_864' title='bbox 2328 4303 2421 4373; x_wconf 83' lang='grc'><strong>5);</strong></span> <span class='ocrx_word' id='word_1_865' title='bbox 2448 4310 2503 4357; x_wconf 89' lang='lat' dir='ltr'><strong>et</strong></span> <span class='ocrx_word' id='word_1_866' title='bbox 2525 4313 2721 4362; x_wconf 60' lang='lat' dir='ltr'><strong>extera</strong></span> <span class='ocrx_word' id='word_1_867' title='bbox 2749 4307 2817 4362; x_wconf 90' lang='lat' dir='ltr'><strong>ad</strong></span> <span class='ocrx_word' id='word_1_868' title='bbox 2853 4309 2955 4365; x_wconf 89' lang='lat' dir='ltr'><strong>hoc</strong></span> <span class='ocrx_word' id='word_1_869' title='bbox 2984 4326 3307 4385; x_wconf 61' lang='lat' dir='ltr'><strong>praeceptum</strong></span> <span class='ocrx_word' id='word_1_870' title='bbox 3339 4300 3684 4389; x_wconf 86' lang='lat' dir='ltr'><strong>pertinentia.</strong></span> 
     </span>
    </p>
   </div>
   <div class='ocr_carea' id='block_1_105' title="bbox 2097 4390 3685 4482">
    <p class='ocr_par' dir='ltr' id='par_1_105' title="bbox 2097 4390 3685 4482">
     <span class='ocr_line' id='line_1_107' title="bbox 2097 4390 3685 4482; baseline 0.018 -37"><span class='ocrx_word' id='word_1_871' title='bbox 2097 4390 2381 4448; x_wconf 80' lang='lat' dir='ltr'><strong>Afﬁrment</strong></span> <span class='ocrx_word' id='word_1_872' title='bbox 2410 4395 2587 4467; x_wconf 86' lang='lat' dir='ltr'><strong>itaque</strong></span> <span class='ocrx_word' id='word_1_873' title='bbox 2621 4397 2743 4465; x_wconf 89' lang='lat' dir='ltr'><strong>isti,</strong></span> <span class='ocrx_word' id='word_1_874' title='bbox 2791 4400 2837 4455; x_wconf 92' lang='lat' dir='ltr'><strong>si</strong></span> <span class='ocrx_word' id='word_1_875' title='bbox 2860 4402 3072 4472; x_wconf 85' lang='lat' dir='ltr'><strong>volunt,</strong></span> <span class='ocrx_word' id='word_1_876' title='bbox 3101 4416 3285 4463; x_wconf 91' lang='lat' dir='ltr'><strong>contra</strong></span> <span class='ocrx_word' id='word_1_877' title='bbox 3315 4411 3483 4482; x_wconf 84' lang='lat' dir='ltr'><strong>ipsam</strong></span> <span class='ocrx_word' id='word_1_878' title='bbox 3535 4433 3685 4474; x_wconf 88' lang='lat' dir='ltr'><strong>suam</strong></span> 
     </span>
    </p>
   </div>
   <div class='ocr_carea' id='block_1_106' title="bbox 2095 4484 3687 4581">
    <p class='ocr_par' dir='ltr' id='par_1_106' title="bbox 2095 4484 3687 4581">
     <span class='ocr_line' id='line_1_108' title="bbox 2095 4484 3687 4581; baseline 0.016 -42"><span class='ocrx_word' id='word_1_879' title='bbox 2095 4484 2487 4554; x_wconf 89' lang='lat' dir='ltr'><strong>assertionem,</strong></span> <span class='ocrx_word' id='word_1_880' title='bbox 2511 4488 2671 4543; x_wconf 88' lang='lat' dir='ltr'><strong>etiam</strong></span> <span class='ocrx_word' id='word_1_881' title='bbox 2697 4491 2766 4546; x_wconf 91' lang='lat' dir='ltr'><strong>de</strong></span> <span class='ocrx_word' id='word_1_882' title='bbox 2811 4494 2970 4549; x_wconf 91' lang='lat' dir='ltr'><strong>unius</strong></span> <span class='ocrx_word' id='word_1_883' title='bbox 3014 4495 3108 4552; x_wconf 90' lang='lat' dir='ltr'><strong>Dei</strong></span> <span class='ocrx_word' id='word_1_884' title='bbox 3149 4500 3293 4555; x_wconf 90' lang='lat' dir='ltr'><strong>cultu</strong></span> <span class='ocrx_word' id='word_1_885' title='bbox 3339 4507 3687 4581; x_wconf 88' lang='lat' dir='ltr'><strong>cavendaque</strong></span> 
     </span>
    </p>
   </div>
   <div class='ocr_carea' id='block_1_107' title="bbox 2094 4574 3682 4672">
    <p class='ocr_par' dir='ltr' id='par_1_107' title="bbox 2094 4574 3682 4672">
     <span class='ocr_line' id='line_1_109' title="bbox 2094 4574 3682 4672; baseline 0.019 -43"><span class='ocrx_word' id='word_1_886' title='bbox 2094 4574 2395 4631; x_wconf 89' lang='lat' dir='ltr'><strong>idololatria</strong></span> <span class='ocrx_word' id='word_1_887' title='bbox 2415 4617 2429 4643; x_wconf 94' lang='lat'><strong>,</strong></span> <span class='ocrx_word' id='word_1_888' title='bbox 2459 4594 2563 4635; x_wconf 92' lang='lat' dir='ltr'><strong>non</strong></span> <span class='ocrx_word' id='word_1_889' title='bbox 2595 4580 2767 4638; x_wconf 90' lang='lat' dir='ltr'><strong>adhuc</strong></span> <span class='ocrx_word' id='word_1_890' title='bbox 2792 4584 3151 4658; x_wconf 88' lang='lat' dir='ltr'><strong>baptizandis,</strong></span> <span class='ocrx_word' id='word_1_891' title='bbox 3185 4594 3280 4648; x_wconf 90' lang='lat' dir='ltr'><strong>sed</strong></span> <span class='ocrx_word' id='word_1_892' title='bbox 3303 4597 3413 4665; x_wconf 88' lang='lat' dir='ltr'><strong>jam</strong></span> <span class='ocrx_word' id='word_1_893' title='bbox 3444 4574 3682 4672; x_wconf 62' lang='lat' dir='ltr'><strong>baptiza-</strong></span> 
     </span>
    </p>
   </div>
   <div class='ocr_carea' id='block_1_108' title="bbox 2094 4668 3680 4766">
    <p class='ocr_par' dir='ltr' id='par_1_108' title="bbox 2094 4668 3680 4766">
     <span class='ocr_line' id='line_1_110' title="bbox 2094 4668 3680 4766; baseline 0.018 -44"><span class='ocrx_word' id='word_1_894' title='bbox 2094 4668 2162 4724; x_wconf 92' lang='lat' dir='ltr'><strong>tis</strong></span> <span class='ocrx_word' id='word_1_895' title='bbox 2209 4682 2331 4724; x_wconf 89' lang='lat' dir='ltr'><strong>esse</strong></span> <span class='ocrx_word' id='word_1_896' title='bbox 2381 4671 2775 4741; x_wconf 58' lang='lat' dir='ltr'><strong>praedicandum</strong></span> <span class='ocrx_word' id='word_1_897' title='bbox 2809 4695 2823 4731; x_wconf 92' lang='lat'><strong>:</strong></span> <span class='ocrx_word' id='word_1_898' title='bbox 2859 4688 2914 4733; x_wconf 92' lang='lat' dir='ltr'><strong>et</strong></span> <span class='ocrx_word' id='word_1_899' title='bbox 2940 4695 3049 4735; x_wconf 91' lang='lat' dir='ltr'><strong>non</strong></span> <span class='ocrx_word' id='word_1_900' title='bbox 3070 4681 3181 4751; x_wconf 90' lang='lat' dir='ltr'><strong>jam</strong></span> <span class='ocrx_word' id='word_1_901' title='bbox 3226 4686 3439 4755; x_wconf 88' lang='lat' dir='ltr'><strong>dicant,</strong></span> <span class='ocrx_word' id='word_1_902' title='bbox 3474 4668 3552 4748; x_wconf 79' lang='lat' dir='ltr'><strong>eis</strong></span> <span class='ocrx_word' id='word_1_903' title='bbox 3592 4697 3680 4766; x_wconf 90' lang='lat' dir='ltr'><strong>qui</strong></span> 
     </span>
    </p>
   </div>
   <div class='ocr_carea' id='block_1_109' title="bbox 2090 4759 3678 4853">
    <p class='ocr_par' dir='ltr' id='par_1_109' title="bbox 2090 4759 3678 4853">
     <span class='ocr_line' id='line_1_111' title="bbox 2090 4759 3678 4853; baseline 0.018 -39"><span class='ocrx_word' id='word_1_904' title='bbox 2090 4759 2419 4832; x_wconf 86' lang='lat' dir='ltr'><strong>Baptismum</strong></span> <span class='ocrx_word' id='word_1_905' title='bbox 2451 4768 2749 4837; x_wconf 90' lang='lat' dir='ltr'><strong>percepturi</strong></span> <span class='ocrx_word' id='word_1_906' title='bbox 2791 4779 2948 4836; x_wconf 90' lang='lat' dir='ltr'><strong>sunt,</strong></span> <span class='ocrx_word' id='word_1_907' title='bbox 3000 4771 3161 4830; x_wconf 87' lang='lat' dir='ltr'><strong>ﬁdem</strong></span> <span class='ocrx_word' id='word_1_908' title='bbox 3204 4785 3407 4835; x_wconf 90' lang='lat' dir='ltr'><strong>tantum</strong></span> <span class='ocrx_word' id='word_1_909' title='bbox 3459 4799 3579 4853; x_wconf 86' lang='lat' dir='ltr'><strong>quae</strong></span> <span class='ocrx_word' id='word_1_910' title='bbox 3608 4759 3678 4842; x_wconf 64' lang='lat' dir='ltr'><strong>in</strong></span> 
     </span>
    </p>
   </div>
   <div class='ocr_carea' id='block_1_110' title="bbox 2089 4852 3674 4948">
    <p class='ocr_par' dir='ltr' id='par_1_110' title="bbox 2089 4852 3674 4948">
     <span class='ocr_line' id='line_1_112' title="bbox 2089 4852 3674 4948; baseline 0.015 -40"><span class='ocrx_word' id='word_1_911' title='bbox 2089 4852 2261 4909; x_wconf 89' lang='lat' dir='ltr'><strong>Deum</strong></span> <span class='ocrx_word' id='word_1_912' title='bbox 2280 4864 2363 4911; x_wconf 89' lang='lat' dir='ltr'><strong>est</strong></span> <span class='ocrx_word' id='word_1_913' title='bbox 2387 4856 2733 4914; x_wconf 89' lang='lat' dir='ltr'><strong>intimandam</strong></span> <span class='ocrx_word' id='word_1_914' title='bbox 2758 4901 2775 4926; x_wconf 94' lang='lat'><strong>,</strong></span> <span class='ocrx_word' id='word_1_915' title='bbox 2802 4871 2858 4917; x_wconf 92' lang='lat' dir='ltr'><strong>et</strong></span> <span class='ocrx_word' id='word_1_916' title='bbox 2883 4874 3003 4933; x_wconf 90' lang='lat' dir='ltr'><strong>post</strong></span> <span class='ocrx_word' id='word_1_917' title='bbox 3026 4866 3142 4936; x_wconf 88' lang='lat' dir='ltr'><strong>ejus</strong></span> <span class='ocrx_word' id='word_1_918' title='bbox 3182 4852 3516 4930; x_wconf 87' lang='lat' dir='ltr'><strong>Sacramenti</strong></span> <span class='ocrx_word' id='word_1_919' title='bbox 3546 4892 3674 4948; x_wconf 88' lang='lat' dir='ltr'><strong>per-</strong></span> 
     </span>
    </p>
   </div>
   <div class='ocr_carea' id='block_1_111' title="bbox 2088 4948 3671 5041">
    <p class='ocr_par' dir='ltr' id='par_1_111' title="bbox 2088 4948 3671 5041">
     <span class='ocr_line' id='line_1_113' title="bbox 2088 4948 3671 5041; baseline 0.015 -38"><span class='ocrx_word' id='word_1_920' title='bbox 2088 4948 2390 5020; x_wconf 88' lang='lat' dir='ltr'><strong>ceptionem</strong></span> <span class='ocrx_word' id='word_1_921' title='bbox 2418 4950 2486 5007; x_wconf 90' lang='lat' dir='ltr'><strong>de</strong></span> <span class='ocrx_word' id='word_1_922' title='bbox 2508 4952 2747 5008; x_wconf 91' lang='lat' dir='ltr'><strong>moribus</strong></span> <span class='ocrx_word' id='word_1_923' title='bbox 2763 4955 2885 5011; x_wconf 74' lang='lat' dir='ltr'><strong>vitas</strong></span> <span class='ocrx_word' id='word_1_924' title='bbox 2906 4965 3155 5029; x_wconf 88' lang='lat' dir='ltr'><strong>tanquam</strong></span> <span class='ocrx_word' id='word_1_925' title='bbox 3180 4961 3249 5017; x_wconf 88' lang='lat' dir='ltr'><strong>de</strong></span> <span class='ocrx_word' id='word_1_926' title='bbox 3275 4968 3511 5023; x_wconf 90' lang='lat' dir='ltr'><strong>secundo</strong></span> <span class='ocrx_word' id='word_1_927' title='bbox 3538 4985 3671 5041; x_wconf 66' lang='lat' dir='ltr'><strong>prte-</strong></span> 
     </span>
    </p>
   </div>
   <div class='ocr_carea' id='block_1_112' title="bbox 2085 5042 3672 5128">
    <p class='ocr_par' dir='ltr' id='par_1_112' title="bbox 2085 5042 3672 5128">
     <span class='ocr_line' id='line_1_114' title="bbox 2085 5042 3672 5128; baseline 0.014 -32"><span class='ocrx_word' id='word_1_928' title='bbox 2085 5047 2246 5110; x_wconf 87' lang='lat' dir='ltr'><strong>cepto</strong></span> <span class='ocrx_word' id='word_1_929' title='bbox 2265 5056 2358 5097; x_wconf 91' lang='lat' dir='ltr'><strong>eos</strong></span> <span class='ocrx_word' id='word_1_930' title='bbox 2383 5042 2524 5113; x_wconf 90' lang='lat' dir='ltr'><strong>quod</strong></span> <span class='ocrx_word' id='word_1_931' title='bbox 2558 5043 2627 5099; x_wconf 91' lang='lat' dir='ltr'><strong>ad</strong></span> <span class='ocrx_word' id='word_1_932' title='bbox 2657 5044 2995 5104; x_wconf 91' lang='lat' dir='ltr'><strong>dilectionem</strong></span> <span class='ocrx_word' id='word_1_933' title='bbox 3042 5054 3271 5121; x_wconf 82' lang='lat' dir='ltr'><strong>proximi</strong></span> <span class='ocrx_word' id='word_1_934' title='bbox 3320 5060 3548 5128; x_wconf 89' lang='lat' dir='ltr'><strong>pertinet</strong></span> <span class='ocrx_word' id='word_1_935' title='bbox 3588 5063 3672 5117; x_wconf 90' lang='lat' dir='ltr'><strong>in-</strong></span> 
     </span>
    </p>
   </div>
   <div class='ocr_carea' id='block_1_113' title="bbox 2086 5133 3672 5227">
    <p class='ocr_par' dir='ltr' id='par_1_113' title="bbox 2086 5133 3672 5227">
     <span class='ocr_line' id='line_1_115' title="bbox 2086 5133 3672 5227; baseline 0.016 -40"><span class='ocrx_word' id='word_1_936' title='bbox 2086 5133 2391 5190; x_wconf 90' lang='lat' dir='ltr'><strong>struendos.</strong></span> <span class='ocrx_word' id='word_1_937' title='bbox 2420 5135 2716 5209; x_wconf 88' lang='lat' dir='ltr'><strong>Utrumque</strong></span> <span class='ocrx_word' id='word_1_938' title='bbox 2742 5140 2885 5196; x_wconf 89' lang='lat' dir='ltr'><strong>enim</strong></span> <span class='ocrx_word' id='word_1_939' title='bbox 2912 5142 2997 5199; x_wconf 82' lang='lat' dir='ltr'><strong>lex</strong></span> <span class='ocrx_word' id='word_1_940' title='bbox 3023 5148 3294 5218; x_wconf 89' lang='lat' dir='ltr'><strong>continet,</strong></span> <span class='ocrx_word' id='word_1_941' title='bbox 3343 5168 3498 5223; x_wconf 85' lang='lat' dir='ltr'><strong>quam</strong></span> <span class='ocrx_word' id='word_1_942' title='bbox 3549 5166 3672 5227; x_wconf 90' lang='lat' dir='ltr'><strong>post</strong></span> 
     </span>
    </p>
   </div>
   <div class='ocr_carea' id='block_1_114' title="bbox 2084 5228 3667 5317">
    <p class='ocr_par' dir='ltr' id='par_1_114' title="bbox 2084 5228 3667 5317">
     <span class='ocr_line' id='line_1_116' title="bbox 2084 5228 3667 5317; baseline 0.015 -34"><span class='ocrx_word' id='word_1_943' title='bbox 2084 5241 2234 5283; x_wconf 89' lang='lat' dir='ltr'><strong>mare</strong></span> <span class='ocrx_word' id='word_1_944' title='bbox 2264 5228 2501 5285; x_wconf 84' lang='lat' dir='ltr'><strong>Rubrum</strong></span> <span class='ocrx_word' id='word_1_945' title='bbox 2528 5239 2779 5303; x_wconf 88' lang='lat' dir='ltr'><strong>tanquam</strong></span> <span class='ocrx_word' id='word_1_946' title='bbox 2806 5244 2929 5305; x_wconf 88' lang='lat' dir='ltr'><strong>post</strong></span> <span class='ocrx_word' id='word_1_947' title='bbox 2946 5236 3277 5309; x_wconf 89' lang='lat' dir='ltr'><strong>Baptismum</strong></span> <span class='ocrx_word' id='word_1_948' title='bbox 3310 5248 3532 5317; x_wconf 90' lang='lat' dir='ltr'><strong>populus</strong></span> <span class='ocrx_word' id='word_1_949' title='bbox 3574 5265 3667 5305; x_wconf 82' lang='lat' dir='ltr'><strong>ac-</strong></span> 
     </span>
    </p>
   </div>
   <div class='ocr_carea' id='block_1_115' title="bbox 2080 5318 3666 5407">
    <p class='ocr_par' dir='ltr' id='par_1_115' title="bbox 2080 5318 3666 5407">
     <span class='ocr_line' id='line_1_117' title="bbox 2080 5318 3666 5407; baseline 0.015 -33"><span class='ocrx_word' id='word_1_950' title='bbox 2080 5318 2257 5389; x_wconf 87' lang='lat' dir='ltr'><strong>cepit;</strong></span> <span class='ocrx_word' id='word_1_951' title='bbox 2282 5335 2381 5375; x_wconf 92' lang='lat' dir='ltr'><strong>nec</strong></span> <span class='ocrx_word' id='word_1_952' title='bbox 2424 5321 2496 5376; x_wconf 87' lang='lat' dir='ltr'><strong>ita</strong></span> <span class='ocrx_word' id='word_1_953' title='bbox 2541 5322 2677 5379; x_wconf 88' lang='lat' dir='ltr'><strong>facta</strong></span> <span class='ocrx_word' id='word_1_954' title='bbox 2706 5333 2790 5380; x_wconf 91' lang='lat' dir='ltr'><strong>est</strong></span> <span class='ocrx_word' id='word_1_955' title='bbox 2833 5327 3137 5387; x_wconf 88' lang='lat' dir='ltr'><strong>distributio</strong></span> <span class='ocrx_word' id='word_1_956' title='bbox 3163 5346 3575 5407; x_wconf 57' lang='lat' dir='ltr'><strong>praeceptorum,</strong></span> <span class='ocrx_word' id='word_1_957' title='bbox 3605 5350 3666 5398; x_wconf 91' lang='lat' dir='ltr'><strong>ut</strong></span> 
     </span>
    </p>
   </div>
   <div class='ocr_carea' id='block_1_116' title="bbox 2079 5411 3659 5490">
    <p class='ocr_par' dir='ltr' id='par_1_116' title="bbox 2079 5411 3659 5490">
     <span class='ocr_line' id='line_1_118' title="bbox 2079 5411 3659 5490; baseline 0.016 -27"><span class='ocrx_word' id='word_1_958' title='bbox 2079 5420 2201 5466; x_wconf 89' lang='lat' dir='ltr'><strong>ante</strong></span> <span class='ocrx_word' id='word_1_959' title='bbox 2244 5411 2385 5467; x_wconf 91' lang='lat' dir='ltr'><strong>illius</strong></span> <span class='ocrx_word' id='word_1_960' title='bbox 2438 5415 2601 5470; x_wconf 90' lang='lat' dir='ltr'><strong>maris</strong></span> <span class='ocrx_word' id='word_1_961' title='bbox 2641 5419 2921 5476; x_wconf 88' lang='lat' dir='ltr'><strong>transitum</strong></span> <span class='ocrx_word' id='word_1_962' title='bbox 2968 5422 3035 5478; x_wconf 92' lang='lat' dir='ltr'><strong>de</strong></span> <span class='ocrx_word' id='word_1_963' title='bbox 3083 5427 3318 5484; x_wconf 90' lang='lat' dir='ltr'><strong>cavenda</strong></span> <span class='ocrx_word' id='word_1_964' title='bbox 3367 5430 3659 5490; x_wconf 87' lang='lat' dir='ltr'><strong>idololatria</strong></span> 
     </span>
    </p>
   </div>
   <div class='ocr_carea' id='block_1_117' title="bbox 2080 5506 3660 5590">
    <p class='ocr_par' dir='ltr' id='par_1_117' title="bbox 2080 5506 3660 5590">
     <span class='ocr_line' id='line_1_119' title="bbox 2080 5506 3660 5590; baseline 0.015 -31"><span class='ocrx_word' id='word_1_965' title='bbox 2080 5506 2229 5575; x_wconf 88' lang='lat' dir='ltr'><strong>plebs</strong></span> <span class='ocrx_word' id='word_1_966' title='bbox 2248 5506 2552 5577; x_wconf 85' lang='lat' dir='ltr'><strong>doceretur,</strong></span> <span class='ocrx_word' id='word_1_967' title='bbox 2576 5519 2631 5566; x_wconf 91' lang='lat' dir='ltr'><strong>et</strong></span> <span class='ocrx_word' id='word_1_968' title='bbox 2660 5522 3005 5586; x_wconf 89' lang='lat' dir='ltr'><strong>posteaquam</strong></span> <span class='ocrx_word' id='word_1_969' title='bbox 3036 5521 3389 5590; x_wconf 86' lang='lat' dir='ltr'><strong>transierunt,</strong></span> <span class='ocrx_word' id='word_1_970' title='bbox 3419 5525 3660 5583; x_wconf 87' lang='lat' dir='ltr'><strong>audirent</strong></span> 
     </span>
    </p>
   </div>
   <div class='ocr_carea' id='block_1_118' title="bbox 2078 5597 3654 5689">
    <p class='ocr_par' dir='ltr' id='par_1_118' title="bbox 2078 5597 3654 5689">
     <span class='ocr_line' id='line_1_120' title="bbox 2078 5597 3654 5689; baseline 0.014 -37"><span class='ocrx_word' id='word_1_971' title='bbox 2078 5597 2444 5656; x_wconf 90' lang='lat' dir='ltr'><strong>honorandum</strong></span> <span class='ocrx_word' id='word_1_972' title='bbox 2500 5613 2704 5673; x_wconf 90' lang='lat' dir='ltr'><strong>patrem</strong></span> <span class='ocrx_word' id='word_1_973' title='bbox 2732 5617 2787 5662; x_wconf 91' lang='lat' dir='ltr'><strong>et</strong></span> <span class='ocrx_word' id='word_1_974' title='bbox 2810 5617 3067 5678; x_wconf 87' lang='lat' dir='ltr'><strong>matrem,</strong></span> <span class='ocrx_word' id='word_1_975' title='bbox 3102 5629 3208 5669; x_wconf 91' lang='lat' dir='ltr'><strong>non</strong></span> <span class='ocrx_word' id='word_1_976' title='bbox 3238 5618 3606 5674; x_wconf 68' lang='lat' dir='ltr'><strong>moechandum</strong></span> <span class='ocrx_word' id='word_1_977' title='bbox 3636 5662 3654 5689; x_wconf 89' lang='lat'><strong>,</strong></span> 
     </span>
    </p>
   </div>
   <div class='ocr_carea' id='block_1_119' title="bbox 2075 5692 3654 5780">
    <p class='ocr_par' dir='ltr' id='par_1_119' title="bbox 2075 5692 3654 5780">
     <span class='ocr_line' id='line_1_121' title="bbox 2075 5692 3654 5780; baseline 0.016 -37"><span class='ocrx_word' id='word_1_978' title='bbox 2075 5704 2181 5745; x_wconf 91' lang='lat' dir='ltr'><strong>non</strong></span> <span class='ocrx_word' id='word_1_979' title='bbox 2211 5692 2592 5762; x_wconf 87' lang='lat' dir='ltr'><strong>occidendum,</strong></span> <span class='ocrx_word' id='word_1_980' title='bbox 2635 5707 2689 5752; x_wconf 91' lang='lat' dir='ltr'><strong>et</strong></span> <span class='ocrx_word' id='word_1_981' title='bbox 2726 5709 2920 5758; x_wconf 63' lang='lat' dir='ltr'><strong>caetera</strong></span> <span class='ocrx_word' id='word_1_982' title='bbox 2969 5704 3121 5761; x_wconf 78' lang='lat' dir='ltr'><strong>bona:</strong></span> <span class='ocrx_word' id='word_1_983' title='bbox 3151 5716 3309 5780; x_wconf 89' lang='lat' dir='ltr'><strong>atque</strong></span> <span class='ocrx_word' id='word_1_984' title='bbox 3358 5710 3654 5768; x_wconf 86' lang='lat' dir='ltr'><strong>innocentis</strong></span> 
     </span>
    </p>
   </div>
   <div class='ocr_carea' id='block_1_120' title="bbox 2075 5785 2790 5848">
    <p class='ocr_par' dir='ltr' id='par_1_120' title="bbox 2075 5785 2790 5848">
     <span class='ocr_line' id='line_1_122' title="bbox 2075 5785 2790 5848; baseline 0.014 -12"><span class='ocrx_word' id='word_1_985' title='bbox 2075 5785 2499 5845; x_wconf 78' lang='lat' dir='ltr'><strong>conversationis</strong></span> <span class='ocrx_word' id='word_1_986' title='bbox 2525 5788 2790 5848; x_wconf 77' lang='lat' dir='ltr'><strong>humanae.</strong></span> 
     </span>
    </p>
   </div>
   <div class='ocr_carea' id='block_1_121' title="bbox 3813 0 3882 6277">
    <p class='ocr_par' dir='ltr' id='par_1_121' title="bbox 3876 2222 3882 4643">
     <span class='ocr_line' id='line_1_123' title="bbox 3879 2222 3882 2238; baseline 0 0"><span class='ocrx_word' id='word_1_987' title='bbox 3879 2222 3882 2238; x_wconf 83' lang='grc' dir='ltr'>ι</span> 
     </span>
     <span class='ocr_line' id='line_1_124' title="bbox 3880 2302 3882 2327; baseline 0 0"><span class='ocrx_word' id='word_1_988' title='bbox 3880 2302 3882 2327; x_wconf 96' lang='grc' dir='ltr'><strong>Ι</strong></span> 
     </span>
     <span class='ocr_line' id='line_1_125' title="bbox 3879 3142 3882 3165; baseline 0 0"><span class='ocrx_word' id='word_1_989' title='bbox 3879 3142 3882 3165; x_wconf 90' lang='grc' dir='ltr'><strong>Ι</strong></span> 
     </span>
     <span class='ocr_line' id='line_1_126' title="bbox 3879 3228 3882 3259; baseline 0 0"><span class='ocrx_word' id='word_1_990' title='bbox 3879 3228 3882 3259; x_wconf 88' lang='grc' dir='ltr'><strong>Ι</strong></span> 
     </span>
     <span class='ocr_line' id='line_1_127' title="bbox 3879 3320 3882 3349; baseline 0 0"><span class='ocrx_word' id='word_1_991' title='bbox 3879 3320 3882 3349; x_wconf 90' lang='grc' dir='ltr'><strong>Ι</strong></span> 
     </span>
     <span class='ocr_line' id='line_1_128' title="bbox 3876 3418 3882 3444; baseline 0 0"><span class='ocrx_word' id='word_1_992' title='bbox 3876 3418 3882 3444; x_wconf 77' lang='grc' dir='ltr'><strong>Ι</strong></span> 
     </span>
     <span class='ocr_line' id='line_1_129' title="bbox 3878 3516 3882 3536; baseline 0 0"><span class='ocrx_word' id='word_1_993' title='bbox 3878 3516 3882 3536; x_wconf 89' lang='grc' dir='ltr'><strong>Ι</strong></span> 
     </span>
     <span class='ocr_line' id='line_1_130' title="bbox 3878 3796 3882 3811; baseline 0 0"><span class='ocrx_word' id='word_1_994' title='bbox 3878 3796 3882 3811; x_wconf 89' lang='lat' dir='ltr'><strong>l</strong></span> 
     </span>
     <span class='ocr_line' id='line_1_131' title="bbox 3880 4438 3882 4455; baseline 0 0"><span class='ocrx_word' id='word_1_995' title='bbox 3880 4438 3882 4455; x_wconf 99' lang='lat'><strong><em>|</em></strong></span> 
     </span>
     <span class='ocr_line' id='line_1_132' title="bbox 3880 4624 3882 4643; baseline 0 0"><span class='ocrx_word' id='word_1_996' title='bbox 3880 4624 3882 4643; x_wconf 97' lang='grc' dir='ltr'><strong>Ι</strong></span> 
     </span>
    </p>
   </div>
  </div>
