3882 6286
147 437 246 494 209

210 546 427 605 CAPUT
454 542 557 600 XII.
590 543 769 599 ν-18,
814 540 1197 597 Incommodum
1222 558 1371 614 grave
1396 542 1448 595 in
1497 542 1707 595 adversa

143 642 397 698 sententia.
424 638 474 692 Si
500 652 627 709 ergo
649 636 720 691 ita
750 635 975 705 quisque
1002 636 1183 690 veniat
1207 635 1275 690 ad
1314 634 1480 689 sancti
1513 634 1707 688 lavacri

143 732 472 804 petitionem,
501 738 557 784 ut
585 729 900 798 profiteatur
944 742 1004 783 se
1045 727 1112 782 ab
1142 726 1404 783 idolorum
1435 726 1710 783 sacriﬁciis

148 839 248 879 nou
272 835 628 885 recessurum,
660 818 764 874 nisi
804 818 939 874 forte
978 828 1162 889 postea
1189 818 1401 889 quando
1430 818 1708 888 placuerit,

142 914 454 985 Baptismum
479 920 655 966 tamen
673 910 785 980 jam
806 910 1022 980 jamque
1042 908 1315 979 deposcat,
1347 910 1711 980 templumque

136 1008 230 1063 Dei
257 1004 360 1061 vivi
385 1019 440 1061 se
461 1003 574 1059 ﬁeri
601 1001 844 1074 flagitet,
877 1016 983 1056 non
1012 1001 1188 1057 solum
1220 1002 1394 1057 cultor
1418 1000 1708 1066 idolorum,

141 1113 316 1155 verum
345 1097 499 1153 etiam
519 1096 573 1151 in
592 1096 773 1165 aliquo
795 1103 904 1150 tam
927 1093 1133 1150 nefario
1161 1093 1463 1149 sacerdotio
1485 1093 1503 1125 ¹
1531 1108 1713 1164 perse-

144 1206 355 1255 verans;
377 1204 552 1260 qumro
572 1188 776 1243 abistis
801 1196 979 1243 utrum
999 1202 1120 1242 eum
1152 1185 1450 1241 faciendum
1493 1185 1575 1240 vel
1620 1199 1713 1240 ca-

144 1268 503 1339 techumenum
530 1289 827 1337 censeant:
853 1280 996 1351 quod
1047 1281 1228 1351 procul
1270 1279 1431 1334 dubio
1467 1280 1578 1334 ﬁeri
1606 1294 1712 1333 non

145 1374 329 1430 debere
351 1371 672 1428 clamabunt.
694 1370 879 1441 Neque
898 1371 1041 1426 enim
1060 1370 1200 1425 aliud
1217 1370 1285 1426 de
1311 1370 1523 1425 illorum
1552 1368 1714 1424 corde

144 1465 465 1521 sentiendum
495 1473 598 1521 est.
626 1464 871 1520 Reddam
910 1464 1089 1535 itaque
1127 1464 1391 1520 rationem
1420 1462 1714 1520 secundum

147 1556 434 1614 tesﬁmonia
456 1556 870 1626 Scripturarum,
899 1571 1017 1625 quae
1042 1555 1121 1611 sic
1146 1556 1488 1626 intelligenda
1508 1562 1712 1626 putant,

144 1664 242 1720 quo
263 1648 423 1704 modo
442 1648 564 1704 huic
590 1647 825 1703 audeant
849 1646 1220 1702 contradicere
1241 1690 1255 1714 ,
1302 1662 1401 1702 nec
1430 1646 1717 1701 admitten-

146 1740 259 1796 dum
286 1755 405 1796 esse
456 1738 777 1795 conﬁrment
818 1738 1193 1795 reclamantem
1220 1748 1379 1809 atque
1403 1738 1670 1794 dicentem
1697 1754 1712 1792 :

148 1831 299 1886 Didici
320 1838 375 1887 et
396 1844 625 1886 veneror
643 1829 914 1886 Christum
939 1829 1253 1885 cruciﬁxum
1273 1873 1287 1897 ,
1335 1830 1497 1885 credo
1524 1828 1716 1884 Filium

149 1921 375 1978 Deiesse
417 1921 689 1979 Christum
735 1922 953 1989 Jesum;
986 1939 1093 1978 non
1140 1938 1229 1978 me
1272 1924 1409 1978 ultra
1454 1923 1671 1979 differas
1698 1964 1714 1989 ,

153 2013 266 2067 nihil
291 2013 518 2084 amplius
536 2015 646 2083 jam
672 2014 936 2085 requiras.
964 2013 1111 2081 Quos
1134 2031 1229 2085 per
1252 2014 1601 2085 Evangelium
1625 2030 1719 2086 ge-

153 2105 354 2160 nerabat
400 2106 731 2177 Apostolus,
785 2107 919 2161 nihil
968 2121 1061 2162 eos
1111 2121 1272 2161 nosse
1318 2116 1443 2162 tunc
1490 2107 1720 2178 amplius

153 2212 291 2267 quam
315 2195 585 2253 Christum
606 2196 918 2253 cruciﬁxum
948 2198 1195 2259 volebat;
1229 2207 1349 2268 post
1376 2214 1562 2254 vocem
1585 2198 1720 2269 Spa-

155 2287 446 2358 donis,qua
475 2302 537 2343 se
585 2286 805 2343 credere
832 2287 1016 2343 Iesum
1060 2286 1330 2344 Christum
1378 2288 1572 2344 Filium
1622 2288 1718 2345 Dei

159 2393 258 2433 esse
278 2378 570 2449 respondit,
593 2379 850 2435 continuo
871 2379 1145 2450 Philippus
1166 2394 1288 2435 eum
1318 2380 1589 2450 baptizare
1612 2396 1720 2436 non

162 2469 371 2525 distulit:
398 2470 527 2541 quid
559 2486 647 2527 me
675 2472 744 2527 ab
772 2471 1033 2526 idolorum
1074 2473 1222 2526 cultu
1274 2473 1527 2543 prohibes
1549 2515 1566 2543 ,
1620 2490 1721 2531 nec

167 2563 218 2617 ad
254 2574 638 2620 sacramentum
691 2563 891 2620 Christi
931 2564 1199 2631 admittis,
1241 2565 1549 2638 priusquam
1597 2567 1720 2623 inde

172 2654 465 2711 discessero?
490 2657 629 2711 Illud
654 2672 683 2710 a
712 2657 939 2727 pueritia
966 2657 1162 2725 didici,
1215 2659 1605 2716 consuetudine
1647 2660 1720 2716 ibi

180 2750 435 2817 gravissima
461 2764 685 2820 premor
711 2766 725 2803 :
748 2750 938 2804 faciam
967 2764 1088 2805 cum
1116 2758 1341 2821 potuero
1367 2793 1382 2817 ,
1414 2766 1535 2806 cum
1563 2766 1722 2808 com-

180 2826 345 2894 modum
371 2839 567 2905 fuerit;
590 2839 735 2912 quod
763 2840 864 2895 etsi
888 2856 991 2896 non
1014 2841 1203 2897 faciam
1230 2884 1245 2907 ,
1274 2856 1381 2898 non
1400 2851 1577 2899 tamen
1606 2843 1723 2901 sine

175 2927 331 2985 Christi
351 2942 694 2988 sacramento
718 2932 859 2987 hanc
888 2933 1049 2987 vitam
1082 2932 1262 2988 ﬁniam
1282 2974 1296 2997 ,
1328 2948 1397 2989 ne
1421 2934 1561 2989 Deus
1607 2935 1724 2991 exi-

171 3022 239 3091 gat
261 3025 474 3081 animam
524 3041 704 3081 meam
733 3024 801 3081 de
844 3026 1090 3082 manibus
1129 3028 1252 3082 tuis.
1282 3026 1420 3095 Quid
1461 3026 1585 3083 huic
1636 3044 1725 3085 re-

171 3116 497 3183 spondendum
553 3118 904 3174 existimant?
942 3120 1024 3174 An
1055 3120 1228 3190 placet
1268 3128 1328 3175 ut
1367 3119 1724 3178 admittatur?

170 3206 323 3262 Absit:
346 3209 491 3266 nullo
515 3209 681 3266 modo
696 3210 1014 3267 crediderim
1035 3212 1088 3266 iu
1112 3220 1316 3273 tantum
1338 3228 1431 3269 eos
1453 3215 1720 3286 progredi.

172 3294 281 3363 Quid
303 3314 422 3371 ergo
442 3300 849 3370 respondebunt
870 3300 984 3356 haec
1004 3301 1201 3357 dicenti
1223 3343 1239 3368 ,
1273 3312 1327 3358 et
1351 3303 1566 3359 addenti
1583 3306 1724 3376 quod

172 3388 277 3443 nihil
300 3391 391 3446 sibi
416 3392 484 3448 de
509 3392 813 3449 idololatria
827 3393 1171 3464 relinquenda
1198 3394 1384 3449 saltem
1413 3394 1516 3451 dici
1544 3395 1726 3452 debuit

174 3486 275 3535 ante
300 3480 621 3553 Baptismum
644 3525 657 3550 ,
682 3484 820 3538 sicut
838 3484 969 3539 nihil
1000 3484 1124 3539 inde
1154 3493 1278 3540 ante
1307 3500 1456 3541 mare
1484 3486 1723 3544 Rubrum

172 3571 364 3639 pupulas
388 3575 474 3630 ille
494 3575 707 3648 primus
725 3576 964 3643 audivit,
994 3578 1247 3648 quoniam
1271 3579 1354 3636 lex
1384 3579 1488 3636 hoc
1517 3580 1719 3651 habet,

173 3675 305 3730 quam
330 3681 390 3720 ex
414 3666 651 3739 Egypto
667 3668 777 3738 jam
817 3668 1073 3725 liberatus
1111 3671 1336 3741 accepit.
1369 3671 1617 3729 Profecto
1638 3674 1725 3730 di-

176 3752 288 3807 cturi
320 3766 435 3811 sunt
480 3758 688 3814 homini
719 3758 1038 3830 :Templum
1086 3761 1180 3816 Dei
1222 3761 1432 3818 futurus
1460 3779 1552 3831 es,
1601 3780 1724 3823 cum

178 3840 466 3913 Baptismum
494 3865 805 3920 acceperis;
844 3851 975 3907 dicit
1017 3860 1193 3908 autem
1238 3855 1558 3923 Apostolus,
1596 3856 1723 3922 Qua:

179 3940 433 4007 compositio
459 3944 648 4014 templo
676 3941 773 3997 Dei
800 3960 917 3997 cum
956 3944 1109 3998 idolis
1158 3943 1226 4018 (Il
1274 3944 1393 4000 Cor.
1443 3962 1531 4013 vr,
1588 3948 1721 4019 16)?

180 4023 326 4092 Quare
343 4046 460 4102 ergo
480 4050 585 4090 non
604 4033 788 4090 vident
807 4035 1053 4091 similiter
1071 4051 1191 4092 esse
1213 4037 1496 4094 dicendum
1526 4057 1538 4095 :
1564 4040 1726 4097 Mem-

182 4116 308 4174 brum
330 4121 514 4182 Christi
542 4127 756 4182 futurus
783 4142 842 4183 es
862 4168 877 4194 ,
905 4143 1027 4183 cum
1061 4131 1331 4199 acceperis
1359 4130 1722 4201 Baptismum;

182 4225 270 4266 non
294 4230 495 4283 possunt
510 4220 758 4275 membra
772 4220 969 4277 Christi
989 4236 1109 4277 esse
1126 4224 1363 4279 membra
1391 4226 1727 4283 meretricis?

185 4300 293 4368 Quia
314 4308 475 4365 ethoc
495 4312 787 4382 Apostolus
814 4311 982 4367 dicit:
1006 4313 1095 4383 qui
1117 4322 1171 4369 et
1188 4315 1295 4369 alio
1326 4315 1444 4370 loco
1466 4357 1483 4382 ,
1514 4314 1691 4373 Nolite
1707 4359 1725 4387 ,

188 4389 361 4464 inquit,
384 4416 585 4467 errare;
632 4418 790 4471 neque
830 4403 1194 4473 fornicatores,
1222 4421 1383 4476 neque
1425 4406 1577 4462 idolis
1622 4425 1730 4464 ser-

188 4484 369 4555 vientes,
410 4502 462 4548 et
488 4503 683 4551 cratera
727 4510 849 4564 quae
889 4494 998 4551 illic
1025 4505 1345 4563 enumerat,
1398 4515 1609 4570 regnum
1632 4499 1731 4556 Dei

192 4582 486 4644 possidebunt.
515 4586 627 4642 Cur
646 4602 776 4657 ergo
799 4587 865 4643 ad
889 4586 1215 4655 Baptismum
1243 4588 1399 4644 idolis
1434 4592 1730 4648 servientes

195 4683 280 4725 non
312 4674 655 4743 admittimus,
704 4689 760 4735 et
787 4680 1136 4736 fornicatores
1184 4681 1547 4737 admittendos
1572 4693 1731 4754 puta-

198 4774 321 4832 mus,
345 4781 526 4827 cumet
561 4772 646 4827 his
673 4782 729 4828 et
746 4774 958 4829 cretcris
1003 4774 1157 4831 malis
1185 4774 1361 4842 dicat,
1390 4773 1458 4830 Et
1486 4776 1595 4832 hau:
1618 4780 1732 4850 qui-

201 4854 292 4909 dam
316 4861 491 4932 fuistis,
517 4867 605 4921 sed
624 4866 782 4921 abluti
809 4868 956 4935 estis,
1001 4868 1090 4923 sed
1115 4869 1417 4938 sanctiﬁcati
1467 4870 1584 4925 estis
1602 4914 1617 4937 ,
1640 4871 1731 4926 sed

197 4946 418 5019 iﬂtliﬁcati
434 4959 546 5013 estis
572 4961 626 5015 in
650 4962 852 5015 nomine
877 4959 1086 5015 Domini
1105 4960 1232 5015 Iesu
1256 4961 1445 5017 Christi
1473 4964 1593 5019 etin
1614 4966 1730 5035 spi-

203 5041 280 5094 ritu
304 5043 386 5101 Dei
408 5054 555 5108 nostri
581 5054 624 5124 (I
656 5053 774 5109 Cor.
803 5070 855 5109 Vl
875 5096 891 5122 ,
926 5055 992 5110 15
1016 5098 1029 5123 ,
1055 5053 1089 5110 9
1110 5097 1127 5122 ,
1154 5054 1222 5111 10
1243 5097 1259 5123 ,
1292 5056 1428 5127 II)?
1456 5057 1593 5125 Quid
1633 5058 1730 5129 igi-

206 5138 273 5223 tur
292 5151 441 5196 causa:
467 5154 545 5200 est
575 5156 632 5201 ut
656 5161 778 5204 cum
808 5155 1045 5217 potestas
1069 5155 1250 5219 pateat
1288 5158 1572 5221 utrumque
1598 5166 1730 5223 pro-

208 5217 408 5298 hibendi,
436 5238 723 5294 venientem
747 5237 814 5293 ad
849 5217 1183 5309 Baptismum
1213 5217 1517 5310 permittam
1566 5217 1732 5299 forni-

210 5316 371 5376 cariem
390 5338 715 5397 permanere,
737 5340 793 5386 et
828 5346 935 5387 non
973 5333 1277 5401 permittam
1303 5332 1460 5388 idolis
1494 5336 1732 5391 servien-

212 5410 327 5497 ιξῖως
352 5428 458 5473 cum
484 5430 536 5475 et
560 5422 662 5478 illis
686 5433 742 5479 et
768 5424 875 5478 illis
894 5423 998 5479 dici
1020 5423 1231 5480 audiam
1258 5466 1273 5491 ,
1302 5424 1370 5479 Et
1390 5425 1497 5480 hac
1521 5427 1728 5497 quidam

216 5492 372 5570 fuistis,
399 5511 476 5563 sed
500 5512 650 5569 abluti
694 5516 856 5571 estis?
890 5514 996 5571 Sed
1028 5531 1093 5572 eo
1121 5526 1403 5573 moventur
1455 5492 1575 5585 isti,
1607 5518 1729 5588 quia

218 5598 363 5653 Putant
397 5614 505 5659 esse
545 5606 597 5660 in
640 5617 752 5663 tuto
795 5609 1020 5664 salutem
1070 5624 1295 5678 eorum,
1342 5608 1586 5680 quamvis
1633 5625 1733 5681 per

268 5744 373 5829 {iis
392 5756 583 5810 melioris
604 5770 848 5829 nominas.
878 5764 1073 5824 quidam
1098 5764 1307 5829 addunt,
1341 5762 1579 5829 sacrilego
1606 5776 1624 5815 :
1648 5763 1731 5829 alii

222 5811 348 5927 Eg?“
368 5828 442 5875 ιιτο
454 5854 467 5875 ,
504 5811 759 5876 stu'crdotio
775 5811 1275 5888 ,"i.a;.;..i,“s.suaé:
1294 5811 1307 5825 '
1320 5811 1731 5887 renitatem:

1536 421 1737 478 LIBER
1777 420 1979 479 UNUS.

3295 427 3406 489 9th

1818 538 2013 608 ignem,
2034 540 2122 609 qui
2150 540 2203 595 in
2231 537 2505 597 Christum
2531 539 2874 610 crediderint,
2893 542 3404 622 Sacramentumque

1817 630 1933 700 ejus
1961 633 2303 701 acceperint,
2334 632 2387 689 id
2413 644 2497 690 est
2520 634 2770 706 baptizati
2801 635 3025 703 fuerint,
3048 640 3257 696 etiamsi
3280 657 3402 697 mo-

1817 737 1935 776 rum
1967 723 2405 794 corrigendorum
2434 726 2503 781 ita
2531 726 2863 798 negligentes
2884 729 2993 783 sint
3014 771 3029 795 ,
3060 739 3118 785 ut
3159 734 3404 803 nequiter

1817 812 2015 867 vivant.
2044 813 2197 870 Unde
2231 830 2356 871 mox
2384 816 2613 883 videbo,
2646 818 2692 873 si
2718 818 2858 875 Deus
2878 818 3109 890 juverit,
3149 822 3279 894 quid
3317 838 3407 881 se-

1817 902 2049 957 cundum
2080 904 2387 976 Scripturas
2415 907 2756 964 sentiendum
2779 909 2869 965 sit.

1889 993 2113 1051 CAPUT
2153 996 2292 1054 XIII.
2313 1029 2385 1040 -—
2410 1000 2495 1056 l9.
2516 1000 2849 1071 Baptizandis
2876 1014 3130 1076 prtecepta
3153 1023 3351 1062 morum
3375 1025 3409 1062 α

1816 1084 2016 1142 Joanne
2047 1090 2253 1144 tradita.
2282 1091 2363 1145 Ad
2390 1093 2792 1164 consequendam
2819 1095 2973 1149 vitam
3000 1106 3240 1171 retentam
3271 1114 3411 1170 prte-

1819 1188 1965 1247 cepta
2007 1181 2195 1234 servari
2230 1182 2385 1252 jussit
2422 1181 2671 1239 Christus.
2691 1184 2841 1240 Nunc
2884 1186 2937 1241 in
2980 1188 3080 1244 hac
3113 1190 3411 1260 quzestioue

1819 1269 1992 1326 adhuc
2016 1287 2223 1341 versor,
2248 1274 2301 1330 in
2329 1290 2432 1347 qua
2458 1276 2536 1331 eis
2560 1276 2772 1333 videtur
2794 1278 3089 1349 baptizatos
3109 1284 3411 1338 admonen-

1820 1361 1916 1417 dos
1944 1378 2064 1418 esse
2093 1364 2159 1420 de
2188 1366 2427 1422 moribus
2454 1366 2522 1422 ad
2554 1368 2899 1424 christianam
2928 1372 3090 1427 vitam
3132 1374 3412 1443 pertinen-

1820 1455 1982 1521 tibus,
2025 1456 2358 1527 baptizandis
2394 1467 2572 1516 autem
2616 1460 2782 1515 solam
2826 1461 3197 1519 insinuandam
3224 1464 3411 1521 ﬁdem.

1819 1546 1971 1614 Quod
2014 1547 2058 1601 si
2102 1548 2173 1603 ita
2218 1559 2379 1616 esset,
2412 1560 2608 1621 praeter
2640 1560 2749 1607 tam
2788 1552 2955 1608 multa
2996 1570 3117 1625 quas
3156 1555 3409 1622 diximus,

1821 1653 1929 1693 non
1986 1638 2220 1694 Joannes
2278 1641 2512 1711 Baptista
2574 1644 2909 1699 venientibus
2962 1644 3030 1701 ad
3086 1646 3411 1717 baptismum

1822 1744 1976 1783 suum
2008 1729 2227 1799 diceret,
2258 1729 2525 1787 Generatio
2553 1734 2860 1805 viperarum,
2892 1736 3002 1808 quis
3031 1738 3245 1792 ostendit
3273 1740 3415 1793 vobis

1823 1824 1997 1894 fugere
2022 1824 2085 1877 ab
2110 1822 2188 1878 ira
2214 1826 2462 1881 ventura?
2489 1825 2665 1882 Facite
2688 1844 2805 1899 ergo
2832 1828 3053 1899 fructum
3078 1831 3287 1903 dignum
3315 1849 3416 1904 pte-

1822 1917 2045 1973 nitentia:
2068 1917 2284 1988 (Matth.
2309 1936 2386 1989 tu,
2411 1921 2465 1989 7,
2490 1920 2575 1994 8);
2606 1930 2661 1977 et
2687 1931 2881 1978 caetera
2901 1964 2915 1988 ,
2947 1940 3066 1994 quae
3097 1926 3278 1996 utique
3305 1940 3417 1983 non

1823 2007 1891 2064 de
1923 2008 2045 2077 ﬁde,
2079 2010 2173 2065 scd
2200 2010 2266 2066 de
2290 2011 2446 2067 bonis
2474 2013 2726 2084 operibus
2754 2014 3026 2071 admonet.
3058 2016 3208 2074 Unde
3236 2026 3290 2075 et
3314 2018 3419 2073 mi-

1823 2098 2007 2155 litibus
2041 2101 2359 2170 dicentibus,
2393 2103 2528 2171 Quid
2556 2105 2840 2176 faciemus?
2868 2122 2973 2163 non
3004 2106 3165 2175 dixit,
3196 2106 3418 2165 Interim

1824 2190 2027 2247 credite
2055 2202 2110 2248 et
2138 2193 2498 2264 baptizamini,
2525 2205 2645 2267 post
2675 2195 2902 2253 audietis
2938 2197 3065 2269 quid
3102 2197 3277 2255 facere
3315 2198 3416 2255 de-

1824 2281 2030 2346 beatis;
2064 2282 2156 2337 sed
2199 2292 2324 2340 ante
2362 2284 2515 2352 dixit,
2560 2296 2683 2341 ante
2724 2289 3064 2357 praemonuit,
3094 2297 3152 2344 ut
3190 2298 3418 2346 venturo

1827 2372 2054 2428 Domino
2085 2374 2136 2428 in
2166 2389 2261 2429 cor
2285 2390 2471 2431 eorum
2516 2385 2763 2447 tanquam
2805 2393 3104 2449 prmcursor
3135 2381 3420 2438 mandaret

1824 2463 1965 2520 viam
1996 2482 2009 2518 :
2044 2464 2315 2520 Neminem
2332 2450 2716 2535 ‘concusseritis,
2742 2470 2872 2524 nulli
2900 2471 3207 2525 calumniam
3232 2473 3417 2543 feceri-

1827 2557 1911 2623 tis,
1939 2555 2150 2627 suﬁiciat
2180 2558 2317 2611 vobis
2345 2559 2652 2627 stipendium
2682 2570 2920 2617 uestrum.
2953 2560 3210 2618 Similiter
3238 2563 3417 2633 publi-

1826 2648 1974 2704 canis
1989 2650 2348 2719 quzerentibus
2362 2650 2486 2721 quid
2504 2650 2681 2708 facere
2700 2652 2978 2719 deberent,
3000 2654 3153 2710 Nihil
3170 2658 3394 2727 amplius

1827 2738 2016 2810 inquit,
2035 2742 2247 2811 exigatis
2274 2752 2454 2813 praeter
2480 2759 2633 2813 quam
2657 2745 2984 2800 constitutum
3010 2756 3082 2801 est
3106 2747 3242 2802 vobis
3261 2746 3414 2820 (Luc.

1827 2845 1903 2897 tu,
1936 2830 2099 2888 12-14
2120 2831 2165 2904 ).,
2195 2832 2288 2887 His
2317 2832 2550 2888 breviter
2587 2838 3041 2906 commemoratis,
3076 2838 3417 2910 Evangelista

1833 2922 1982 2995 (non
2012 2924 2153 2979 enim
2198 2934 2339 2981 totos
2380 2927 2737 2984 catechismos
2767 2930 3004 2988 inserere
3032 2932 3256 3006 debuit)
3287 2936 3419 2993 satis

1828 3014 2149 3086 significavit
2179 3018 2446 3088 pertinere
2473 3018 2541 3075 ad
2567 3034 2688 3075 eum
2707 3036 2738 3075 a
2766 3037 2873 3092 quo
2898 3021 3249 3094 baptizandus
3268 3036 3418 3083 cate-

1828 3105 2089 3175 cbizatur,
2117 3107 2312 3165 docere
2340 3118 2395 3165 et
2423 3126 2642 3167 mouere
2681 3112 2748 3168 de
2788 3114 3046 3171 moribus.
3073 3115 3226 3184 Quod
3254 3119 3301 3173 si
3330 3135 3422 3176 re-

1830 3198 2171 3268 spondissent
2195 3199 2409 3267 Joanni,
2433 3201 2661 3258 Prorsus
2690 3218 2797 3259 non
2826 3204 3083 3263 faciemus
3107 3206 3311 3264 fructus
3339 3210 3424 3266 di-

1828 3302 1965 3360 gnos
2016 3290 2365 3360 pmnitentize,
2415 3293 2790 3351 calumniaturi
2839 3312 3056 3364 sumus,
3108 3302 3423 3357 concussuri

1829 3394 2038 3447 sumus,
2069 3396 2130 3437 ea
2161 3397 2280 3453 qum
2313 3384 2470 3440 nobis
2508 3401 2613 3441 non
2645 3385 2907 3443 debentur
2934 3392 3170 3446 exacturi
3210 3407 3419 3459 sumus,

1830 3485 1887 3530 et
1915 3473 2262 3532 nihilominus
2296 3492 2391 3531 eos
2428 3487 2550 3549 post
2580 3479 2716 3535 hanc
2757 3480 3143 3552 professionem
3181 3484 3420 3556 baptiza-

1829 3574 1946 3632 rct;
1978 3582 2076 3621 nec
2117 3570 2193 3623 sic
2237 3578 2415 3625 tamen
2456 3570 2558 3627 dici
2600 3582 2802 3644 posset,
2831 3574 2970 3630 unde
3008 3577 3168 3632 modo
3196 3579 3423 3649 qumstio

1830 3666 1932 3722 est,
1962 3672 2069 3713 non
2096 3673 2215 3714 esse
2244 3661 2499 3731 temporis
2523 3678 2645 3718 cum
2672 3665 2897 3736 quisque
2936 3666 3283 3738 baptizandus
3311 3680 3418 3739 est,

1831 3756 1889 3802 ut
1917 3747 2062 3818 prius
2104 3747 2180 3804 illi
2221 3765 2400 3807 sermo
2430 3752 2520 3808 ﬁat
2548 3755 2997 3825 quemadmodum
3029 3759 3191 3817 vitam
3222 3760 3419 3819 bonam

1828 3852 1987 3910 agere
2014 3838 2225 3895 debeat.

1900 3939 1990 3996 20.
2018 3940 2156 4009 Quid
2186 3943 2298 4013 ipse
2324 3944 2598 4013 Dominus,
2624 3958 2681 4004 ut
2706 3950 2808 4005 alia
2834 3951 3097 4021 omittam,
3127 3970 3248 4011 cum
3268 3957 3423 4015 abeo

1829 4030 1981 4089 dives
2010 4034 2101 4091 ille
2127 4048 2394 4107 quaereret
2431 4039 2555 4110 quid
2596 4040 2720 4095 boni
2762 4040 2962 4098 faceret
2988 4055 3045 4099 ut
3072 4047 3233 4102 vitam
3260 4058 3422 4106 aeter-

1832 4140 1955 4180 nam
1985 4137 2429 4198 consequeretur;
2454 4132 2690 4186 recolant
2715 4132 2839 4203 quid
2866 4135 3239 4204 responderit:
3265 4138 3327 4193 Si
3350 4140 3425 4195 vis

1830 4218 2018 4285 venire,
2051 4219 2241 4290 inquit,
2266 4221 2335 4274 ad
2364 4222 2536 4289 vitam,
2561 4239 2702 4277 serva
2726 4224 2987 4280 mandata.
3014 4226 3085 4283 At
3112 4226 3224 4295 ille,
3260 4228 3424 4296 Qute.’

1833 4307 1982 4364 Tunc
2021 4310 2278 4368 Dominus
2316 4316 2753 4372 commemoravit
2790 4326 3055 4388 prmcepta
3088 4319 3264 4391 Legis,
3299 4319 3423 4375 Non

1833 4400 2030 4457 occides
2048 4442 2063 4468 ,
2098 4400 2216 4458 Non
2243 4404 2587 4472 mmcltabert's,
2614 4416 2667 4462 et
2695 4417 2906 4463 caetera.
2932 4408 3031 4466 Ubi
3058 4425 3180 4466 cum
3211 4411 3302 4468 ille
3330 4428 3425 4469 re-

1832 4494 2136 4565 spondisset
2180 4496 2298 4553 hanc
2339 4512 2398 4554 se
2446 4497 2639 4555 fecisse
2680 4515 2710 4555 a
2751 4500 3028 4571 iuventute
3072 4518 3185 4567 sua,
3219 4502 3425 4561 addidit

1834 4586 1994 4641 etiam
2022 4586 2365 4658 perfectionis
2392 4598 2738 4660 praeceptum,
2768 4598 2825 4646 ut
2852 4591 3079 4647 venditis
3108 4594 3219 4648 suis
3248 4595 3423 4650 omni-

1834 4676 1937 4733 bus
1978 4687 2033 4733 et
2080 4678 2133 4733 in
2176 4694 2471 4750 pauperum
2516 4680 2884 4754 eleemosynas
2928 4685 3158 4755 erogatis
3201 4685 3427 4744 haberet

1836 4768 2145 4825 thesaurum
2177 4771 2229 4826 in
2258 4772 2415 4839 cmlo,
2446 4782 2501 4827 et
2528 4774 2773 4829 eumdem
2799 4774 3081 4831 Dominum
3110 4790 3426 4850 sequeretur

1837 4862 2052 4937 (Matth.
2076 4881 2185 4931 xix,
2210 4864 2416 4938 l7-2l).
2438 4864 2669 4922 Videant
2698 4866 2859 4938 igitur
2876 4884 2983 4924 non
3007 4870 3057 4925 ei
3079 4869 3280 4926 dictum
3303 4887 3426 4928 esse

1835 4964 1894 5010 ut
1919 4954 2163 5011 crederet
2187 4964 2241 5011 et
2270 4955 2647 5026 baptizaretur,
2675 4973 2779 5029 quo
2803 4959 2918 5016 solo
2942 4960 3209 5031 adjutorio
3237 4972 3426 5033 putant

1836 5045 1921 5100 isti
1954 5047 2134 5102 venire
2162 5046 2431 5102 hominem
2461 5046 2530 5103 ad
2560 5049 2759 5115 vitam;
2788 5050 2882 5107 sed
2908 5068 3119 5108 morum
3158 5064 3424 5127 praecepta

1837 5136 2036 5192 homini
2075 5136 2215 5204 data,
2246 5152 2363 5208 quae
2390 5139 2571 5211 utique
2599 5142 2715 5197 sine
2742 5142 2848 5197 ﬁde
2874 5144 3131 5201 custodiri
3168 5146 3427 5203 observa-

1835 5229 1985 5301 rique
2006 5244 2109 5284 non
2141 5238 2381 5300 possunt.
2406 5231 2516 5287 Nec
2542 5242 2719 5288 tamen
2747 5236 2871 5306 quia
2898 5236 2983 5291 hic
3010 5236 3079 5293 de
3106 5237 3424 5294 insinuanda

1836 5320 1942 5376 ﬁde
1971 5321 2225 5376 Dominus
2249 5322 2463 5378 videtur
2498 5327 2724 5381 tacuisse
2742 5366 2758 5392 ,
2789 5328 3184 5398 praescribimus
3212 5342 3312 5384 nos
3340 5336 3425 5382 at-

1835 5427 1937 5483 que
1973 5413 2362 5478 contendimus,
2394 5430 2603 5471 morum
2644 5417 3009 5473 tantummodo
3039 5428 3301 5489 praecepta
3340 5417 3425 5474 die

1835 5508 2001 5564 cenda
2022 5524 2141 5565 esse
2161 5508 2466 5566 hominibus
2485 5510 2551 5565 ad
2571 5511 2735 5567 vitam
2756 5512 3035 5582 pervenire
3058 5511 3418 5582 cupientibus.
3438 5494 3446 5511 ’

1834 5599 2070 5671 Utraque
2095 5601 2237 5655 enim
2264 5612 2450 5656 mutuo
2477 5616 2719 5658 connexa
2748 5612 2904 5669 sunt,
2936 5603 3073 5659 sicut
3112 5612 3235 5658 ante
3270 5602 3419 5672 dixi;

1835 5694 1955 5763 quia
1985 5709 2155 5763 neque
2180 5692 2394 5748 dilectio
2416 5693 2509 5748 Dei
2539 5703 2712 5764 potest
2739 5708 2857 5747 esse
2879 5694 2930 5748 in
2959 5693 3173 5749 homine
3193 5694 3283 5766 qui
3310 5710 3421 5752 non

1835 5786 2006 5855 diligit
2038 5787 2364 5855 proximum,
2399 5801 2497 5840 nec
2526 5786 2737 5841 dilectio
2764 5786 2991 5856 proximi
3020 5787 3070 5841 in
3098 5803 3163 5843 eo
3192 5789 3280 5859 qui
3313 5804 3423 5844 non

1840 5877 2005 5949 diligit
2032 5878 2216 5932 Deum.
2242 5876 2366 5933 Ideo
2392 5876 2676 5949 aliquando
2699 5878 2924 5935 alterum
2950 5880 3066 5935 sine
3091 5880 3278 5949 altero,
3306 5880 3422 5939 sive
