3882 6286
382 384 485 446 ιιιι

384 497 540 566 illud,
583 497 697 554 sive
739 494 892 563 illud,
927 509 1024 565 pro
1054 494 1208 565 plena
1247 491 1487 550 doctrina
1531 491 1796 546 invenitur
1833 486 1978 542 Scri-

384 598 540 659 ptura
570 601 1013 655 commemorare,
1043 597 1100 644 ut
1128 585 1286 642 etiam
1319 586 1420 641 hoc
1458 583 1617 639 modo
1655 584 1980 655 intelligatur

385 683 613 737 alterum
647 681 764 738 sine
790 681 957 737 altero
978 695 1098 737 esse
1125 695 1231 735 non
1257 694 1414 752 posse
1439 696 1451 732 :
1475 679 1596 750 quia
1620 687 1674 734 et
1694 677 1783 749 qui
1809 676 1979 732 credit

333 767 337 772 ⁷
385 773 520 836 Deo.
563 771 724 828 debet
766 771 941 828 facere
985 772 1127 844 quod
1166 771 1422 844 praecepit
1449 771 1622 836 Deus;
1650 778 1705 826 et
1733 769 1820 841 qui
1848 783 1978 839 pro-

382 875 568 936 pterea
594 863 722 922 facit
743 867 868 936 quia
900 866 1151 938 praecepit
1177 865 1337 934 Deus,
1361 879 1580 923 necesse
1604 873 1687 921 est
1714 875 1770 919 ut
1792 862 1978 920 credat

383 959 517 1014 Deo.

455 1041 685 1105 CAPUT
740 1043 879 1105 Χιν.
919 1080 990 1091 -
1024 1049 1116 1108 9|.
1166 1047 1246 1104 De
1282 1049 1431 1106 tertia
1471 1051 1748 1120 quastione
1787 1065 1807 1104 :
1839 1049 1974 1120 quod

385 1142 512 1211 ﬁdes
538 1142 606 1196 ad
633 1144 846 1196 salutem
874 1159 976 1196 non
1006 1141 1186 1213 sufﬁcit
1213 1144 1320 1200 sine
1344 1143 1598 1213 operibus.
1618 1141 1976 1212 Quamobrem

377 1233 489 1304 jam
521 1233 650 1289 illud
673 1233 969 1301 videamus,
993 1233 1136 1304 quod
1161 1233 1536 1289 excutiendum
1562 1240 1646 1288 est
1673 1247 1702 1288 a
1727 1231 1976 1287 cordibus

382 1323 664 1392 religiosis,
697 1339 761 1378 ne
789 1323 929 1378 mala
959 1324 1246 1382 securitate
1273 1322 1497 1378 salutem
1535 1338 1685 1379 suam
1727 1321 1971 1393 perdant,

339 1419 346 1424 '
379 1415 423 1468 si
448 1414 514 1468 ad
535 1429 651 1468 eam
674 1414 1019 1473 obtinendam
1040 1414 1285 1472 sufficere
1307 1414 1466 1471 ﬁdem
1490 1415 1810 1488 putaverint,
1835 1415 1974 1470 bene

341 1521 346 1528 ·
379 1515 558 1562 autem
588 1507 767 1563 vivere
796 1518 850 1564 et
888 1508 1042 1564 bonis
1081 1508 1333 1580 operibus
1368 1508 1506 1564 viam
1538 1508 1630 1564 Dei
1662 1517 1845 1564 tenere
1874 1501 1972 1563 ne-

340 1617 346 1624 ·
378 1597 666 1666 glexerint.
693 1596 826 1653 Nam
845 1599 1004 1656 etiam
1029 1598 1356 1670 temporibus
1375 1597 1750 1672 Apostolorum
1766 1614 1871 1654 non
1891 1597 1975 1654 in-

379 1689 610 1745 tellectis
656 1690 974 1761 quibusdam
1023 1690 1366 1748 subobscuris
1413 1692 1696 1754 sententiis
1743 1691 1975 1762 apostoli

379 1779 550 1848 Pauli,
576 1781 678 1837 hoc
699 1798 819 1836 eum
835 1783 1049 1855 quidam
1071 1782 1312 1840 arbitrati
1333 1792 1457 1838 sunt
1477 1784 1678 1852 dicere,
1695 1783 1973 1840 Faciamus

379 1871 539 1939 mata,
569 1882 626 1926 ut
653 1874 854 1928 veniant
882 1873 1013 1928 bona
1042 1873 1216 1947 (Rom.
1245 1890 1325 1942 ιιι,
1349 1872 1426 1948 8);
1454 1875 1575 1944 quia
1606 1875 1836 1940 dixerat,
1863 1875 1974 1931 Lex

377 1963 696 2031 subintravit,
718 1972 774 2018 ut
802 1965 1082 2021 abundaret
1105 1965 1381 2033 delictum;
1398 1966 1481 2022 ubi
1507 1978 1677 2024 autem
1696 1969 1973 2024 abundauit

377 2053 640 2120 delictum,
653 2055 1078 2126 superabundavit
1091 2057 1255 2130 gratia
1271 2057 1444 2132 (Rom.
1464 2075 1519 2126 ν,
1531 2058 1648 2130 20).
1671 2059 1822 2130 Quod
1850 2060 1973 2116 ideo

375 2159 564 2200 verum
609 2154 710 2216 est,
751 2147 875 2219 quia
924 2149 1094 2221 legem
1139 2150 1460 2222 accipientes
1502 2151 1748 2208 homines
1776 2153 1864 2224 qui
1905 2152 1972 2209 de

345 2247 349 2252 ·
376 2237 490 2293 suis
518 2239 721 2294 viribus
750 2240 1130 2310 superbissime
1161 2245 1573 2315 praesumebant,
1605 2261 1704 2302 nec
1732 2245 1970 2302 divinum

375 2328 700 2399 adjutorium
723 2333 1104 2388 vincendarum
1131 2335 1389 2391 malarum
1417 2338 1969 2408 concupiscentiarum

376 2427 522 2474 recta
553 2419 658 2476 lltle
687 2419 1064 2492 impetrantes,
1099 2425 1337 2496 pluribus
1362 2429 1804 2501 gravioribusque
1831 2431 1971 2488 deli-

375 2512 478 2568 clis
507 2513 668 2569 etiam
700 2514 816 2586 lege
845 2519 1191 2588 przcvaricata
1217 2523 1424 2579 onerati
1462 2533 1587 2580 sunt
1610 2542 1624 2577 :
1645 2540 1710 2582 ac
1737 2526 1816 2582 sic
1850 2541 1969 2582 ma-

351 2611 480 2674 ‘gno
507 2615 656 2662 reatu
684 2610 1040 2682 compellente
1068 2613 1416 2685 confugerunt
1440 2615 1508 2671 ad
1536 2616 1718 2686 (idem,
1746 2634 1851 2689 qua
1875 2620 1970 2676 mi-

375 2697 725 2755 sericordiam
777 2701 1120 2774 indulgentia:
1161 2717 1521 2776 mererentur,
1560 2719 1616 2768 et
1654 2711 1910 2767 auxilium
1934 2728 1968 2768 a

354 2788 603 2848 'Domino
632 2791 721 2863 qui
750 2793 881 2850 fecit
905 2797 1099 2852 coelum
1130 2805 1186 2854 et
1215 2808 1411 2860 terram
1445 2800 1616 2871 (Pssl.
1647 2819 1770 2872 cxx,
1798 2806 1969 2875 2);-ut

373 2875 562 2938 diffusa
602 2897 700 2953 per
725 2885 980 2958 Spiritum
1027 2898 1270 2946 sanctum
1317 2892 1574 2951 charitate
1618 2895 1674 2950 in
1714 2896 1967 2962 cordibus

359 2974 486 3029 suis
520 2973 695 3046 (Rom.
723 2991 775 3041 v,
804 2976 880 3049 5),
907 2993 1028 3033 cum
1055 2978 1341 3038 dilectione
1371 2996 1587 3055 agerent
1623 3002 1743 3057 quae
1779 2997 1967 3045 contra

375 3065 559 3121 saeculi
605 3067 763 3138 hujus
804 3072 1262 3141 concupiscentias
1302 3073 1637 3146 iuberentur,
1669 3079 1964 3136 secundum

374 3159 434 3214 id
471 3163 614 3232 quod
667 3165 978 3236 prardictum
1026 3163 1200 3227 fuerat
1241 3171 1296 3230 in
1333 3173 1968 3248 Psalmodlultiplicatc

372 3262 491 3307 sunt
532 3255 852 3325 inﬁrmitates
897 3277 1069 3316 eorum
1085 3279 1107 3328 ;
1135 3272 1310 3334 postea
1343 3266 1740 3321 acceleraverunt
1773 3266 1962 3340 (Psal.
2001 3279 2008 3284 ’

373 3361 466 3413 xv,
486 3349 519 3402 4
542 3346 582 3421 ).
611 3343 742 3405 Cum
781 3369 911 3423 ergo
941 3353 1071 3410 dicit
1097 3357 1386 3426 Apostolus
1411 3359 1657 3416 arbitrari
1684 3375 1743 3416 se
1767 3360 1964 3429 justiﬁ-

372 3438 483 3492 cari
507 3438 776 3496 hominem
801 3458 898 3514 per
917 3443 1076 3502 tidem
1099 3448 1214 3504 sine
1237 3450 1488 3520 operibus
1508 3451 1638 3522 legis
1663 3452 1838 3524 (Rom.
1862 3453 1962 3526 tv);

373 3545 481 3586 non
505 3532 607 3590 hoc
629 3537 757 3607 agit,
784 3549 840 3594 ut
867 3553 1114 3613 percepta
1140 3559 1203 3600 ac
1226 3539 1464 3618 professa
1491 3545 1595 3602 [ide
1620 3563 1783 3618 opera
1807 3549 1968 3619 justi-

363 3621 463 3678 tizc
501 3635 931 3700 contemnantur,
961 3637 1055 3692 sed
1082 3647 1140 3694 ut
1165 3639 1301 3695 sciat
1328 3655 1387 3695 se
1413 3641 1639 3712 quisque
1666 3657 1762 3712 per
1802 3642 1964 3700 ﬁdem
2059 3694 2062 3698 ,

368 3727 533 3786 posse
567 3721 865 3794 justiﬁciri,
901 3728 1108 3786 etiamsi
1151 3731 1282 3802 legis
1325 3748 1486 3802 opera
1526 3751 1633 3791 non
1675 3753 1966 3806 prmcesse-

371 3812 498 3867 rint.
540 3812 848 3886 Sequuntur
889 3823 1032 3878 enim
1077 3824 1444 3896 justilicatum,
1495 3844 1601 3884 non
1653 3832 1964 3900 praecedunt

365 3905 787 3975 justilicandum.
814 3912 968 3971 Unde
1012 3917 1064 3972 in
1109 3919 1356 3988 prmscnti
1395 3935 1558 3991 opere
1585 3937 1694 3978 non
1722 3937 1855 3993 cpus
1880 3934 1964 3981 est

368 3992 545 4053 latius
563 3999 869 4073 disputare;
896 4010 1195 4076 prmsertim
1222 4009 1344 4080 quia
1373 4011 1532 4068 modo
1555 4015 1570 4045 ³
1593 4013 1658 4076 de
1688 3992 1788 4070 hat:
1811 4033 1962 4086 qum-

372 4086 549 4145 stione
598 4092 864 4162 prolixum
914 4097 1108 4154 librum
1153 4099 1325 4169 edidi,
1371 4104 1460 4174 qui
1517 4105 1846 4176 inscribitur,
1892 4109 1963 4166 de

369 4177 569 4238 Littera
591 4192 644 4239 et
662 4181 882 4256 Spiritu.
908 4189 1170 4259 Quoniam
1198 4210 1326 4270 ergo
1354 4197 1468 4252 haec
1487 4200 1667 4268 opinio
1693 4208 1817 4258 tunc
1841 4201 1961 4260 ιἰιθο

367 4282 454 4328 rat
478 4285 684 4342 exorta,
713 4279 833 4334 alite
861 4285 1167 4352 apostolica:
1203 4287 1474 4358 Epistolte,
1504 4289 1648 4347 Petri
1667 4333 1683 4357 ,
1714 4292 1957 4363 Joannis,

368 4364 574 4435 Jacobi,
603 4369 774 4438 Judae,
805 4383 989 4435 contra
1026 4391 1144 4434 eam
1184 4380 1416 4436 maxime
1441 4381 1676 4451 dirigunt
1711 4384 1964 4444 intentio-

369 4473 517 4528 nem,
541 4471 599 4516 ut
619 4460 967 4520 vehementer
987 4476 1228 4524 astruant
1250 4469 1409 4526 fidem
1435 4473 1552 4528 sine
1575 4475 1825 4544 operibus
1850 4493 1960 4534 non

370 4552 626 4618 prodesse
658 4572 672 4609 :
705 4554 842 4612 sicut
883 4559 1044 4614 etiam
1089 4560 1204 4630 ipse
1230 4560 1446 4630 Paulus,
1477 4578 1583 4619 non
1612 4564 1961 4635 qualemlibet

369 4639 551 4709 ﬁdem,
581 4660 682 4713 qua
711 4645 762 4700 in
791 4645 955 4704 Deum
983 4649 1239 4718 creditur,
1268 4651 1363 4708 sed
1391 4668 1510 4710 eam
1537 4655 1809 4713 salubrem
1839 4659 1956 4729 pla-

369 4745 543 4802 neque
563 4737 920 4806 evangelicam
938 4739 1199 4809 deﬁnivit,
1222 4743 1372 4815 cujus
1394 4760 1556 4816 opera
1579 4761 1646 4803 ex
1669 4747 1959 4808 dilectione

366 4823 665 4915 procedunt
689 4844 700 4880 ε
725 4827 793 4881 Et
830 4830 978 4901 ﬁdes,
1016 4833 1204 4908 inquit,
1236 4853 1350 4906 quae
1374 4855 1463 4910 per
1486 4838 1804 4898 dilectionem
1829 4833 1954 4915 ope-

366 4925 516 4968 ratur
545 4913 758 4988 (Galat.
789 4934 846 4986 ν,
869 4920 902 4975 6
929 4922 969 4993 ).
1003 4923 1155 4981 Unde
1184 4928 1328 4986 illam
1357 4929 1524 4987 tidem
1551 4948 1671 5004 quae
1704 4913 1963 4996 omnem

365 5005 431 5059 ad
459 5005 688 5064 salutem
718 5008 1032 5080 quibusdam
1059 5016 1286 5087 videtur,
1316 5021 1385 5076 ita
1426 5023 1556 5079 nihil
1585 5025 1840 5096 prodesse
1866 5043 1953 5086 as-

367 5106 599 5168 severat,
620 5109 675 5154 nt
695 5101 836 5160 dicat
861 5121 874 5159 :
902 5099 964 5161 Si
990 5105 1200 5164 habeam
1219 5127 1414 5168 omnem
1437 5115 1610 5184 ﬁdem,
1633 5117 1708 5172 ita
1730 5128 1784 5173 ut
1806 5137 1954 5176 mon-

365 5189 437 5246 tes
482 5197 802 5267 transferam,
845 5198 1145 5258 charitatem
1187 5214 1353 5260 autent
1399 5225 1500 5264 non
1546 5210 1778 5280 habeam,
1822 5216 1952 5272 nihil

363 5299 476 5338 sum
507 5283 554 5358 (l
576 5283 695 5341 Cor.
720 5303 832 5355 xm,
866 5291 940 5362 1).
968 5290 1070 5349 Ubi
1100 5304 1280 5352 autem
1309 5297 1481 5355 ﬁdelis
1503 5300 1735 5360 Charitas
1761 5320 1952 5375 opera-

363 5386 450 5433 tur
473 5381 516 5446 ¹,
545 5380 662 5437 sine
703 5381 862 5440 dubio
907 5384 1044 5443 bene
1079 5388 1294 5448 vivitur.
1313 5389 1592 5451 Plenitudo
1633 5398 1776 5454 enim
1825 5399 1952 5470 legis

361 5471 588 5529 cliaritas‘
605 5473 780 5548 (Rom.
801 5493 914 5548 xm,
941 5479 1055 5552 10).

422 5634 559 5712 139x
583 5643 688 5689 Mss.
702 5639 763 5712 in
783 5641 962 5712 quibus
984 5647 1058 5712 est
1073 5645 1377 5700 Corbeiensis
1398 5657 1513 5712 ante
1536 5649 1671 5701 mille
1688 5663 1839 5702 annos
1855 5653 1946 5704 de-

355 5697 594 5792 ιαέιίυεο
609 5697 922 5774 emtam.
942 5705 1102 5782 modo,
1126 5697 1507 5770 maremari"
1537 5697 1666 5701 ⁷η-
1691 5697 1838 5785 f-
1860 5697 1919 5704 --

353 5760 716 5879 menmium
751 5761 877 5816 hber
894 5804 909 5830 ,
941 5767 1029 5819 ob:
1049 5776 1212 5822 autem
1240 5769 1366 5835 ﬁdes
1401 5778 1539 5825 estet
1577 5773 1793 5827 chantas
1830 5789 1945 5841 ope.

1935 5945 1986 5968 ‘5

1439 375 1528 430 DE
1567 371 1724 429 FIDE
1753 371 1843 427 ET
1874 368 2231 437 OPERIBUS,
2273 369 2330 426 S.
2375 371 2742 432 AUGUSTINI

3567 382 3677 440 ’Β

2153 486 2242 541 2‘2.
2271 487 2425 546 Unde
2451 489 2726 548 evidenter
2749 492 2806 548 in
2824 493 3054 552 secunda
3073 493 3312 566 Episola
3337 512 3435 554 sua
3455 499 3671 568 Petrus,

2082 595 2202 635 cum
2232 580 2298 635 ad
2326 582 2452 637 vita:
2478 591 2533 638 et
2558 599 2768 640 morum
2791 587 3129 644 sanctitatem
3159 587 3486 658 hortaretur,
3523 609 3679 650 mun-

2081 672 2315 743 dumque
2345 674 2504 731 istum
2544 677 2891 734 transiturum
2921 683 3324 751 praenuntiant,
3350 685 3526 742 castos
3552 701 3680 742 vero

2080 778 2250 820 novos
2273 775 2327 822 et
2353 775 2547 824 terram
2575 783 2766 824 novam
2791 775 3110 842 exspectari,
3139 790 3259 846 quae
3278 775 3444 846 iustis
3466 777 3680 834 inhabi-

2082 858 2241 914 tanda
2284 859 2606 930 traderetur,
2637 871 2695 918 ut
2721 879 2789 920 ex
2820 864 2922 920 hoc
2947 867 3286 925 attenderem
3322 871 3562 940 qualiber
3587 887 3682 929 eos
3735 918 3742 926 .

2080 962 2353 1022 oporteret
2396 954 2596 1021 vivere,
2639 966 2699 1012 ut
2739 956 3068 1018 habitatione
3117 961 3207 1018 illa
3248 963 3396 1034 digni
3441 964 3680 1032 tierent;
3727 967 3740 983 ”

2081 1044 2258 1100 sciens
2287 1045 2354 1100 de
2382 1047 2609 1116 apostoli
2638 1047 2789 1106 Pauli
2817 1050 3135 1120 quibusdam
3171 1053 3526 1112 subobscuris
3555 1072 3682 1112 sen-

2081 1136 2262 1192 tentiis
2307 1140 2595 1198 nonnullos
2637 1141 2852 1213 iniquos
2895 1145 3170 1215 accepisse
3215 1149 3598 1214 occasionem.
3629 1159 3686 1205 ut

2082 1236 2331 1300 tanquam
2361 1232 2537 1288 securi
2562 1231 2630 1289 de
2653 1233 2828 1292 salute
2852 1251 2973 1306 quas
2998 1237 3053 1293 in
3079 1236 3190 1294 [ide
3207 1247 3313 1306 est,
3335 1240 3477 1296 bene
3500 1241 3688 1298 vivere

2080 1335 2186 1376 non
2214 1332 2494 1391 curarent,
2525 1328 2965 1388 commemoravit
2990 1329 3237 1399 quaedam
3265 1330 3334 1388 ad
3361 1332 3686 1403 intelligen-

2079 1412 2205 1468 dum
2254 1414 2489 1470 difﬁcilia
2535 1431 2656 1474 esse
2699 1418 2754 1473 in
2791 1419 3052 1490 Epistolis
3091 1423 3228 1492 ejus,
3270 1433 3390 1494 qum
3429 1425 3688 1483 homines

2082 1513 2467 1576 perverterent,
2509 1508 2647 1564 sicut
2687 1517 2743 1566 et
2779 1510 2914 1568 alias
2939 1510 3266 1584 Scriptum,
3297 1516 3364 1572 ad
3395 1520 3684 1587 proprium

2079 1609 2235 1652 suum
2281 1597 2558 1656 interitum
2591 1616 2604 1653 :
2635 1615 2758 1670 cum
2787 1611 2967 1660 tamen
2995 1611 3050 1662 et
3077 1605 3165 1662 ille
3189 1607 3473 1676 apostolus
3496 1609 3577 1664 de
3597 1625 3689 1665 ss-

2080 1684 2191 1742 lute
2237 1694 2464 1757 acterna,
2495 1705 2616 1762 quae
2643 1691 2748 1748 nisi
2775 1692 2914 1750 bene
2951 1695 3250 1758 viventibus
3284 1713 3392 1754 non
3431 1699 3685 1770 daretur,

2079 1777 2265 1834 eadem
2311 1781 2554 1849 sentiret,
2587 1799 2706 1854 qua:
2734 1786 2916 1841 caeteri
2943 1787 3192 1856 apostoli.
3224 1787 3317 1848 Sic
3359 1791 3554 1862 itaque
3583 1794 3686 1850 Pe-

2079 1876 2231 1922 trus:
2264 1867 2360 1924 llis
2407 1889 2548 1943 ergo,
2596 1873 2787 1945 inquit,
2831 1877 3062 1938 omnibus
3111 1881 3453 1950 pereuntibus,
3505 1887 3689 1953 mles

2077 1970 2272 2031 oportet
2299 1979 2384 2018 vos
2408 1980 2513 2020 esse
2535 1965 2588 2022 in
2611 1967 2800 2026 sanctis
2825 1971 3280 2029 conclamationibus
3305 1984 3352 2030 et
3378 1976 3682 2046 pictatibus,

2077 2064 2423 2124 exspectantes
2452 2067 2498 2114 et
2529 2071 2858 2130 praperaates
2875 2063 2944 2119 ad
2961 2067 3284 2134 pra’setuiam
3313 2068 3419 2126 diei
3439 2069 3684 2138 Domini,

2077 2159 2170 2214 per
2206 2161 2357 2215 quam
2397 2148 2510 2202 caeli
2547 2149 2782 2210 ardentes
2821 2154 3095 2221 soluentur,
3124 2165 3172 2211 et
3209 2156 3453 2214 clanculo
3491 2161 3689 2217 ardore

2078 2233 2210 2306 ignis
2252 2236 2628 2308 decoquentur?
2656 2257 2814 2298 nouos
2840 2260 2954 2299 vero
2995 2245 3149 2306 atlas
3185 2258 3232 2301 et
3269 2257 3459 2307 totum
3490 2268 3687 2307 nam

2077 2326 2354 2382 secundum
2382 2331 2634 2400 promissa
2655 2333 2816 2403 ipsius
2845 2346 3213 2406 exspectamus,
3236 2339 3290 2395 in
3311 2341 3494 2408 quibus
3515 2344 3685 2414 justi-

2076 2420 2148 2475 tia
2186 2422 2455 2480 inhabitat.
2486 2425 2828 2498 Quam-apter,
2854 2431 3161 2500 charissimi,
3189 2433 3297 2490 hoc
3323 2447 3685 2507 mpetrant“

2073 2514 2289 2585 satagite
2321 2507 2551 2573 inviolati
2591 2528 2639 2574 et
2676 2520 2991 2578 inmaculati
3030 2525 3171 2594 apud
3206 2542 3322 2582 eum
3363 2532 3594 2600 reperiri
3632 2534 3684 2587 in

2075 2619 2218 2673 pace,
2249 2616 2298 2660 et
2328 2604 2537 2664 Domini
2578 2611 2738 2666 nostri
2776 2614 3070 2683 patientiam
3105 2617 3324 2674 salutem
3363 2623 3681 2681 esissirsme.

2074 2692 2222 2749 Sicut
2263 2705 2310 2751 et
2352 2697 2708 2757 dilectissimus
2749 2703 2909 2772 frater
2953 2715 3122 2761 noster
3156 2706 3356 2765 Paulus
3390 2715 3683 2772 nondum

2073 2803 2205 2854 eant,
2243 2805 2358 2860 qute
2397 2791 2518 2846 data
2556 2802 2630 2848 est
2668 2791 2768 2862 illi,
2795 2797 3097 2866 sapientiam
3123 2801 3326 2871 scripsit
3352 2802 3518 2871 vobis,
3551 2815 3609 2858 at
3635 2814 3682 2861 et

2072 2880 2128 2936 in
2169 2883 2400 2941 omnibus
2438 2884 2712 2958 Epistolis,
2741 2888 2954 2960 loquens
2979 2891 3036 2946 in
3062 2893 3134 2948 sis
3157 2893 3222 2948 de
3246 2895 3326 2950 his
3353 2911 3374 2950 :
3403 2897 3463 2951 in
3489 2900 3681 2967 (μῶυ

2071 2984 2192 3029 sunt
2219 2975 2445 3048 diﬁeilia
2477 2981 2714 3050 quadam
2749 2982 3008 3038 irttellactu
3026 3025 3040 3052 ,
3067 3001 3182 3055 qua
3207 2986 3398 3043 indocti
3423 2999 3480 3045 et
3505 2991 3680 3046 insta-

2071 3066 2195 3132 biles
2215 3081 2520 3140 peevsrtuut,
2539 3073 2665 3130 sicut
2679 3083 2727 3132 et
2747 3085 2954 3133 cateras
2965 3076 3283 3150 Scripturas,
3305 3082 3376 3135 ad
3393 3086 3677 3154 propriam

2069 3177 2220 3218 suum
2257 3163 2532 3220 interitum.
2579 3165 2679 3222 Vos
2720 3168 2896 3239 igitur,
2930 3173 3286 3241 amantissimi,
3317 3178 3676 3247 pressimus,

2071 3265 2239 3312 cavete
2267 3273 2330 3312 ne
2353 3257 2690 3329 infaustorum
2713 3262 2730 3293 ¹
2751 3278 2924 3318 errore
2947 3266 3138 3322 seducti
3159 3267 3406 3326 deciduis
3433 3289 3472 3326 ο
3490 3288 3678 3329 corro-

2069 3346 2332 3405 boratione
2373 3360 2536 3406 vestra
2562 3367 2583 3408 :
2611 3355 2819 3411 crescite
2858 3371 2976 3412 vero
3014 3359 3070 3413 iis
3105 3362 3273 3431 gratia
3315 3373 3365 3418 et
3405 3364 3678 3422 intellectu

2070 3436 2282 3495 Domini
2310 3442 2469 3498 nostri
2495 3451 2544 3498 et
2568 3443 2856 3504 Saluatoris
2878 3446 3008 3504 Iesu
3029 3449 3236 3507 Christi.
3264 3452 3377 3524 Ipsi
3403 3456 3603 3527 gloria,
3632 3467 3678 3514 et

2071 3545 2208 3590 nunc
2236 3540 2283 3586 et
2317 3531 2371 3586 in
2400 3533 2535 3590 diem
2560 3537 2858 3600 atmritatis
2884 3538 2950 3606 (ll
2981 3539 3124 3598 Petr.
3153 3558 3232 3610 tu,
3263 3545 3481 3616 ιι-ιε).

2141 3623 2232 3680 25.
2273 3624 2506 3684 Iacobus
2525 3640 2704 3687 autem
2733 3640 2850 3686 tam
2863 3632 3210 3691 vehementer
3228 3635 3457 3694 inlestus
3481 3651 3578 3696 est
3591 3644 3674 3700 eis

2069 3718 2162 3790 qui
2206 3720 2418 3790 sapiunt
2457 3721 2616 3780 ﬁdem
2658 3725 2779 3780 sine
2816 3727 3071 3795 operibus
3100 3730 3281 3786 valere
3311 3731 3378 3786 ad
3406 3733 3668 3800 salutem,

2069 3818 2130 3868 ut
2155 3809 2278 3866 illos
2297 3812 2458 3868 etiam
2477 3813 2816 3874 daemonibus
2835 3827 3130 3888 comparet,
3147 3819 3331 3878 diceris
3355 3841 3368 3876 :
3392 3822 3478 3878 Tu
3499 3828 3672 3882 credis

2068 3901 2308 3974 quoniam
2348 3919 2478 3962 anus
2518 3916 2593 3960 est
2618 3906 2756 3964 Deus
2782 3923 2800 3964 :
2822 3908 2946 3964 bene
2979 3910 3107 3979 facis
3130 3927 3152 3976 ,°
3179 3922 3228 3967 et
3263 3913 3524 3971 Matones
3549 3933 3670 3972 ere-

2070 3993 2219 4063 dunt,
2241 4003 2290 4051 et
2314 3997 2718 4055 contremiscunt.
2739 3998 2880 4068 Quid
2898 3999 3133 4070 brevius,
3155 4005 3352 4072 verius,
3374 4006 3671 4066 vehemens-

2069 4087 2176 4144 tius
2213 4087 2319 4144 dici
2361 4091 2552 4159 potuit,
2589 4106 2711 4148 cum
2755 4103 2809 4150 et
2852 4079 2916 4150 in
2943 4095 3234 4167 Evangelio
3276 4099 3517 4170 legamus
3563 4104 3669 4161 hoe

2067 4176 2269 4241 dixisse
2296 4179 2578 4249 damonis,
2621 4197 2743 4239 cum
2780 4183 3054 4243 Christum
3083 4188 3278 4245 Filium
3306 4191 3398 4248 Dei
3427 4194 3666 4252 conﬁte-

2017 4297 2022 4306 ο
2067 4278 2274 4338 rentur,
2318 4281 2372 4327 et
2417 4272 2485 4328 ab
2529 4275 2621 4330 illo
2661 4277 3062 4348 corripereutur
3096 4279 3310 4353 (Herc.
3334 4300 3370 4350 1,
3393 4284 3483 4350 24»
3510 4288 3587 4344 35
3618 4291 3660 4360 )s

2066 4362 2212 4433 quod
2243 4363 2295 4418 in
2325 4363 2470 4421 Petri
2499 4365 2840 4426 confessione
2869 4369 3141 4426 laudatum
3169 4383 3254 4430 est
3283 4376 3301 4445 (
3329 4375 3517 4431 Mattio.
3549 4397 3659 4448 xvr,

2067 4454 2158 4518 16.
2191 4453 2338 4528 l7)?
2366 4455 2502 4525 Quid
2544 4459 2790 4528 proderit,
2825 4461 2902 4516 ait
2937 4461 3192 4532 Iacobus,
3231 4471 3419 4537 fratres
3463 4472 3581 4533 mei,
3619 4473 3665 4526 si

2066 4548 2222 4620 ﬁdem
2259 4549 2396 4604 dicat
2433 4565 2489 4605 se
2523 4552 2636 4621 quis
2677 4553 2880 4620 habere,
2912 4571 3068 4627 opera
3095 4569 3262 4614 autem
3301 4577 3403 4616 non
3443 4563 3664 4618 habent!

2067 4639 2336 4712 Numquid
2361 4645 2541 4714 poterit
2577 4645 2706 4714 ﬁdes
2735 4648 2932 4704 saluere
2957 4667 3068 4705 eum
3091 4653 3117 4705 ἱ)
3143 4653 3283 4709 Dicit
3305 4655 3488 4722 etiam,
3525 4657 3662 4723 Quia

2065 4735 2193 4804 ﬁdes
2229 4735 2336 4790 sine
2365 4737 2599 4805 operibus
2626 4748 2825 4794 ntortua
2851 4751 2926 4796 est
2957 4741 3174 4813 (Jacobi
3204 4759 3262 4812 ιι,
3292 4745 3382 4814 i9,
3412 4747 3501 4814 14,
3527 4747 3658 4819 90).

2063 4825 2354 4902 Quousque
2389 4842 2521 4898 ergo
2557 4827 2831 4897 falluntur,
2861 4832 2953 4902 qui
2979 4832 3047 4889 de
3073 4834 3178 4892 ﬁde
3203 4845 3416 4894 mortua
3443 4838 3545 4895 sibi
3576 4841 3658 4894 vi-

2063 4927 2171 4974 tam
2204 4928 2512 4988 perpetuam
2541 4921 2894 4990 pollicentur?

2132 5008 2359 5068 CAPUT
2380 5011 2495 5068 XV.
2513 5014 2683 5070 —2£.
2714 5013 2876 5070 Locus
2898 5017 3132 5088 Apostoh‘
3143 5019 3390 5092 difﬁcilis,
3419 5025 3551 5079 inde
3573 5024 3657 5078 iss-

2061 5102 2304 5168 tellectus.
2332 5105 2606 5179 Refutatur
2627 5111 2802 5180 opinio
3234 5119 3389 5187 ﬁda»
3406 5121 3520 5176 sine
3533 5137 3653 5191 ope-

2059 5195 2197 5256 ribus
2213 5197 2446 5267 prodesse
2460 5199 2527 5253 ad
2546 5200 2778 5259 salutent.
2793 5201 3127 5274 Quapropter
3145 5206 3428 5279 diligenter
3442 5219 3658 5282 operte!

2058 5287 2337 5345 attendere
2376 5291 2644 5361 quomodo
2676 5294 2986 5363 accipienda
3027 5298 3098 5353 sit
3125 5301 3351 5368 apostoii
3384 5302 3534 5359 Pauli
3559 5302 3655 5360 illa"

2059 5380 2324 5436 sententia
2343 5422 2358 5447 ,
2398 5381 2554 5450 plane
2583 5383 2650 5438 ad
2681 5385 3085 5456 intelligendam
3113 5388 3382 5461 dilﬂcilis,
3413 5395 3501 5452 ubi
3531 5397 3598 5452 ait
3628 5415 3648 5450 :

2057 5469 2473 5528 Fundamentum
2500 5476 2634 5530 enim
2659 5477 2802 5532 aliud
2823 5495 2969 5533 nemo
2995 5491 3152 5551 potest
3170 5500 3373 5554 ponere,
3399 5489 3652 5555 pra-teris!

2055 5565 2193 5634 quod
2216 5567 2437 5637 positum
2451 5576 2544 5635 est,
2563 5571 2698 5638 quod
2719 5581 2792 5624 est
2815 5571 3040 5628 Christus
3059 5573 3231 5630 Iesus.
3265 5577 3326 5634 Si
3347 5580 3464 5649 quis
3477 5590 3640 5634 autem

2121 5719 2136 5750 ¹
2169 5719 2246 5795 §ic
2280 5720 2516 5795 tredecim
2547 5727 2655 5795 Mss.
2701 5730 2753 5772 Al.
2793 5723 2946 5795 editi,
2991 5726 3312 5795 infulsorum,
3338 5739 3474 5795 Forte
3515 5744 3631 5795 pm,

2053 5778 2361 5863 insztlsormn,
2386 5783 2516 5863 quod
2535 5784 2710 5863 melius
2723 5778 2996 5863 respondet
3040 5778 3631 5863 ἲλιιιεςιιὼξὶιιδῖρἷιαῖὦῖιξ
3651 5799 3660 5809 “

2056 5841 2210 5894 sedi“
2233 5857 2393 5906 31‘3300
2403 5841 2550 5896 ῖοκω
2567 5855 2660 5910 est,
2686 5841 2929 5902 atltes'mon
2947 5886 2961 5915 ,
2985 5841 3631 5917 ηρρινῖοιὲηῆιζὟ“⁷““’””’“
3653 5879 3662 5893 ,
