3882 6286
552 382 659 440 215

550 500 877 559 tinacissime
894 496 1227 554 coherentes
1243 535 1260 563 ,
1278 507 1381 551 nec
1398 491 1734 551 emendando
1751 500 1842 547 aut
1858 490 2131 563 paeniten-

548 600 618 654 do
639 603 892 653 mutatos.

618 686 844 743 CAPUT
870 684 1011 741 XVI.
1032 683 1206 739 —27.
1234 683 1401 739 Locus
1422 680 1652 754 Apostoli
1670 679 1920 752 quomodo
1943 676 2136 732 intelli-

545 782 757 852 gendus.
778 779 923 833 Alius
944 777 1174 847 Apostoli
1202 776 1343 831 locus
1367 778 1559 846 frustra
1580 773 1643 828 ab
1669 773 1732 828 iis
1750 771 2020 838 adductus,
2047 769 2136 839 qui

545 875 697 945 ﬁdem
727 874 836 928 sine
854 871 1085 943 operibus
1105 870 1302 925 salvare
1330 870 1528 924 docent.
1543 867 1846 923 Chartam
1860 863 1987 935 ﬁdes
2000 879 2131 935 qua-

546 969 610 1023 lis
666 967 876 1021 laudata
921 976 1015 1021 est.
1082 965 1177 1021 Hic
1228 979 1261 1019 a
1316 978 1401 1017 me
1455 961 1681 1017 fortasse
1722 969 2014 1030 qumralur,
2063 956 2132 1014 de

542 1061 657 1131 ipsa
684 1058 829 1113 Pauli
852 1055 1076 1127 apostoli
1097 1054 1359 1110 sententia
1380 1052 1506 1123 quid
1528 1066 1628 1122 ego
1648 1051 1895 1116 sentiam,
1924 1058 1979 1105 et
1997 1061 2130 1118 quo-

539 1166 665 1205 nam
703 1148 863 1204 modo
892 1142 1290 1215 intelligendam
1317 1152 1519 1214 putem.
1549 1141 1764 1207 Fateor,
1795 1140 1920 1195 hinc
1939 1140 1957 1171 ⁸
1999 1137 2132 1193 mal-

526 1244 647 1299 lem
685 1241 867 1296 audire
906 1237 1344 1308 intelligentiores
1391 1245 1552 1306 atque
1592 1233 1881 1298 doctiores,
1919 1229 2010 1302 qui
2052 1230 2130 1286 sic

538 1350 658 1390 eam
682 1337 987 1402 exponant,
1018 1338 1079 1383 ut
1107 1328 1197 1383 illa
1226 1328 1406 1383 omnia
1426 1342 1551 1382 vera
1582 1333 1639 1382 et
1659 1324 1972 1380 inconcussa
2002 1336 2128 1393 per-

535 1431 809 1487 maneant,
848 1436 969 1491 qua:
1006 1434 1166 1490 supra
1204 1413 1643 1480 commemoravi,
1683 1424 1739 1471 et
1776 1426 2125 1486 quaecumque

535 1518 636 1572 alia
658 1531 763 1571 non
790 1510 1283 1577 commmemoravi,
1307 1510 1498 1581 quibus
1521 1506 1858 1580 apertissime
1877 1504 2123 1576 Scriptu-

531 1623 594 1663 ra
615 1614 840 1664 testatur
856 1604 986 1660 nihil
1004 1603 1258 1675 prodesse
1279 1602 1460 1669 ﬁdcm,
1478 1600 1579 1655 nisi
1605 1615 1723 1655 eam
1744 1613 1901 1670 quam
1926 1596 2123 1652 deﬁni-

531 1700 609 1754 vit
622 1697 924 1771 Apostolus,
940 1695 995 1751 id
1005 1705 1106 1761 est,
1121 1710 1234 1764 qum
1245 1710 1332 1765 per
1347 1692 1661 1747 dilectione»:
1672 1700 1912 1761 operatur
1922 1687 2118 1762 (Galat.

532 1810 590 1862 v,
614 1792 702 1864 6);
744 1793 860 1847 sine
885 1789 1135 1859 operibus
1163 1795 1341 1843 autem
1366 1785 1575 1841 salvare
1604 1798 1709 1839 non
1738 1797 1918 1856 posse,
1950 1795 2123 1853 neque

529 1893 731 1957 praeter
746 1884 942 1954 ignem,
959 1894 1130 1951 neque
1142 1893 1237 1951 per
1248 1878 1445 1949 ignem:
1456 1876 1578 1947 quia
1590 1875 1635 1930 si
1652 1890 1747 1946 per
1762 1874 1938 1945 ignem
1949 1871 2122 1928 salvat

532 1980 651 2049 ipsa
669 1978 849 2048 utique
862 1977 1050 2031 salvat.
1066 1972 1323 2029 Ahsolute
1334 1978 1510 2027 autem
1528 1968 1727 2025 dictum
1745 1976 1827 2024 est
1840 1976 1894 2023 et
1911 1974 2117 2038 aperte,

538 2070 676 2139 Quid
698 2069 921 2141 prodest,
944 2068 986 2123 si
1006 2067 1141 2121 dicat
1166 2066 1277 2139 quis
1306 2080 1361 2119 se
1381 2064 1534 2133 [idem
1551 2061 1751 2127 habere,
1775 2077 1930 2132 opera
1943 2070 2115 2113 autent

530 2180 636 2219 non
662 2162 881 2217 habeat?
908 2158 1171 2230 Numquid
1196 2158 1378 2227 poterit
1406 2156 1531 2224 ﬁdes
1550 2154 1746 2211 salvere
1763 2153 1916 2208 eum?
1936 2152 2117 2208 Dicam

528 2264 732 2319 tamen,
761 2268 917 2324 quam
944 2250 1256 2308 brevissime
1283 2258 1492 2321 potero,
1522 2247 1684 2304 etiam
1710 2246 1825 2317 ipse
1846 2243 1974 2317 quid
1999 2259 2121 2301 sen-

531 2347 659 2403 tiam
694 2345 761 2401 de
788 2346 873 2401 illa
902 2345 1163 2401 sententia
1189 2343 1337 2398 Pauli
1366 2340 1592 2412 apostoli
1617 2340 1685 2395 ad
1718 2339 2118 2410 intelligendum

531 2438 732 2495 difﬁcili
754 2455 769 2505 ;
791 2435 1084 2493 dummodo
1108 2433 1257 2501 illud,
1286 2432 1430 2505 quod
1444 2431 1511 2487 ad
1534 2446 1708 2488 meam
1729 2430 2119 2502 professionem

532 2531 780 2595 attinet',
803 2529 1070 2601 praecipue
1114 2534 1377 2593 teneatur,
1422 2522 1563 2596 quod
1592 2522 1662 2580 de
1700 2523 1799 2578 hac
1835 2537 1923 2579 me
1959 2520 2120 2579 malle

532 2621 643 2676 dixi
686 2619 871 2676 audire
904 2619 1175 2676 meliores.
1216 2615 1643 2673 Fundamentum
1675 2612 1920 2670 Christus
1953 2621 2036 2669 est
2064 2611 2119 2669 in

529 2722 799 2769 structura
820 2710 1095 2768 architecti
1122 2708 1405 2780 sapientis;
1432 2708 1532 2763 hoc
1551 2705 1884 2777 expositione
1906 2718 2012 2760 non
2033 2704 2121 2760 in-

534 2808 681 2880 diget
710 2826 723 2863 :
755 2815 940 2878 aperte
978 2805 1121 2862 enim
1154 2803 1355 2860 dictum
1389 2809 1493 2867 est,
1538 2799 1951 2854 Fundamentum
1984 2798 2121 2853 enim

533 2898 681 2953 aliud
710 2913 853 2952 nemo
880 2906 1039 2967 potest
1064 2911 1249 2966 ponere
1287 2902 1472 2965 prteter
1514 2891 1571 2946 id
1598 2891 1733 2959 quod
1778 2891 1999 2963 positum
2023 2897 2116 2957 est,

530 2987 668 3059 quod
693 2996 765 3042 est
787 2985 1017 3041 Christus
1034 2985 1207 3040 Iesus.
1236 2982 1294 3039 Si
1319 2990 1497 3038 autem
1524 2980 1787 3047 Christus,
1811 2979 1998 3051 procul
2016 2978 2119 3035 du-

532 3080 623 3136 bio
643 3078 775 3134 ﬁdes
802 3076 1003 3133 Christi
1039 3095 1053 3131 :
1095 3091 1193 3149 per
1220 3074 1380 3131 ﬁdem
1419 3074 1617 3146 quippe
1647 3071 1850 3129 habitat
1873 3072 2120 3129 Christus

530 3169 586 3226 in
603 3169 855 3226 cordibus
881 3168 1102 3235 nostris,
1126 3167 1267 3225 sicut
1284 3165 1428 3223 idem
1451 3164 1727 3235 apostolus
1752 3163 1882 3220 dicit
1900 3162 2118 3237 (Ephes.

508 3270 513 3275 “
537 3279 620 3329 ιιι,
651 3262 765 3334 l7).
794 3261 961 3317 Porro
984 3261 1030 3317 si
1056 3259 1191 3316 ﬁdes
1224 3256 1449 3325 Christi,
1475 3257 1563 3313 illa
1585 3257 1766 3328 utique
1790 3270 1952 3327 quam
1980 3254 2119 3311 deﬁ-

536 3355 674 3410 nivit
719 3353 1027 3425 Apostolus,
1072 3367 1189 3423 qua
1231 3367 1321 3422 per
1356 3348 1674 3405 dilectionem
1709 3356 1966 3419 operatur.
1999 3346 2119 3402 Non

532 3448 676 3503 enim
708 3446 841 3502 ﬁdes
868 3446 955 3501 illa
977 3444 1303 3509 daemonum,
1331 3457 1453 3499 cum
1476 3450 1534 3498 et
1556 3440 1657 3512 ipsi
1676 3440 1896 3497 credant
1917 3448 1974 3496 et
1990 3452 2120 3496 con-

528 3540 865 3605 tremiscant,
896 3545 951 3594 et
976 3536 1172 3592 Filium
1200 3535 1295 3592 Dei
1325 3533 1679 3591 conﬁteantur
1702 3530 1913 3599 Iesum,
1944 3540 2118 3601 potest

529 3632 703 3702 accipi
742 3631 795 3686 in
835 3629 1200 3685 fundamento.
1241 3628 1439 3695 Quare,
1472 3624 1574 3681 nisi
1597 3624 1722 3696 quia
1748 3638 1856 3680 non
1880 3630 1968 3679 est
1983 3621 2118 3680 ﬁdes

506 3734 651 3795 qum
692 3737 786 3794 per
823 3721 1167 3777 dilectionem
1204 3724 1481 3789 operatur,
1524 3715 1620 3772 sed
1648 3729 1765 3786 qua:
1802 3713 2120 3786 exprimitur

531 3832 631 3888 per
656 3816 938 3872 timorem?
966 3813 1125 3870 Fides
1153 3813 1332 3882 itaque
1354 3809 1573 3876 Christi,
1604 3808 1738 3866 ﬁdes
1761 3808 1947 3881 gratia:
1971 3806 2119 3864 chri-

531 3907 741 3973 stiante,
764 3905 817 3962 id
843 3913 924 3961 est
940 3946 955 3973 ,
987 3919 1050 3960 ea
1073 3902 1204 3960 ﬁdes
1226 3917 1347 3974 qua:
1371 3917 1468 3974 per
1496 3900 1839 3957 dilectionem
1868 3907 2121 3971 operatur

534 3997 708 4068 posita
732 3997 783 4051 in
805 3996 1149 4051 fundamento
1174 3994 1443 4050 neminem
1479 3992 1655 4064 perire
1696 3992 1974 4063 permittit.
2009 3990 2119 4049 Sed

534 4088 663 4160 quid
700 4088 772 4144 sit
805 4086 1073 4144 aediﬁcare
1111 4100 1274 4157 super
1299 4086 1401 4140 hoc
1435 4083 1871 4151 fundamentum,
1902 4098 2115 4151 aurum,

528 4189 832 4252 argentum,
863 4178 1068 4251 lapides
1094 4178 1358 4250 pretiosos
1376 4217 1392 4244 ,
1421 4184 1476 4233 et
1501 4176 1672 4249 ligna,
1705 4175 1883 4233 fenum
1901 4215 1918 4242 ,
1943 4175 2117 4247 stipu-

524 4274 657 4340 lam,
689 4272 733 4327 si
760 4271 1011 4328 suhtilius
1034 4269 1298 4326 disseram
1327 4282 1513 4338 coner,
1546 4284 1739 4326 vereor
1762 4284 1833 4326 ne
1859 4268 1927 4325 ad
1956 4268 2117 4325 intel-

526 4364 798 4435 ligendum
829 4361 1103 4418 difﬁcilior
1140 4361 1211 4416 sit
1244 4360 1359 4431 ipsa
1384 4360 1687 4432 expositio:
1718 4360 1891 4417 enitar
1912 4368 2114 4431 tamen,

527 4466 784 4527 quantum
807 4454 1065 4509 Dominus
1083 4451 1334 4522 adjuvat,
1377 4460 1431 4507 et
1454 4450 1717 4517 breviter,
1759 4460 1815 4509 et
1854 4462 2113 4524 quantum

524 4561 737 4620 potero,
766 4546 1000 4604 dilucide
1039 4544 1298 4618 expedire
1331 4543 1475 4616 quod
1512 4547 1711 4601 sentio.
1742 4544 1881 4602 Ecce
1909 4546 1997 4604 ille
2020 4542 2121 4619 qui

525 4641 773 4711 quaesivit
799 4654 830 4695 a
856 4638 1111 4711 magistro
1136 4638 1297 4705 bono,
1314 4635 1442 4708 quid
1464 4635 1589 4692 boni
1614 4635 1834 4706 faceret,
1867 4647 1927 4695 ut
1951 4639 2116 4699 habe-

526 4741 611 4788 ret
631 4731 792 4785 vitam
819 4740 1107 4797 aeternam;
1129 4737 1185 4786 et
1203 4728 1425 4797 audivit,
1451 4728 1497 4785 si
1516 4728 1584 4785 ad
1610 4728 1773 4784 vitam
1794 4732 1977 4789 venire
1999 4732 2115 4790 vel-

526 4825 619 4889 let,
644 4822 906 4880 servanda
931 4823 1033 4878 sibi
1058 4838 1177 4879 esse
1193 4823 1470 4880 mandata:
1491 4832 1685 4881 etcum
1710 4834 1977 4897 quaereret
1994 4843 2114 4899 quae

528 4913 800 4978 mandata,
820 4912 1016 4968 dictum
1032 4924 1113 4971 est
1127 4915 1199 4982 ei,
1228 4914 1349 4971 Non
1372 4914 1591 4985 occides,
1616 4914 1740 4971 Non
1766 4917 2107 4987 mchaben's,

530 5004 655 5061 Non
677 5008 871 5079 furtum
898 5006 1076 5077 facies,
1106 5005 1225 5061 Non
1246 5007 1433 5078 falsum
1456 5008 1794 5064 testimonium
1816 5008 1972 5077 dices,
2003 5009 2114 5067 Ho-

525 5115 654 5155 nora
672 5107 865 5165 patrem
892 5107 1035 5152 tuum
1052 5106 1100 5152 et
1119 5105 1329 5152 matrem
1347 5108 1510 5166 tuam;
1529 5109 1597 5167 et,
1615 5099 1806 5172 Diliges
1825 5102 2111 5172 proximum

522 5201 670 5247 tuum
695 5200 933 5261 tauquam
959 5200 1007 5245 te
1041 5191 1227 5263 ipsum.
1257 5190 1384 5247 Haec
1408 5190 1608 5249 faciens
1645 5194 1697 5249 in
1740 5193 1846 5251 ﬁde
1884 5195 2107 5266 Christi,

522 5293 736 5342 teneret
758 5283 941 5354 procul
963 5282 1126 5339 dubio
1151 5282 1311 5340 ﬁdem
1338 5300 1457 5356 qua:
1486 5298 1582 5355 per
1612 5286 1949 5345 dilectionem
1974 5305 2108 5361 ope-

523 5387 697 5434 ratur.
738 5374 922 5448 Neque
956 5376 1099 5432 enim
1135 5375 1385 5447 diligeret
1418 5376 1716 5448 proximum
1758 5387 2007 5452 tanquam
2046 5395 2108 5438 se

521 5472 729 5545 ipsum,
752 5471 854 5528 nisi
876 5478 1087 5541 recepta
1117 5469 1403 5526 dilectione
1432 5471 1554 5537 Dei,
1587 5473 1703 5528 sine
1722 5487 1825 5544 qua
1853 5489 1957 5529 non
1985 5473 2108 5531 dili-

523 5574 675 5636 geret
692 5581 752 5621 se
774 5566 969 5636 ipsum.
995 5563 1163 5618 Porro
1187 5561 1232 5617 si
1257 5558 1457 5619 faceret
1484 5564 1644 5620 etiam
1674 5563 1818 5634 quod
1847 5564 2104 5622 Dominus

586 5720 773 5830 :m‘
794 5718 1207 5830 essu-sa
1221 5724 1384 5830 si...”
1373 5718 1510 5830 ut
1510 5726 1591 5830 a-

586 5784 608 5814 ²
640 5781 775 5844 aditi,
798 5781 926 5847 quod
948 5781 1013 5831 ad
1050 5794 1207 5832 meum
1228 5781 1589 5846 promissionem
1610 5782 1792 5835 attinet.

523 5851 654 5910 ω,
678 5846 802 5911 quod
822 5843 887 5895 ad
907 5857 1062 5895 meum
1076 5843 1413 5911 professionem
1430 5845 1611 5897 attinet.

1514 373 1602 431 DE
1639 371 1798 431 FIDE
1838 370 1929 427 ET
1967 365 2331 437 OPERIBUS,
2372 368 2431 426 S.
2472 370 2840 431 AUGUSTINI
3675 386 3752 449 Iit

2246 486 2467 569 addidit,
2493 490 2699 558 dicens,
2731 490 2793 546 Si
2828 491 2903 547 uis
2925 490 3176 563 perfectus
3212 507 3337 559 esse,
3365 494 3501 562 uade,
3524 500 3657 556 vende
3672 518 3751 558 on-

2243 580 2329 633 nia
2352 596 2465 651 quia
2491 582 2643 637 habes
2662 623 2677 649 ,
2704 592 2753 649 et
2780 583 2850 636 da
2875 582 3182 653 pauperibus
3198 627 3215 652 ,
3245 593 3291 639 et
3310 584 3504 641 habebis
3526 590 3750 650 thesasm

2242 673 2297 729 in
2316 673 2439 729 uelo
2460 692 2480 740 ;
2509 683 2556 729 et
2584 676 2716 743 ueni,
2746 692 2949 747 sequere
2972 693 3052 732 me
3080 675 3294 745 (Matth.
3316 694 3427 747 xu,
3453 680 3644 751 lG-Ql);
3661 684 3752 740 tedi-

2243 767 2427 824 ﬁcaret
2452 782 2614 840 super
2634 769 2765 825 illud
2789 768 3193 827 fundamentum
3212 812 3227 838 ,
3271 787 3456 829 aurum
3475 814 3491 841 ,
3520 785 3751 846 argentum,

2241 858 2447 931 lapides
2474 860 2738 931 pretiosos
2764 879 2778 919 :
2808 876 2919 917 non
2947 862 3091 919 enim
3110 863 3370 935 cogitaret
3390 904 3406 928 ,
3431 865 3531 921 nisi
3551 881 3651 937 qua:
3668 879 3754 928 sunt

2241 950 2357 1017 Dei,
2382 950 2652 1022 quomodo
2679 952 2914 1023 placeret
2934 952 3080 1019 Deo;
3111 962 3167 1011 et
3192 954 3276 1011 hae
3305 955 3630 1027 cogitationes
3648 971 3752 1026 sum,

2238 1051 2492 1113 quantum
2508 1043 2783 1112 existimo,
2804 1059 3017 1113 aurum,
3031 1056 3328 1118 argentum,
3352 1047 3546 1119 lapides
3564 1050 3753 1119 pretiosi.

2237 1134 2415 1191 Porro
2441 1136 2487 1192 si
2517 1136 2661 1192 circa
2682 1136 2903 1192 divitias
2923 1153 3051 1195 suas
3078 1139 3279 1196 carnali
3296 1137 3519 1210 quodam
3545 1147 3754 1197 teneretur

2242 1224 2458 1292 affectu,
2481 1228 2724 1298 quamvis
2763 1243 2832 1284 ex
2867 1229 2949 1285 eis
2987 1231 3182 1287 multas
3206 1231 3566 1305 eleemosynas
3587 1231 3753 1301 faceret,

2237 1332 2338 1375 nec
2375 1318 2443 1374 ad
2481 1333 2577 1375 eas
2608 1319 2878 1392 augendas
2916 1320 3121 1379 fraudis
3155 1323 3354 1395 aliquid
3386 1324 3757 1396 rapinrequemo-

2232 1410 2452 1482 liretur,
2492 1422 2587 1469 aut
2621 1430 2807 1473 earum
2847 1417 3256 1475 minuendarum
3289 1419 3378 1475 vel
3413 1418 3755 1477 amittendam

2230 1515 2380 1562 metu
2404 1509 2458 1563 in
2474 1508 2692 1579 aliquod
2714 1508 2923 1567 facinus
2938 1510 3266 1583 ﬂagitiumve
3286 1511 3755 1584 laberetur(alioquia

2226 1597 2337 1668 jam
2362 1614 2423 1654 se
2449 1598 2555 1655 isto
2581 1600 2743 1657 modo
2769 1602 2839 1657 ab
2862 1602 3003 1659 illius
3026 1600 3358 1659 fundamenti
3383 1603 3644 1659 stabilitate
3661 1605 3755 1660 sub-

2228 1688 2523 1763 traheret),
2548 1690 2643 1747 sed
2674 1700 2891 1764 propter
2913 1695 3209 1763 carnalem,
3236 1702 3296 1750 ut
3317 1694 3447 1760 dixi,
3468 1709 3612 1766 quem
3634 1694 3676 1751 in
3692 1695 3749 1752 eis

2228 1778 2451 1837 haberet
2477 1780 2748 1850 aﬁ‘ectum,
2773 1798 2884 1855 quo
2903 1784 3097 1842 talibus
3115 1782 3270 1842 bonis
3289 1787 3407 1842 sine
3425 1785 3597 1842 dolore
3612 1800 3753 1843 carere

2226 1886 2334 1928 non
2361 1883 2574 1944 posset;
2616 1874 2909 1933 aediﬁcaret
2940 1892 3105 1950 super
3139 1876 3540 1935 fundamentum
3580 1877 3685 1933 illud
3707 1877 3756 1933 li-

2225 1977 2352 2035 gna,
2384 1964 2568 2022 fenum
2588 2007 2606 2033 ,
2637 1966 2889 2039 stipulam
2916 1984 2932 2022 :
2963 1969 3197 2026 maxime
3220 1970 3266 2025 si
3293 1978 3352 2026 et
3374 1985 3585 2026 uxorem
3609 1969 3673 2024 sic
3688 1967 3755 2023 ba-

2224 2057 2407 2126 beret,
2452 2068 2514 2115 ut
2547 2059 2711 2117 etiam
2736 2068 2954 2132 propter
2982 2062 3153 2135 ipsam
3172 2063 3432 2134 cogitaret
3454 2078 3514 2118 ea
3548 2076 3650 2134 qua:
3667 2066 3756 2117 sunt

2224 2151 2434 2220 mundi,
2460 2152 2730 2225 quomodo
2755 2154 2993 2225 placeret
3025 2155 3202 2211 uxori.
3228 2154 3358 2212 Haec
3380 2155 3535 2226 igitur
3553 2154 3751 2226 quoniam

2223 2242 2420 2299 affectu
2472 2242 2669 2301 dilecta
2718 2244 2920 2301 carnali
2953 2260 3063 2301 non
3088 2245 3205 2302 sine
3252 2244 3443 2307 dolore
3484 2246 3753 2311 amittantur,

2223 2344 2507 2407 propterea
2540 2338 2634 2408 qui
2670 2351 2735 2394 ea
2781 2337 2861 2394 sic
2909 2336 3131 2406 habent,
3167 2347 3229 2395 ut
3273 2338 3505 2395 habeant
3538 2338 3585 2394 in
3616 2334 3756 2392 funda-

2223 2439 2407 2488 mento
2446 2430 2609 2489 ﬁdem
2650 2446 2771 2504 quae
2813 2446 2912 2503 per
2944 2431 3294 2489 dilectionem
3338 2439 3607 2503 operatur,
3630 2440 3755 2500 nequa

2224 2524 2350 2582 huic
2377 2524 2481 2581 ista
2506 2525 2616 2581 ulla
2643 2525 2855 2583 ratione
2869 2524 2956 2582 vel
2969 2524 3261 2596 cupiditate
3284 2532 3609 2597 praeponam,
3632 2522 3677 2577 in
3691 2533 3755 2577 eo-

2222 2629 2344 2671 rum
2368 2614 2657 2672 amissione
2679 2615 2824 2687 passi
2853 2614 3233 2672 detrimentum
3252 2656 3269 2681 ,
3295 2630 3399 2688 per
3425 2615 3591 2686 ignem
3614 2625 3756 2684 qm-

2216 2707 2345 2765 dam
2374 2707 2577 2764 doloris
2596 2684 2918 2779 perveniunt
2942 2706 3009 2763 ad
3029 2707 3279 2763 salutem.
3298 2684 3351 2763 λ
3391 2684 3497 2779 quo
3519 2704 3679 2761 dolore
3696 2711 3753 2758 at-
3852 2684 3875 2783 Ι

2221 2815 2329 2873 que
2349 2799 2672 2857 detrimento
2708 2807 2857 2857 tanto
2880 2807 2966 2857 est
2991 2800 3217 2871 quisque
3241 2798 3501 2862 securior,
3528 2804 3694 2867 quanto
3711 2806 3753 2848 ea

2221 2893 2307 2949 vel
2343 2894 2521 2949 minus
2548 2892 2831 2961 amaverit,
2861 2891 2947 2949 vel
2975 2900 3227 2964 tanquam
3251 2906 3364 2947 non
3391 2889 3583 2946 habens
3602 2885 3755 2941 habue-

2221 2986 2312 3042 rit.
2342 2984 2444 3055 Qui
2460 3000 2591 3042 vero
2618 2994 2838 3058 propter
2865 2984 2958 3041 illa
3001 2984 3089 3041 vel
3118 2983 3349 3041 tenenda
3391 2982 3473 3039 vel
3510 2980 3752 3052 adipiscen-

2220 3074 2310 3144 da,
2329 3075 2697 3142 homicidium,
2716 3075 3059 3141 adulterium,
3100 3075 3527 3141 fornicationem,
3568 3069 3746 3128 idolola-

2223 3168 2402 3234 triam,
2425 3176 2482 3225 et
2501 3168 2697 3225 similia
2714 3182 2941 3240 quaeque
2958 3166 3311 3235 commiserit,
3335 3181 3443 3223 non
3464 3173 3659 3237 propter
3672 3160 3756 3215 lun-

2222 3257 2532 3315 damentum
2561 3272 2657 3329 per
2680 3258 2858 3330 ignem
2881 3258 3177 3315 salvahitur
3198 3300 3215 3327 ,
3255 3257 3357 3315 sed
3393 3256 3585 3314 amisso
3616 3250 3755 3309 funda-

2222 3358 2426 3417 mento,
2454 3359 2657 3407 aeterno
2686 3351 2809 3423 igne
2836 3350 3187 3422 torquebitur.

2291 3440 2381 3498 28.
2410 3440 2771 3510 Quamobrem
2802 3450 2859 3499 et
2907 3441 3037 3497 illud
3078 3440 3223 3514 quod
3260 3440 3468 3511 dicunt,
3497 3438 3642 3497 veluti
3662 3448 3754 3509 pm-

2187 3530 2353 3589 ihare
2401 3532 2676 3604 cupientes
2711 3542 2971 3605 quantum
2998 3533 3175 3590 valeat
3219 3533 3331 3590 sola
3369 3534 3522 3601 ﬁdes,
3550 3531 3629 3589 ubi
3647 3532 3754 3600 Apo-

2221 3625 2394 3682 stolus
2431 3626 2583 3694 dicit,
2617 3626 2831 3695 Quodsi
2862 3627 3084 3697 inﬁdelis
3129 3627 3365 3694 discedit,
3403 3625 3651 3689 discedat;
3678 3636 3752 3676 nos

2220 3729 2295 3777 est
2317 3721 2451 3777 enim
2471 3721 2696 3776 servituti
2730 3720 2983 3792 subjectus
3007 3720 3166 3792 frater
3198 3721 3277 3776 uel
3293 3737 3441 3777 soror
3458 3722 3510 3775 in
3534 3718 3751 3790 hujum-

2221 3812 2315 3886 di(
2341 3813 2360 3869 I
2389 3812 2509 3869 Cor.
2561 3830 2659 3883 vn,
2688 3814 2757 3870 15
2776 3814 2831 3887 );
2862 3814 2916 3870 id
2936 3822 3041 3882 est,
3084 3824 3143 3870 ut
3171 3824 3389 3886 propter
3434 3813 3581 3869 fidem
3602 3804 3753 3866 Christi

2220 3908 2381 3965 etiam
2409 3908 2523 3980 ipsa
2546 3922 2683 3965 uxor
2702 3908 2935 3979 legitima
2961 3907 3215 3964 societate
3238 3907 3538 3977 conjuncta,
3563 3906 3663 3960 sine
3684 3897 3748 3953 ul-

2223 4002 2439 4073 laculpa
2462 4001 2814 4073 relinquatur,
2843 4000 2891 4057 si
2933 4014 3055 4056 cum
3099 4000 3216 4056 viro
3244 3999 3557 4062 christiano,
3582 3998 3753 4066 propter

2221 4092 2327 4150 hoc
2361 4092 2483 4163 quia
2527 4090 2853 4149 christianus
2889 4098 2995 4159 est,
3044 4104 3361 4162 permanere
3409 4087 3651 4145 noluerit:
3672 4092 3751 4136 non

2220 4182 2503 4240 attendunt
2516 4197 2583 4240 eo
2601 4181 2763 4239 modo
2786 4181 2930 4238 illam
2954 4180 3249 4237 rectissime
3263 4179 3481 4246 dimitti,
3502 4177 3544 4233 si
3562 4174 3661 4230 viro
3681 4180 3752 4225 suo

2222 4274 2384 4343 dicat,
2408 4273 2524 4331 Non
2553 4288 2649 4331 ero
2693 4288 2830 4330 uxor
2878 4283 2990 4341 tua,
3030 4272 3130 4328 nisi
3156 4271 3287 4327 mihi
3326 4271 3410 4327 vel
3437 4271 3503 4327 de
3527 4260 3754 4324 latrocinio

2221 4367 2431 4424 divitias
2458 4380 2735 4437 congeras,
2762 4374 2854 4421 aut
2869 4363 2970 4421 nisi
2997 4363 3154 4419 solita
3183 4358 3652 4433 lenocinia,quibus
3672 4365 3747 4409 no-

2218 4469 2385 4517 stram
2401 4458 2615 4515 domum
2636 4457 3156 4529 transigebas,etiam
3176 4454 3501 4511 chriStianus
3518 4458 3749 4509 exerceas;

2220 4560 2313 4609 aut
2337 4551 2383 4607 si
2409 4550 2534 4621 quid
2566 4548 2711 4606 aliud
2743 4549 2828 4605 vel
2869 4548 3225 4604 facinorosum
3265 4546 3349 4604 vel
3400 4535 3749 4617 ﬁagitiosumin

2219 4646 2338 4702 viro
2359 4644 2636 4709 noverat‘,
2658 4657 2766 4714 quo
2785 4640 3046 4699 delectata
3083 4639 3169 4696 vel
3215 4638 3491 4696 libidinem
3522 4630 3746 4704 explebat.

2217 4736 2303 4794 vel
2325 4735 2531 4793 facilem
2577 4734 2775 4790 victum
2818 4731 3067 4798 habebat,
3100 4730 3186 4787 vel
3224 4731 3383 4786 etiam
3414 4725 3669 4785 incedebat
3682 4733 3749 4774 οτ-
3858 4725 3863 4781 ἰ

2218 4830 2412 4889 natior.
2440 4828 2589 4885 Tunc
2616 4826 2758 4883 enim
2799 4826 2887 4882 ille
2913 4824 3000 4881 cui
3050 4824 3153 4880 hoc
3190 4838 3326 4880 uxor
3351 4822 3500 4889 dicit,
3525 4820 3568 4878 si
3591 4811 3750 4872 vemi‘

2218 4931 2300 4979 ter
2324 4921 2434 4992 egit
2452 4918 2822 4991 pmnitentiam
2874 4916 2945 4973 ab
2986 4916 3240 4989 operibus
3291 4915 3534 4981 mortuis,
3575 4903 3749 4982 quando
3862 4920 3863 4923 η

2194 4998 2442 5072 accessit
2501 5012 2570 5069 ad
2633 5011 2999 5082 Baptismum,
3048 5009 3315 5081 habetque
3357 5009 3410 5065 in
3454 5003 3748 5063 fundamento

2216 5106 2375 5163 ﬁdem
2407 5121 2526 5178 quae
2549 5119 2648 5177 per
2699 5102 3041 5159 dilectionem
3077 5109 3350 5172 operatur,
3399 5097 3575 5172 procul
3616 5088 3745 5148 dubio

2214 5201 2335 5273 plus
2354 5200 2620 5257 tenebitur
2638 5213 2822 5255 amore
2845 5196 3039 5253 divinae
3058 5195 3264 5269 gratiae,
3287 5208 3444 5265 quam
3468 5188 3629 5247 carnis
3651 5194 3741 5238 tuo

2212 5295 2328 5360 riae,
2351 5302 2406 5350 et
2429 5292 2726 5349 membrum
2754 5289 2896 5363 quod
2916 5305 3040 5346 eum
3064 5288 3407 5353 scandalizat,
3454 5282 3644 5340 fortiter
3658 5289 3737 5330 am-

2213 5396 2381 5461 putat.
2404 5386 2805 5458 Quemcumque
2829 5393 3007 5441 antem
3048 5384 3101 5438 in
3122 5383 3222 5439 hac
3243 5377 3587 5450 diremptione
3619 5368 3740 5426 dolo-

2211 5495 2326 5537 rem
2351 5476 2529 5535 cordis
2580 5485 2800 5549 propter
2831 5476 3097 5531 carnalem
3119 5472 3366 5529 allectum
3402 5464 3626 5538 conjugis
3649 5470 3742 5513 sus-

2212 5571 2418 5637 tinebit,
2447 5570 2550 5626 hoc
2585 5580 2668 5625 est
2707 5566 3085 5623 detrimentum
3124 5563 3266 5637 quod
3307 5561 3549 5634 patietur,
3583 5553 3657 5609 hic
3676 5552 3739 5602 cst

2180 5661 2195 5696 "
2211 5664 2348 5736 ignis
2374 5678 2469 5733 per
2487 5676 2645 5733 quem
2676 5658 2799 5716 feno
2817 5658 3039 5715 ardente
3062 5658 3176 5729 ipse
3194 5656 3497 5712 salvabitur.
3520 5649 3572 5705 Si
3596 5650 3742 5699 autem

1816 5782 2103 5837 Concinnius

2224 5757 2315 5821 iam
2344 5755 2421 5810 sic
2452 5753 2680 5809 habebat
2728 5766 2948 5807 uxorem
2990 5760 3239 5816 tanquam
3268 5763 3376 5805 non
3421 5743 3626 5806 habens,
3653 5743 3737 5789 ιιοί1

2290 5846 2307 5877 ⁸
2332 5847 2583 5899 Remensis
2602 5851 2706 5908 Its.,
2726 5843 2882 5897 uirtuti
2902 5856 3046 5910 agere
3064 5846 3269 5893 nouerat.
