3882 6286
99 359 191 420 gn
1502 345 1703 402 LIBER
1739 344 1938 402 UNUS.

97 486 296 550 propter
317 472 835 544 concupiscentiam,
862 467 957 526 sed
984 475 1202 539 propter
1220 463 1666 528 misericordiam,

97 589 157 625 ne
184 570 310 623 forte
333 583 453 622 eam
486 567 694 620 salvam
742 564 964 630 faceret,
998 561 1230 617 reddens
1283 559 1459 629 potius
1510 573 1673 628 quam

94 664 297 735 exigens
327 660 576 715 debitum
603 658 913 730 conjugale;
944 656 1185 727 profecto
1208 667 1306 710 nec
1332 652 1534 708 dolebit
1555 667 1674 707 car-

93 757 286 817 naliter,
342 768 468 808 cum
516 753 591 808 ab
641 751 727 806 illo
762 750 867 806 tale
919 749 1244 805 connubium
1297 745 1670 818 separabitur:

93 863 246 919 neque
267 846 408 903 enim
430 846 488 901 in
520 861 589 902 ea
623 847 638 878 ¹
664 844 950 916 cogitabat,
977 844 1079 898 nisi
1107 858 1227 913 quae
1250 850 1375 897 sunt
1397 841 1514 907 Dei,
1541 853 1674 910 quo-

93 942 233 996 modo
279 940 523 1011 placeret
559 937 874 1010 Deo(Ibid.
920 935 1160 1007 29-54).
1209 937 1287 991 Ac
1326 949 1422 1005 per
1469 933 1572 988 hoc
1619 933 1672 988 in

93 1043 325 1106 quantum
365 1047 603 1100 aurum,
634 1039 932 1102 argentum,
960 1038 1015 1085 et
1057 1027 1259 1098 lapides
1286 1026 1549 1098 pretiosos
1569 1024 1675 1080 illis

91 1125 485 1196 cogitationibus
533 1122 1016 1195 supemdiﬁcabat,
1067 1122 1121 1177 in
1150 1129 1354 1176 tantum
1383 1119 1676 1175 detrimen-

91 1226 186 1272 tum
215 1215 416 1271 nullum
447 1225 752 1286 pateretur,
781 1215 834 1270 in
851 1224 1053 1270 tantum
1088 1213 1204 1283 ejus
1232 1220 1526 1281 structura,
1553 1227 1673 1283 quae

90 1328 183 1368 non
210 1321 320 1368 erat
344 1311 528 1376 fenea,
565 1311 714 1366 nullo
742 1307 990 1365 incendio
1014 1314 1367 1363 cremaretur.

149 1403 368 1458 29.5ive
393 1416 532 1472 ergo
554 1401 610 1456 in
640 1402 738 1456 hac
772 1381 980 1455 tahtum
1009 1398 1116 1454 vita
1152 1398 1253 1453 ista
1298 1396 1544 1452 homines
1568 1409 1672 1466 pa-

91 1496 292 1564 tiuntur,
342 1496 460 1550 sive
492 1495 662 1551 etiam
703 1501 826 1566 post
876 1492 1014 1548 hanc
1057 1491 1219 1546 vitam
1271 1490 1394 1544 talia
1429 1487 1674 1560 quaedam

89 1587 263 1658 judicia
311 1586 744 1657 subsequuntur,
775 1599 883 1640 non
911 1582 1186 1648 abhorret,
1238 1590 1494 1654 quantum
1533 1580 1673 1636 arbi-

91 1691 207 1747 tror,
235 1695 265 1736 a
288 1680 505 1735 ratione
558 1678 801 1735 veritatis
842 1678 944 1733 iste
970 1676 1271 1732 intellectus
1300 1675 1521 1745 hujusce
1545 1687 1673 1729 sen-

91 1774 269 1830 tentias.
295 1771 693 1828 Verumtamen
727 1770 889 1825 etiam
915 1770 960 1824 si
986 1777 1070 1824 est
1095 1768 1254 1835 alius,
1283 1767 1373 1838 qui
1400 1765 1531 1820 mihi
1559 1780 1667 1820 non

93 1865 320 1932 occurrit,
341 1865 526 1936 potius
572 1861 884 1935 eligendus;
911 1861 1070 1916 istum
1118 1859 1371 1931 quamdiu
1402 1867 1670 1924 tenemus,

94 1974 184 2014 non
209 1960 445 2028 cogimur
471 1956 665 2013 dicere
719 1955 928 2026 injustis
948 1994 964 2020 ,
992 1968 1099 2008 non
1130 1951 1375 2016 subditis,
1408 1950 1671 2018 scelestis,

97 2051 465 2114 contaminatis,
520 2047 823 2120 parricidis,
867 2045 1182 2112 matricidis,
1234 2043 1534 2111 homicidis,
1565 2041 1676 2098 for-

98 2142 416 2208 nicatoribus,
467 2141 838 2197 masculorum
877 2136 1333 2202 concubitoribus,
1375 2135 1671 2208 plagiariis,

102 2233 432 2300 utendacibus,
452 2233 787 2305 perjuris,et
824 2231 870 2286 si
896 2229 1021 2302 quid
1069 2229 1212 2285 aliud
1239 2243 1382 2284 sanie
1414 2228 1675 2284 doctrina:

104 2324 403 2392 adversatur,
437 2339 568 2395 quae
600 2332 684 2379 est
737 2321 1031 2379 secundum
1086 2319 1435 2391 Evangelium
1490 2317 1675 2390 gloria:

108 2414 222 2471 beati
241 2416 327 2472 Dei
359 2416 417 2488 (ι
449 2415 597 2471 Tim.
616 2430 652 2480 ι,
697 2415 821 2470 9-H
849 2413 903 2485 ):
929 2412 989 2469 Si
1039 2411 1405 2468 tantummodo
1432 2411 1484 2466 in
1511 2409 1674 2466 Chri-

115 2515 226 2560 stum
247 2506 496 2573 credatis,
546 2514 608 2563 et
659 2511 1055 2560 sacramentum
1099 2502 1359 2574 Baptismi
1384 2501 1502 2572 ejus
1527 2502 1672 2557 acci-

123 2599 260 2668 piatis,
283 2599 490 2656 etiamsi
521 2599 692 2655 vitam
721 2598 875 2654 istam
905 2596 1194 2669 pessimam
1241 2608 1350 2651 non
1378 2592 1674 2651 mutaveri-

129 2689 196 2753 tis,
219 2691 321 2746 salvi
346 2692 526 2747 eritis.

181 2781 250 2836 30.
270 2782 408 2839 Unde
436 2798 547 2839 nec
580 2781 670 2838 illa
694 2780 849 2837 nobis
891 2781 1086 2838 mulier
1106 2779 1410 2836 Chananaea
1430 2779 1678 2849 praescri-

119 2871 193 2938 bit,
215 2873 317 2942 quia
345 2874 619 2929 Dominus
646 2871 696 2928 ei
739 2871 882 2944 quod
934 2871 1148 2943 petebat
1197 2870 1366 2937 dedit,
1403 2885 1524 2926 cum
1551 2876 1678 2924 ante

116 2963 309 3028 dixisset,
336 2963 459 3020 Non
503 2974 578 3020 est
604 2964 789 3020 bonum
813 2964 990 3019 tollere
1009 2980 1188 3034 partem
1214 2962 1460 3034 ﬁliorum,
1485 2969 1532 3016 et
1555 2961 1677 3016 mit-

113 3063 194 3109 tere
208 3057 395 3112 canibus
417 3073 437 3122 ;
465 3057 606 3129 quia
634 3056 722 3112 ille
737 3055 916 3112 cordis
931 3057 1202 3127 inspector
1230 3064 1488 3111 mutatam
1519 3053 1672 3120 vidit,

115 3147 290 3216 quando
311 3148 578 3204 laudavit.
599 3146 668 3203 Et
692 3147 813 3203 ideo
835 3161 940 3202 non
969 3147 1064 3214 ait,
1112 3146 1157 3202 0
1177 3147 1347 3213 canis,
1377 3159 1568 3216 magna
1593 3153 1678 3200 est

114 3237 221 3293 ﬁdes
248 3249 328 3295 tua
350 3241 364 3295 l
388 3239 520 3307 sed,
556 3238 603 3294 0
625 3239 825 3306 mulier,
849 3255 1035 3311 magna
1075 3246 1149 3294 est
1177 3239 1304 3307 fides
1328 3237 1445 3308 tua(
1480 3236 1676 3292 Matth.

113 3342 190 3396 xv,
208 3329 288 3397 26,
315 3330 384 3387 28
411 3331 432 3403 )
465 3332 487 3385 ι
512 3330 730 3386 Mutavit
756 3329 1097 3399 vocabulum,
1128 3330 1254 3400 quia
1302 3337 1564 3384 mutatum
1593 3328 1678 3383 vi-

117 3421 178 3476 dit
217 3422 486 3490 atfectum,
538 3431 698 3494 atque
734 3424 879 3479 illam
912 3424 1304 3493 correptionem
1333 3423 1400 3478 ad
1446 3423 1677 3480 fructum

116 3517 388 3584 pervenisse
439 3517 723 3588 cognovit.
765 3516 926 3572 Miror
953 3525 1134 3572 autem
1162 3516 1207 3572 si
1237 3515 1478 3572 laudaret
1511 3515 1564 3570 in
1610 3530 1677 3572 ea

120 3607 252 3664 ﬁdem
277 3611 388 3668 sine
428 3610 728 3682 operibus;
774 3609 829 3668 id
866 3617 970 3678 est,
1017 3607 1177 3664 ﬁdem
1204 3624 1310 3664 non
1363 3608 1521 3663 talem
1559 3623 1680 3678 qua:

118 3699 207 3770 jam
228 3718 315 3774 per
335 3704 683 3761 dilectionem
717 3711 901 3775 posset
924 3702 1158 3773 operari,
1187 3701 1346 3757 ﬁdem
1391 3709 1678 3769 mortuam,

122 3802 166 3849 et
188 3795 312 3866 quod
339 3797 577 3854 Jacobus
624 3796 808 3853 dicere
835 3795 1055 3851 minime
1078 3795 1357 3863 dubitavit,
1383 3794 1543 3851 ﬁdem
1573 3810 1679 3852 non

121 3884 520 3948 Christianorum
551 3934 567 3958 ,
611 3891 706 3948 sed
749 3890 1075 3947 damonum.
1115 3891 1393 3946 Postremo
1435 3892 1481 3946 si
1524 3892 1680 3947 istam

123 3979 444 4044 Chananzcam
482 3987 670 4042 nolunt
708 3985 1004 4058 intelligere
1030 3993 1268 4040 mutasse
1285 3986 1521 4056 perditos
1560 4001 1682 4042 mo-

123 4088 213 4140 reS,
235 4081 436 4149 quando
451 4095 573 4137 eam
609 4078 858 4136 Christus
887 4078 1282 4135 contemnendo
1309 4088 1363 4135 et
1385 4079 1682 4150 corripien-

125 4165 184 4221 do
223 4170 480 4245 redarguit
509 4190 524 4228 :
552 4185 915 4243 quoscumque
961 4171 1263 4227 invenerint
1306 4172 1681 4226 tantummodo

127 4261 346 4332 credere,
396 4267 566 4322 vitam
605 4281 736 4322 vero
778 4264 1256 4336 inquinatissimam
1281 4305 1298 4332 ,
1353 4279 1455 4319 nec
1493 4264 1682 4319 saltem

131 4355 378 4423 occultare,
405 4357 502 4414 sed
519 4358 680 4414 etiam
707 4355 875 4412 libere
888 4356 1147 4427 proﬁteri,
1169 4371 1232 4410 ac
1255 4355 1398 4411 nolle
1429 4364 1640 4411 mutare
1662 4373 1677 4422 ;

131 4458 288 4503 sanent
313 4449 446 4506 ﬁlios
473 4465 684 4517 eorum,
713 4450 760 4506 si
801 4459 1045 4521 possunt,
1095 4449 1233 4506 sicut
1260 4458 1443 4505 sanata
1468 4458 1552 4506 est
1577 4449 1682 4506 ﬁlia

133 4532 408 4598 Chananaue
434 4541 840 4608 mulieris;non
867 4549 1046 4597 tamen
1087 4556 1182 4597 eos
1221 4541 1419 4596 faciant
1442 4542 1682 4597 membra

134 4622 316 4699 Christi,
343 4649 461 4688 cum
495 4633 597 4703 ipsi
623 4647 741 4689 esse
761 4647 868 4688 non
891 4632 1139 4688 desinant
1174 4634 1413 4689 membra
1433 4635 1683 4690 meretri-

138 4717 214 4773 cis.
240 4719 357 4779 illud
396 4739 528 4780 sane
558 4739 664 4780 non
690 4724 922 4780 absurde
948 4725 1268 4795 intelligunt,
1295 4740 1418 4781 eum
1462 4741 1683 4797 peccare

139 4806 182 4861 in
201 4808 424 4883 Spiritum
455 4825 726 4884 sanctum,
771 4825 826 4873 et
848 4831 969 4873 esse
995 4817 1111 4873 sine
1138 4819 1291 4873 venia
1319 4833 1470 4873 reum
1495 4819 1682 4875 interni

140 4908 322 4974 limati,
348 4912 432 4981 qui
463 4926 635 4982 usque
674 4911 728 4966 in
775 4911 936 4966 ﬁnem
959 4912 1082 4967 vitm
1128 4912 1360 4968 noluerit
1387 4911 1607 4968 credere
1628 4913 1682 4968 in

142 4991 368 5056 Christum
395 5021 409 5059 :
435 5003 532 5060 sed
553 5002 599 5058 si
623 5011 770 5058 recte
799 5003 1175 5075 intelligerent,
1218 5004 1343 5075 quid
1369 5006 1440 5060 sit
1465 5004 1684 5060 credere

144 5080 187 5138 in
217 5086 483 5149 Christum.
522 5093 640 5150 Non
679 5095 822 5149 enim
869 5093 972 5150 hoc
1013 5104 1096 5151 est
1135 5097 1330 5153 habere
1378 5096 1683 5153 daamonum

146 5173 291 5248 ﬁdem,
313 5199 424 5254 quae
450 5195 599 5242 recte
634 5194 845 5242 mortua
884 5185 1232 5257 perhibetur;
1260 5189 1355 5245 sed
1383 5188 1541 5245 ﬁdem
1563 5205 1684 5261 qua:

146 5277 220 5332 per
242 5269 556 5332 dilectionem
588 5287 857 5348 operatur.

200 5358 392 5422 CAPUT
429 5367 592 5424 XVII.
623 5343 799 5425 ἓ-δι.
842 5370 1207 5442 Argumentum
1245 5377 1439 5444 frustra
1478 5343 1684 5427 ductum

151 5457 437 5520 επραταὺοιίε
486 5461 800 5516 zizaniorum
828 5472 876 5518 et
910 5462 1243 5519 adductorum
1286 5466 1355 5519 ad
1399 5467 1678 5520 convivium

152 5553 223 5605 Ρτο
237 5547 475 5607 obstinatis
514 5552 568 5607 in
611 5564 814 5623 peccato
862 5554 1186 5610 admittendis
1215 5557 1282 5610 ad
1330 5557 1650 5628 Baptismum

155 5629 394 5699 Similitudo
440 5647 572 5700 servi
599 5647 809 5702 nolentis
843 5665 1049 5719 erogare
1091 5650 1333 5704 talentum
1360 5652 1428 5704 ad
1451 5650 1679 5707 eamdem

155 5769 303 5885 "eosic
317 5786 411 5832 Mss.
434 5787 491 5831 At
516 5780 654 5843 editi,
678 5780 765 5831 tali
781 5782 1001 5847 conjugio
1022 5784 1321 5858 separatum
1352 5799 1536 5852 :neque
1558 5787 1687 5840 enim

3263 346 3372 408 218

1785 477 1892 516 rem
1916 461 2130 516 inutilis.
2170 462 2299 532 Quae
2347 477 2468 518 cum
2512 463 2583 520 ita
2608 463 2736 533 sint,
2767 465 2978 536 quando
3005 466 3136 522 tales
3162 465 3230 522 ad
3259 466 3365 522 Ba-

1781 555 2035 625 ptismum
2084 573 2190 610 non
2231 556 2582 624 admittimus,
2629 573 2734 613 non
2761 567 2882 612 ante
2912 568 3119 629 tempus
3162 559 3361 614 zizania

1782 650 2012 705 evellere
2033 665 2311 718 conamur,
2346 650 2440 706 sed
2466 652 2712 706 nolumus
2743 652 2980 722 insuper,
3012 653 3149 706 sicut
3173 652 3357 707 diabo-

1781 742 1884 808 lus,
1913 743 2114 799 zizania
2142 745 2408 800 seminare
2439 762 2451 799 :
2483 759 2581 800 nec
2609 744 2677 799 ad
2700 742 2969 800 Christum
2999 744 3241 799 volentes
3272 757 3362 798 ve-

1782 835 1897 891 nire
1917 835 2282 905 prohibemus,
2313 835 2406 892 sed
2433 851 2528 892 eos
2577 835 2645 891 ad
2673 834 2945 891 Christum
2969 837 3153 892 venire
3199 835 3362 904 nolle,

1782 927 1896 998 ipsa
1923 941 2017 982 sua
2039 927 2371 998 professione
2399 927 2802 983 convincimus:
2827 943 2926 983 nec
2945 939 3185 983 vetamus
3211 925 3366 982 Chri-

1781 1028 1866 1075 sto
1892 1020 2134 1088 credere,
2161 1019 2254 1076 sed
2272 1020 2699 1076 demonstramus
2722 1035 2816 1076 eos
2844 1020 2986 1075 nolle
3006 1018 3217 1075 Christo
3237 1034 3361 1075 cre-

1781 1108 1932 1176 dere,
1963 1109 2052 1180 qui
2099 1109 2181 1165 vel
2210 1109 2528 1165 adulterium
2557 1108 2743 1165 dicunt
2785 1124 2893 1165 non
2927 1124 3045 1165 esse
3089 1108 3229 1179 quod
3275 1108 3367 1164 ille

1780 1199 2098 1256 adulterium
2123 1199 2252 1256 dicit
2271 1215 2410 1266 esse,
2429 1200 2513 1255 vel
2525 1199 2744 1256 credunt
2767 1199 3037 1255 adulteros
3065 1200 3180 1270 ejus
3196 1216 3368 1256 mem-

1780 1292 1876 1348 bra
1897 1308 2054 1364 posse
2077 1308 2218 1360 esse,
2239 1309 2374 1365 quos
2395 1309 2492 1364 per
2516 1294 2829 1364 Apostolum
2849 1294 2976 1348 dicit
3004 1309 3224 1364 regnum
3258 1294 3361 1350 Dei

1780 1402 1888 1443 non
1911 1387 2203 1458 possidere,
2230 1396 2285 1444 et
2336 1403 2482 1443 sana:
2531 1388 2790 1444 doctrinae
2817 1387 3105 1452 adversari,
3140 1403 3257 1458 quae
3283 1396 3366 1443 est

1779 1479 2070 1535 secundum
2117 1480 2461 1551 Evangelium
2510 1481 2695 1553 gloria:
2736 1480 2878 1536 beati
2919 1480 3033 1535 Dei.
3079 1478 3231 1535 Unde
3258 1495 3365 1534 non

1779 1578 1906 1626 sunt
1959 1571 2046 1626 isti
2099 1571 2239 1627 inter
2287 1586 2382 1628 eos
2433 1571 2754 1643 deputandi,
2789 1571 2882 1643 qui
2947 1570 3014 1626 ad
3062 1570 3368 1626 convivium

1780 1662 2087 1732 nuptiarum
2122 1672 2425 1729 venerunt;
2457 1664 2549 1719 sed
2570 1664 2708 1720 inter
2738 1679 2832 1720 eos
2848 1664 2937 1735 qui
2968 1664 3149 1718 venire
3179 1664 3368 1719 nolue-

1781 1761 1924 1808 runt.
1956 1753 2090 1808 Cum
2127 1754 2270 1809 enim
2303 1755 2402 1825 ipsi
2430 1754 2685 1810 doctrinas
2728 1754 2926 1810 Christi
2968 1754 3166 1810 audent
3203 1770 3364 1826 aper-

1780 1845 1985 1902 tissime
2053 1847 2457 1917 contradicere,
2505 1857 2559 1904 et
2619 1858 2805 1904 sancto
2854 1848 3125 1904 adversari
3189 1849 3366 1906 Evan-

1779 1940 1921 2010 gelio
1946 1980 1962 2006 ,
1985 1955 2091 1996 non
2146 1941 2422 1997 venientes
2468 1941 2835 2011 repelluntur,
2876 1941 2972 1997 sed
3017 1942 3198 1996 venire
3236 1957 3368 1997 con-

1780 2040 2046 2086 temnunt.
2076 2031 2176 2100 Qui
2222 2041 2396 2088 autem
2442 2033 2638 2088 saeculo
2696 2034 2885 2089 saltem
2939 2032 3134 2098 verbis,
3154 2032 3365 2090 etiamsi

1781 2139 1888 2179 non
1957 2123 2109 2179 factis
2137 2165 2151 2191 ,
2193 2126 2546 2194 renuntiant,
2599 2126 2823 2181 veniunt
2874 2126 3087 2197 quidem
3120 2167 3135 2193 ,
3182 2135 3234 2180 et
3283 2128 3370 2181 ln-

1780 2225 1864 2272 ter
1907 2216 2140 2272 triticum
2176 2217 2504 2272 seminantur
2533 2259 2549 2284 ,
2582 2226 2635 2273 et
2669 2217 2723 2272 in
2775 2232 2952 2272 aream
2983 2224 3365 2288 congeruntur,

1781 2318 1836 2365 et
1881 2310 2070 2365 ovibus
2127 2317 2499 2380 aggregantur,
2540 2320 2594 2365 et
2645 2309 2778 2366 retia
2828 2309 3097 2377 subeunt,
3130 2318 3185 2365 et
3238 2323 3370 2364 con-

1780 2406 2079 2464 vivantibus
2129 2407 2526 2473 admiscentur;
2565 2407 2661 2463 sed
2715 2406 2858 2463 intus
2889 2407 3002 2462 sive
3043 2405 3260 2472 lateant,
3291 2404 3371 2461 si-

1779 2515 1847 2556 ve
1902 2508 2143 2570 pareant,
2180 2509 2307 2557 tunc
2332 2500 2434 2556 erit
2475 2500 2610 2555 ratio
2633 2499 2894 2556 tolerandi
2921 2501 2966 2556 si
2993 2509 3228 2572 potestas
3246 2499 3366 2555 nul-

1779 2595 1832 2651 la
1857 2603 1940 2650 est
1967 2594 2288 2665 corrigendi,
2344 2609 2445 2650 nec
2470 2593 2629 2650 debet
2653 2608 2774 2650 esse
2822 2594 3170 2665 praesumptio
3203 2607 3365 2663 sepa-

1779 2684 1953 2741 randi.
1977 2685 2320 2741 Absitautem
2352 2693 2410 2740 ut
2431 2685 2508 2739 sic
2532 2685 2891 2755 intelligamus
2914 2683 3056 2754 quod
3101 2685 3362 2756 scriptum

1781 2786 1884 2844 est,
1911 2776 1978 2834 ad
2011 2777 2314 2832 convivium
2349 2777 2654 2847 nuptiarum
2694 2775 2971 2843 adductos,
2998 2793 3122 2848 quos
3166 2776 3370 2831 invene-

1781 2881 1899 2926 runt
1915 2871 2068 2926 bonos
2093 2879 2137 2926 et
2163 2869 2540 2941 malos(Matth.
2563 2885 2694 2938 χιιι,
2720 2869 2900 2941 2-10),
2928 2878 2986 2926 ut
3004 2884 3097 2924 eos
3117 2869 3371 2925 adduxis-

1783 2977 1845 3019 se
1871 2962 2175 3030 credantur,
2221 2963 2312 3033 qui
2343 2978 2403 3018 se
2455 2962 2625 3018 malos
2655 2970 3092 3032 perseveraturos
3136 2961 3368 3034 professi

1781 3064 1925 3111 sunt.
1960 3055 2207 3126 Alioquin
2231 3055 2331 3126 ipsi
2351 3055 2491 3111 servi
2510 3054 2904 3126 patrisfamilias
2917 3055 3120 3111 zizania
3136 3057 3372 3112 semina-

1782 3156 1994 3214 verunt,
2026 3147 2323 3218 falsumque
2368 3147 2470 3204 erit
2514 3146 2663 3202 illud.
2690 3145 2936 3203 Inimicus
2973 3156 3142 3202 autem
3194 3147 3284 3218 qui
3308 3163 3371 3202 ea

1782 3241 2078 3309 seminavit,
2107 3240 2336 3295 diabolus
2362 3249 2433 3294 est
2457 3239 2478 3311 (
2507 3238 2594 3293 Id.
2624 3255 2718 3294 xm
2737 3281 2753 3308 ,
2800 3238 2870 3295 59
2900 3237 2941 3310 ).
2970 3238 3078 3294 Sed
3111 3239 3238 3310 quia
3268 3239 3372 3296 hoc

1784 3332 1976 3389 falsum
2000 3347 2119 3388 esse
2147 3347 2252 3388 non
2275 3339 2469 3403 potest,
2495 3329 2976 3386 adduxeruntservi
3001 3330 3159 3386 bonos
3185 3340 3233 3385 et
3254 3345 3370 3384 ma-

1785 3428 1882 3495 los,
1903 3428 2016 3484 sive
2059 3428 2149 3498 qui
2184 3427 2432 3491 laterent,
2455 3424 2569 3482 sive
2604 3425 2695 3496 qui
2734 3424 2845 3497 jam
2873 3423 3110 3493 adducti,
3133 3433 3188 3481 et
3208 3424 3376 3481 intro-

1785 3519 1935 3576 missi
1976 3526 2334 3589 apparerent;
2371 3518 2484 3573 sive
2524 3515 2680 3571 bonos
2729 3525 2777 3571 et
2832 3514 2994 3570 malos
3039 3515 3242 3571 dictum
3289 3523 3375 3573 est

1786 3610 2078 3667 secundum
2127 3609 2410 3680 quamdam
2467 3607 2753 3663 humanam
2805 3609 3287 3673 conversationem,
3318 3607 3376 3664 in

1759 3718 1889 3773 qua
1905 3701 2064 3757 etiam
2110 3700 2146 3755 ii
2173 3701 2263 3772 qui
2296 3699 2532 3756 nondum
2555 3698 2922 3766 crediderunt,
2947 3698 3033 3754 vel
3069 3695 3272 3754 laudari
3285 3697 3372 3754 vel

1787 3794 2076 3865 vituperari
2101 3795 2295 3850 solent.
2320 3792 2475 3850 Unde
2498 3801 2580 3848 est
2595 3792 2754 3849 etiam
2780 3801 2836 3849 et
2872 3791 3003 3848 illud
3031 3791 3172 3864 quod
3190 3791 3377 3847 Domi-

1786 3903 1888 3944 nus
1913 3894 2094 3943 monet
2141 3885 2452 3956 discipulos,
2498 3900 2633 3957 quos
2685 3885 2753 3940 ad
2804 3885 3148 3956 Evangelium
3180 3883 3377 3955 βιωάί-

1789 3979 2021 4035 candum
2047 3978 2292 4049 primitus
2317 3978 2498 4046 mittit,
2530 3987 2589 4032 ut
2636 3978 2690 4032 in
2719 3992 3108 4049 quamcumque
3132 3977 3380 4034 venerint

1786 4073 2054 4130 civitatem
2075 4113 2091 4140 ,
2120 4079 2360 4142 quaerant
2383 4070 2502 4140 quis
2527 4070 2636 4125 illic
2660 4069 2854 4139 dignus
2882 4069 2972 4136 sit,
3002 4079 3060 4124 ut
3081 4069 3222 4139 apud
3251 4085 3375 4125 eum

1788 4167 2048 4232 habitent,
2071 4165 2241 4220 donec
2269 4163 2393 4218 inde
2415 4161 2862 4234 proﬁciscantur(
2891 4161 2978 4216 Id.
2997 4178 3056 4230 x,
3085 4164 3146 4219 ﬂ
3173 4161 3217 4234 ).
3246 4163 3378 4218 Pro-

1788 4259 1929 4316 fecto
1957 4259 2047 4314 ille
2073 4258 2266 4328 dignus
2293 4257 2414 4328 quis
2435 4256 2558 4321 erit,
2590 4255 2693 4312 nisi
2717 4256 2810 4327 qui
2837 4255 3229 4313 existimatione
3250 4271 3378 4312 suo-

1787 4371 1907 4412 rum
1957 4355 2151 4411 civium
2184 4354 2355 4410 bonus
2383 4353 2706 4410 habebitur?
2727 4362 2781 4410 et
2805 4355 2926 4426 quis
2955 4356 3233 4428 indignus,
3268 4358 3376 4415 nisi

1788 4449 1877 4520 qui
1925 4448 2004 4503 eis
2049 4447 2222 4503 malus
2273 4448 2596 4504 innotuerit?
2626 4449 2705 4505 Ex
2748 4449 2850 4505 hoc
2903 4459 3129 4521 utroque
3177 4468 3377 4521 genere

1789 4540 2010 4596 veniunt
2030 4539 2098 4595 ad
2126 4538 2323 4595 Christi
2381 4539 2562 4606 ﬁdem,
2591 4549 2646 4597 et
2693 4541 2771 4597 sic
2797 4540 3130 4598 adducuntur
3172 4543 3299 4601 boni
3321 4553 3379 4602 et

1789 4631 1915 4688 mali
1945 4649 1958 4685 :
1985 4632 2109 4702 quia
2135 4640 2192 4687 et
2237 4631 2314 4688 illi
2343 4632 2470 4687 mali
2496 4647 2526 4686 a
2565 4633 2789 4688 mortuis
2831 4633 3082 4702 operibus
3110 4636 3376 4705 paeniten-

1790 4728 1919 4783 tiam
1943 4742 2050 4782 non
2099 4735 2370 4782 recusant.
2415 4727 2470 4784 Si
2499 4736 2676 4783 autem
2725 4736 2994 4793 recusant,
3041 4745 3151 4786 non
3177 4730 3378 4788 intrare

1789 4820 2064 4890 cupientes
2088 4819 2438 4890 repelluntur,
2461 4818 2556 4874 sed
2577 4819 2644 4875 ab
2673 4819 2891 4876 introitu
2913 4820 3012 4892 ipsi
3040 4832 3227 4894 aperta
3242 4838 3374 4880 con-

1789 4913 2105 4969 tradictione
2133 4911 2431 4968 discedunt.

1862 5008 1950 5064 '52.
1980 4999 2095 5062 Eﬁt
2129 5021 2257 5077 ergo
2285 5017 2339 5061 et
2367 5019 2555 5061 servus
2583 5005 2672 5062 ille
2703 5022 2948 5073 securus,
2977 5024 3078 5066 nec
3123 5009 3264 5068 inter
3287 5011 3375 5083 pi-

1791 5115 1914 5170 gros
1940 5098 2297 5163 damnabitur,
2327 5097 2470 5170 quod
2494 5097 2824 5156 dominicum
2876 5100 3133 5158 talentum
3182 5103 3373 5159 nolue-

1791 5191 1863 5248 rit
1913 5205 2175 5262 erogare;
2207 5189 2636 5262 quandoquidem
2666 5192 2740 5247 illi
2769 5192 3056 5250 noluerunt
3077 5194 3219 5266 quod
3254 5210 3377 5251 ero-

1791 5285 1949 5357 gabat
1985 5287 2246 5356 accipere.
2298 5285 2525 5356 Propter
2572 5286 2692 5342 illos
2735 5287 2878 5341 enim
2916 5287 3032 5344 haec
3081 5287 3374 5342 similitudo

1792 5379 2061 5451 proposita
2084 5389 2186 5434 est.
2217 5377 2344 5452 (Id.
2378 5395 2507 5447 xxv,
2533 5378 2762 5451 ιιι-50),
2791 5380 2882 5449 qui
2909 5379 3094 5434 nolunt
3134 5380 3373 5448 suscipe-

1793 5487 1853 5526 re
1904 5471 1956 5526 in
1998 5471 2233 5526 Ecclesia
2275 5469 2688 5541 dispensatoris
2742 5470 2997 5536 ofﬁcium,
3051 5468 3376 5526 desidiosum

1792 5562 2188 5634 prmtendentes
2215 5565 2632 5628 excusationem,
2667 5563 2808 5618 nolle
2825 5577 2884 5617 se
2900 5563 3158 5620 rationem
3182 5561 3379 5618 redde-

1793 5671 1854 5711 re
1887 5656 1954 5711 de
1994 5657 2225 5726 peccatis
2261 5656 2486 5721 alienis;
2519 5656 2607 5725 qui
2651 5654 2872 5708 audiunt
2918 5661 2972 5709 et
3015 5667 3121 5708 non
3152 5653 3370 5720 faciunt,

1795 5751 1847 5806 id
1875 5760 1977 5814 est,
2006 5752 2334 5820 accipiuntet
2363 5765 2467 5803 non
2498 5747 2745 5804 reddunt.
2778 5745 2910 5802 Cum
2935 5761 3063 5801 vero
3091 5746 3377 5819 diSpensa-

1801 5851 1881 5896 tor
1911 5841 2083 5896 ﬁdelis
2119 5849 2173 5896 et
2215 5840 2464 5910 diligens,
2515 5839 2571 5894 in
2598 5835 2868 5910 eroganda
2911 5838 3299 5913 paratissimus,
3325 5845 3382 5898 ct
