3882 6286
101 5875 341 6064 κ

538 295 646 354 219
1495 293 1582 352 DE
1620 293 1775 352 FIDE
1815 295 1903 351 ET
1941 292 2301 368 OPERIBUS,
2327 298 2387 355 S.
2427 299 2796 362 AUGUSTINI
3662 323 3742 386 ao

540 410 810 466 luerorum
844 409 1232 468 dominicorum
1281 409 1643 480 avidissimus,
1674 411 1804 470 dicit
1851 409 2113 475 adultero,

536 501 653 559 Noli
697 517 821 559 esse
869 503 1097 572 adulter,
1139 504 1184 559 si
1232 504 1311 560 vis
1347 505 1651 576 baptizari;
1683 504 1841 560 crede
1882 503 2118 571 Christo,

533 594 626 666 qui
667 596 766 652 hoc
808 595 951 668 quod
978 595 1110 655 facis
1137 596 1264 654 dicit
1290 611 1411 654 esse
1449 597 1790 667 adulterium,
1829 597 1874 653 si
1899 597 1980 653 vis
2028 597 2122 652 ba-

535 687 764 758 ptizari;
797 687 904 744 noli
934 704 1055 746 esse
1102 691 1401 752 membrum
1439 692 1755 758 meretricis,
1802 692 1848 747 si
1876 692 1954 747 vis
1996 689 2111 747 ﬁeri

534 781 833 838 membrum
859 782 1054 840 Christi
1081 799 1096 837 :
1129 783 1222 840 ille
1238 794 1413 842 autem
1439 784 1747 855 respondet,
1765 783 1879 840 Non
1903 783 2118 852 obedio,

534 861 640 931 non
670 874 803 930 iacio
829 892 841 929 :
876 875 988 946 ipse
1001 892 1108 932 non
1130 878 1239 932 vult
1263 892 1442 933 veram
1471 877 1751 948 pecuniam
1796 877 2118 933 dominicam

532 967 798 1039 accipere,
821 968 916 1025 sed
942 983 1092 1030 suam
1135 969 1312 1039 potius
1346 969 1697 1026 adulterinam
1724 968 2119 1028 vulttbesauris

530 1058 813 1118 dominicis
842 1060 1151 1131 importare.
1183 1061 1240 1117 Si
1261 1070 1440 1118 autem
1462 1077 1520 1118 se
1546 1060 1808 1120 {caurum
1832 1060 2117 1134 proﬁtere—

529 1159 639 1225 tur,
661 1165 759 1206 nec
804 1150 1022 1220 faceret,
1077 1167 1176 1208 nec
1217 1163 1406 1224 postea
1447 1153 1687 1223 quolibet
1717 1153 1875 1210 modo
1924 1152 2120 1231 corrigi

530 1223 748 1314 posset;
776 1239 1105 1300 inveniretur
1138 1223 1266 1316 quid
1287 1243 1356 1300 de
1385 1244 1474 1300 illo
1501 1243 1671 1312 ﬁeret,
1703 1259 1770 1300 ne
1797 1243 1915 1299 aliis
1941 1223 2113 1299 inuti-4

529 1334 593 1389 lis
616 1344 779 1402 esset,
805 1335 896 1406 qui
913 1335 1012 1391 sibi
1038 1335 1184 1392 utilis
1230 1351 1348 1392 esse
1393 1351 1498 1392 non
1527 1345 1708 1408 posset
1740 1353 1752 1390 :
1784 1344 1840 1391 ut
1883 1335 1928 1390 si
1979 1333 2118 1390 intra

527 1426 662 1484 retia
683 1426 892 1482 Domini
918 1426 1056 1482 bona
1084 1427 1244 1498 piscis
1275 1427 1446 1484 malus
1489 1436 1652 1496 esset,
1686 1441 1790 1512 non
1833 1435 2008 1483 tamen
2032 1425 2118 1513 ρίτ

526 1533 649 1575 sces
670 1518 881 1575 Domini
909 1519 992 1576 sui
1037 1520 1191 1576 malis
1212 1520 1414 1576 retibus
1439 1520 1700 1588 irretiret;
1726 1520 1825 1575 hoc
1854 1527 1957 1585 est,
1987 1527 2045 1576 ut
2070 1518 2116 1578 si

525 1609 750 1668 haberet
773 1611 826 1667 in
856 1611 1092 1668 Ecclesia
1124 1612 1287 1668 vitam
1309 1613 1525 1680 malam,
1557 1627 1662 1668 non
1695 1621 1870 1670 tamen
1901 1611 2009 1666 illic
2031 1612 2115 1668 in-

523 1704 771 1762 Stitueret
795 1704 1092 1760 doctrinam
1122 1705 1335 1760 malam.
1367 1704 1502 1760 Cum
1525 1705 1668 1760 enim
1693 1703 1826 1760 tales
1847 1704 1982 1759 facta
2011 1718 2112 1762 sua

523 1796 649 1852 talia
675 1796 987 1862 defendunt,
1019 1797 1104 1852 vel
1129 1797 1182 1852 in
1203 1798 1284 1853 eis
1310 1812 1369 1853 se
1417 1807 1849 1867 perseveraturos
1886 1798 2113 1868 apertis-.

521 1890 658 1960 sime
684 1891 992 1961 proﬁtentes
1018 1890 1366 1950 admittuntur
1386 1889 1451 1946 ad
1476 1891 1843 1962 Baptismum;
1876 1890 2005 1948 nihil
2035 1891 2115 1946 vi-

525 1980 684 2036 detur
709 1981 852 2037 aliud
901 1981 1242 2052 praedicari‘,
1273 1983 1374 2038 nisi
1429 1982 1777 2038 fornicatores
1802 1991 1857 2038 et
1908 1981 2114 2040 adulte-

522 2089 612 2139 ros
639 2075 798 2130 etiam
821 2089 989 2146 usque
1039 2075 1093 2131 in
1142 2075 1264 2132 vita:
1294 2075 1451 2146 hujus
1500 2075 1659 2132 linem
1689 2077 1742 2131 in
1774 2092 1835 2132 ea
1877 2076 2110 2147 nequitia

591 2173 936 2234 rmanentes,
989 2181 1210 2237 regnum
1263 2166 1354 2222 Dei
1397 2181 1760 2238 possessuros,
1816 2176 1871 2224 et
1918 2169 2112 2224 merito

523 2255 665 2324 ﬁdei,
693 2273 810 2328 quae
839 2256 954 2314 sine
982 2257 1232 2328 operibus
1272 2266 1478 2314 mortua
1506 2268 1608 2324 est,
1639 2258 1706 2314 ad
1750 2258 1911 2314 vitam
1955 2266 2110 2314 ceter-

520 2362 644 2416 nam
680 2347 1011 2420 salutemque
1037 2358 1314 2406 venturos.
1347 2349 1472 2413 Ητεο
1501 2359 1626 2405 sunt
1651 2349 1787 2405 mala
1816 2349 1966 2416 retia,
1992 2365 2110 2421 quae

519 2452 710 2510 cavere
759 2439 953 2496 debent
1001 2441 1265 2512 praecipue
1313 2440 1607 2512 piscatores
1641 2459 1653 2494 :
1685 2441 1730 2498 si
1794 2450 1972 2496 tamen
2019 2441 2108 2506 illa

521 2529 824 2606 evangelica
874 2531 1220 2587 similitudine
1248 2533 1538 2602 piscatores
1577 2533 1832 2604 episcopi,
1861 2534 1946 2588 vel
1973 2529 2108 2590 lnfe-

518 2621 672 2690 rioris
689 2621 889 2679 ordinis
919 2623 1274 2680 Ecclesiarum
1299 2624 1566 2696 praepositi
1597 2625 1925 2708 intelligendi
1948 2636 2104 2694 sunt;

518 2705 640 2792 quia
663 2714 860 2770 dictum
886 2725 988 2784 est,
1039 2713 1234 2783 Venite,
1280 2726 1327 2772 et
1355 2718 1542 2790 faciam
1584 2733 1670 2772 vos
1703 2705 1980 2789 piscatores
2008 2719 2104 2775 Ito-

517 2806 972 2883 minum(Matt/a.
1022 2808 1264 2883 ιν,19).
1319 2805 1541 2866 Retibus
1579 2811 1722 2865 enim
1777 2809 1938 2865 bonis
1986 2807 2106 2882 capi

514 2879 942 2970 possuntpisces
963 2908 1017 2955 et
1054 2899 1179 2955 boni
1199 2879 1251 2956 et
1280 2899 1407 2956 mali
1436 2917 1451 2967 ;
1497 2901 1700 2956 retibus
1728 2911 1906 2958 autem
1950 2902 2104 2959 malis

515 2981 632 3060 capi
666 2999 771 3042 non
812 2997 1037 3059 possunt
1063 2990 1234 3060 pisces
1277 2990 1420 3046 boni.
1464 2992 1726 3060 Quoniam
1763 2991 1814 3048 in
1862 2993 2104 3050 doctrina

514 3064 654 3150 bona
684 3088 739 3136 et
761 3079 930 3148 bonus
955 3090 1131 3153 potest
1159 3096 1286 3138 esse
1312 3081 1401 3153 qui
1429 3083 1578 3138 audit
1626 3093 1680 3138 et
1707 3082 1847 3150 facit,
1888 3089 1943 3140 et
1985 3083 2103 3141 ma;

514 3159 598 3243 ius
625 3172 717 3242 qui
743 3171 889 3227 audit
928 3181 984 3228 et
1023 3188 1132 3229 non
1181 3170 1308 3228 facit
1338 3191 1351 3227 :
1382 3175 1434 3228 in
1482 3173 1724 3232 doctrina
1770 3191 1898 3232 vero
1941 3177 2097 3247 mala,

514 3273 569 3342 et
597 3266 686 3338 qui
713 3269 830 3321 e‘am
858 3282 1037 3323 veram
1067 3275 1235 3338 putat,
1255 3266 1496 3339 quamvis
1525 3267 1574 3323 ei
1599 3283 1706 3323 non
1737 3267 2098 3342 obtemperet,

515 3337 686 3411 malus
713 3365 826 3422 est;
856 3365 909 3410 et
945 3356 1033 3427 qui
1060 3337 1415 3429 obtemperat,
1441 3357 1591 3429 pejor
1617 3367 1719 3414 est.

583 3443 809 3514 CAPUT
835 3439 1460 3507 XVlli.—35.Proltiberi
1474 3451 1751 3524 pertinaces
1769 3453 1931 3508 malos
1946 3471 1978 3509 α
1999 3451 2100 3529 Bas

512 3529 693 3612 ptimo
737 3557 836 3595 non
864 3557 1066 3595 novum.
1115 3539 1245 3597 Illud
1285 3557 1413 3599 sane
1440 3544 1679 3600 mirabile
1708 3555 1812 3615 est,
1829 3546 1970 3618 quod
1993 3545 2100 3602 ira;

512 3640 622 3690 tres
651 3632 737 3704 qui
766 3633 919 3688 aliter
943 3635 1190 3704 sapiunt,
1221 3651 1342 3691 cum
1371 3625 1599 3694 debeant
1626 3638 1693 3694 ab
1725 3639 1823 3695 ista
1853 3639 1935 3696 vel
1958 3658 2097 3700 nova

511 3722 595 3798 vel
624 3734 829 3791 vetere,
861 3726 1158 3794 perniciosa
1186 3734 1361 3784 tamen
1392 3727 1642 3799 opinione
1667 3730 1960 3801 discedere,
1994 3733 2094 3805 ipsi

511 3816 730 3888 insuper
753 3819 933 3875 dicunt
960 3836 1147 3878 novam
1176 3837 1296 3879 esse
1315 3821 1635 3894 doctrinam,
1658 3843 1759 3898 qua
1781 3830 2095 3901 nequissimi

511 3910 757 3969 homines
783 3912 836 3966 in
864 3911 974 3968 suis
1013 3913 1223 3986 ﬂagitiis
1252 3930 1310 3970 se
1341 3923 1773 3988 perseveraturos
1803 3920 1854 3974 in
1897 3937 2094 3994 prepa-

510 3991 624 4065 tulo
681 4003 989 4074 proﬁtentes
1035 4021 1140 4069 non
1199 4001 1553 4066 admittuntur
1607 4008 1672 4065 ad
1717 3991 2090 4081 Baptismum:

513 4087 662 4174 quasi
693 4095 877 4164 nescio
903 4091 992 4152 ubi
1023 4099 1446 4170 pcregrinentur,
1472 4100 1682 4174 quando
1709 4107 2017 4160 meretrices
2038 4102 2094 4162 et

505 4169 833 4270 histriones,
860 4197 913 4244 et
950 4169 1171 4261 quilibet
1208 4190 1297 4258 alii
1325 4169 1551 4263 publicae
1595 4195 1935 4266 turpitudinis
1963 4212 2093 4270 pro-

506 4262 759 4348 iessrtrcs,
785 4283 886 4337 nisi
910 4285 1097 4339 solutis
1117 4295 1209 4341 aut
1231 4285 1486 4358 disruptis
1514 4289 1703 4346 talibus
1728 4291 1954 4348 vinculis
1973 4336 1987 4364 ,
2021 4289 2090 4350 ad

507 4373 797 4428 Christiana
841 4385 1172 4432 sacramenta
1215 4394 1320 4434 non
1369 4381 1747 4452 permittuntur
1791 4385 2086 4456 accedere;

507 4449 596 4540 qui
620 4467 800 4537 utique
835 4468 1126 4524 secundum
1170 4469 1392 4526 istorum
1421 4475 1739 4530 sententiam
1779 4492 1966 4533 omnes
1990 4479 2084 4534 ad-

508 4559 877 4626 mitterentur,
910 4560 1010 4616 nisi
1033 4561 1306 4635 antiquum
1343 4571 1395 4618 et
1424 4563 1701 4620 robustum
1732 4583 1934 4636 morem
1960 4585 2086 4626 san-

505 4649 589 4729 cta
616 4647 854 4710 Ecclesia
875 4652 1129 4708 retineret
1150 4695 1165 4718 ,
1197 4669 1260 4708 ex
1287 4653 1373 4709 illa
1398 4654 1600 4712 scilicet
1631 4655 1974 4729 liquidissima
1999 4679 2088 4718 ve-

503 4727 661 4795 ritate
687 4743 1004 4810 venientem,
1036 4753 1144 4819 qua
1169 4755 1371 4804 certum
1405 4748 1579 4816 habet,
1601 4727 1839 4820 quoniam
1863 4756 1948 4826 qui
1963 4756 2088 4831 talia

505 4839 694 4901 agunt,
725 4846 936 4904 regnum
973 4834 1070 4891 Dei
1096 4843 1197 4893 non
1225 4839 1549 4908 possidebunt
1576 4841 1770 4916 (Calai.
1804 4861 1860 4912 γ,
1890 4847 2040 4905 19-21
2065 4892 2086 4920 ,

501 4930 551 4991 et
592 4921 613 4975 l
653 4922 770 4990 Cor.
812 4941 863 4980 vi
889 4967 903 4993 ,
930 4925 1138 5001 9,10).
1168 4928 1235 4984 Ει
1261 4932 1360 4994 nisi
1388 4935 1593 5006 egerint
1632 4935 1697 4991 ab
1736 4934 1819 4993 his
1861 4942 2084 5002 mortuis

504 5015 757 5088 operibus
795 5023 1159 5092 paenitentiam
1179 5067 1194 5093 ,
1227 5028 1482 5084 accedere
1522 5029 1588 5084 ad
1618 5029 1944 5102 Baptismum
1973 5049 2082 5092 non

499 5108 783 5168 s'inuntur':
811 5115 855 5170 si
880 5123 1056 5174 autem
1084 5119 1482 5192 subrepserint,
1513 5125 1616 5180 nisi
1638 5126 1717 5182 vel
1745 5138 1926 5197 postea
1960 5147 2079 5186 mu-

393 5248 404 5254 .
501 5197 598 5258 lati
642 5205 907 5277 egerint‘,
932 5209 1062 5264 salvi
1105 5216 1225 5267 esse
1263 5228 1370 5268 non
1404 5225 1646 5286 possunt.
1699 5215 1808 5274 Sed
1847 5215 2076 5292 ebriosi,

497 5289 664 5364 avari,
696 5297 960 5368 maledici,
993 5311 1045 5359 et
1070 5304 1113 5359 si
1139 5321 1241 5376 qua
1270 5307 1371 5362 alia
1399 5309 1523 5363 vitia
1557 5309 1878 5368 damnabilia
1918 5289 2078 5385 aper;

497 5385 566 5446 (is
595 5389 746 5448 factis
787 5396 1026 5452 convinci
1067 5397 1416 5472 redarguique
1451 5418 1556 5458 non
1587 5412 1842 5472 possunt;
1875 5422 2076 5474 praece-

495 5481 600 5552 ptis
627 5487 800 5540 tamen
827 5490 1238 5546 etcatechismis
1266 5493 1590 5550 validissime
1614 5494 1964 5566 ﬂagellantur,
1997 5511 2077 5556 at-

494 5568 598 5648 que
643 5585 832 5634 omnes
887 5581 1020 5636 tales
1076 5587 1275 5639 mutata
1331 5584 1383 5638 in
1430 5585 1621 5641 melius
1678 5589 1946 5645 voluntate
1997 5593 2072 5650 ad”

502 5750 512 5756 -
555 5713 582 5796 ἒ
614 5717 1151 5796 ξιὲἕεδέιὲίξίξυιεφο
1319 5718 1539 5796 ﬁdem"!
1559 5720 1695 5796 aliud
1716 5725 2006 5796 uesicam-

451 5779 460 5790 ’
495 5821 516 5863 ι
537 5773 588 5872 ,⁸.
773 5782 850 5842 Β.
875 5780 1023 5845 Lugd.
1047 5773 1150 5833 ven
1172 5789 1225 5836 et
1246 5789 1377 5846 tam,
1400 5781 1581 5848 egerim
1603 5773 1946 5849 modum:
1961 5773 2066 5844 “at.

534 5883 596 5919 χ

2233 410 2561 487 Baptismum
2592 422 2840 480 videntur
2853 426 3126 488 accedere.
3151 430 3254 508 sed
3285 434 3332 492 si
3359 435 3492 493 forte
3513 438 3746 516 adulteros,

2233 523 2367 578 quos
2398 527 2503 567 non
2533 514 2619 570 lex
2647 515 2899 587 humana,
2928 524 3024 580 sed
3053 523 3228 584 divina
3256 525 3588 599 condemnat,
3613 534 3656 591 id
3676 514 3749 612 est,

2232 602 2320 672 qui
2344 603 2547 662 alienus
2583 624 2774 670 uxores
2810 622 3064 686 tanquam
3083 634 3207 675 suas
3235 621 3452 692 habent,
3481 625 3561 681 vel
3581 602 3750 690 femina;

2231 711 2349 784 quae
2375 699 2576 758 alienos
2621 704 2838 763 maritos
2858 749 2874 776 ,
2897 703 3089 768 alicubi
3115 714 3465 786 negtigentius
3488 718 3668 777 admitti
3686 739 3752 781 so-

2227 787 2343 858 lere
2367 791 2708 854 adverterunt
2731 815 2746 864 ;
2769 815 2833 855 ex
2857 801 2959 857 illis
2975 805 3134 862 rectis
3156 806 3352 866 debent
3371 813 3544 868 conari
3569 795 3654 870 ista
3667 832 3753 874 cor-

2231 881 2437 975 rigere,
2467 885 2568 943 boc
2603 898 2718 958 est,
2751 899 2809 948 ut
2831 894 2993 975 etiam
3036 897 3122 953 isti
3148 915 3253 958 non
3291 900 3654 975 admittantur;
3677 926 3752 967 non

2229 988 2293 1034 ex
2323 973 2405 1030 his
2433 979 2610 1048 pravis
2631 981 2721 1037 illa
2759 993 2903 1041 recta
2943 973 3235 1066 depravare
3255 1033 3270 1058 .
3301 1002 3361 1050 ut
3388 1009 3555 1066 neque
3592 973 3649 1054 de
3671 1017 3755 1058 mo.-

2229 1079 2346 1120 rum
2375 1071 2707 1129 correctione
2727 1063 3132 1140 ca'techizandos
3159 1098 3277 1142 esse
3313 1063 3754 1166 censeantCompe;

2230 1164 2428 1226 tentes;
2476 1171 2527 1218 et
2566 1178 2956 1239 consequenter
2988 1187 3175 1232 onlnes
3198 1177 3361 1234 etiam
3395 1180 3595 1239 illarum
3627 1164 3756 1259 publi-

2228 1263 2409 1305 carum
2437 1257 2822 1325 turpitudinum
2841 1271 2894 1319 et
2916 1265 3178 1328 scelerum
3197 1271 3550 1342 professores,
3577 1257 3661 1338 hoc
3681 1293 3752 1350 est,

2227 1344 2555 1412 meretrices,
2583 1347 2823 1419 lenones,
2849 1354 3190 1430 gladiatores,
3209 1376 3272 1417 ac
3291 1362 3340 1420 si
3359 1366 3484 1436 quid
3510 1344 3754 1440 huiusmodi

2227 1442 2327 1501 est,
2354 1437 2514 1494 etiam
2537 1439 2589 1496 in
2617 1441 2726 1500 illis
2753 1447 2908 1503 malis
2951 1463 3369 1526 permanentes,
3408 1437 3604 1516 admitti
3632 1478 3752 1534 opor-

2227 1534 2341 1584 tere
2385 1531 2730 1620 arbitrentur.
2776 1539 2965 1597 Omnia
3004 1545 3198 1616 quippe
3238 1548 3328 1610 illa
3371 1567 3492 1622 qua:
3525 1531 3753 1624 Apostolus

2224 1635 2530 1709 enumerat,
2563 1630 2883 1690 concludens
2902 1669 2920 1702 ,-
2943 1640 3182 1706 quoniam
3212 1643 3302 1712 qui
3344 1646 3470 1700 talia
3504 1658 3676 1721 apum,
3695 1643 3752 1706 re;

2221 1732 2377 1788 guunt
2409 1719 2508 1776 Dei
2534 1741 2645 1808 non,
2661 1729 3026 1802 possidebunt;
3065 1735 3157 1807 qui
3192 1719 3564 1799 vehementius
3595 1753 3750 1817 agunt,

2222 1812 2559 1870 manifestata
2601 1818 2702 1876 sibi
2729 1835 3084 1896 congruenter
3108 1829 3391 1903 increpant
3413 1836 3455 1904 ί,
3477 1845 3533 1894 et

2224 1904 2306 1956 tes
2330 1911 2490 1974 atque
2520 1907 2573 1961 in
2604 1909 2684 1966 eis
2722 1926 2782 1968 se
2811 1929 3190 1985 permansuros
3217 1923 3532 1994 proﬁtentes
3556 1929 3616 1986 ad
3648 1933 3752 1988 acet.

2219 1994 2473 2066 piendum
2502 1999 2832 2074 Baptismum
2855 2023 2963 2066 non
2990 2011 3301 2072 admittunt.

2294 2112 2519 2206 caper
2560 2115 2779 2172 XlX.—-—
2795 2121 2884 2177 at.
2903 2122 3028 2180 Tria
3043 2127 3243 2200 ﬂagitia
3273 2133 3430 2188 cum
3450 2135 3749 2206 supra”.

2218 2201 2480 2262 hominum
2519 2225 2767 2267 eorum
2795 2217 3066 2288 mortifera
3093 2228 3142 2275 et
3167 2201 3664 2285 manuum
3676 2243 3750 2301 μου

2217 2293 2423 2352 mea.
2467 2297 2616 2356 Unde
2649 2306 2843 2374 factm
2880 2317 2936 2362 au
2977 2309 3043 2365 du
3079 2311 3384 2371 adnitatur;
3411 2320 3645 2392 coniugiis
3673 2293 3750 2375 ἑιοη

2215 2397 2448 2484 ageretur
2483 2392 2536 2448 in
2563 2398 2900 2457 caterua-is.
2930 2400 3324 2464 Rammium
3349 2427 3466 2466 ann
3488 2414 3746 2484 inﬁdelibus.

2216 2477 2318 2546 Qui
2388 2491 2568 2540 autem
2629 2490 2918 2559 opinantur
2972 2508 3166 2555 emtm
3221 2477 3577 2576 eieemosynis
3635 2509 3749 2564 Milo

2214 2581 2572 2648 conpensari,
2603 2584 2706 2638 tria
2727 2593 2910 2642 tum
2951 2591 3227 2652 marmora
3259 2603 3390 2653 esse
3423 2611 3530 2653 non
3549 2598 3748 2656 om

2214 2679 2268 2724 et
2305 2676 2945 2736 excommunicationibus
2971 2684 3264 2755 punienda,
3294 2687 3468 2745 donee
3488 2692 3747 2760 pmniteotia

2213 2760 2500 2820 huiliore
2539 2773 2824 2839 amour,
2851 2772 3252 2845 impudicitiam,
3297 2779 3652 2852 idololatrian»,
3677 2777 3747 2839 lio-

2210 2857 2506 2914 mieidium.
2537 2861 2720 2934 Neque
2757 2876 2901 2922 nunc
2937 2882 3076 2939 Opus
3115 2881 3200 2928 est
3233 2885 3480 2944 quareve
3514 2878 3663 2948 qualis
3697 2863 3746 2932 sit

2209 2961 2398 3008 eorum
2425 2954 2526 3009 ista
2553 2960 2836 3026 sententia,
2864 2972 2921 3017 et
2945 2971 3126 3020 utrum
3147 2969 3486 3040 corrigenda,
3509 2985 3572 3026 an
3595 2983 3746 3041 appro-

2208 3043 2381 3101 bando
2403 3087 2418 3113 ,
2448 3061 2520 3103 ne
2548 3063 2683 3121 opus
2711 3059 3017 3125 susceptum
3045 3059 3328 3118 mittamus-
3351 3063 3406 3118 in
3433 3065 3628 3136 longum
3649 3079 3744 3134 ρτοα

2208 3145 2329 3206 pter
2350 3151 2470 3194 earn
2489 3139 3011 3217 quaestionemque:
3035 3149 3157 3206 huic
3175 3153 3515 3212 absolvenda:
3533 3157 3554 3189 ³
3569 3155 3744 3211 minans

2206 3232 2508 3286 necessaria
2543 3241 2643 3288 est.
2672 3233 2879 3293 διικκῆ
2905 3240 3049 3295 enim
3071 3283 3088 3308 ,
3115 3245 3238 3313 quia
3256 3245 3304 3300 si
3333 3247 3514 3302 omnia
3535 3261 3628 3302 non
3650 3251 3743 3302 sunt

2205 3319 2532 3380 additional
2575 3327 2644 3383 ad
2705 3329 2958 3401 Bnptismi
3007 3345 3434 3405 sacramentum,
3490 3339 3616 3395 inter
3656 3338 3744 3392 ire:

2205 3416 2381 3470 omnia
2402 3427 2483 3473 est
2498 3419 2818 3479 adulterium
2842 3442 2856 3480 :
2871 3427 2918 3480 si
2943 3435 3118 3482 amem
3136 3429 3234 3484 trl‘o
3249 3429 3466 3488 iliasola
3481 3428 3742 3501 excipienda

2204 3516 2348 3575 sunt,
2389 3511 2552 3566 etiam
2580 3512 2640 3567 in
2677 3511 2766 3570 his
2797 3517 2966 3575 tribus
3001 3527 3088 3576 est
3123 3521 3478 3595 adulterium,
3503 3523 3632 3581 unde
3664 3522 3740 3578 ista

2203 3596 2495 3670 disputatio
2513 3612 2638 3659 nata
2651 3614 2736 3662 est
2752 3607 2798 3661 ⁸.

2273 3707 2362 3771 53.
2390 3713 2501 3772 Sed
2527 3721 2774 3790 quoniam
2816 3724 3080 3782 malorum
3118 3727 3529 3794 Christianorum
3561 3715 3735 3796 mores.

2201 3807 2290 3878 qui
2308 3807 2521 3866 fuerunt
2549 3821 2702 3869 antea
2730 3815 2890 3871 etiam
2919 3821 3162 3887 pessimi,
3193 3821 3448 3881 habuisse
3470 3829 3570 3880 non
3587 3819 3741 3900 viden{

2202 3908 2291 3956 tnr
2318 3901 2419 3959 hoc
2447 3906 2642 3962 malum
2663 3948 2678 3974 ,
2702 3914 2762 3962 ut
2787 3908 2988 3967 alienas
3011 3925 3203 3970 uxores
3245 3915 3502 3973 ducerent
3529 3915 3638 3983 viri,
3666 3909 3737 3967 aut

2198 3993 2387 4050 alienis
2433 3997 2565 4053 viris
2600 3997 2813 4056 femina:
2859 4002 3156 4075 nuberem;
3189 4005 3323 4064 inde
3363 4008 3586 4065 fortasse
3627 3991 3738 4090 apud

2198 4087 2453 4157 quasdam
2500 4088 2766 4148 Eeciesias
2811 4092 3130 4167 negligentia
3165 4099 3265 4154 iSta
3307 4099 3664 4172 subrepsit,ut
3694 4087 3736 4149 iii

2197 4181 2535 4239 catechismis
2552 4181 2977 4255 Competentinm
2995 4202 3094 4245 nec
3131 4196 3497 4262 qurererentur
3521 4203 3613 4248 nec
3635 4195 3735 4266 pef-

2196 4281 2504 4332 euterentur
2523 4276 2545 4309 ’⁸
2571 4278 2684 4335 haec
2702 4280 2857 4349 vitia;
2890 4290 3054 4354 atque
3073 4283 3196 4340 inde
3220 4283 3418 4342 factum
3445 4295 3542 4352 est,
3563 4292 3612 4340 ut
3633 4271 3736 4372 ineif

2197 4378 2384 4438 pereat
2408 4379 2461 4427 et
2485 4369 2698 4427 defendi
2727 4390 2741 4426 :
2770 4386 2888 4444 quae
2920 4383 3094 4434 tamen
3127 4376 3180 4431 in
3207 4376 3485 4448 baptizatis
3500 4389 3614 4432 rara
3635 4369 3734 4460 sunt

2194 4457 2387 4532 adhuc,
2411 4465 2456 4519 si
2477 4479 2539 4520 ea
2567 4479 2664 4521 nos
2690 4465 3005 4538 negligenda
3028 4483 3132 4524 non
3153 4463 3317 4527 densa
3339 4471 3370 4505 "
3387 4471 3640 4527 faciamus.
3659 4457 3730 4520 Ta-

2195 4553 2300 4612 lem
2345 4555 2538 4627 quippe
2564 4558 2614 4611 in
2656 4558 2968 4628 quibusdam
3007 4559 3416 4631 negligentiam,
3446 4563 3495 4617 in
3523 4560 3626 4616 aliis
3651 4557 3728 4610 im-

2193 4647 2471 4718 peritiam,
2497 4651 2548 4704 in
2588 4650 2706 4705 aliis
2743 4649 3094 4722 ignorantiam
3129 4655 3476 4724 probabiliter
3515 4651 3730 4708 Dominus

2192 4740 2370 4797 Somni
2391 4743 2608 4799 nomine
2651 4743 2980 4816 signiﬁcasse
3008 4746 3320 4818 intelligitur
3342 4791 3358 4816 ,
3390 4747 3478 4804 ubi
3502 4746 3569 4801 ait
3595 4763 3606 4798 :
3629 4741 3728 4798 Cum

2191 4844 2358 4889 autem
2382 4836 2658 4892 dormirent
2693 4837 2920 4893 homines
2944 4882 2959 4906 ,
2990 4841 3124 4894 venit
3161 4841 3397 4896 inimicus
3421 4885 3434 4910 ,
3458 4847 3505 4895 et
3528 4843 3725 4910 superse-

2190 4927 2395 4981 minavit
2417 4928 2615 4983 zizania
2653 4927 2864 4998 (Matth.
2911 4946 3036 4998 χιιι,
3063 4930 3179 5002 25).
3207 4932 3341 4989 l-iinc
3374 4941 3542 4989 autem
3574 4923 3724 4988 exiSli‘

2190 5019 2437 5074 mandnm
2468 5029 2548 5075 est
2578 5035 2684 5075 non
2714 5035 2774 5076 ea
2818 5022 3052 5091 primum
3090 5025 3399 5094 apparuisse
3440 5015 3489 5080 in
3527 5015 3724 5077 moribus

2188 5111 2427 5182 quamvis
2448 5113 2707 5169 malorum
2735 5113 3164 5182 Christianorum,
3192 5120 3436 5188 quoniam
3461 5117 3624 5171 beatus
3643 5107 3723 5179 cy-

2185 5203 2404 5272 prianus
2433 5203 2483 5258 in
2507 5205 2730 5274 epistola
2757 5204 2823 5260 de
2852 5205 2926 5260 La
2937 5207 3059 5277 psis,
3088 5221 3208 5262 cum
3247 5207 3564 5280 deplorando
3585 5210 3630 5259 et
3651 5215 3721 5252 ar-

2183 5292 2396 5364 guendo
2423 5295 2584 5349 multa
2605 5309 3050 5353 commemoraret
3073 5341 3086 5364 ,
3111 5301 3303 5368 quibus
3323 5301 3505 5357 merito
3529 5295 3640 5352 dicit
3657 5290 3720 5343 ind

2183 5379 2544 5459 dignationem
2593 5387 2686 5445 Del
2741 5388 2903 5446 fuisse
2940 5400 3259 5457 commetam
3286 5436 3302 5461 ,
3340 5404 3394 5458 ut
3436 5379 3711 5454 intolerabili

2709 5536 2962 5606 manufesta
2982 5536 3076 5606 sibi
3097 5547 3409 5606 Wr
3429 5533 3666 5599 MM

2245 5597 2264 5660 ξ
2299 5605 2399 5645 Am.
2422 5597 2495 5646 Er.
2524 5604 2578 5660 et.
2597 5597 2693 5648 duo
2711 5597 3165 5660 Mss.,'absolvendo.

2243 5658 2266 5724 ξ
2298 5663 2370 5724 sic
2391 5665 2497 5710 Mss.
2522 5659 2799 5724 mitivero,
2823 5658 2952 5713 mota
2969 5670 3055 5714 est.

2243 5720 2270 5792 ξ
2297 5723 2508 5792 ξιξ-ᾖδε..
2525 5729 2580 5792 ΑΔι
2597 5723 2713 5773 editi
2733 5762 2745 5783 ,
2769 5720 3204 5788 repercuterentur.
3557 5781 3568 5792 ,

2248 5782 2271 5818 ⁵
2302 5783 2439 5845 aditi,
2473 5783 2686 5848 defensa.
2732 5782 2945 5840 arratum
2978 5794 3227 5854 corrigunt
3248 5798 3441 5845 veteres
3470 5782 3584 5840 libri-

2245 5536 2264 5568 ι
2300 5533 2532 5598 Plerique
2559 5543 2686 5598 Mss,

3867 519 3873 553 l

3871 613 3873 642 l

3871 799 3873 825 l

3870 1075 3874 1102 1

3871 1257 3873 1288 l

3871 1349 3873 1382 λ

3868 1441 3873 1474 .1

3865 1718 3874 1751 ι

3865 1900 3874 1938 1

3869 1993 3874 2031 1

3871 2367 3873 2402 l

3871 3205 3873 3232 l

3867 3278 3873 3330 l
