3882 6286
526 384 634 448 925

597 488 821 562 CAPUT
839 499 1003 557 XXII.
1026 529 1095 540 —-
1111 497 1199 556 40.
1225 496 1453 569 Cognitio
1479 494 1570 549 Dei
1587 509 1819 565 quamam
1839 507 1954 546 uera
1975 497 2021 544 et
2040 487 2108 542 ad

525 601 680 655 vitam
708 607 947 652 aeternam
987 596 1290 649 conducens.
1336 588 1666 660 Indulgentia
1695 603 1797 640 non
1823 582 2105 650 obstinatis,

526 692 616 748 sed
646 709 676 746 a
710 699 911 762 peccato
945 685 1282 742 recedentibus
1302 682 1572 755 speranda.
1609 680 1950 750 Nequaquam
1981 689 2111 746 ergo

526 797 680 838 mens
705 781 915 837 incauta
945 778 1187 844 fallatur,
1228 785 1287 831 ut
1321 791 1380 831 se
1408 773 1677 829 existimet
1716 772 1881 827 Deum
1912 782 2110 839 cogno-

524 873 668 929 visse
687 915 701 939 ,
734 873 779 928 si
806 887 930 928 eum
960 869 1063 925 llde
1083 876 1311 933 mortua,
1339 865 1443 921 hoc
1470 873 1572 930 est,
1603 863 1719 918 sine
1747 861 1902 916 bonis
1925 858 2107 929 operi-

525 963 626 1020 bus
666 963 1018 1028 conliteatur,
1071 976 1221 1024 more
1265 959 1608 1023 daemonum;
1653 965 1709 1012 et
1745 954 1866 1010 ideo
1903 968 1962 1009 se
1996 949 2104 1023 jam

525 1075 633 1115 non
670 1057 874 1115 dubitet
899 1056 964 1112 ad
992 1056 1154 1110 vitam
1197 1062 1450 1110 aeternam
1478 1065 1597 1108 esse
1639 1057 1917 1104 venturam
1938 1087 1953 1112 ,
1984 1045 2106 1116 quia

525 1151 781 1206 Dominus
804 1148 970 1216 dicit,
1003 1146 1128 1202 Haec
1152 1155 1223 1202 est
1242 1155 1410 1199 autem
1432 1144 1535 1199 vita
1570 1151 1759 1198 aeterna
1784 1181 1798 1204 ,
1826 1148 1880 1194 ut
1920 1152 2110 1210 cogno-

521 1251 664 1298 scant
707 1251 756 1296 te
799 1256 956 1295 unum
997 1255 1170 1294 verum
1214 1237 1407 1301 Deum,
1455 1244 1502 1290 et
1542 1250 1690 1306 quem
1725 1231 1904 1286 misisti
1925 1228 2105 1285 Iesum

519 1332 773 1390 Christum
799 1330 976 1403 (Joan.
1005 1346 1116 1387 xvu
1137 1372 1152 1400 ,
1184 1327 1263 1398 5).
1309 1327 1505 1384 Venire
1537 1326 1733 1397 quippe
1760 1324 1919 1382 debet
1943 1322 2104 1379 etiam

519 1425 648 1482 illud
676 1426 730 1482 in
755 1433 1025 1490 mentem,
1054 1422 1196 1494 quod
1219 1422 1476 1492 scriptum
1503 1426 1606 1486 est,
1634 1417 1701 1472 In
1726 1419 1820 1472 hoc
1838 1415 2103 1489 cognosci-

518 1535 632 1574 mus
655 1535 766 1574 eum
790 1559 804 1583 ,
851 1518 896 1573 si
919 1517 1158 1572 mandata
1183 1516 1293 1587 ejus
1331 1527 1597 1569 seruemus.
1644 1510 1744 1578 Qui
1771 1509 1926 1577 dicit,
1970 1507 2106 1576 Quia

519 1613 730 1684 cognoui
753 1627 886 1677 eum,
915 1619 962 1664 et
1000 1609 1246 1664 mandata
1281 1609 1392 1679 ejus
1419 1622 1520 1660 non
1543 1613 1729 1671 seruat,
1759 1603 1981 1659 mendax
2006 1610 2100 1668 est,

518 1705 637 1758 etin
662 1705 758 1758 hoc
783 1703 966 1757 veritas
990 1718 1091 1756 non
1125 1709 1197 1755 est
1224 1699 1268 1772 (l
1291 1698 1449 1754 loan.
1480 1713 1547 1764 ιι,
1579 1697 1635 1763 5,
1666 1696 1746 1768 II).
1776 1695 1842 1751 Et
1866 1709 1934 1751 ne
1953 1694 2102 1766 quis-

517 1811 676 1867 quam
720 1795 988 1850 existimet
1023 1793 1271 1849 mandata
1298 1793 1413 1862 ejus
1454 1791 1521 1847 ad
1550 1790 1720 1846 solam
1746 1789 1903 1845 ﬁdem
1933 1787 2101 1860 perti-

519 1904 648 1945 nere
677 1907 692 1944 :
722 1903 1023 1959 quanquam
1057 1887 1237 1943 dicere
1277 1886 1380 1942 hoc
1405 1884 1583 1941 nullus
1609 1892 1692 1941 est
1715 1899 1879 1940 ausus
1898 1925 1914 1951 ,
1960 1897 2101 1954 prae-

517 1981 703 2035 sertim
737 1981 859 2051 quia
893 1979 1133 2034 mandata
1156 1978 1323 2042 dixit,
1352 1993 1471 2049 qua:
1496 1993 1564 2034 ne
1591 1976 1926 2032 multitudine
1953 1974 2101 2046 cogi-

519 2073 772 2128 tationem
794 2081 1104 2142 spargerent
1133 2072 1175 2138 ί,
1205 2070 1270 2126 In
1290 2070 1394 2126 illis
1419 2069 1614 2124 duobus
1639 2078 1744 2124 tota
1777 2067 1888 2124 Lex
1915 2066 2102 2139 pendet

517 2171 563 2218 et
590 2161 862 2234 Propheta:
899 2161 1107 2234 (Matth.
1136 2178 1248 2218 χιιι
1269 2202 1284 2229 ,
1313 2160 1408 2231 40)
1437 2179 1451 2217 :
1484 2161 1606 2217 licet
1635 2169 1780 2217 recte
1800 2159 1906 2215 dici
1934 2159 2102 2230 possit

455 2293 457 2295 ι
515 2254 584 2310 ad
611 2256 778 2310 solam
818 2253 974 2310 ﬁdem
1004 2255 1272 2325 pertinere
1301 2253 1394 2309 Dei
1425 2252 1706 2318 mandata,
1739 2251 1783 2306 si
1817 2265 1924 2306 non
1951 2265 2098 2306 mor-

517 2355 624 2411 tua,
667 2345 760 2402 sed
790 2346 907 2401 viva
927 2345 1015 2400 illa
1041 2345 1363 2416 intelligatur
1389 2343 1522 2400 ﬁdes
1543 2384 1560 2411 ,
1588 2357 1707 2414 quae
1735 2357 1832 2413 per
1858 2341 2101 2397 dilectio-

516 2454 640 2496 nem
679 2447 969 2510 operatur;
1021 2448 1197 2494 tamen
1238 2446 1424 2509 postea
1453 2437 1688 2493 Joannes
1727 2436 1842 2506 ipse
1887 2430 2097 2506 aperuit

513 2530 640 2601 quid
680 2530 915 2596 diceret,
961 2545 1084 2585 cum
1113 2530 1187 2585 ait
1215 2547 1229 2584 :
1258 2527 1373 2583 Hoc
1411 2538 1484 2584 est
1524 2528 1822 2583 mandatum
1847 2528 1957 2598 ejus
1977 2568 1993 2594 ,
2042 2534 2099 2581 ut

513 2620 778 2675 credamus
803 2621 996 2675 nomini
1024 2619 1150 2674 Filii
1187 2622 1298 2693 ejus
1324 2618 1453 2675 Jesu
1475 2619 1663 2676 Christi
1685 2662 1700 2689 ,
1737 2629 1788 2675 et
1826 2619 2098 2692 diligamns

509 2712 719 2767 invicem
749 2711 790 2784 (Ι
813 2712 968 2768 Joan.
999 2727 1080 2780 tu,
1102 2711 1216 2784 25).

582 2806 672 2861 LI.
707 2805 817 2860 lloc
860 2805 1041 2877 itaque
1069 2805 1321 2876 prodest,
1366 2805 1422 2861 in
1450 2805 1619 2862 Deum
1652 2811 1796 2861 recta
1837 2803 1943 2861 ﬁde
1976 2819 2098 2861 cre-

511 2897 675 2963 dere,
702 2897 869 2952 Deum
898 2898 1076 2953 colere
1093 2939 1109 2964 ,
1143 2898 1310 2954 Deum
1334 2912 1494 2953 nosse
1517 2940 1533 2964 ,
1564 2906 1626 2953 ut
1646 2906 1701 2953 et
1725 2898 1864 2954 bene
1883 2898 2095 2954 vivendi

513 2991 582 3046 ab
611 2991 703 3045 illo
726 2989 794 3044 sit
813 2989 967 3045 nobis
993 2989 1247 3045 auxilium
1272 3029 1288 3054 ,
1313 2990 1435 3045 etsi
1462 2989 1878 3060 peccaverimus,
1909 2989 1977 3045 ab
2006 2989 2096 3044 illo

514 3081 896 3154 indulgentiam
929 3095 1267 3148 mereamur;
1311 3096 1419 3136 non
1451 3082 1501 3136 in
1534 3080 1686 3136 factis
1723 3096 1841 3152 qua:
1865 3080 1978 3136 odit
2006 3095 2098 3136 se-

514 3175 627 3231 curi
675 3183 1115 3246 perseverantes,
1167 3174 1262 3230 sed
1305 3174 1374 3230 ab
1413 3175 1492 3230 eis
1545 3174 1855 3231 recedentes
1878 3217 1894 3244 ,
1941 3176 2097 3248 eique

515 3268 754 3325 dicentes
772 3309 788 3335 ,
819 3267 930 3340 Ego
951 3267 1060 3322 dixi
1078 3309 1094 3335 ,
1123 3264 1344 3322 Domine
1362 3269 1380 3335 ',
1407 3268 1639 3323 miserere
1664 3270 1798 3333 mei;
1836 3286 1961 3324 sana
1987 3272 2100 3324 ani-

516 3374 650 3412 mam
677 3375 862 3426 meam,
887 3359 1126 3430 quoniam
1160 3359 1362 3431 peccaui
1387 3360 1475 3414 tibi
1507 3359 1676 3431 (Psal.
1704 3377 1792 3429 XL,
1823 3360 1879 3434 5)
1910 3381 1924 3418 :
1956 3361 2099 3434 quod

516 3464 626 3506 non
655 3450 852 3506 habent
875 3451 961 3506 cui
999 3449 1214 3517 dicant,
1265 3452 1354 3522 qui
1385 3467 1490 3506 non
1528 3453 1582 3507 in
1610 3467 1729 3507 cum
1756 3453 2012 3520 credunt;
2045 3461 2100 3510 et

517 3541 712 3598 frustra
733 3542 914 3599 dicunt
938 3544 1029 3616 qui
1053 3559 1173 3600 cum
1204 3552 1313 3599 tam
1338 3545 1496 3616 longe
1517 3545 1584 3602 ab
1611 3547 1701 3602 illo
1722 3548 1847 3616 sint,
1880 3563 1910 3602 a
1929 3549 2099 3619 gratia

517 3631 820 3692 Mediatoi'is
854 3637 1013 3694 alieni
1055 3647 1200 3694 sunt.
1247 3638 1381 3695 Hinc
1411 3639 1500 3695 illa
1529 3641 1690 3697 verba
1725 3651 1849 3698 sunt
1879 3644 1930 3698 in
1959 3643 2098 3700 libro

519 3728 807 3798 Sapientiae
830 3770 846 3797 ,
867 3745 988 3800 qua:
1022 3730 1204 3786 nescio
1229 3731 1498 3801 quomodo
1528 3732 1774 3804 intelligit
1797 3734 2098 3804 perniciosa

521 3821 780 3875 securitas
815 3839 829 3876 :
862 3821 930 3876 Et
965 3823 1010 3877 si
1054 3823 1452 3894 peccaverimus,
1484 3824 1558 3878 tui
1583 3841 1798 3892 sumus;
1846 3828 2097 3896 quoniam

520 3909 726 3966 scilicet
762 3910 958 3967 bonum
987 3921 1043 3968 et
1081 3928 1329 3984 magnum
1361 3913 1642 3969 Dominum
1681 3915 1938 3973 habemus
1961 3958 1975 3982 ,
2007 3919 2098 3989 qui

520 4012 575 4058 et
618 4003 746 4059 velit
790 4013 950 4075 atque
995 4004 1163 4076 possit
1206 4005 1574 4077 ptenitentium
1625 4019 1840 4079 peccata
1884 4000 2096 4078 sanare,

521 4111 627 4151 non
666 4097 756 4168 qui
793 4097 1012 4154 minime
1052 4097 1246 4154 audeat
1286 4108 1663 4170 permanentes
1691 4101 1744 4156 in
1773 4102 2100 4173 malignitate

519 4187 849 4260 disperdere.
879 4190 1115 4262 Denique
1141 4206 1261 4247 cum
1282 4190 1525 4261 dixisset,
1557 4193 1630 4248 tui
1651 4210 1852 4260 sumus;
1876 4195 2098 4264 addidit,

519 4281 729 4336 scientes
745 4283 1019 4352 potentiam
1035 4291 1173 4337 tuam
1195 4300 1214 4337 :
1240 4283 1418 4354 utique
1443 4286 1757 4354 potentiam,
1781 4287 1866 4342 cui
1886 4302 1945 4342 se
1970 4288 2101 4343 sub-

522 4372 735 4428 trahere
763 4381 992 4443 nequeat
1027 4381 1118 4427 aut
1154 4374 1424 4430 occultare
1452 4387 1716 4446 peccator.
1761 4377 1988 4450 Ideoque
2009 4394 2098 4434 se-

521 4474 675 4520 cutus
696 4463 936 4534 adjunxit
967 4480 981 4517 :
1014 4462 1135 4518 Non
1161 4465 1474 4533 peccabimus
1508 4478 1706 4536 autem,
1735 4470 1945 4526 scientes
1969 4487 2098 4540 quo-

523 4557 662 4611 niam
689 4556 763 4610 tui
787 4571 959 4610 sumus
979 4555 1202 4624 deputati
1217 4555 1371 4627 (Sap.
1399 4569 1488 4624 xv,
1515 4557 1596 4629 2).
1621 4558 1749 4625 Quis
1769 4560 1912 4615 enim
1940 4560 2100 4631 digne

521 4647 762 4717 cogitans
808 4645 1185 4701 habitationem
1230 4646 1371 4716 apud
1415 4647 1582 4702 Deum
1609 4690 1625 4716 ,
1671 4649 1722 4704 in
1767 4665 1869 4721 qua
1913 4665 2100 4708 omnes

523 4739 986 4812 prmdes’tinatione
1011 4748 1134 4794 sunt
1166 4737 1440 4809 deputati,
1464 4739 1554 4810 qui
1583 4740 1874 4796 secundum
1903 4756 2100 4814 pr0po-

523 4831 682 4888 situm
708 4831 877 4885 vocati
919 4839 1074 4898 sunt,
1119 4847 1226 4886 non
1265 4831 1496 4887 enitatur
1528 4832 1600 4887 ita
1641 4832 1856 4901 vivere,
1909 4845 1968 4890 ut
2009 4835 2100 4890 tali

525 4921 838 4976 habitationi
883 4923 1181 4992 congruat?
1232 4921 1384 4990 Quod
1416 4939 1544 4996 ergo
1573 4935 1624 4981 et
1670 4924 1904 4982 Joannes
1949 4927 2096 4997 dicit,

527 5012 652 5068 Haec
671 5013 851 5084 scripsi
875 5013 1028 5080 vobis,
1053 5023 1105 5068 ut
1126 5031 1225 5070 non
1254 5018 1462 5087 peccetis
1486 5035 1506 5085 ;
1534 5027 1582 5072 et
1602 5019 1648 5073 si
1671 5021 1783 5090 quis
1802 5022 2095 5092 peccauerit,

522 5108 822 5162 aduocatum
867 5108 1106 5162 habemus
1148 5109 1288 5178 apud
1333 5109 1578 5178 Patrem,
1619 5111 1798 5168 Iesum
1843 5113 2100 5168 Christum

513 5201 746 5272 justum;
775 5208 820 5255 et
844 5201 952 5272 ipse
975 5210 1048 5255 est
1073 5203 1296 5256 exoratio
1321 5219 1412 5274 pro
1433 5207 1646 5274 peccatis
1661 5207 1847 5262 nostris
1873 5207 1916 5278 (I
1937 5207 2095 5263 Joan.

523 5309 559 5350 ιι
580 5336 595 5361 ,
629 5296 692 5364 l,
722 5293 781 5356 2)
817 5313 829 5349 :
861 5309 963 5349 non
990 5294 1041 5350 id
1059 5296 1221 5366 agit”,
1253 5305 1312 5351 ut
1331 5311 1449 5352 cum
1471 5300 1753 5356 securitate
1779 5316 2094 5372 peccemus;

521 5389 615 5445 sed
647 5399 706 5446 ut
742 5390 1052 5446 recedentes
1074 5408 1102 5445 a
1132 5403 1374 5462 peccato,
1417 5395 1460 5450 si
1493 5396 1633 5467 quod
1665 5397 1952 5453 admissum
1994 5409 2095 5467 est,

524 5490 738 5552 propter
763 5482 906 5536 illum
936 5481 1269 5551 advocatum,
1303 5501 1458 5555 quem
1483 5503 1584 5542 non
1618 5487 1812 5544 habent
1837 5490 2096 5560 inﬁdeles,

521 5577 738 5632 minimc
761 5576 829 5632 de
855 5577 1172 5648 indulgentia
1203 5579 1564 5648 desperemus.

594 5668 818 5724 CAPUT
847 5669 1031 5724 XXIII.
1054 5701 1125 5710 —
1161 5671 1249 5726 42.
1274 5671 1439 5727 Locus
1465 5675 1690 5744 Apostoli
1709 5675 1770 5730 ab
1802 5677 2100 5732 adversariis

587 5784 607 5854 ξ
638 5784 980 5854 stetissfxliti
1000 5798 1118 5836 vero
1135 5825 1150 5847 ,
1177 5786 1485 5854 cogitationes
1507 5796 1748 5854 parerent.

585 5845 607 5878 ²
639 5844 756 5898 edin
774 5881 789 5908 ,
813 5844 880 5898 ait
894 5859 913 5910 ;
935 5861 1023 5910 pro
1042 5844 1144 5914 quo
1162 5844 1290 5912 tlss'.,
1307 5849 1422 5918 agit.

1521 378 1608 435 DE
1647 377 1804 433 FIDE
1844 373 1931 431 ET
1969 363 2333 444 OPERIBUS,
2375 375 2433 432 S.
2475 375 2844 437 AUGUSTINI

3711 389 3794 447 ευ

2217 488 2350 542 male
2395 489 2694 548 intellectus.
2748 493 3011 550 Iudicium
3051 495 3106 551 in
3145 496 3426 570 Scripturis
3473 515 3578 572 pro
3631 513 3792 558 caterua

2214 581 2558 640 damnatione.
2610 587 2691 640 An
2723 587 2820 641 soli
2845 588 3020 657 ﬁdeles
3047 589 3171 643 ntali
3208 590 3539 663 intelligendi
3569 593 3670 648 sint
3695 596 3794 651 ituri

2212 671 2268 726 in
2294 676 2711 732 resurrectionem
2750 679 2970 749 judicii,
3017 689 3071 734 ut
3099 681 3355 752 judicium
3393 700 3508 739 non
3534 685 3608 740 sit
3631 696 3793 743 (eterna

2213 764 2493 822 damnatio.
2521 767 2629 824 Nec
2660 769 2728 826 de
2753 770 2838 826 his
2865 771 3023 842 igitur
3046 773 3224 830 verbis
3245 775 3423 832 mitior
3451 777 3568 832 ulla
3585 780 3796 838 conditio

2212 860 2573 929 promittenda
2596 872 2674 918 est
2698 905 2712 929 ,
2740 863 2821 920 sic
2849 863 2901 919 in
2934 859 3103 922 Deum
3133 868 3354 926 credere
3382 869 3720 941 volentibus,
3747 885 3793 931 ut

2211 963 2559 1023 permaneant
2604 957 2656 1012 in
2702 957 2922 1028 perditis
2967 960 3206 1016 moribus
3237 979 3250 1016 :
3279 962 3449 1018 multo
3501 964 3687 1020 minus
3729 967 3786 1024 de

2209 1043 2317 1100 illis
2345 1045 2432 1101 ubi
2461 1048 2750 1118 Apostolus
2775 1049 2869 1116 ait,
2900 1050 2999 1117 Qui
3023 1052 3131 1106 sine
3157 1051 3291 1126 Lege
3319 1066 3681 1122 peccauerunt,
3707 1059 3795 1115 sine

2209 1134 2345 1209 Lege
2371 1137 2642 1207 peribunt;
2669 1141 2757 1212 qui
2782 1141 2950 1196 autem
2973 1142 3026 1197 in
3052 1142 3187 1216 Lege
3211 1156 3572 1216 peccauerunt,
3605 1164 3695 1219 per
3714 1149 3794 1204 Le-

2209 1245 2321 1301 gem
2350 1230 2716 1300 judicabantur
2754 1233 2933 1304 (Rom.
2977 1249 3049 1301 ιι,
3087 1235 3211 1305 12);
3261 1245 3523 1309 tanquam
3569 1237 3672 1296 hoc
3696 1241 3790 1298 loco

2207 1320 2406 1392 aliquid
2431 1320 2595 1377 distet
2623 1323 2764 1378 inter
2794 1325 2970 1396 perire
2999 1334 3054 1382 et
3072 1327 3299 1398 judicari
3317 1372 3332 1397 ,
3361 1344 3491 1385 cum
3515 1331 3628 1386 alio
3651 1333 3790 1391 verbo

2208 1410 2312 1467 hoc
2336 1412 2478 1468 idem
2504 1414 2859 1484 signiﬁcatum
2887 1417 2976 1474 sit.
3005 1417 3191 1475 Solent
3216 1421 3359 1476 enim
3389 1422 3696 1493 Scriptura:
3714 1425 3785 1496 ju-

2208 1504 2408 1560 dicium
2436 1506 2596 1561 etiam
2637 1522 2734 1578 pro
2758 1515 2960 1564 aeterna
2997 1509 3338 1568 damnatione
3381 1528 3596 1584 ponere
3628 1531 3643 1569 :
3674 1517 3786 1572 sicut

2207 1597 2261 1654 in
2297 1597 2586 1670 Evangelio
2616 1601 2871 1658 Dominus
2908 1602 3177 1674 loquitur,
3216 1604 3388 1661 Veniet
3414 1609 3590 1676 hora,
3633 1609 3685 1663 in
3707 1627 3786 1681 qua

2204 1709 2375 1747 omnes
2410 1693 2498 1763 qui
2520 1702 2637 1748 sunt
2663 1695 2715 1748 in
2739 1697 3074 1752 monumentis
3098 1698 3304 1752 audient
3345 1714 3524 1754 uocem
3565 1701 3710 1772 ejus;
3747 1713 3783 1756 et

2205 1785 2472 1854 procedent
2501 1785 2587 1855 qui
2614 1786 2734 1841 bene
2756 1790 2980 1857 fecerunt
3009 1788 3062 1843 in
3089 1791 3511 1846 resurrectionem
3542 1793 3695 1858 uiue;
3716 1794 3785 1865 qui

2203 1885 2372 1932 autem
2396 1878 2528 1932 male
2551 1887 2757 1950 egerunt
2793 1879 2845 1933 iu
2873 1882 3286 1936 resurrectionem
3311 1883 3508 1954 judicii
3537 1883 3710 1955 (Joan.
3739 1900 3780 1951 ν,

2204 1967 2295 2036 28,
2318 1969 2433 2044 29).
2466 1969 2648 2041 Neque
2669 1969 2756 2026 hic
2781 1971 2799 2003 ¹
2827 1971 3026 2027 dictum
3051 1983 3156 2041 est,
3185 1973 3299 2029 Hoc
3317 1974 3408 2046 qui
3427 1975 3777 2042 crediderunt,

2163 2060 2332 2144 ~illud
2370 2069 2546 2116 autem
2595 2062 2684 2133 qui
2726 2077 2831 2117 non
2877 2062 3246 2131 crediderunt;
3285 2064 3416 2135 sed,
3463 2066 3586 2122 Hoc
3617 2067 3692 2121 illi
3709 2068 3780 2138 qui

2201 2153 2324 2208 bene
2341 2164 2582 2226 egerunt,
2613 2154 2742 2210 illud
2769 2157 2857 2227 qui
2883 2155 3016 2212 male
3042 2168 3268 2229 egerunt.
3309 2158 3690 2230 luseparabilis
3711 2170 3776 2216 est

2200 2248 2394 2318 quippe
2422 2247 2561 2302 bona
2603 2247 2706 2302 vita
2736 2262 2766 2302 a
2794 2248 2897 2305 ﬁde
2923 2265 3044 2320 quae
3083 2265 3180 2321 per
3216 2250 3568 2309 dilectionem
3611 2268 3776 2324 oper:-

2201 2346 2324 2405 tur;
2357 2339 2465 2395 imo
2491 2354 2619 2395 vero
2642 2355 2704 2396 ea
2737 2341 2847 2411 ipsa
2875 2353 2957 2396 est
2986 2341 3124 2397 bona
3151 2345 3279 2399 vita.
3322 2344 3590 2402 Videmus
3620 2347 3774 2418 itaque

2202 2429 2653 2486 resurrectionem
2692 2429 2876 2501 judicii
2917 2431 3117 2488 dixisse
3143 2433 3428 2490 Dominum
3473 2451 3580 2507 pro
3618 2451 3773 2492 resur-

2201 2521 2440 2576 rectione
2481 2519 2840 2576 damnationis
2893 2531 3128 2579 aeternae.
3188 2525 3264 2581 De
3302 2527 3560 2584 omnibus
3601 2528 3773 2599 quippe

2198 2614 2590 2670 resurrecturis
2627 2613 2752 2685 (ubi
2800 2615 2985 2685 procul
3033 2615 3198 2672 dubio
3245 2627 3402 2674 erunt
3439 2621 3609 2676 etiam
3639 2621 3672 2675 ii
3697 2620 3770 2688 qui

2196 2709 2416 2763 omnino
2456 2723 2564 2764 non
2609 2707 2865 2776 credunt;
2917 2723 3093 2781 neque
3120 2710 3266 2766 enim
3303 2711 3403 2783 ipsi
3445 2727 3561 2770 non
3587 2712 3769 2768 suntin

2197 2806 2596 2878 monumentis)
2621 2807 2754 2862 duas
2781 2817 2962 2880 partes
2989 2807 3114 2865 fecit
3134 2851 3150 2877 ,
3179 2809 3314 2866 alios
3342 2810 3396 2866 in
3431 2809 3766 2868 resurrectio-

2197 2911 2320 2952 nem
2350 2897 2502 2965 vitaz,
2538 2899 2671 2954 alios
2698 2900 2750 2954 in
2779 2901 3224 2958 resurrectionem
3243 2902 3428 2974 judicii
3453 2910 3767 2961 resurrectu-

2196 3000 2288 3042 ros
2329 3002 2448 3044 esse
2473 2989 2768 3046 declarans.

2271 3079 2360 3134 45.
2393 3079 2544 3147 Quod
2573 3082 2619 3136 si
2645 3081 2828 3138 dicunt
2853 3099 2958 3140 non
2989 3085 3061 3140 ibi
3103 3083 3472 3158 intelligendos=
3503 3091 3667 3145 etiam
3690 3101 3766 3145 eos

2198 3170 2289 3241 qui
2337 3171 2558 3227 omnino
2605 3187 2712 3228 non
2763 3174 3030 3242 credunt,
3075 3177 3170 3233 sed
3210 3192 3305 3234 eos
3332 3180 3421 3250 qui
3469 3196 3573 3251 per
3613 3181 3764 3253 ignem

2201 3263 2332 3318 salvi
2361 3273 2549 3332 erunt,
2580 3265 2704 3336 quia
2723 3266 3093 3337 crediderunt,
3118 3271 3325 3326 etiamsi
3351 3273 3491 3329 male
3519 3275 3764 3339 vixerunt,

2198 3363 2260 3411 ut
2294 3370 2478 3412 eorum
2509 3358 2866 3414 transitoriam
2903 3375 3116 3430 pmnam
3153 3361 3340 3434 judicii
3381 3367 3604 3422 nomine
3625 3364 3766 3436 signi-

2201 3446 2410 3503 ﬁcntam
2447 3449 2794 3504 arbitrentur.
2845 3450 3160 3523 Quanquam
3205 3455 3306 3511 hoc
3332 3455 3765 3526 impudentissime

2201 3538 2439 3606 dicatur,
2479 3555 2599 3595 cum
2627 3544 2847 3598 omnino
2875 3542 3132 3600 Dominus
3152 3560 3341 3602 omnes
3367 3558 3761 3612 resurrecturus,

2201 3631 2257 3687 in
2287 3633 2478 3704 quibus
2503 3634 2621 3690 sine
2648 3633 2810 3690 dubio
2832 3644 2886 3691 et
2913 3636 3171 3694 increduli
3208 3649 3396 3708 erunt,
3441 3641 3491 3696 in
3519 3642 3630 3698 duo
3655 3640 3766 3696 divi-

2200 3724 2362 3790 serit,
2408 3725 2558 3779 uittnn
2601 3735 2656 3781 et
2678 3726 2975 3796 judicium;
3019 3729 3093 3784 ita
3122 3730 3307 3786 volens
3331 3731 3592 3802 judicium
3624 3739 3761 3788 aeter-

2201 3830 2328 3870 num
2377 3815 2634 3887 intelligi,
2676 3819 2921 3888 quamvis
2961 3819 3065 3876 hoc
3107 3836 3213 3877 non
3240 3823 3538 3894 addiderit,
3575 3828 3762 3882 sicutet

2199 3906 2384 3961 vitam.
2419 3905 2604 3978 Neque
2627 3909 2770 3964 enim
2797 3910 2892 3978 ait,
2922 3911 2979 3966 in
3000 3914 3449 3970 resurrectionem
3481 3915 3607 3973 vitae
3629 3923 3762 3972 {cter-

2201 4013 2323 4063 nai;
2385 4013 2506 4054 cum
2550 3999 2693 4054 aliud
2746 4001 2930 4072 utique
2983 4002 3204 4075 intelligi
3257 4005 3506 4062 noluerit.
3561 4006 3761 4062 Videant

2203 4100 2382 4148 tamen
2410 4092 2538 4164 quid
2561 4096 2866 4164 responsuri
2897 4105 3058 4165 sunt,
3091 4098 3178 4154 ubi
3208 4099 3312 4167 ait,
3358 4100 3461 4166 Qui
3492 4111 3657 4157 autem
3677 4115 3759 4154 non

2200 4186 2385 4253 credit,
2420 4187 2534 4259 jam
2549 4187 2812 4258 judicatus
2835 4198 2908 4244 est
2931 4188 3042 4259 (Id.
3066 4207 3156 4258 ut,
3185 4192 3296 4263 l8).
3326 4193 3457 4250 Nam
3487 4193 3575 4251 hic
3603 4191 3758 4268 procul

2201 4277 2366 4334 dubio
2390 4320 2404 4346 ,
2433 4289 2525 4334 aut
2550 4278 2808 4350 judicium
2839 4296 2937 4350 pro
2960 4297 3117 4353 poena
3142 4293 3340 4340 aeterna
3375 4287 3604 4356 positum
3630 4283 3760 4343 intel-

2205 4368 2393 4439 ligunt,
2423 4380 2513 4424 aut
2543 4385 2638 4440 per
2658 4371 2832 4442 ignem
2858 4373 3034 4429 salvos
3061 4374 3270 4432 futuros
3297 4377 3457 4433 etiam
3485 4379 3758 4437 incredulos

2201 4459 2382 4516 dicere
2407 4461 2708 4517 audebuut'
2749 4465 3001 4534 quoniam
3023 4507 3039 4533 ,
3070 4466 3172 4532 Qui
3209 4484 3311 4523 non
3350 4471 3542 4538 credit,
3591 4470 3755 4540 inquit,

2195 4553 2309 4623 jam
2342 4553 2606 4624 judicatus
2644 4564 2750 4620 est,
2785 4556 2886 4612 hoc
2909 4566 2991 4613 est
3013 4598 3029 4624 ,
3068 4558 3178 4628 jam
3213 4560 3416 4631 judicio
3442 4563 3752 4619 destinatus:

2202 4650 2260 4698 et
2302 4658 2408 4698 non
2437 4645 2538 4700 erit
2577 4646 2719 4716 quod
2762 4662 2859 4719 pro
2901 4664 3093 4720 magno
3140 4651 3401 4709 beneﬁcio
3438 4654 3756 4725 polliceantur

2201 4735 2540 4793 credentibus
2570 4741 2916 4812 nequitcrque
2942 4743 3272 4814 viventibus,
3301 4749 3516 4818 quando
3539 4758 3593 4805 et
3619 4750 3647 4804 ii
3677 4744 3752 4816 qui

2203 4844 2311 4884 non
2360 4830 2584 4886 credunt
2632 4847 2738 4888 non
2777 4843 2934 4889 erunt
2985 4836 3281 4906 perdendi,
3342 4840 3466 4896 sed;
3489 4836 3752 4912 judicandi.

2201 4922 2353 4992 Quod
2379 4923 2422 4978 si
2452 4924 2630 4981 dicere
2649 4939 2756 4980 non
2787 4927 3012 4994 audent,
3048 4945 3157 4984 non
3193 4932 3424 4987 audeant
3460 4933 3650 5005 aliquid
3675 4929 3755 4986 mi-

2203 5015 2309 5070 tius
2333 5015 2572 5086 polliceri
2610 5017 2689 5072 eis
2715 5015 2784 5072 da
2807 5018 2998 5089 quibus
3021 5019 3220 5076 dictum
3246 5031 3358 5090 est,
3387 5041 3477 5093 per
3495 5023 3667 5095 Legem
3681 5023 3752 5092 ju-

2203 5107 2547 5174 dicabuntur;
2587 5111 2708 5181 quia
2738 5121 2948 5168 constat
2980 5111 3236 5184 judicium
3272 5117 3430 5170 etiam
3463 5133 3559 5188 pro
3583 5125 3750 5172 acterna

2202 5200 2542 5257 damnatione
2583 5204 2758 5260 solere
2789 5206 3073 5261 nominari.
3104 5207 3240 5276 Quid
3260 5249 3276 5276 ,
3313 5210 3454 5280 quod
3485 5209 3753 5266 invenimus

2203 5309 2308 5348 non
2339 5296 2508 5350 solum
2537 5296 2756 5352 minime
2803 5299 3032 5355 mitioris
3055 5341 3070 5366 ,
3101 5315 3286 5356 verum
3321 5301 3479 5356 etiam
3507 5295 3752 5357 deterioris

2203 5387 2522 5442 conditionis
2547 5404 2665 5444 esse
2709 5389 2826 5446 illos
2854 5392 2942 5460 qui
2981 5393 3210 5449 scientes
3251 5394 3513 5466 peccant?
3562 5395 3622 5449 Ili
3653 5395 3754 5446 sunt

2204 5481 2348 5535 enim
2375 5481 2604 5537 maxime
2627 5483 2717 5552 qui
2743 5483 2914 5553 legem
2953 5498 3293 5556 acceperunt.
3337 5489 3470 5545 Nam
3494 5490 3625 5544 sicut
3647 5481 3754 5542 scri-

2204 5582 2352 5644 ptum
2382 5583 2482 5640 cst,
2520 5572 2619 5628 Ubi
2645 5575 2728 5629 (ex
2753 5592 2855 5630 non
2881 5587 2973 5642 est,
3001 5594 3092 5632 nec
3116 5581 3470 5648 prteuaricatio
3499 5581 3666 5654 (Rom.
3691 5588 3749 5635 ιν,

2207 5664 2321 5733 15).
2355 5663 2488 5717 Hinc
2511 5675 2592 5718 est
2616 5675 2669 5718 et
2701 5664 2860 5733 illud,
2901 5665 3367 5738 Concupiscentiam
3390 5673 3655 5727 nesciebam
3674 5663 3753 5723 nisi

2208 5756 2290 5810 lex
2315 5755 2520 5822 diceret,
2551 5755 2672 5811 Non
2698 5759 3033 5828 concupisces.
3069 5760 3347 5819 Occasione
3367 5765 3534 5838 itaque
3554 5768 3747 5836 accep“:

2283 5859 2300 5890 ⁸
2328 5858 2459 5924 Apud
2475 5865 2549 5911 Er.
2574 5859 2724 5923 Lugd.
2749 5868 2866 5912 Ven.
2893 5867 3001 5914 nov.
3040 5875 3053 5914 :
3089 5870 3248 5928 Neque
3269 5865 3414 5920 illud.
3476 5872 3535 5918 tt.
