3882 6286
90 324 180 382 ,εδ
1458 301 1648 358 LIBER

1757 299 1897 358 NUS.

91 442 312 507 peccatum
349 445 435 500 per
475 427 770 482 mandatum
821 432 1087 495 operatum
1123 429 1196 477 est
1224 421 1278 475 in
1315 436 1394 475 me
1434 431 1631 473 omnem

87 521 497 593 concupiscentiam
524 520 698 588 (Rom.
723 533 816 584 vn,
844 517 901 584 '7,
920 516 1015 587 8);
1044 523 1099 570 et
1126 513 1227 568 alia
1254 511 1417 566 multa
1435 525 1554 581 qum
1570 508 1639 564 de

89 619 169 671 hac
197 630 248 668 re
283 612 415 667 idem
441 609 715 680 apostolus
742 607 893 663 dicit.
939 605 1022 661 Ab
1057 603 1160 659 hoc
1201 611 1354 658 reatu
1388 601 1639 672 graviore

86 711 244 765 liberat
264 704 421 776 gratia
451 703 682 774 Spiritus
706 701 876 756 sancti
907 714 1002 769 per
1029 697 1211 754 Jesum
1237 695 1507 751 Christum
1537 694 1641 748 Do-

88 799 257 853 ntinum
296 803 533 850 nostrum
561 835 578 861 ,
625 808 742 864 quae
782 790 974 846 diffusa
1010 789 1274 845 eharitate
1312 788 1364 841 in
1388 785 1641 842 cordibus

91 890 254 947 nostris
278 888 433 943 donat
465 885 690 956 justitiae
715 883 1124 940 delectationem
1157 883 1173 914 ¹
1195 923 1210 948 ,
1240 895 1344 952 qua
1373 878 1639 935 immode-

87 983 196 1036 ratio
218 979 654 1050 concupiscentiae
695 985 997 1048 superetur.
1049 975 1186 1030 Hine
1228 974 1405 1043 itaque
1440 971 1639 1028 conﬁr-

92 1085 234 1129 matur
261 1088 360 1128 non
406 1072 585 1127 solum
613 1070 743 1125 nihil
784 1069 1004 1133 mitius,
1061 1065 1157 1122 sed
1190 1066 1402 1137 gravius
1444 1063 1640 1134 aliquid

87 1162 444 1234 intelligendum
469 1201 487 1226 ,
536 1161 607 1217 de
649 1159 842 1231 quibus
882 1157 1086 1214 dictum
1133 1166 1246 1222 est,
1296 1155 1397 1221 Qui
1425 1155 1480 1208 in
1508 1153 1642 1224 Lege

90 1263 414 1327 peccaverunt,
454 1271 550 1326 per
585 1253 767 1325 Legem
799 1252 1211 1324 judicabantur;
1255 1263 1415 1320 quam
1441 1247 1509 1303 de
1535 1246 1642 1302 illis

86 1348 162 1419 qui
185 1349 284 1402 sine
306 1347 440 1416 Lege
471 1354 762 1416 peccantes
787 1345 904 1399 sine
931 1342 1072 1413 Lege
1099 1341 1346 1413 peribunt
1378 1359 1391 1396 :
1419 1355 1518 1396 nec
1545 1354 1642 1411 pro

89 1455 222 1511 plena
245 1438 535 1494 transitoria
571 1438 674 1493 hoc
711 1437 831 1491 loco
857 1435 1060 1491 dictum
1086 1434 1345 1504 judicium
1365 1474 1382 1502 ,
1423 1433 1520 1489 sed
1543 1447 1642 1504 pro

88 1547 141 1585 ea
167 1547 253 1600 qua
290 1530 442 1584 etiam
466 1543 580 1584 non
607 1527 893 1583 credentes
923 1525 1320 1597 judicabuntur.

147 1623 222 1678 44.
263 1620 386 1676 Nam
413 1621 509 1691 qui
553 1620 657 1676 hac
691 1627 912 1675 utuntur
938 1618 1202 1675 sententia
1226 1616 1290 1672 ad
1325 1616 1642 1688 promitten-

87 1717 188 1771 datn
229 1717 442 1770 salutem
488 1729 588 1785 per
628 1714 804 1785 ignem
829 1753 846 1779 ,
895 1712 998 1767 illis
1041 1712 1133 1783 qui
1160 1712 1322 1768 etiam
1361 1709 1644 1766 credentes

87 1808 283 1882 pessime
307 1807 512 1872 vivunt,
545 1814 608 1860 ut
641 1804 721 1860 eis
743 1804 955 1872 dicant,
990 1802 1090 1869 Qui
1115 1803 1223 1857 sine
1249 1801 1380 1872 Lege
1410 1816 1646 1871 peccave-

86 1911 206 1969 runt,
237 1902 337 1956 sine
367 1899 503 1972 Lege
546 1898 781 1970 peribunt
805 1915 826 1964 ;
854 1899 941 1968 qui
966 1907 1136 1952 autem
1169 1896 1222 1950 in
1247 1895 1380 1968 Lege
1411 1909 1647 1966 peccave-

91 2003 219 2060 runt,
248 2009 330 2063 per
354 1991 543 2063 Legem
567 1989 942 2063 judicabantur
965 2031 980 2056 ,
1029 1999 1278 2059 tanquam
1324 1987 1524 2043 dictum
1552 1987 1642 2052 sit,

90 2101 174 2141 non
198 2084 466 2155 peribunt,
511 2082 612 2138 sed
639 2097 735 2152 per
775 2081 951 2152 ignem
978 2079 1111 2135 salvi
1138 2089 1329 2146 erunt;
1371 2094 1472 2136 nec
1514 2079 1644 2134 illud

95 2178 330 2236 attendere
349 2185 677 2249 potuerunt,
709 2175 814 2232 hoc
839 2176 1152 2247 Apostolum
1179 2174 1247 2230 de
1283 2175 1385 2261 illis
1413 2175 1501 2244 qui
1529 2175 1646 2230 sine

91 2273 205 2344 Lege
238 2283 287 2329 et
327 2273 432 2328 illis
459 2272 554 2343 qui
583 2271 640 2326 in
678 2270 820 2340 Lege
859 2277 1212 2340 peccaverunt
1238 2268 1472 2335 dixisse,
1522 2282 1645 2322 cum

92 2365 145 2421 de
179 2365 418 2422 Gentibus
463 2377 522 2424 et
565 2367 636 2423 de
677 2366 876 2423 Judaeis
916 2374 1130 2437 ageret;
1188 2374 1247 2419 ut
1287 2381 1394 2420 non
1442 2372 1646 2420 tantum

93 2457 334 2528 Gentibus,
366 2460 461 2516 sed
491 2461 735 2532 utrisque
759 2460 985 2532 gratiam
1014 2459 1249 2526 Christi,
1276 2474 1381 2529 qua
1410 2459 1646 2514 liberen-

92 2558 195 2615 tur,
248 2553 605 2608 necessariam
665 2553 1103 2608 demonstraret:
1144 2551 1287 2622 quod
1345 2560 1454 2607 tota
1483 2551 1504 2582 ²
1533 2552 1647 2621 ipsa

97 2642 295 2713 Epistula
322 2644 387 2699 ad
433 2645 717 2701 Romanos
756 2646 1032 2701 evidenter
1073 2645 1328 2702 ostendit.
1378 2643 1493 2700 Jam
1520 2658 1648 2714 ergo

95 2737 222 2791 etiam
254 2737 446 2795 Judaais
505 2740 558 2793 in
589 2739 705 2810 lege
738 2739 1109 2809 peccantibus,
1136 2737 1203 2794 de
1231 2737 1424 2808 quibus
1447 2736 1647 2792 dictum

97 2836 178 2891 est.
199 2846 277 2899 per
301 2829 491 2900 Legem
513 2830 901 2902 judicabantur,
936 2845 1047 2885 non
1074 2843 1167 2885 eos
1197 2829 1457 2884 liberante
1479 2827 1647 2897 gratia

98 2915 288 2986 Christi,
324 2920 681 2991 promittant,
727 2921 771 2975 si
798 2920 1003 2990 placet,
1051 2935 1146 2990 per
1174 2920 1351 2991 ignem
1381 2919 1647 2987 salutem;

99 3012 306 3080 quoniam
331 3012 394 3068 de
421 3012 515 3067 bis
552 3012 753 3067 dictum
778 3020 892 3079 est,
926 3029 1016 3083 per
1048 3009 1234 3082 Legem
1258 3010 1646 3082 judicabantur.

98 3103 218 3169 Quod
258 3105 299 3160 si
335 3121 438 3166 non
483 3105 720 3172 faciunt,
771 3121 839 3161 ne
867 3113 1054 3160 contra
1082 3119 1142 3160 se
1179 3104 1326 3175 ipsos
1353 3103 1648 3171 veniant’,

105 3197 292 3267 quieos
339 3199 663 3270 gravissimo
715 3197 1042 3253 inﬁdelitatis
1091 3196 1316 3252 crimine
1364 3195 1652 3252 obstrictos

102 3303 199 3345 esse
229 3289 399 3347 dicunt
428 3310 443 3346 :
481 3290 668 3362 utquid
712 3289 1038 3346 transierunt
1064 3289 1132 3344 ad
1172 3287 1416 3345 inﬁdeles
1441 3297 1497 3344 et
1521 3287 1654 3344 ﬁde-

100 3378 161 3437 les
192 3381 236 3439 in
268 3399 328 3440 eo
352 3383 504 3457 quod
533 3383 600 3439 ad
631 3383 787 3439 tidem
830 3383 1026 3439 Christi
1064 3383 1287 3448 attinet,
1337 3382 1470 3438 illud
1507 3383 1653 3454 quod

102 3470 266 3528 dictum
298 3483 379 3530 est
421 3476 498 3530 de
537 3475 602 3530 iis
629 3475 719 3545 qui
763 3476 881 3530 sine
915 3475 1056 3545 Lege
1097 3484 1153 3531 et
1196 3475 1261 3529 iis
1297 3474 1386 3545 qui
1427 3474 1480 3528 in
1511 3473 1653 3545 Lege

102 3575 426 3632 peccaverunt,
462 3581 587 3622 cum
613 3566 681 3621 de
705 3565 902 3621 .ludzeis
927 3575 981 3622 et
1007 3566 1075 3622 de
1100 3565 1360 3622 Gentibus
1383 3574 1650 3637 ageretur,

109 3664 152 3708 ut
173 3658 229 3711 ad
269 3659 457 3714 Christi
491 3661 717 3730 gratiam
744 3660 959 3730 utrique
985 3661 1368 3717 invitarentur?

161 3750 358 3809 CAPUT
404 3753 604 3809 XXIV.
637 3783 708 3794 ——
755 3753 984 3808 Libertas
1028 3754 1148 3822 ﬁdei
1191 3769 1291 3808 non
1326 3755 1392 3808 sit
1421 3753 1653 3823 ﬁdelibus

107 3841 292 3897 velamen
317 3844 548 3898 malitite.
597 3843 782 3915 Neque
810 3845 952 3899 enim
991 3843 1190 3900 dictum
1220 3852 1340 3908 est,
1389 3844 1491 3913 Qui
1539 3845 1655 3902 sine

109 3930 193 3988 ﬁde
214 3945 590 4004 peccaverunt,
643 3938 761 3992 sine
789 3937 892 3992 ﬁde
931 3939 1214 4008 peribunt;
1262 3937 1354 4007 qui
1392 3947 1569 3993 autem
1600 3939 1654 3994 in

111 4025 192 4081 title
208 4040 587 4098 peccaverunt,
634 4046 732 4101 per
760 4031 914 4086 tidem
941 4031 1317 4101 judicabuntur
1346 4050 1358 4086 :
1391 4033 1507 4099 sed,
1548 4033 1658 4088 sine

112 4113 217 4188 Lege
247 4119 436 4176 dictum
468 4131 577 4189 est,
613 4135 704 4187 et,
734 4123 788 4176 in
825 4122 988 4194 Lege;
1028 4131 1086 4178 ut
1113 4124 1244 4178 satis
1272 4133 1554 4194 appareret
1587 4125 1656 4179 il—

112 4205 194 4262 lam
237 4226 442 4268 causam
493 4214 671 4284 tangi,
725 4229 846 4284 qua:
897 4215 1035 4270 inter
1086 4214 1286 4271 Gentes
1334 4225 1389 4270 et
1440 4214 1656 4271 Judteos

115 4299 361 4371 agebatur,
424 4321 534 4361 non
591 4321 709 4376 qua:
760 4305 900 4362 inter
948 4306 1119 4363 bonos
1173 4308 1452 4379 malosque
1500 4307 1652 4364 Chri-

115 4399 292 4448 SIIaIIOS.

171 4484 241 4538 45.
267 4487 571 4559 Quanquam
616 4489 662 4544 si
703 4489 796 4544 illo
835 4490 954 4545 loco
997 4490 1165 4561 legem
1210 4507 1306 4561 pro
1345 4491 1448 4546 lide
1489 4493 1657 4564 accipi

117 4574 292 4642 volunt,
326 4582 468 4650 quod
513 4581 674 4637 nimis
714 4583 1074 4651 importunum
1115 4591 1170 4637 et
1207 4585 1494 4639 absurdum
1534 4595 1654 4652 est,

119 4664 244 4721 etiam
277 4669 391 4726 hinc
429 4673 822 4742 apertissimum
859 4682 1082 4742 possunt
1123 4675 1300 4744 legere
1338 4678 1656 4732 sententiam

120 4764 300 4824 apostoli
325 4765 498 4832 Petri,
523 4768 612 4836 qui
639 4782 760 4822 cum
788 4767 1093 4837 loqueretur
1118 4768 1186 4824 de
1209 4770 1273 4825 iis
1297 4771 1385 4840 qui
1417 4771 1470 4825 in
1499 4787 1657 4827 occa-

121 4848 283 4907 sionem
303 4859 472 4912 carnis
493 4868 845 4929 acceperant,
872 4868 926 4915 et
947 4859 1001 4914 in
1022 4860 1380 4916 velamentum
1402 4863 1618 4919 malitiae
1635 4903 1654 4929 ,

124 4944 231 5006 Quod
255 4949 495 5018 scriptum
526 4958 628 5014 est,
666 4967 758 5004 nos
784 4951 849 5004 ad
878 4950 1082 5006 Novum
1109 4952 1506 5008 Testamentum
1539 4971 1660 5024 per-

125 5033 328 5105 tinentes,
351 5059 452 5096 non
473 5043 679 5097 ancilla:
699 5043 845 5097 'lilios
866 5059 984 5099 esse
1001 5086 1016 5110 ,
1048 5045 1136 5099 sed
1165 5045 1350 5112 liberte,
1381 5063 1481 5116 qua
1504 5048 1656 5104 libera

127 5130 203 5178 tate
231 5129 438 5188 Christus
475 5150 568 5188 nos
597 5135 822 5189 liberavit
856 5135 1050 5206 (Colat.
1081 5153 1153 5202 tv,
1185 5137 1310 5207 5i);
1340 5149 1393 5193 et
1431 5149 1654 5208 putave-

127 5231 222 5275 rant
259 5225 344 5282 hoc
382 5244 504 5284 esse
545 5229 712 5284 libere
752 5230 968 5296 vivere,
1014 5240 1069 5286 ut
1111 5239 1359 5300 tanquam
1400 5232 1468 5288 de
1511 5241 1658 5290 tanta

129 5313 441 5386 redemptione
465 5321 660 5386 securi,
683 5319 942 5391 quidquid
979 5321 1168 5377 liberet
1195 5323 1355 5377 licere
1380 5323 1481 5378 sibi
1510 5325 1656 5380 arbi-

131 5410 376 5475 trarentur.
420 5428 524 5467 non
575 5413 844 5469 intuentes
883 5414 1022 5484 quod
1059 5414 1256 5468 dictum
1297 5425 1415 5479 est,
1472 5417 1568 5471 Vos
1605 5418 1658 5471 in

134 5495 353 5559 libertatem
377 5507 536 5561 vocati
557 5508 674 5561 estis
695 5548 708 5572 ,
748 5512 964 5578 fratres;
995 5517 1188 5562 tantum
1216 5525 1278 5564 ne
1301 5509 1577 5565 libertatem
1606 5512 1658 5565 in

186 5636 402 5703 {Somnum
422 5645 618 5694 codices
631 5679 644 5703 ,
670 5643 984 5695 dilectionem.

186 5696 281 5765 {Sic
299 5712 392 5754 uss.
421 5715 473 5755 At
506 5696 644 5765 editi,
669 5713 831 5756 totum.

187 5757 316 5836 Ῥιιι
338 5770 511 5836 omissa
536 5757 795 5830 particula,
818 5783 893 5831 ne,
929 5770 1139 5833 habent,
1170 5777 1336 5821 contra
1358 5785 1407 5822 se
1431 5771 1557 5836 ipsos
1583 5788 1658 5825 ve-

136 5825 250 5870 nunt.
273 5825 580 5879 Etncndanttir
597 5843 626 5880 a
651 5838 753 5879 Mss.

3225 305 3331 361 226

1742 415 2054 469 occasionem
2083 417 2250 470 carnis
2283 417 2408 470 detis
2439 416 2549 487 (Id.
2579 433 2612 470 ν
2631 457 2646 482 ,
2677 418 2800 486 15);
2832 418 2970 473 unde
3000 429 3054 474 et
3083 419 3195 489 ipse
3223 420 3331 475 Pe-

1749 516 1862 563 trus
1882 507 2028 573 dicit,
2045 508 2230 574 Liberi,
2252 526 2350 562 non
2370 511 2499 563 sicut
2519 512 2849 564 velamentum
2871 513 3078 566 malitiae
3098 514 3333 569 habentes

1747 601 2022 656 libertatem
2054 601 2109 673 (l
2137 601 2279 656 Petr.
2309 619 2371 667 ll,
2409 600 2498 674 16)
2531 604 2643 656 :ait
2674 603 2741 658 de
2781 604 2886 657 illis
2924 613 2975 657 et
3013 605 3065 658 in
3103 605 3332 660 secunda

1745 694 1983 764 Epistula
2011 710 2104 749 sua
2125 735 2140 761 ,
2172 695 2244 748 lli
2272 705 2387 748 sunt
2407 695 2570 764 fontes
2592 696 2745 762 sicci,
2777 706 2823 748 et
2861 694 3054 748 nebula:
3079 712 3111 748 a
3140 696 3335 750 turbine

1745 787 2029 857 exagitatae,
2059 786 2239 856 quibus
2263 787 2424 857 caligo
2455 785 2771 840 tenebrarum
2809 798 3060 840 reservata
3087 795 3161 841 est
3191 803 3208 840 :
3239 803 3328 841 su-

1746 879 1899 948 perba
1919 881 2052 934 enim
2073 880 2307 934 vanitatis
2330 879 2585 950 loquentes
2605 881 2821 934 illiciunt
2842 881 2895 934 in
2914 881 3309 951 concupiscentii

1744 973 1911 1026 carnis
1932 973 2261 1043 impudicitia:
2279 989 2363 1028 eos
2382 971 2469 1045 qui
2491 973 2757 1041 paululum
2777 973 3082 1045 e/fugerunt,
3095 975 3148 1028 in
3166 990 3306 1028 error

1746 1063 2023 1117 conversati
2043 1105 2057 1130 ,
2089 1064 2369 1118 libertatem
2399 1064 2503 1118 illis
2534 1066 2875 1134 promittentes
2893 1107 2907 1132 ,
2941 1083 3054 1119 cum
3083 1066 3182 1136 ipsi
3206 1083 3313 1121 serv

1745 1153 1846 1206 sint
1870 1155 2232 1225 corruptionis.
2261 1156 2305 1208 Α
2333 1172 2432 1226 quo
2459 1156 2590 1210 enim
2616 1157 2730 1228 quis
2759 1156 2980 1211 devictus
3004 1167 3112 1222 est,
3146 1158 3264 1212 huic
3289 1165 3335 1213 et

1744 1264 1916 1303 servus
1941 1249 2175 1302 addictus
2201 1258 2292 1304 est.
2325 1249 2388 1305 Si
2415 1250 2549 1304 enim
2572 1251 2877 1321 refugientes
2904 1250 3337 1321 coinquinationes

1747 1339 1924 1393 mundi
1944 1340 1996 1393 in
2015 1340 2322 1411 agnitionem
2342 1339 2548 1395 Domini
2569 1342 2728 1395 nostri
2757 1350 2804 1394 et
2824 1342 3186 1396 conservatoris
3205 1341 3338 1396 Jesu

1747 1430 1966 1499 Christi,
1993 1432 2072 1487 Itis
2109 1449 2285 1487 rursus
2311 1434 2519 1504 implexi
2554 1444 2862 1503 superantur
2880 1475 2895 1498 ,
2920 1438 3059 1506 facta
3083 1444 3201 1488 sunt
3230 1434 3336 1490 illis

1747 1524 2026 1593 posteriora
2050 1523 2300 1578 deteriora
2322 1524 2593 1594 prioribus.
2624 1524 2809 1580 Melius
2829 1527 2962 1580 enim
2986 1535 3093 1580 erat
3113 1527 3214 1580 illis
3235 1543 3337 1581 non

1747 1632 2045 1687 cognoscere
2071 1617 2204 1670 viam
2225 1617 2437 1685 iustitite
2454 1659 2469 1683 ,
2501 1633 2652 1684 quam
2681 1627 3033 1689 cognoscentes
3061 1626 3338 1673 retrorsum

1747 1709 1936 1779 reflecti
1956 1726 1988 1762 a
2012 1710 2197 1764 tradito
2218 1710 2313 1764 sibi
2341 1720 2515 1764 sancto
2544 1709 2804 1764 mandato.
2833 1710 3051 1782 Contigit
3075 1712 3207 1765 enim
3231 1711 3338 1767 illis

1747 1817 1828 1857 res
1865 1803 1968 1856 veri
2002 1803 2277 1874 proverbii,
2309 1802 2462 1858 Canis
2481 1819 2707 1858 reversus
2731 1805 2799 1858 ad
2828 1821 2978 1858 suum
2997 1807 3257 1870 vomitum,
3288 1814 3339 1860 et

1749 1909 1836 1948 sus
1876 1895 1980 1948 lota
2017 1896 2071 1948 in
2114 1895 2388 1950 volutabris
2433 1895 2579 1949 caeni.
2620 1894 2758 1962 Quid
2801 1895 2976 1951 adhuc
3016 1897 3342 1966 promittitur

1749 1995 1935 2042 contra
1961 1988 2118 2042 istam
2149 1987 2640 2043 manifestissimam
2669 1988 2951 2044 veritatem
2971 1988 3208 2044 conditio
3227 2004 3342 2046 me-

1751 2078 1853 2133 lior
1878 2079 1944 2134 iis
1969 2080 2060 2150 qui
2086 2088 2453 2150 cognoverunt
2481 2080 2618 2134 viam
2641 2079 2883 2150 justitize,
2911 2081 3011 2136 hoc
3030 2090 3132 2148 est,
3156 2081 3341 2136 Domi-

1751 2185 1878 2225 num
1908 2170 2181 2226 Christum
2204 2212 2220 2238 ,
2251 2179 2307 2227 et
2332 2170 2540 2242 perdite
2567 2171 2780 2238 vivunt,
2813 2187 2972 2242 quam
3001 2171 3047 2226 si
3076 2173 3091 2204 ¹
3123 2172 3344 2228 omnino

1750 2279 1858 2319 non
1899 2267 2309 2336 cognovissent;
2342 2281 2463 2322 cum
2507 2268 2844 2337 apertissime
2882 2267 3118 2335 dicatur,
3148 2267 3338 2323 Melius

1749 2366 1859 2411 erat
1887 2357 1991 2412 illis
2017 2375 2118 2412 non
2137 2374 2437 2430 cognoscere
2454 2360 2587 2412 viam
2598 2360 2832 2428 justitiae,
2858 2376 3010 2431 quant
3030 2376 3341 2432 cognoscen-

1751 2459 1822 2504 tes
1849 2461 2125 2505 retrorsum
2145 2453 2337 2521 reﬂecti
2369 2469 2401 2505 a
2427 2452 2611 2506 tradito
2630 2453 2726 2507 sibi
2749 2465 2924 2509 sancto
2955 2455 3194 2510 mandato
3212 2457 3238 2510 ?

1823 2541 2048 2598 CAPUT
2068 2541 2236 2597 XXV.
2254 2573 2325 2583 —
2339 2544 2428 2599 46.
2449 2543 2701 2600 Sanctum
2716 2545 3012 2600 mandatum
3032 2547 3171 2618 quid,
3193 2547 3345 2619 idque

1752 2643 2104 2704 cognoscentes
2123 2650 2183 2686 ac
2202 2635 2624 2705 transgredientes
2642 2653 2755 2706 qua:
2775 2654 2924 2708 paena
2942 2650 3161 2693 maneat.
3180 2639 3344 2695 Poena

1753 2727 2045 2781 transitoria
2085 2725 2353 2796 baptizatis
2393 2727 2635 2782 scelerate
2669 2730 2946 2785 viventibus
2988 2747 3090 2785 non
3135 2733 3346 2802 promit-

1754 2818 1925 2874 tenda.
1981 2818 2169 2890 Neque
2219 2820 2362 2875 enim
2413 2819 2545 2875 illud
2596 2821 2699 2876 hoc
2756 2822 2874 2877 loco
2941 2822 3346 2894 intelligendum

1754 2919 1840 2966 est
1879 2920 2126 2966 sanctum
2170 2910 2517 2978 mandatum,
2558 2926 2665 2982 quo
2704 2922 3028 2983 praeceptum
3070 2923 3154 2969 est
3195 2924 3254 2969 ut
3291 2931 3346 2971 tn

1758 3004 1928 3059 Deum
1953 3003 2270 3071 credamus;
2310 3019 2614 3075 quanquam
2646 3020 2712 3061 eo
2755 3006 2872 3075 ipso
2900 3017 3066 3062 totum
3103 3009 3349 3066 contine-

1757 3103 1873 3161 tur,
1905 3097 1952 3150 si
1978 3111 2100 3151 eam
2131 3096 2493 3167 intelligamus
2520 3096 2680 3152 ﬁdem
2705 3097 3040 3154 credentium
3065 3140 3081 3166 ,
3109 3115 3228 3170 qua:
3253 3116 3350 3171 per

1755 3188 2096 3245 dilectionem
2123 3199 2378 3259 operatur
2417 3207 2428 3243 :
2471 3189 2567 3245 sed
2603 3199 2786 3260 aperte
2813 3191 3080 3260 expressit
3105 3191 3230 3262 quid
3261 3193 3348 3248 di-

1756 3288 1905 3334 ceret
1929 3288 2170 3334 sanetum
2197 3279 2528 3348 mandatum,
2554 3279 2607 3335 id
2635 3289 2717 3336 est
2735 3322 2750 3346 ,
2782 3296 2889 3352 quo
2919 3291 3239 3353 praeceptum
3265 3292 3350 3339 est

1757 3379 1817 3426 ut
1841 3371 1910 3426 ab
1934 3370 2090 3441 hujus
2111 3371 2296 3426 mundi
2321 3371 2841 3442 coinquinationibus
2863 3373 3174 3429 recedentes
3198 3384 3347 3430 casta

1757 3463 2167 3519 conversatione
2192 3462 2454 3517 vivamus.
2481 3461 2571 3518 Sic
2595 3463 2738 3517 enim
2765 3462 2840 3518 ait
2882 3481 2894 3516 :
2941 3464 3002 3518 Si
3038 3465 3172 3518 enim
3211 3466 3351 3535 refu-

1758 3555 1947 3626 gientes
1989 3554 2420 3624 coinquinationes
2466 3555 2644 3608 mundi
2683 3555 2737 3610 in
2785 3557 3093 3627 agnitionem
3143 3557 3352 3614 Domini

1760 3646 1918 3701 nostri
1952 3656 1998 3700 et
2024 3647 2388 3701 conservatoris
2421 3644 2457 3698 J
2461 3663 2549 3701 esu
2577 3647 2802 3714 Christi,
2830 3649 2911 3704 Itis
2938 3666 3114 3704 rursus
3141 3649 3350 3721 implexi

1759 3746 2084 3807 superantur,
2116 3738 2254 3807 facta
2285 3747 2400 3792 sunt
2427 3737 2531 3792 illis
2571 3740 2853 3808 posteriora
2888 3740 3138 3795 deteriora
3165 3742 3351 3812 priori-

1762 3829 1871 3884 bus.
1901 3829 2017 3883 Non
2053 3829 2162 3895 ait,
2195 3829 2518 3900 refugientes
2545 3830 2908 3900 ignorantiam
2932 3833 3061 3899 Dei,
3090 3844 3183 3888 aut
3209 3835 3353 3889 relu-

1759 3920 1968 3990 gientes
2009 3919 2380 3976 inﬁdelitatem
2425 3922 2644 3987 saeculi,
2674 3923 2758 3976 vel
2797 3923 2902 3979 tale
2941 3923 3177 3995 aliquid;
3215 3926 3346 3994 sed,

1761 4010 2188 4080 coinquinationes
2230 4010 2440 4075 mundi,
2487 4011 2541 4064 in
2581 4012 2776 4081 quibus
2817 4023 2901 4068 est
2949 4015 3132 4084 utique
3175 4018 3351 4072 omnis

1762 4102 2097 4156 immunditia
2120 4102 2464 4172 ﬂagitiorum.
2483 4102 2616 4157 Nam
2639 4104 2705 4159 de
2726 4104 2812 4159 his
2832 4107 3079 4174 superius
3098 4107 3347 4178 loquens,

1762 4192 1924 4259 dixit,
1959 4191 2292 4264 Coepulantes
2340 4194 2630 4259 vobiscum,
2677 4195 2849 4250 oculos
2893 4196 3127 4252 habentes
3176 4199 3352 4267 plenos

1762 4283 2000 4338 adulterii
2041 4293 2088 4338 et
2125 4283 2455 4338 indesinentis
2493 4286 2684 4355 peccati
2723 4286 2802 4358 (ll
2837 4285 2985 4340 Petr.
3026 4303 3097 4355 ll,
3134 4289 3348 4361 15-22).

1762 4375 1887 4429 ldeo
1910 4375 2072 4430 etiam
2094 4375 2268 4430 fontes
2287 4374 2462 4430 siccos
2481 4389 2576 4430 eos
2596 4378 2825 4446 appellat
2848 4395 2861 4431 :
2885 4378 3059 4435 fontes
3080 4381 3348 4450 videlicet,

1762 4466 1904 4538 quod
1944 4467 2252 4538 acceperint
2284 4468 2610 4538 agnitionem
2648 4469 2860 4524 Domini
2898 4470 3132 4538 Christi;
3176 4473 3350 4529 siccos
3423 4541 3428 4544 _

1762 4570 1980 4626 autem,
2031 4560 2152 4630 quia
2205 4575 2312 4615 non
2364 4569 2722 4631 congruenter
2770 4563 2971 4616 vivunt.
3024 4564 3103 4619 De
3158 4564 3351 4621 talibus

1762 4655 1957 4724 quippe
1977 4654 2137 4709 etiam
2159 4653 2187 4708 J
2194 4653 2324 4709 udas
2343 4654 2619 4723 apostolus
2643 4655 2888 4725 loquens,
2911 4656 2962 4709 li
2983 4668 3128 4726 sunt,
3154 4659 3347 4730 inquit,

1761 4749 1849 4819 qui
1884 4750 1937 4803 in
1967 4747 2315 4802 dilectionibus
2355 4748 2526 4802 vestris
2566 4749 2805 4802 maculati
2843 4750 3208 4819 coepulantur,
3241 4754 3351 4809 sine

1763 4842 1938 4895 timore
1961 4841 2253 4911 semetipsos
2277 4847 2535 4907 pascentes
2555 4879 2570 4904 ,
2609 4840 2762 4893 nubes
2795 4841 2902 4895 sine
2931 4858 3062 4912 aqua
3087 4843 3263 4914 (Iuda:
3298 4861 3348 4913 ι,

1765 4932 1885 5004 12);
1925 4941 1977 4987 et
2005 4940 2218 4986 caetera.
2258 4930 2410 4997 Quod
2450 4929 2591 4984 enim
2635 4930 2827 4986 Petrus
2864 4933 2968 4999 ait,
3013 4933 3352 5005 Coepulautes

1763 5027 2038 5092 vobiscum,
2067 5024 2241 5078 oculos
2261 5024 2497 5077 habentes
2525 5023 2699 5094 plenos
2727 5026 3000 5090 adulterii;
3027 5028 3127 5083 hoc
3150 5029 3349 5099 Judas,
3405 5032 3413 5043 '

1762 5119 1832 5173 In
1891 5118 2242 5172 dilectionibus
2289 5117 2463 5172 vestris
2510 5119 2753 5172 maculati
2803 5122 3153 5191 coepulantur.
3202 5124 3348 5180 Mixti

1763 5220 1888 5266 sunt
1913 5209 2056 5264 enim
2089 5209 2243 5263 bonis
2267 5209 2319 5262 in
2344 5209 2515 5280 epulis
2536 5209 3003 5266 Saeramentorum
3026 5223 3078 5268 et
3104 5214 3349 5273 dilectio-

1765 5304 1919 5359 nibus
1949 5303 2202 5374 plebium.
2236 5301 2304 5357 Et
2326 5303 2470 5374 quod
2501 5300 2693 5358 Petrus
2718 5304 2810 5370 ait,
2846 5303 3037 5360 Fontes
3061 5308 3214 5373 sicci;
3245 5308 3349 5364 hoc

1765 5398 1961 5461 Judas,
1996 5396 2168 5451 Nubes
2193 5398 2302 5452 sine
2337 5412 2506 5467 aqua;
2533 5395 2635 5453 hoc
2659 5396 2926 5466 Jacobus,
2961 5399 3114 5454 Fides
3151 5413 3351 5457 mortua

1767 5491 1971 5563 (Jacobi
1995 5507 2062 5554 ιι,
2091 5489 2206 5562 20).

1837 5585 1927 5639 47.
1971 5583 2084 5637 Non
2113 5583 2289 5652 itaque
2321 5581 2661 5652 promittatur
2686 5597 2842 5652 poma
2874 5581 3009 5652 ignis
3044 5584 3350 5642 transitoria

1769 5677 1996 5747 turpiter
2037 5675 2404 5744 scelerateque
2444 5673 2779 5740 viventibus,
2806 5674 2928 5743 quia
2967 5674 3102 5728 viam
3127 5675 3347 5745 justiti:

1837 5833 1851 5862 ¹
1889 5838 1938 5880 ιι]
1957 5831 2165 5892 excusis,
2194 5828 2346 5892 quasi.
2373 5827 2541 5876 verius
2555 5827 2604 5875 in
2621 5831 2750 5882 Mss.
2771 5838 2914 5884 quam
2933 5827 2988 5878 si.
