3874 6408
597 396 631 427 Q',

98 443 177 502 εδδ
597 396 631 427 ”⁷
901 394 909 400 ’
942 396 943 399 γ
1027 391 1052 425 ⁵
1130 392 1135 397 ’
1451 421 1651 480 LIBER

1765 419 1894 479 ωε.

100 566 179 611 tum
202 547 530 624 propriumque
556 542 681 617 ﬁdei
734 542 991 599 catholica:
1041 540 1448 612 fundamentum.
1490 536 1618 592 Haec

97 646 233 704 omnia
245 658 352 715 quae
393 639 619 711 requiris
667 638 853 709 procul
899 634 1059 691 dubio
1111 634 1250 691 scies
1269 676 1287 703 ,
1337 632 1620 703 diligenter

96 737 272 797 sciendo
290 734 407 807 quid
422 732 587 798 credi,
611 730 742 803 quid
762 730 965 801 sperari
984 727 1209 797 debeat,
1252 726 1381 798 quid
1422 724 1613 780 amari.

96 833 193 888 Haec
208 830 329 887 enim
349 826 598 893 maxime,
632 825 742 880 imo
782 838 911 880 vero
948 822 1061 879 sola
1104 821 1161 876 in
1203 808 1463 891 religione
1499 818 1518 850 ι
1540 831 1626 871 se-

95 922 263 995 quenda
288 930 419 977 sunt.
451 919 547 974 His
569 919 666 989 qui
695 915 1028 983 contradicit,
1057 922 1152 970 aut
1177 912 1398 970 omnino
1419 926 1452 966 a
1470 908 1627 965 Chri-

95 1016 344 1073 stinomine
361 1012 564 1069 alienus
596 1021 705 1078 est,
728 1020 821 1067 aut
849 1008 1154 1067 hareticus.
1173 1005 1303 1063 Haec
1357 1011 1484 1061 sunt
1523 1002 1623 1059 de-

95 1106 312 1164 fendenda
348 1104 572 1168 ratione,
596 1104 687 1159 vel
706 1103 722 1134 ¹
748 1118 778 1159 a
817 1101 1062 1159 sensibus
1086 1098 1331 1169 corporis
1352 1096 1624 1161 inchoata,

94 1201 236 1258 velab
259 1197 597 1269 intelligentia
627 1196 818 1253 mentis
836 1194 1076 1252 inventa.
1128 1190 1260 1259 Quae
1301 1198 1482 1246 autem
1527 1202 1629 1245 nec

96 1309 309 1367 corporeo
330 1308 485 1349 sensu
508 1292 718 1362 experti
747 1304 950 1357 sumus,
978 1303 1079 1345 nec
1099 1295 1282 1345 mente
1300 1286 1513 1358 assequi
1536 1300 1631 1340 va-

96 1388 257 1443 luimus
276 1394 352 1442 aut
375 1385 643 1452 valemus,
698 1384 777 1439 eis
820 1383 939 1438 sine
993 1382 1100 1437 ulla
1133 1381 1463 1437 dubitatione
1508 1393 1630 1434 cre-

105 1479 251 1535 denda
272 1487 372 1533 sunt
407 1477 663 1541 testibus,
692 1491 721 1529 a
746 1474 941 1546 quibus
966 1488 1027 1529 ea
1056 1488 1177 1544 quae
1228 1471 1408 1527 divina
1451 1469 1631 1526 vocari

100 1573 190 1643 jam
212 1570 389 1637 meruit,
419 1568 704 1638 Scriptura
724 1565 972 1622 confecta
999 1573 1083 1620 est
1112 1582 1125 1618 :
1154 1564 1246 1635 qui
1291 1577 1355 1618 ea
1380 1563 1494 1618 sive
1536 1575 1632 1632 per

99 1676 278 1733 corpus,
301 1661 403 1716 sive
426 1674 525 1731 per
545 1658 807 1722 animum,
838 1656 1095 1712 divinitus
1124 1653 1311 1723 adjuti,
1350 1653 1439 1710 vel
1485 1651 1634 1707 vide-

98 1769 160 1820 re,
175 1752 245 1808 vel
268 1753 412 1808 etiam
442 1750 749 1821 praevidere
770 1756 1084 1819 potuerunt.

153 1843 345 1901 CAPUT
370 1844 519 1899 V.—
556 1841 841 1913 Responsio
871 1840 941 1894 ad
973 1856 1025 1908 q.
1056 1838 1090 1893 ’5
1127 1846 1174 1890 et
1212 1836 1279 1889 ad
1315 1853 1365 1907 q.
1413 1836 1468 1892 4.
1503 1834 1637 1890 Cum

101 1945 241 1993 autem
255 1936 393 1993 initio
415 1936 540 1992 ﬁdei
565 1951 685 2005 quae
712 1950 811 2005 per
838 1931 1186 1988 dilectionem
1214 1937 1487 2000 operatur,
1530 1927 1634 1981 im-

104 2029 202 2084 buta
223 2043 361 2084 mens
383 2027 565 2093 fuerit,
600 2025 767 2082 tendit
796 2025 935 2080 bene
960 2021 1190 2077 vivendo
1218 2020 1379 2077 etiam
1404 2019 1472 2073 ad
1515 2033 1639 2088 spe-

106 2122 212 2177 ciem
231 2121 515 2194 pervenire,
549 2120 641 2174 ubi
671 2126 754 2174 est
778 2116 977 2171 sanctis
1005 2124 1062 2171 et
1105 2112 1356 2184 perfectis
1390 2109 1640 2165 cordibus

107 2222 205 2270 nota
233 2213 496 2270 inelfabilis
541 2209 909 2283 pulchritudo,
961 2207 1114 2277 cujus
1163 2205 1323 2276 plena
1375 2203 1512 2258 visio
1560 2210 1643 2258 est

111 2320 273 2360 summa
295 2304 527 2360 felicitas.
564 2302 681 2358 iioc
726 2309 810 2357 est
859 2299 1111 2354 nimirum
1167 2295 1311 2367 quod
1359 2294 1592 2366 requiris
1626 2333 1641 2359 ,

113 2398 203 2465 quid
223 2398 435 2466 primum,
462 2395 591 2468 quid
634 2395 871 2450 ultimum
913 2400 1140 2447 teneatur
1162 2406 1182 2447 :
1212 2389 1455 2445 inchoari
1506 2387 1642 2453 ﬁde,

114 2489 255 2558 perﬁci
267 2490 446 2559 specie.
479 2489 614 2544 Haec
638 2488 801 2544 etiam
832 2487 995 2542 totius
1017 2484 1346 2540 deﬁnitionis
1372 2490 1456 2538 est
1494 2497 1644 2537 sum-

121 2596 201 2634 ma.
224 2582 410 2638 Certum
432 2597 569 2637 vero
594 2580 977 2652 proprititnque
993 2576 1117 2633 ﬁdei
1147 2575 1428 2632 catholicae
1456 2573 1648 2629 tunda-

125 2682 305 2727 mentum
321 2673 565 2729 Christus
592 2680 678 2728 est
711 2689 724 2725 :
758 2670 1174 2725 Fundamentum
1214 2668 1349 2723 enim
1384 2667 1549 2731 aliud,
1575 2666 1651 2721 ait

133 2763 363 2835 Apostolus,
394 2781 545 2820 nemo
574 2772 740 2837 potest
760 2778 963 2835 ponere,
995 2768 1178 2833 praeter
1204 2759 1260 2813 id
1278 2758 1414 2830 quod
1433 2759 1653 2831 positum

132 2862 199 2915 est,
216 2856 316 2923 quod
333 2866 401 2913 est
420 2856 662 2911 Christus
681 2854 714 2909 J
721 2871 832 2909 esus
866 2853 921 2924 (Ι
946 2852 1063 2908 Cor.
1084 2868 1164 2919 ιιι,
1195 2852 1307 2923 ll).
1336 2852 1520 2922 Neque
1543 2851 1651 2907 hoc

127 2944 214 3002 ideo
234 2949 511 3020 negandum
537 2957 623 3005 est
641 2948 916 3019 proprium
942 2946 1348 3003 fundamentum
1377 2963 1499 3003 esse
1523 2946 1651 3003 ﬁdei

124 3039 363 3107 catholicas,
388 3044 521 3114 quia
547 3042 723 3114 putari
754 3049 933 3112 potest
960 3040 1229 3112 aliquibus
1257 3040 1527 3097 haereticis
1551 3040 1655 3098 hoc

122 3128 343 3187 nobiscum
367 3149 491 3191 esse
521 3149 828 3190 commune.
854 3133 909 3189 Si
943 3133 1087 3188 enim
1127 3132 1412 3204 diligenter
1432 3149 1555 3205 quae
1588 3133 1657 3189 ad

121 3218 336 3279 Christum
362 3227 637 3297 pertinent
657 3225 981 3297 cogitentur,
1010 3224 1227 3280 nomine
1255 3232 1412 3280 tenus
1446 3225 1657 3281 inveni-

121 3319 187 3367 tur
202 3314 415 3374 Christus
440 3318 588 3390 apud
618 3316 885 3388 quoslibet
912 3314 1194 3372 haereticos
1213 3357 1229 3383 ,
1282 3316 1375 3387 qui
1414 3331 1473 3371 se
1515 3316 1659 3371 chri-

120 3404 280 3461 stianos
298 3410 473 3465 vocari
504 3407 710 3474 volunt;
739 3423 800 3463 re
820 3406 936 3478 ipsa
955 3421 1085 3463 vero
1113 3422 1221 3463 non
1247 3416 1331 3462 est
1364 3407 1503 3477 apud
1538 3423 1654 3464 eos.

122 3492 239 3563 Quod
254 3501 528 3557 ostendere
558 3500 720 3555 nimis
748 3499 968 3570 longum
995 3508 1112 3565 est;
1144 3498 1397 3569 quoniam
1426 3514 1661 3556 comme-

120 3591 344 3646 morandae
361 3600 490 3649 sunt
509 3606 698 3648 omnes
729 3591 984 3656 haereses,
1009 3590 1124 3646 sive
1148 3606 1268 3661 quae
1296 3590 1526 3655 luerunt,
1548 3592 1662 3647 sive

123 3692 215 3745 quae
253 3692 383 3751 sunt,
410 3685 529 3741 sive
572 3698 692 3754 quae
726 3681 1051 3753 potuerunt'
1085 3696 1206 3738 esse
1257 3682 1357 3738 sub
1402 3683 1662 3740 vocabulo

121 3768 383 3845 christiano,
405 3785 463 3834 et
488 3791 649 3848 quam
679 3776 751 3832 sit
778 3775 881 3832 hoc
904 3790 1093 3832 verum
1110 3791 1206 3848 per
1233 3776 1469 3848 singulas
1498 3792 1660 3848 quas-

123 3875 204 3930 que
248 3867 667 3925 monstrandum.
709 3867 840 3936 Quae
882 3867 1174 3937 disputatio
1219 3875 1327 3921 tam
1374 3868 1662 3924 multorum

125 3962 189 4005 est
205 3956 532 4027 voluminum,
560 3958 800 4014 utetiam
826 3957 1033 4012 inﬁnita
1065 3958 1329 4014 videatur.

177 4044 374 4106 CAPUT
413 4051 506 4107 Vl.
542 4082 618 4093 —
663 4050 811 4117 Quod
855 4049 989 4104 mole
1030 4049 1267 4121 exiguum
1304 4052 1459 4122 possit
1509 4068 1665 4107 manu

127 4140 345 4197 contineri.
367 4142 450 4198 Tu
488 4152 669 4199 autem
724 4142 1065 4197 Enchiridion
1108 4157 1136 4196 a
1182 4143 1337 4199 nobis
1381 4144 1618 4213 postulas
1646 4185 1663 4211 ,

127 4228 169 4284 id
202 4245 303 4303 est,
325 4237 458 4309 quod
494 4253 653 4291 manu
676 4236 835 4307 possit
862 4234 1136 4307 astringi",
1165 4252 1267 4290 non
1318 4236 1455 4306 quod
1496 4253 1667 4291 arma-

128 4320 188 4373 ria
226 4327 363 4393 possit
409 4342 640 4381 onerare.
681 4325 753 4381 Ut
795 4325 956 4397 igitur
980 4325 1048 4380 ad
1074 4325 1163 4380 illa
1185 4325 1285 4381 tria
1333 4325 1617 4381 redeamus
1644 4367 1660 4396 ,

127 4428 201 4481 Per
223 4433 325 4488 quae
347 4421 577 4477 diximus
603 4418 890 4477 colendum
917 4418 1105 4487 Deum,
1137 4418 1320 4487 ﬁdem,
1341 4433 1514 4489 spem,
1531 4418 1663 4475 cha-

129 4506 325 4578 ritatem;
349 4513 506 4572 facile
530 4522 616 4569 est
638 4522 697 4568 ut
722 4511 930 4568 dicatur
974 4511 1101 4582 quid
1145 4512 1471 4568 credendum
1491 4553 1507 4581 ,
1536 4510 1662 4584 quid

129 4605 427 4673 sperandum,
455 4605 585 4677 quid
624 4604 913 4662 amandum
936 4604 1042 4660 sit:
1070 4604 1168 4660 sed
1213 4604 1665 4675 quemadmodum

131 4688 341 4755 adversus
367 4713 551 4756 eorum
578 4698 666 4770 qui
698 4698 912 4755 diversa
949 4696 1184 4753 sentiunt
1233 4697 1527 4755 calumnias
1569 4698 1669 4754 de-

135 4865 225 4941 ﬁgis,
240 4884 323 4941 non
546 4873 1054 4941 Meliusmlbertinus,
1074 4873 1128 4935 in
1140 4875 1399 4937 rationem,
1423 4889 1535 4927 eum
1550 4874 1674 4941 ﬁdes

134 4932 183 5002 fit
195 4932 292 4994 tota,
307 4948 396 5002 non
415 4936 590 4989 veniat.
605 4939 703 5002 _Cquig
717 4937 916 4988 lectioni
936 4932 1104 5002 favent
1125 4940 1319 5002 Regius,
1342 4932 1668 5002 Carnutehsis,

134 4996 483 5070 Eglmneticensis
501 5008 554 5049 et
575 4998 654 5049 alii
665 5000 787 5070 .dqu
803 5006 909 5049 Mss.
936 4996 1216 5070 ha_l_)entes,w
1229 4998 1282 5049 in
1306 4996 1525 5063 ratione,
1564 4996 1676 5053 cum

165 5052 302 5132 £1.98.“
317 5060 430 5132 ξοιαν
447 5074 549 5132 ιιοη
569 5059 1161 5132 ηεηίαειβοιιξρςξηάίροείε
1184 5052 1304 5132 item
1329 5076 1438 5131 ρηο»
1465 5052 1561 5132 min
1593 5052 1673 5132 υςέ

135 5120 214 5183 {Ml
232 5130 246 5179 ;
265 5120 425 5183 habet,
439 5121 663 5173 inveniat.
700 5121 832 5173 Alter
852 5120 1157 5183 Cblbertinus
1172 5130 1224 5172 et
1244 5120 1676 5177 unus‘e'vaticanis

136 5172 296 5254 (sua.
330 5183 376 5234 εη
398 5172 601 5254 eam
618 5197 749 5254 μανι
764 5172 978 5254 Mess:
999 5182 1128 5254 ροια.
1146 5172 1406 5254 ροηυεηίαι,
1444 5172 1676 5254 tardas

138 5243 327 5311 Agnitus
356 5243 715 5311 restituendum
749 5243 968 5311 censuit,
989 5245 1043 5297 in
1078 5244 1287 5311 ratione,
1312 5260 1422 5296 cum
1444 5246 1567 5311 ﬁdes
1584 5284 1598 5309 ,
1632 5262 1675 5300 st

352 5321 446 5359 non
475 5308 740 5378 conveniat.
776 5304 1007 5378 audacior
1044 5310 1204 5378 Lamb.
1246 5304 1454 5358 Danaeus'
1479 5304 1675 5378 absque

138 5370 378 5433 ?uct_0rilate
409 5371 629 5424 restituit
661 5370 713 5420 in
732 5368 918 5421 ratione
935 5383 1046 5420 cum
1061 5367 1161 5434 ﬁde
1181 5382 1276 5420 non
1297 5370 1574 5433 conveniat;
1592 5367 1675 5423 i'e-

137 5431 250 5483 tecus
264 5432 443 5483 verbis.
477 5433 542 5483 sit
564 5404 685 5483 εοᾶι.

264 5442 443 5494 verbis,
477 5442 542 5483 su
564 5442 685 5483 sata.

189 5486 203 5557 ξ
230 5497 314 5540 Am.
334 5499 406 5545 Er.
426 5486 479 5544 et
495 5500 634 5555 Dan.,
656 5493 761 5545 sola
781 5492 1044 5557 religione;
1067 5495 1271 5557 omisso,
1294 5494 1363 5547 in.

187 5547 206 5629 ξ
232 5559 409 5629 impr.
433 5563 549 5629 Dan.
572 5547 632 5629 (ξι
657 5547 1151 5629 quatuor
1172 5547 1261 5629 veli

140 5609 431 5730 Dan.
455 5626 509 5670 et
552 5609 783 5681 plerique
827 5626 931 5668 MSS.
964 5609 1021 5668 Αἰ
1053 5609 1157 5666 λιιι.
1199 5624 1271 5667 Er.
1313 5624 1424 5667 Lov.
1450 5627 1502 5668 et
1542 5629 1672 5683 arm,

188 5684 346 5816 ῗέῗιῗῖἱν
759 5741 905 5816 possm
925 5741 1143 5816 αξινίηςί-
1168 5741 1678 5816 enus-.mme

512 5812 567 5855 Et
591 5818 670 5877 ex_
689 5804 769 5875 bis
786 5806 952 5867 plures
968 5804 1095 5864 loco,
1115 5804 1344 5867 astringi,
1373 5804 1577 5867 habent,
1605 5812 1675 5857 te-

141 5866 249 5923 neri;
270 5871 315 5915 et
332 5866 543 5930 quidam,
561 5866 767 5932 portari.

265 5948 476 6015 Sacr.
508 5953 789 6013 AUGUST.
834 5952 937 6013 VI.

3205 420 3316 478 234

1730 535 1997 602 tendatur,
2026 533 2351 605 operosioris
2387 533 2755 605 uberiorisque
2782 533 3040 590 doctrinae
3066 543 3170 603 est;
3192 553 3312 607 quae

1729 637 1788 684 ut
1815 629 2095 696 habeatur,
2117 643 2227 685 non
2252 628 2402 685 brevi
2431 626 2729 685 encbiridio
2756 643 2945 684 manus
2991 627 3149 685 debet
3196 629 3299 685 im-

1728 720 1886 792 pleri,
1918 721 2012 777 sed
2033 720 2220 792 grandi
2246 720 2421 777 studio
2447 729 2634 793 pectus
2662 719 2903 775 accendi.

1800 812 2026 869 CAPUT
2040 813 2152 869 VII.
2171 812 2308 868 —2.
2327 813 2623 884 Symbolum
2644 821 2692 867 et
2714 813 2874 867 oratio
2896 810 3149 867 dominica
3177 829 3317 867 com-

1732 907 2017 978 plectuntur
2040 905 2213 976 ﬁdem,
2231 922 2372 977 spem
2401 913 2447 960 et
2467 905 2785 959 charitatem.
2817 904 2949 959 Nam
2991 918 3118 959 ecce
3158 903 3256 958 tibi
3290 905 3308 935 ι
3365 934 3373 981 ἐ

1731 1007 1815 1053 est
1839 996 2150 1070 Symbolum
2173 1005 2229 1053 et
2251 997 2516 1053 dominica
2540 997 2733 1062 oratio;
2763 995 2889 1067 quid
2910 996 3126 1054 brevius
3163 995 3317 1050 audi-

1732 1096 1822 1144 tur
1851 1098 1942 1144 aut
1968 1089 2197 1160 legitur?
2221 1089 2348 1159 quid
2395 1087 2601 1143 facilius
2653 1088 2927 1144 memoria:
2971 1087 3320 1143 commenda-

1736 1180 1861 1236 tur?
1891 1180 2024 1249 Quia
2044 1179 2186 1235 enim
2210 1179 2278 1235 de
2321 1188 2563 1249 peccato,
2594 1180 2744 1248 gravi
2772 1178 2988 1234 miseria
3041 1179 3321 1248 premeba-

1735 1281 1822 1328 tur
1847 1286 2017 1343 genus
2030 1273 2340 1336 humanum,
2361 1280 2413 1327 et
2432 1270 2609 1325 divina
2632 1269 2904 1341 indigebat
2927 1270 3317 1339 misericordia,

1734 1364 1920 1435 gratiae
1951 1363 2046 1419 Dei
2090 1371 2298 1434 tempus
2334 1362 2596 1433 propheta
2648 1361 2945 1433 praedicens
2971 1360 3065 1427 ait,
3096 1361 3162 1416 Et
3184 1362 3276 1435 erit
3303 1378 3324 1428 ,-

1736 1456 1900 1510 omnis
1922 1456 2007 1527 qui
2036 1456 2338 1510 invocaverit
2363 1470 2544 1509 nomen
2570 1452 2810 1519 Domini,
2840 1453 3009 1508 salvus
3036 1454 3130 1507 erit
3166 1451 3319 1524 (laet

1737 1565 1796 1616 ιι,
1826 1547 1918 1621 '52)
1953 1565 1968 1605 :
1998 1558 2214 1620 propter
2238 1548 2342 1604 hoc
2368 1547 2600 1603 oratio’.
2625 1546 2733 1603 Sed
2756 1546 3043 1617 Apostolus
3095 1560 3217 1601 cum
3254 1544 3325 1601 ad

1739 1641 1911 1713 ipsam
1959 1642 2183 1712 gratiam
2234 1638 2713 1696 commendandam
2796 1638 2897 1693 hoc
2952 1637 3327 1708 propheticum

1741 1742 2217 1790 commemorasset
2272 1732 2637 1788 testimonium
2671 1773 2687 1799 ,
2767 1730 3022 1785 continuo
3066 1729 3325 1800 subjecit,

1745 1826 2012 1894 Quomodo
2033 1836 2202 1881 autem
2226 1824 2548 1888 invocabant,
2599 1824 2654 1877 in
2696 1839 2844 1893 quem
2867 1839 2965 1877 non
3011 1822 3331 1877 crediderunt

1747 1920 1936 1994 (Rom.
1971 1938 2029 1989 χ,
2061 1920 2188 1991 id)?
2216 1928 2435 1989 propter
2464 1918 2569 1973 hoc
2596 1915 2931 1987 Symbolum.
2962 1916 3021 1971 In
3072 1915 3156 1971 his
3198 1915 3333 1971 duo-

1743 2015 1846 2071 bus
1876 2015 1977 2071 tria
2009 2014 2098 2068 illa
2129 2013 2340 2067 intuere
2369 2028 2382 2064 :
2408 2010 2540 2066 ﬁdes
2590 2008 2780 2077 credit,
2814 2024 2938 2079 spes
2991 2016 3048 2063 et
3101 2007 3334 2064 charitas

1745 2116 1922 2165 orant.
1950 2106 2057 2162 Sed
2079 2108 2195 2160 sine
2223 2104 2328 2160 ﬁde
2353 2119 2474 2160 esse
2504 2117 2610 2157 non
2637 2110 2895 2173 possunt;
2926 2116 2989 2158 ac
3017 2116 3114 2171 per
3156 2099 3261 2156 hoc
3281 2108 3336 2155 et

1748 2201 1880 2257 ﬁdes
1900 2208 2040 2255 orat.
2069 2200 2363 2270 Propterea
2384 2197 2579 2268 quippe
2599 2196 2796 2251 dictum
2824 2202 2928 2264 est,
2964 2193 3227 2262 Quomodo
3252 2194 3336 2248 in-

1748 2291 2013 2357 vocabunt,
2037 2291 2090 2343 in
2118 2306 2265 2359 quem
2291 2304 2391 2342 non
2412 2286 2768 2341 crediderunt?

1820 2382 2051 2439 CAPUT
2088 2380 2223 2436 Vl‘ll.
2250 2410 2320 2421 —
2360 2378 2621 2435 Gener-alis
2666 2377 2936 2449 explicatio
2990 2377 3130 2446 ﬁdei,
3155 2377 3261 2447 spei
3289 2386 3340 2433 et

1752 2476 2033 2545 charitatis,
2060 2482 2107 2530 et
2130 2491 2302 2529 earum
2324 2490 2502 2529 nexus.
2533 2472 2673 2542 Quid
2708 2480 2889 2528 autem
2918 2454 3130 2541 sperari
3161 2477 3340 2541 potest

1752 2568 1895 2641 quod
1920 2584 2028 2626 non
2071 2569 2349 2625 creditur?
2379 2569 2546 2623 Porro
2584 2567 2785 2637 aliquid
2830 2567 2992 2622 etiam
3038 2566 3180 2637 quod
3227 2581 3337 2622 non

1755 2673 2019 2735 speratur,
2048 2663 2193 2718 credi
2222 2670 2420 2732 potest.
2450 2660 2579 2727 Quis
2606 2673 2839 2729 namque
2886 2658 3121 2714 ﬁdelium
3152 2673 3340 2728 poenas

1756 2770 1864 2811 non
1889 2754 2060 2810 credit
2086 2752 2403 2823 impiorum?
2434 2766 2532 2806 nec
2561 2758 2742 2820 sperat
2771 2758 2972 2815 tamen,
3005 2758 3061 2805 et
3102 2750 3342 2820 quisquis

1757 2862 1850 2903 eas
1869 2846 2149 2903 imminere
2177 2846 2280 2901 sibi
2296 2844 2468 2902 credit
2490 2858 2554 2899 ac
2578 2842 2753 2913 fugaci
2772 2850 2921 2897 motu
2950 2841 3116 2896 animi
3144 2842 3339 2897 exhor-

1758 2948 1861 3007 ret,
1889 2939 2091 2995 rectius
2118 2938 2309 2993 timere
2331 2935 2529 2992 dicitur
2565 2949 2725 3005 quam
2775 2948 3013 3005 sperare.
3055 2933 3185 3001 Quae
3238 2933 3345 2990 duo

1760 3031 1975 3104 quidam
2005 3030 2338 3101 distinguens
2354 3029 2375 3060 ³
2408 3028 2516 3082 ait:

2252 3143 2411 3194 liceat
2428 3152 2633 3194 onerare
2652 3141 2862 3191 timenti.

2488 3212 2721 3263 Lucanis,
2746 3199 2965 3252 Pharsat.
2992 3201 3075 3253 lib.
3100 3201 3146 3264 2,
3174 3215 3217 3253 υ.
3246 3203 3348 3266 l5.)

1764 3311 1880 3367 Non
1910 3318 2087 3367 autem
2106 3309 2174 3366 ab
2187 3309 2294 3365 alio
2318 3317 2497 3381 poeta,
2538 3307 2789 3380 quamvis
2825 3308 3049 3365 meliore
3073 3349 3089 3376 ,
3136 3309 3349 3379 proprie

1764 3404 1965 3459 dictum
1995 3411 2114 3459 est:

1857 3527 1991 3569 Hunc
2015 3529 2110 3581 ego
2129 3518 2173 3569 si
2195 3515 2337 3581 potui
2561 3525 2764 3581 sperare
2786 3513 3022 3581 dolorem.

2315 3576 2545 3642 μίτρα..
2778 3574 2858 3627 lib.
2882 3577 2932 3639 4,
2954 3589 2999 3627 υ.
3018 3576 3151 3641 419.)

1765 3684 2007 3754 Denique
2027 3682 2270 3739 nonnulli
2321 3682 2375 3737 in
2432 3690 2548 3736 arte
2592 3681 2939 3752 grammatica
2984 3681 3134 3738 verbi
3186 3681 3345 3753 hujus

1767 3785 1989 3833 utuntur
2015 3776 2263 3848 exemplo
2290 3774 2358 3830 ad
2385 3774 2770 3831 ostendendam
2788 3776 3134 3847 impropriam
3162 3776 3357 3831 dictio-

1768 3886 1913 3936 nem,
1942 3880 1995 3925 et
2020 3870 2188 3937 aiunt,
2212 3869 2435 3939 Sperate
2458 3867 2592 3923 dixit
2649 3883 2747 3938 pro
2791 3868 2999 3924 timere.
3043 3868 3142 3924 Est
3176 3870 3357 3940 itaque

1768 3963 1901 4018 ﬁdes
1928 3971 1983 4018 et
2002 3963 2260 4017 malarum
2291 3976 2494 4029 rerum,
2523 3970 2577 4016 et
2602 3961 2865 4017 bonarum
2899 3980 2913 4017 :
2944 3961 3067 4033 quia
3108 3970 3164 4017 et
3215 3961 3357 4019 bona

1770 4054 2080 4121 creduntur,
2108 4063 2162 4108 et
2182 4053 2344 4120 mala;
2368 4060 2422 4109 et
2447 4052 2552 4108 hoc
2581 4052 2685 4108 ﬁde
2701 4052 2864 4120 bona,
2898 4068 3003 4108 non
3051 4054 3212 4109 mala.
3259 4055 3357 4110 Est

1772 4149 1931 4206 etiam
1962 4146 2094 4202 ﬁdes
2118 4156 2173 4201 et
2212 4146 2598 4216 praeteritarum
2627 4160 2804 4199 rerum
2834 4180 2852 4211 ,
2884 4152 2939 4199 et
2968 4146 3310 4214 praesentium
3337 4190 3353 4215 ,

1773 4250 1829 4298 et
1861 4240 2178 4295 futurarum.
2220 4236 2503 4293 Credimus
2551 4237 2694 4291 enim
2743 4235 3017 4292 Christum
3044 4245 3353 4305 mortuum;

1772 4332 1915 4406 quod
1939 4332 2048 4403 jam
2101 4328 2395 4402 praeteriit;
2434 4327 2705 4384 credimus
2742 4327 2933 4384 sedere
2972 4328 3040 4383 ad
3079 4327 3357 4384 dexteram

1774 4424 2139 4496 Patris;quod
2166 4439 2303 4478 nunc
2323 4431 2406 4478 est
2430 4438 2443 4475 :
2469 4421 2737 4477 credimus
2789 4428 3070 4476 venturum
3109 4420 3176 4475 ad
3208 4420 3359 4490 judi-

1775 4515 2069 4583 candum‘;
2102 4514 2242 4586 quod
2264 4517 2493 4570 futurum
2519 4520 2617 4569 est.
2642 4511 2775 4569 Item
2801 4511 2933 4567 ﬁdes
2951 4522 3005 4567 et
3031 4526 3247 4566 suarum
3275 4528 3363 4568 re-

1776 4629 1895 4670 rum
1923 4621 2025 4679 est,
2056 4620 2108 4667 et
2124 4610 2440 4665 alienarum.
2466 4606 2599 4663 Nam
2625 4614 2681 4661 et
2704 4620 2763 4661 se
2801 4606 3025 4675 quisque
3049 4603 3220 4659 credit
3263 4604 3364 4661 ali-

1778 4704 1990 4777 quando
2019 4717 2139 4759 esse
2159 4701 2408 4772 ccepisse,
2441 4713 2540 4754 nec
2558 4697 2720 4752 fuisse
2740 4696 2920 4765 utique
2945 4695 3360 4764 sempiternum;

1778 4808 1833 4854 et
1860 4799 2012 4865 alios,
2041 4805 2199 4866 atque
2220 4796 2323 4849 alia
2349 4795 2371 4825 ⁸
2397 4812 2411 4848 :
2443 4807 2542 4848 nec
2564 4791 2734 4846 solum
2779 4789 2845 4845 de
2894 4789 3013 4845 aliis
3057 4789 3364 4849 hominibus

1778 4890 1966 4956 multa,
1994 4903 2115 4959 quae
2143 4885 2208 4940 ad
2237 4884 2549 4955 religionem
2602 4881 2873 4953 pertinent
2895 4881 2938 4950 ⁸,
2970 4897 3157 4938 verum
3197 4884 3359 4940 etiam

1844 5069 1859 5131 ξ
1897 5064 2083 5131 Amet
2106 5070 2236 5131 μειερ
2257 5068 2381 5131 .Nam
2395 5070 2507 5131 cce
2644 5058 2860 5131 quidam.
2885 5067 3005 5131 ιεἀςη
3021 5072 3131 5111 εσσε
3147 5065 3193 5131 εει

1843 5128 1864 5159 ³
1897 5118 2047 5186 Ediii,
2088 5118 2329 5173 dominica
2364 5119 2534 5172 oratio.
2570 5118 2747 5184 Abest,
2784 5118 3041 5183 dominica,
3065 5135 3094 5173 a
3116 5121 3401 5188 plerisque,

1779 5194 1950 5298 Μεὲἰυ
1974 5248 2429 5311 εχοιιδίελιιιοωιιιδ
2463 5244 2784 5311 distinguens.
2812 5253 2909 5295 Non
2925 5248 3198 5311 nominatur
3221 5256 3371 5297 Luca-
3396 5195 3401 5225 ἱ

1780 5324 1870 5362 nus
1890 5312 2069 5372 iniuss.
2084 5345 2099 5370 ,
2118 5306 2209 5358 sed
2233 5310 2340 5372 ejus
2364 5309 2568 5372 nominis
2585 5306 2695 5372 loco
2708 5308 2935 5372 habetur,

1844 5373 1867 5405 δ
1900 5371 2038 5433 Editi,
2067 5368 2193 5434 post,
2217 5368 2467 5421 venturum
2487 5369 2554 5419 ad
2578 5368 2927 5432 judicandum,
2940 5368 3149 5430 addunt,
3168 5368 3296 5419 vivos
3320 5373 3366 5417 et

1781 5439 2037 5555 "4,24%,
2054 5502 2101 5546 et
2134 5493 2392 5558 aliamque
2410 5493 2527 5558 alia.
2557 5500 2609 5542 Αι
2630 5500 2761 5553 Mss.,
2784 5499 2830 5544 et
2873 5492 2992 5542 alios
3014 5490 3253 5558 (supple,
3278 5490 3367 5538 ho-
3418 5452 3428 5474 ἲ

1782 5553 2167 5670 miumqu
2206 5553 2348 5618 alia]
2372 5555 2559 5605 scilicet
2581 5568 2749 5603 rerum
2771 5565 2959 5616 genera
2983 5564 3095 5602 esse
3126 5553 3335 5613 cepisse
3351 5588 3366 5613 ,

1783 5633 1878 5670 nec
2016 5633 2047 5669 e
2068 5617 2419 5670 sempiterna).

1783 5633 1878 5673 nec
1898 5617 2047 5670 fuisse
2068 5617 2419 5687 sempiterna).
3034 5675 3044 5684 υ

1783 5746 1797 5749 _
1848 5684 1869 5716 ⁸
1900 5682 2029 5749 istud
2048 5719 2062 5742 ,
2089 5680 2283 5749 quwad
2301 5677 2580 5749 religionem
2598 5677 2861 5749 pertinent,
2881 5680 3127 5749 reperitur
3144 5674 3371 5749 inomni-

1783 5746 1880 5796 bus
1897 5744 2033 5794 libris
2049 5734 2244 5796 scriptis
2268 5747 2319 5789 et
2356 5734 2577 5789 eicusis.
2593 5734 2969 5796 Clossemar'esse
2991 5734 3185 5785 volebat
3206 5738 3369 5785 Lamb.

1786 5795 1991 5857 Danaeus
2006 5842 2019 5866 ,
2046 5806 2127 5868 qui
2150 5795 2286 5868 hunc
2306 5809 2357 5851 et
2370 5800 2488 5868 alios
2508 5798 2818 5860 quamplures
2839 5795 2969 5847 locos
2993 5799 3151 5847 animo
3174 5804 3373 5847 vexavit

1788 5869 1985 5918 minime
2001 5862 2142 5927 inquo
2167 5872 2218 5914 et
2241 5862 2445 5912 liberali.

2693 5944 2897 6022 (Huit
2923 5946 2957 6023 λ
