3882 6286
538 346 645 405 235

540 461 609 515 de
625 454 825 527 angelis
852 451 1138 511 credimus.
1169 453 1301 523 Spes
1340 460 1516 507 autem
1559 466 1667 505 non
1710 448 1810 505 nisi
1854 449 2115 503 bonarum

540 565 721 607 rerum
748 555 848 612 est,
882 561 979 602 nec
1005 546 1107 601 nisi
1127 544 1445 609 futurarum,
1492 552 1546 600 et
1573 540 1639 598 ad
1673 558 1793 597 eum
1849 540 2120 611 pertinen-

540 646 675 701 tium
698 643 788 716 qui
813 655 995 696 earum
1016 654 1167 711 spem
1192 653 1380 710 gerere
1408 636 1732 707 perhibetur.
1761 634 1889 702 Quae
1907 648 2027 688 cum
2046 631 2117 687 ita

502 739 671 807 .jsint,
696 742 910 807 propter
932 732 1029 788 has
1061 745 1248 787 causas
1302 726 1670 799 distinguenda
1717 726 1819 781 erit
1872 722 2003 779 ﬁdes
2050 720 2118 777 ab

522 793 709 899 ispei;
745 793 884 882 sicut
928 822 1223 888 vocabulo,
1263 821 1335 875 ita
1372 830 1427 875 et
1468 793 1763 874 rationabili
1794 812 2113 871 diﬁ‘erentia.

538 919 673 976 Nam
703 915 843 988 quod
871 916 1058 971 attinet
1080 913 1145 968 ad
1174 928 1278 968 non
1303 912 1505 976 videre,
1534 911 1645 966 sive
1661 926 1779 981 qua:
1807 907 2114 975 creduntur,

523 997 659 1067 sive
678 1024 797 1081 qua:
823 1014 1122 1080 sperantur,
1150 1003 1271 1060 ﬁdei
1314 1004 1535 1075 speique
1581 1017 1863 1058 commune
1911 1008 2013 1056 est.
2057 997 2117 1055 In

537 1103 775 1177 Epistola
795 1101 989 1173 quippe
1014 1097 1081 1153 ad
1108 1097 1364 1153 Hebraeos
1383 1138 1399 1163 ,
1431 1112 1532 1167 qua
1563 1104 1697 1150 teste
1730 1095 1811 1149 usi
1833 1101 1957 1147 sunt
2000 1088 2121 1148 illit-

540 1204 681 1252 stres
709 1192 982 1250 catholicae
1009 1188 1223 1259 Regula:
1244 1184 1265 1219 ²
1292 1184 1626 1252 defensores,
1660 1183 1790 1243 ﬁdes
1831 1199 1950 1239 esse
1980 1183 2119 1237 dicta

541 1295 627 1344 est
650 1282 905 1343 Convictio
933 1297 1100 1336 rerum
1128 1294 1242 1350 qua:
1260 1296 1361 1333 non
1403 1278 1633 1332 videntur
1670 1275 1688 1347 (
1709 1272 1866 1331 Hebr.
1912 1291 1985 1341 XI,
2028 1275 2050 1328 1
2078 1271 2118 1344 ).

539 1376 791 1448 Quamvis
808 1373 1018 1446 quando
1046 1388 1104 1427 se
1127 1373 1349 1442 quisque
1378 1387 1482 1425 non
1502 1370 1701 1437 verbis,
1738 1386 1841 1425 non
1871 1364 2119 1435 testibus,

538 1488 646 1528 non
672 1464 904 1537 denique
927 1465 1051 1521 ullis
1070 1463 1415 1534 argumentis,
1449 1462 1542 1516 sed
1574 1460 1917 1531 praesentium
1940 1470 2122 1513 rerum

541 1560 820 1621 evidentiae
840 1556 1151 1621 credidisse,
1181 1553 1283 1608 hoc
1310 1560 1393 1607 est
1420 1595 1435 1620 ,
1475 1548 1638 1606 ﬁdem
1684 1546 2125 1606 accommodasse

537 1658 685 1723 dicit,
713 1668 820 1710 non
846 1652 919 1707 ita
945 1649 1154 1704 videtur
1180 1646 1445 1702 absurdus
1464 1644 1505 1746 δῖ
1533 1654 1747 1699 ntrecte
1768 1636 2118 1746 reprehenda-

538 1757 628 1804 tur
650 1746 704 1801 in
735 1743 924 1807 verbo,
954 1741 1107 1809 eique
1127 1735 1357 1803 dicatur,
1388 1730 1600 1800 Vidisti;
1633 1750 1761 1805 ergo
1789 1750 1895 1788 non
1920 1740 1924 1744 ‘
1950 1726 2123 1787 credi-

538 1838 663 1895 disti
697 1853 708 1889 :
734 1831 871 1888 unde
897 1828 1069 1902 putari
1100 1836 1274 1899 potest
1296 1841 1402 1880 non
1423 1840 1541 1880 esse
1570 1838 1905 1895 consequens
1932 1825 2116 1878 utnon

539 1927 779 1983 videatur
804 1936 892 1977 res
912 1930 1257 1990 quaecumque
1306 1916 1560 1971 creditur.
1607 1912 1711 1970 Sed
1760 1914 1949 1969 melius
1987 1911 2125 1968 hanc

540 2018 873 2089 appellamtts
900 2011 1078 2078 ﬁdem,
1109 2026 1267 2081 quam
1298 2008 1479 2063 divina
1528 2004 1739 2079 eloquia
1792 2004 2121 2074 docuerunt,

539 2124 723 2167 earum
749 2102 951 2162 scilicet
979 2118 1157 2159 rerum
1178 2117 1297 2172 quae
1325 2117 1427 2155 non
1456 2100 1718 2155 videntur.
1762 2100 1836 2154 De
1862 2114 1958 2169 spe
1987 2113 2122 2169 quo-

540 2216 646 2270 que
675 2200 749 2253 ait
785 2194 1112 2265 Apostolus:
1143 2192 1274 2264 Spes
1313 2204 1424 2263 quo:
1449 2190 1661 2257 videtur,
1706 2208 1807 2245 non
1854 2200 1923 2245 est
1967 2206 2078 2261 spes
2104 2202 2125 2245 :

539 2290 674 2363 quod
694 2290 826 2344 enim
854 2287 983 2339 videt
1011 2286 1139 2357 quis,
1175 2281 1297 2352 quid
1316 2282 1525 2353 sperat?
1553 2281 1613 2337 Si
1642 2291 1808 2336 autent
1847 2280 1982 2351 quod
2022 2293 2125 2334 non

543 2381 764 2435 videmus
791 2392 1072 2449 speramus,
1106 2392 1193 2446 per
1240 2372 1529 2444 patientiam
1555 2380 1904 2441 exspectamus
1929 2370 1948 2443 (
1972 2366 2120 2425 Rom.

544 2488 653 2537 vm,
681 2468 770 2537 24,
798 2467 915 2541 25).
937 2465 1068 2522 Cum
1098 2482 1224 2537 ergo
1270 2464 1410 2520 bona
1453 2462 1605 2519 nobis
1648 2462 1821 2518 futura
1851 2476 1971 2519 esse
2001 2476 2122 2518 cre-

544 2558 760 2628 duntur,
795 2556 925 2614 nihil
952 2556 1091 2613 aliud
1119 2572 1278 2626 quam
1307 2565 1614 2627 Sperantur.
1657 2555 1773 2611 Jam
1816 2556 1884 2611 de
1939 2566 2123 2613 amore

542 2648 668 2725 quid
696 2650 891 2717 dicam,
915 2646 1030 2704 sine
1050 2664 1154 2729 quo
1201 2646 1334 2703 ﬁdes
1364 2648 1492 2702 nihil
1541 2647 1794 2719 prodest?
1822 2648 1958 2718 Spes
1993 2661 2123 2705 vero

541 2759 660 2802 esse
688 2745 802 2799 sine
822 2758 1004 2797 amore
1024 2758 1129 2796 non
1155 2749 1351 2811 potest.
1389 2739 1643 2811 Denique,
1676 2747 1736 2794 ut
1774 2742 1848 2793 ait
1895 2739 2125 2808 Aposto-

541 2837 889 2900 lusJacobus,
936 2832 1002 2887 Et
1032 2832 1283 2888 daemones
1332 2834 1582 2897 credunt,
1642 2842 1690 2886 et
1740 2833 2124 2887 contremiscunt

543 2924 757 2999 (Jacobi
785 2940 841 2991 ιι,
876 2921 964 2994 19)
997 2940 1010 2975 :
1042 2935 1141 2978 nec
1170 2931 1347 2978 tamen
1376 2932 1594 2992 sperant
1641 2924 1726 2977 vcl
1766 2933 1979 2989 amant;
2025 2918 2123 2979 sed

539 3019 716 3088 potius
740 3015 881 3086 quod
910 3029 1186 3084 speramus
1235 3024 1287 3069 et
1329 3029 1569 3068 amamus
1619 3013 1885 3069 credendo
1932 3025 2121 3070 ventu-

537 3122 657 3162 rum
681 3120 799 3161 esse
818 3103 1121 3158 formidant.
1156 3103 1387 3171 Propter
1412 3102 1556 3172 quod
1605 3104 1879 3173 apostolus
1924 3104 2120 3161 Paulus

537 3194 696 3252 ﬁdem
722 3211 840 3266 qum
864 3209 959 3264 per
982 3192 1320 3248 dilectionem
1353 3203 1627 3261 operatur,
1676 3196 1938 3265 approbat
1961 3206 2121 3268 atque

536 3287 877 3343 commendat
904 3281 1111 3356 (Galat.
1137 3298 1194 3353 v,
1226 3282 1307 3357 6),
1340 3296 1458 3355 quae
1500 3286 1683 3357 utique
1723 3286 1837 3343 sine
1878 3300 1971 3358 spe
2011 3302 2119 3345 non

542 3386 720 3448 potest
743 3390 882 3431 esse.
900 3374 1134 3430 Proinde
1170 3390 1268 3428 nec
1295 3390 1446 3429 amor
1478 3376 1593 3430 sine
1622 3391 1715 3446 spe
1740 3386 1839 3444 est,
1867 3393 1962 3434 nec
2002 3378 2120 3436 sine

484 3466 492 3515 ἴ
543 3484 727 3526 amore
753 3483 905 3538 spes.
924 3476 1027 3522 nec
1051 3477 1338 3536 utrumque
1365 3470 1482 3522 sine
1510 3467 1634 3522 ﬁde.

612 3556 837 3616 CAPUT
865 3556 1033 3614 lX.-—
1059 3556 1112 3613 5.
1144 3557 1280 3625 Quid
1308 3558 1632 3624 credendum,
1666 3570 1857 3614 servato
1886 3561 2118 3632 Symboli

544 3649 741 3717 ordine,
773 3648 1007 3720 deinceps
1033 3648 1333 3719 explicatur.
1366 3648 1484 3701 Non
1508 3664 1635 3719 apus
1672 3662 1775 3704 esse
1796 3652 1993 3706 curiosa
2030 3653 2115 3707 in-

539 3742 809 3815 quisitione
832 3754 1001 3796 rerum
1026 3740 1358 3794 naturalium.
1378 3738 1665 3796 Christiano
1693 3742 1915 3813 sufﬁcere
1938 3744 1981 3799 si
2008 3760 2116 3799 cre-

536 3835 626 3889 dat
650 3848 682 3888 a
704 3846 893 3889 summe
931 3832 1061 3887 bona
1080 3830 1331 3886 Trinitate
1367 3834 1537 3887 omnia
1583 3840 1751 3888 creata
1776 3850 1917 3903 esse,
1963 3850 2118 3907 eaque

537 3927 686 3981 bona.
730 3924 867 3981 Cum
911 3918 1040 3994 ergo
1083 3925 1344 3995 quaeritur
1377 3918 1501 3995 quid
1522 3925 1850 3981 credendum
1881 3927 2115 3998 sitquod

538 4016 604 4073 ad
626 4016 935 4087 religionem
975 4017 1263 4086 pertineat,
1326 4030 1430 4071 non
1478 4030 1653 4072 rerum
1696 4028 1882 4073 natura
1929 4020 1999 4073 ita
2033 4020 2114 4075 ri-

534 4107 725 4165 manda
759 4117 841 4164 est
872 4148 886 4173 ,
935 4107 1387 4178 quemadmodum
1430 4109 1498 4163 ab
1543 4111 1622 4164 eis
1675 4124 1810 4180 quos
1861 4111 2115 4184 physicos

531 4200 939 4258 Greeclvocunt:
971 4212 1070 4256 nec
1099 4201 1445 4256 metuendum
1472 4211 1555 4256 est
1583 4201 1625 4269 ⁸,
1660 4218 1726 4256 ne
1748 4203 1946 4274 aliquid
1969 4204 2036 4262 de
2058 4207 2112 4263 vi

529 4302 584 4349 et
611 4304 837 4348 numero
859 4293 1270 4357 elementorum,
1299 4290 1369 4346 de
1419 4300 1566 4346 motu
1615 4304 1774 4365 atque
1819 4297 2007 4354 ordine
2055 4306 2113 4356 et

529 4383 826 4440 defectibus
854 4381 1111 4445 siderum,
1137 4382 1205 4436 de
1231 4383 1396 4451 ﬁgura
1420 4384 1562 4448 caeli,
1610 4386 1679 4440 de
1731 4390 2013 4457 generibus
2055 4400 2111 4448 et

528 4475 731 4530 naturis
751 4472 1080 4537 animalium,
1132 4472 1410 4536 l'mticum,
1445 4475 1700 4544 lapidum,
1726 4478 1971 4550 fontium,
2003 4482 2108 4538 ilu-

532 4569 756 4635 minum,
781 4567 1063 4645 montium,
1096 4565 1165 4620 de
1190 4566 1375 4634 spatiis
1416 4568 1649 4623 locorum
1679 4581 1733 4627 et
1765 4581 2059 4645 temporum
2084 4616 2101 4646 ,

530 4660 601 4715 de
626 4660 793 4728 signis
820 4658 1205 4714 imminentium
1230 4665 1625 4727 tempestatum,
1653 4671 1706 4717 et
1726 4665 1828 4720 alia
1856 4676 2106 4724 sexcenta

1030 336 1487 408 ENCHIRIDION,
1529 336 1681 394 SlVE
1724 336 1814 393 DE
1852 335 2033 402 FIDE,
2076 334 2202 393 SPE
2242 336 2330 395 ET
2368 338 2786 412 CHARITATE,
2828 344 2886 401 S.
2927 345 3296 407 AUGUSTINI

3656 357 3735 419 256

2229 450 2402 506 stiano
2430 467 2608 509 rerum
2636 465 2937 514 creatarum
2965 473 3178 516 causam
3195 502 3214 532 ,
3233 462 3347 519 sive
3371 463 3643 521 cmlestium
3659 469 3743 527 sive

2231 542 2563 609 terrestrium
2587 589 2603 617 ,
2634 547 2750 607 sive
2790 546 3080 609 visibilium
3124 542 3235 611 sive
3278 554 3637 632 invisibilium,
3667 575 3747 622 non

2227 633 2331 690 nisi
2356 630 2648 696 bonitatem
2673 635 2896 702 credere
2922 640 3196 704 Creatoris
3213 690 3227 717 ,
3275 645 3368 721 qui
3394 658 3476 708 est
3497 630 3631 710 Deus
3649 671 3749 714 unus

2227 737 2281 782 et
2305 744 2497 799 verus;
2528 730 2837 808 nullamque
2862 752 2985 795 esse
3008 744 3256 796 naturam
3279 755 3399 815 quae
3426 757 3529 800 non
3570 753 3648 804 aut
3666 744 3751 820 ipse

2228 819 2318 888 sit,
2345 829 2435 877 aut
2456 818 2523 880 ab
2560 821 2677 897 ipso
2706 844 2719 880 :
2747 842 2979 901 eumque
3027 846 3149 887 esse
3200 826 3510 891 Trinitatem
3533 877 3549 906 ,
3585 818 3751 896 Patrem

2227 906 2450 981 scilicet,
2479 916 2536 970 et
2561 910 2753 973 Filium
2774 934 2805 973 a
2829 918 2989 977 Patre
3010 918 3270 994 genitum,
3299 928 3356 980 et
3391 920 3629 997 Spiritum
3658 942 3750 988 san-

2226 1010 2372 1058 ctum
2390 1000 2460 1060 ab
2485 1000 2673 1063 eodem
2698 1006 2858 1066 Patre
2885 1007 3264 1082 procedentem
3296 1015 3339 1086 ³,
3358 1010 3456 1073 sed
3471 1032 3619 1075 unum
3641 1034 3753 1078 eum-

2229 1095 2460 1168 demque
2486 1092 2742 1172 Spiritum
2765 1096 2939 1160 Patris
2958 1108 3012 1161 et
3029 1099 3175 1163 Filii.

2300 1182 2529 1245 CAPUT
2552 1185 2621 1246 X.
2648 1222 2721 1235 —-
2747 1191 2935 1249 Contra
2961 1190 3368 1255 Haniclueorum
3384 1198 3756 1261 haesimdeori-

2230 1275 2346 1348 gine
2373 1278 2515 1335 muti.
2546 1274 2630 1338 Ab
2657 1280 2757 1340 bac
2779 1299 2990 1344 summe
3006 1284 3031 1321 ²
3058 1294 3113 1345 et
3129 1288 3407 1362 aequaliter
3428 1298 3482 1349 et
3507 1288 3756 1354 immutabi-

2233 1364 2356 1423 liter
2382 1370 2520 1425 bona
2543 1366 2804 1430 Trinitate
2828 1384 3005 1433 creata
3026 1380 3153 1435 sunt
3170 1379 3371 1450 omnia,
3388 1390 3442 1439 et
3459 1392 3553 1441 nec
3566 1395 3755 1457 summe,

2233 1470 2333 1515 nec
2370 1460 2681 1534 aequaliter,
2728 1478 2831 1524 nec
2869 1465 3274 1530 immutabiliter
3310 1470 3485 1547 bona,
3512 1473 3756 1537 Sedumea

2233 1551 2371 1609 bona
2412 1553 2571 1612 etiam
2602 1554 2815 1631 singula
2846 1580 2860 1616 :
2887 1557 3049 1621 simul
3074 1580 3203 1623 vero
3231 1567 3475 1625 universa
3500 1566 3637 1629 valde
3654 1568 3757 1630 bona

2234 1642 2387 1715 (Gen.
2410 1664 2457 1714 ι,
2499 1646 2628 1724 3i);
2660 1652 2784 1723 quia
2812 1670 2877 1711 ex
2908 1656 3159 1715 omnibus
3181 1657 3432 1719 consistit
3455 1660 3756 1722 universitatis

2232 1736 2558 1795 admirabilis
2589 1740 2950 1811 pulchritudo.

2302 1824 2532 1888 CAPUT
2572 1828 2664 1890 XI.
2691 1867 2765 1879 —
2806 1833 2952 1896 Mota
2987 1858 3082 1899 cur
3120 1861 3227 1902 esse
3261 1840 3396 1903 sinat
3425 1844 3577 1909 Deus.
3603 1846 3757 1908 Halm

2233 1916 2362 1974 nihil
2399 1918 2543 2015 aliud
2581 1925 2681 1981 nisi
2714 1924 2929 2015 privatio
2955 1916 3099 1989 boni.
3120 1914 3178 1992 in
3202 1951 3308 2014 qua
3331 1921 3490 1997 etiam
3518 1936 3632 1998 illud
3654 1940 3759 2015 quod

2232 2011 2431 2069 malum
2459 2008 2653 2072 dicitur
2670 2060 2687 2088 ,
2713 2013 2850 2078 bene
2882 2020 3182 2082 ordinatum
3208 2008 3264 2086 et
3289 2029 3410 2087 loco
3433 2046 3528 2089 suo
3547 2008 3756 2106 positum.

2232 2101 2556 2163 eminentius
2603 2110 2943 2170 commendat
2983 2112 3156 2187 bona,
3201 2126 3263 2176 ut
3304 2120 3472 2194 magis
3499 2101 3705 2194 placeant
3721 2130 3759 2181 el

2234 2192 2585 2255 laudabiliora
2647 2200 2756 2258 sint
2810 2202 2935 2263 dum
2989 2218 3369 2282 comparantur
3397 2192 3582 2273 malis.
3624 2212 3760 2290 Neque

2232 2287 2375 2343 enim
2416 2286 2556 2347 Deus
2595 2294 2963 2368 omnipotens,
3005 2299 3148 2371 quod
3176 2299 3341 2362 etiam
3370 2298 3601 2365 inﬁdeles
3627 2286 3759 2365 faton-

2234 2386 2339 2470 tur,
2372 2394 2560 2470 rerum
2589 2380 2674 2440 cui
2701 2392 2907 2444 summa
2934 2394 3170 2463 potestas
3200 2390 3447 2470 (Virgit.,
3478 2394 3669 2457 sum.
3690 2400 3756 2456 lib.

2232 2468 2322 2538 io,
2364 2468 2439 2544 γ.
2474 2470 2632 2549 100),
2659 2486 2778 2533 cum
2807 2487 3017 2537 summe
3047 2481 3219 2540 bonus
3247 2468 3343 2557 sit,
3363 2487 3471 2545 ullo
3495 2488 3640 2551 modo
3656 2489 3760 2548 sine-

2232 2566 2316 2653 ret
2357 2558 2483 2619 mali
2527 2562 2727 2638 aliquid
2771 2578 2892 2626 esse
2938 2566 2991 2627 in
3030 2572 3285 2645 operibus
3323 2574 3471 2647 suis,
3511 2579 3605 2641 nisi
3635 2597 3759 2653 usque

2231 2652 2367 2709 adeo
2406 2660 2550 2712 esset
2587 2657 2926 2732 omnipotens
2962 2670 3017 2720 et
3048 2660 3224 2723 bonus
3246 2710 3263 2736 ,
3296 2675 3359 2727 ut
3381 2664 3516 2730 bene
3536 2652 3759 2731 faceretel

2232 2740 2300 2801 de
2321 2743 2462 2805 malo
2485 2744 2527 2803 ⁸.
2555 2744 2692 2821 Quid
2722 2760 2806 2808 est
2830 2762 3008 2812 autem
3033 2752 3176 2815 aliud
3201 2756 3347 2833 quod
3374 2761 3565 2820 malum
3581 2760 3758 2831 dicitur,
3838 2802 3839 2817 χ

2233 2834 2337 2894 nisi
2381 2839 2607 2910 privatio
2649 2838 2773 2899 boni
2794 2844 2820 2900 i
2844 2842 2977 2902 Nam
3006 2851 3145 2905 sicut
3173 2851 3488 2925 corporibus
3511 2854 3757 2911 animalium

2230 2926 2365 2986 nihil
2407 2942 2489 2989 est
2509 2930 2663 3022 aliud
2688 2932 2889 2997 morbis
2916 2946 2973 2997 et
2998 2941 3311 3002 Vulneribus
3333 2945 3473 3005 afﬁci
3493 2990 3508 3018 ,
3536 2962 3672 3022 quam
3693 2962 3758 3005 sa-

2232 3020 2398 3081 nitate
2436 3020 2638 3099 privari
2686 3026 2879 3101 (neque
2907 3030 3049 3088 enim
3080 3031 3134 3090 id
3159 3037 3338 3108 agitur
3355 3080 3369 3108 ,
3396 3053 3512 3097 cum
3534 3020 3758 3098 adhibetur
3785 3115 3789 3119 ν

2231 3116 2437 3173 curatio
2456 3157 2474 3186 ,
2524 3124 2583 3174 ut
2622 3118 2762 3177 mala
2789 3120 2888 3179 ista
2917 3136 3037 3196 quae
3062 3126 3311 3199 inerant,
3336 3132 3391 3189 id
3415 3141 3527 3203 est,
3555 3130 3699 3192 morbi
3713 3147 3757 3189 ac

2232 3207 2452 3266 vulnera
2497 3211 2755 3269 recedant
2795 3210 2957 3285 hinc,
3002 3224 3057 3274 et
3095 3216 3223 3277 alibi
3250 3220 3400 3293 sint;
3433 3223 3525 3281 sed
3551 3222 3701 3295 utique
3718 3231 3756 3279 ut

2231 3311 2339 3356 non
2361 3302 2487 3357 sint.
2513 3298 2630 3359 Non
2660 3302 2805 3362 enim
2830 3305 2939 3364 ulla
2968 3306 3290 3382 substantia,
3319 3312 3413 3372 sed
3438 3312 3645 3373 carnalis
3666 3313 3755 3371 sub-

2228 3389 2441 3449 stantia:
2477 3392 2665 3450 vitium
2704 3406 2787 3454 est
2814 3396 3012 3456 vulnus
3039 3410 3132 3461 aut
3154 3405 3380 3463 morbus
3410 3425 3425 3463 :
3451 3424 3562 3465 cum
3586 3423 3688 3466 caro
3709 3406 3753 3464 sit

2228 3483 2345 3555 ipsa
2389 3486 2685 3544 substantia
2707 3531 2723 3558 ,
2766 3488 3009 3562 proiecto
3037 3493 3251 3570 aliquod
3280 3496 3480 3558 bonum
3504 3500 3526 3534 ⁸
3550 3502 3627 3559 cui
3649 3500 3749 3556 acci-

2228 3573 2364 3631 dunt
2387 3576 2485 3632 ista
2504 3579 2641 3634 mala
2662 3622 2677 3649 ,
2702 3579 2760 3637 id
2786 3589 2868 3639 est
2892 3582 3220 3658 privationes
3240 3588 3360 3664 ejus
3384 3590 3505 3649 boni
3523 3590 3647 3666 quod
3662 3589 3755 3647 dici-

2226 3672 2314 3722 tur
2339 3667 2558 3741 sanitas)
2585 3687 2600 3738 ;
2628 3672 2700 3727 ita
2728 3681 2783 3730 et
2803 3672 3103 3735 animorum
3130 3694 3480 3757 quaecumque
3502 3692 3614 3741 sunt
3635 3682 3752 3749 vitia,

2227 3759 2552 3818 naturalium
2594 3772 2719 3821 sunt
2742 3764 3073 3840 privatioaes
3100 3770 3368 3832 bonorum
3397 3794 3411 3832 :
3437 3790 3548 3849 quae
3569 3791 3668 3832 cum
3689 3789 3753 3830 sa-

2222 3858 2443 3920 nantur,
2456 3866 2565 3911 non
2585 3854 2762 3927 aliquo
2777 3856 3197 3933 transferuntur;
3216 3862 3316 3923 sed
3332 3882 3393 3924 ea
3409 3884 3522 3943 quae
3543 3864 3608 3925 ibi
3620 3874 3752 3931 mni.

2227 3957 2491 4014 nusquam
2529 3954 2685 4002 emat
2707 3989 2723 4015 ,
2764 3946 2977 4020 quando
3020 3950 3075 4009 in
3105 3952 3193 4011 illa
3226 3958 3457 4019 sanitate
3480 3974 3578 4017 non
3615 3964 3751 4016 erunt.

2296 4032 2526 4093 CAPUT
2571 4034 2686 4093 XII.
2716 4066 2789 4080 --
2816 4040 2869 4097 4.
2891 4038 3148 4101 Creatoris
3173 4058 3347 4107 omnes
3375 4048 3544 4118 bona,
3571 4049 3647 4105 sed
3666 4048 3751 4120 quia

2220 4138 2329 4182 non
2379 4142 2573 4184 suntme
2614 4126 2792 4201 boum,
2819 4131 2932 4190 ideo
2972 4136 3342 4211 comptibites.
3393 4139 3590 4200 Naturae
3632 4138 3751 4212 igitur

2223 4228 2413 4275 omnes
2436 4260 2452 4287 ,
2497 4220 2746 4292 quoniam
2772 4231 3078 4282 naturarum
3104 4240 3327 4299 prorsus
3351 4232 3577 4290 omnium
3598 4228 3751 4288 Condi-

2219 4321 2309 4368 tor
2334 4324 2542 4370 summe
2568 4314 2741 4372 bonus
2763 4322 2847 4373 est
2862 4358 2878 4385 ,
2909 4317 3061 4375 bona:
3081 4330 3209 4379 sunt
3237 4340 3250 4376 :
3280 4320 3377 4381 sed
3397 4325 3514 4399 quia
3536 4339 3628 4381 non
3645 4319 3750 4377 sicut

2219 4418 2409 4461 earum
2434 4404 2690 4463 Conditor
2714 4420 2921 4467 summe
2939 4420 3098 4485 atque
3119 4412 3610 4475 incommutabiiiter
3628 4414 3747 4472 bona

2218 4504 2348 4552 sunt
2370 4538 2386 4566 ,
2433 4496 2556 4553 ideo
2598 4498 2652 4555 in
2690 4500 2769 4556 eis
2804 4509 2860 4558 et
2896 4501 3064 4560 minui
3089 4504 3293 4565 bonum
3319 4518 3375 4567 et
3401 4510 3571 4584 augeri
3590 4513 3744 4581 potest.

2214 4584 2330 4644 Sed
2368 4586 2569 4645 bonum
2586 4587 2613 4623 '
2634 4590 2805 4648 minui
2833 4592 3032 4651 malum
3059 4605 3141 4654 est
3164 4612 3180 4667 ;
3210 4602 3454 4673 quamvis
3474 4645 3488 4670 ,
3513 4610 3745 4677 quantum-

2221 4692 2452 4752 cumque
2490 4682 2797 4753 minuatur,
2844 4697 3121 4745 remaneat
3157 4690 3355 4764 ali‘qnid
3385 4708 3590 4751 necesse
3609 4697 3675 4748 est
3695 4686 3745 4760 (si

531 4750 601 4806 de
626 4750 692 4803 iis
715 4749 876 4803 rebus
900 4762 1034 4818 quas
1077 4749 1151 4801 illi
1182 4748 1264 4803 vel
1296 4749 1613 4807 invenerunt
1637 4757 1719 4810 vel
1748 4757 2016 4815 invenisse
2046 4774 2107 4817 se
2216 4748 2396 4828 adhuc
2440 4781 2628 4829 natura
2669 4773 2777 4850 est)
2817 4778 2957 4834 unde
2998 4788 3187 4837 natura
3219 4783 3310 4840 sit.
3336 4784 3514 4858 Neque
3540 4783 3689 4847 enim,
3709 4777 3745 4834 si

530 4839 855 4904 existimant,
886 4837 1208 4893 christianus
1237 4839 1479 4910 ignoret;
1504 4845 1627 4914 quia
1658 4862 1755 4902 nec
1796 4848 1896 4917 ipsi
1924 4852 2100 4906 omnia

530 4940 844 5001 repererunt
869 4939 1015 4985 tanto
1043 4931 1360 4987 excellentes
1398 4936 1608 5005 ingenio
1629 4979 1642 5003 ,
1674 4938 1959 5008 ﬂagrantes
1984 4951 2102 4997 stu-

527 5022 637 5088 dio,
660 5019 990 5077 abundantes
1016 5021 1146 5088 otio,
1173 5030 1227 5077 et
1256 5025 1497 5095 quaedam
1530 5028 1759 5082 humana
1796 5029 2101 5101 conjectura

529 5115 927 5186 investigantes,
947 5115 1190 5185 quaedam
1212 5133 1339 5173 vero
1359 5117 1611 5175 historica
1630 5121 1952 5190 experientia
1976 5140 2094 5195 per-

527 5215 854 5274 scrutantes,
879 5212 932 5262 et
969 5206 1021 5262 in
1070 5208 1148 5263 eis
1198 5222 1317 5279 quae
1354 5224 1414 5266 se
1457 5210 1733 5267 invenisse
1780 5213 2077 5285 gloriantur
2121 5257 2124 5263 η

528 5298 680 5369 plura
708 5296 990 5368 opinantes
1014 5297 1191 5369 potius
1213 5316 1374 5370 quam
1404 5301 1654 5359 scientes.
1681 5299 1822 5360 Satis
1854 5314 1937 5362 est
1957 5305 2072 5363 citri

1312 5497 1757 5628 nausea:

583 5563 604 5591 ι
627 5566 833 5619 Quatuor
877 5565 1025 5631 Mss,
1044 5557 1291 5631 cailtoiicce
1312 5557 1444 5639 fidet"
1464 5574 1520 5612 ac
1547 5557 1747 5636 regulis.
1779 5564 1913 5637 Apud
1935 5573 2076 5682 Aug

521 5621 699 5693 stipam
716 5619 896 5693 Βρεμι
916 5619 1029 5693 ﬁdei
1051 5618 1290 5693 soletdtct
1310 5622 1598 5693 symbolum,
1618 5632 1671 5675 ut
1683 5624 1806 5678 mira
1828 5640 1880 5678 In
1893 5641 1999 5693 cap.
2079 5668 2090 5681 .

582 5743 605 5774 δ
728 5743 854 5803 apud
877 5750 977 5809 Am,
1009 5750 1084 5809 Er.
1110 5751 1215 5794 nov.
1243 5753 1293 5796 et
1326 5743 1435 5796 Arn.
1458 5748 1671 5809 additur,
1693 5754 2093 5808 attentath

585 5682 698 5747 fsic
726 5681 957 5747 meliores
972 5688 1078 5733 Itss.
1103 5681 1224 5733 Μίιὶ
1244 5681 1379 5747 vero,
1402 5681 1683 5738 absurdian.

523 5801 582 5850 ab
603 5801 781 5852 eisdem
810 5815 825 5852 :
850 5805 975 5867 quod
998 5804 1237 5867 glossam
1260 5822 1353 5857 non
1375 5809 1556 5861 habent
1578 5801 1779 5864 veteres
1796 5801 2007 5866 libr-iiii:

2220 4864 2625 4938 qualiscumque
2664 4877 2722 4924 et
2759 4870 3241 4945 quantiscumque
3281 4887 3466 4935 natura
3500 4885 3578 4935 est
3596 4914 3612 4943 ,
3641 4884 3742 4931 ccl-

2210 4959 2357 5015 suni
2400 4959 2602 5016 bonum
2647 4960 3201 5038 quo‘natunest,
3240 4967 3742 5042 nisietipsacom-

2282 5182 3123 5248 {Duoexv'atimnism,eu‘ilio

2277 5244 2433 5321 '_.“°.V-
2458 5253 2665 5321 μλληῖη
3106 5244 3224 5302 editi
3240 5248 3327 5305 alii
3360 5244 3416 5306 et
3440 5244 3564 5315 διεδ..
3579 5256 3738 5303 ηοω.

2212 5304 3300 5445 Ἐίῗῗρῗεῇῗ-ῗῗὲὶθὲῖλ
3318 5376 3410 5445 νιος
3429 5375 3555 5445 to»;
3571 5369 3740 5445 οτηερ

2217 5491 2463 5562 vitiatum;
2499 5504 2558 5542 ac
2576 5485 2895 5562 perhaca’go
3647 5485 3739 5544 illi!

2210 5560 2290 5622 at.
2307 5560 2714 5622 ειιξῖιβιῑασυαιιτο
2732 5557 2955 5622 meritum
2970 5557 3234 5622 om

2278 5615 2457 5695 tua.
2483 5615 3025 5695 eme-rem.
3052 5625 3137 5695 ςρι.
3168 5624 3485 5687 eximimus
3502 5616 3737 5673 ι-αιακιιο
3774 5676 3775 5679 γ

2281 5800 2300 5831 ⁸
2324 5806 2390 5851 ita
2413 5815 2537 5852 unus
2561 5816 2625 5853 ex
2651 5805 2900 5858 Vaticanis.
2926 5814 2982 5858 Al.
3003 5814 3109 5858 uss.
3236 5819 3291 5864 et
3314 5811 3443 5874 editi,
3464 5807 3593 5875 σιω·

2148 5889 2209 5908 Ι.

2156 5916 2169 5924 ,ο
2202 5916 2207 5922 .
