3882 6286
166 288 250 349 g3;
1533 291 1734 351 LIBER
1776 292 1970 353 usus.

158 408 344 471 matur,
372 406 562 473 potest.
590 396 777 461 Merito
806 400 1003 475 quippe
1032 410 1218 463 natura
1249 403 1555 479 incorrupta
1586 409 1702 465 lau-

3285 326 3392 386 958

1808 417 1932 479 pat,
1969 413 2109 486 quod
2138 423 2219 473 est
2255 416 2449 475 homo;
2475 428 2529 475 et
2557 420 2741 479 vitium
2764 416 2995 487 hominis
3022 432 3222 507 laudat,
3246 443 3393 510 quod

154 490 289 549 datur
324 504 525 560 :porro
553 488 597 546 si
620 498 672 547 et
702 490 1123 569 incorruptibilis
1152 496 1250 566 sit,
1283 513 1401 570 quae
1432 503 1705 572 corrumpi
1807 510 1889 555 est
1931 503 2197 574 iniquitas.
2242 508 2427 564 Omnis
2467 512 2645 583 itaque
2682 526 2868 576 natura
2897 562 2913 590 ,
2953 524 3161 585 etiamsi
3200 488 3391 592 vitiosa

152 581 343 641 omnino
378 595 485 642 non
525 581 718 655 possit,
762 584 932 643 multo
956 595 1039 643 est
1065 589 1435 663 proculdubio
1460 593 1701 653 laudabi-

151 671 252 726 lior.
291 671 415 727 Cum
460 688 585 729 vero
623 677 1012 748 corrumpitur,
1061 678 1182 735 ideo
1224 683 1423 741 malum
1464 694 1545 747 est
1584 686 1700 762 ejus

149 764 385 834 corruptio
406 805 422 833 ,
465 766 584 836 quia
617 781 735 822 eam
762 768 1140 844 qualicumque
1167 777 1341 851 privat
1363 777 1541 849 bono;
1573 797 1697 843 nam

146 855 183 909 si
221 855 353 909 nullo
389 855 532 911 bono
558 857 753 929 privat,
788 875 892 916 non
923 871 1079 921 nocet
1108 883 1122 920 :
1156 876 1311 925 nocet
1336 877 1513 929 autem
1540 886 1554 937 ;
1584 872 1697 931 adi~

145 947 224 1000 mit
246 947 391 1017 igitur
414 947 612 1004 bonum
638 950 677 1002 ί.
707 951 967 1019 Quamdiu
990 955 1166 1033 itaque
1187 967 1375 1019 natura
1396 965 1694 1034 corrumpi-

146 1048 239 1107 tur,
275 1040 405 1095 inest
429 1041 478 1097 ei
510 1041 707 1103 bonum
739 1060 844 1115 quo
875 1048 1114 1119 privetur
1144 1069 1158 1106 :
1186 1066 1249 1106 ac
1278 1069 1373 1129 per
1398 1052 1499 1115 hoc
1525 1055 1570 1115 si
1598 1072 1693 1115 na-

146 1146 252 1189 tura:
284 1134 472 1204 aliquid
502 1139 797 1194 remanebit
826 1142 966 1215 quod
992 1142 1099 1213 jam
1129 1148 1397 1223 corrumpi
1426 1157 1691 1223 nequeat,

143 1224 347 1293 proiecto
390 1234 573 1281 natura
620 1227 1033 1302 incorruptibilis
1077 1234 1209 1303 erit,
1255 1246 1309 1291 et
1342 1237 1407 1293 ad
1448 1239 1549 1296 hoc
1583 1248 1692 1301 tam

142 1333 353 1389 magnum
398 1318 597 1374 bonum
636 1326 975 1396 corruptione
1013 1330 1281 1401 perveniet
1314 1334 1353 1384 ³.
1396 1334 1464 1390 At
1503 1336 1546 1390 si
1574 1350 1694 1395 cor—

142 1410 287 1477 rumpi
313 1425 411 1464 non
438 1410 668 1480 desinet,
700 1430 796 1470 nec
821 1416 1018 1473 bonum
1041 1419 1237 1476 habere
1259 1424 1438 1499 utique
1459 1424 1686 1497 desinet,

146 1515 232 1572 quo
266 1515 368 1556 eam
410 1503 581 1572 possit
623 1506 829 1575 privare
869 1513 1160 1587 corruptio.
1201 1514 1369 1585 Quam
1407 1517 1450 1571 si
1480 1520 1691 1593 penitus

144 1603 374 1664 totamque
410 1601 837 1668 consumpserit,
881 1602 999 1661 ideo
1036 1605 1238 1661 nullum
1267 1608 1464 1665 bonum
1493 1611 1649 1672 inerit
1671 1654 1687 1685 ,

138 1686 237 1756 quia
272 1696 445 1743 natura
495 1690 644 1744 nulla
687 1692 808 1748 erit.
850 1693 1105 1760 Quocirca
1143 1699 1341 1759 bonum
1376 1718 1690 1765 consumere

136 1780 369 1849 corruptio
426 1796 533 1837 non
594 1792 810 1855 potest,
858 1788 960 1845 nisi
1007 1794 1371 1851 consumendo
1419 1806 1686 1859 naturam.

135 1871 290 1925 Omnis
312 1887 434 1943 ergo
460 1884 648 1929 natura
674 1878 871 1948 bonum
900 1890 981 1935 est
1005 1900 1017 1948 ;
1050 1899 1321 1955 maguum,
1350 1888 1393 1945 si
1417 1893 1688 1965 corrumpi

133 1980 220 2019 non
241 1974 437 2033 potest;
468 1982 692 2037 parvum
718 2012 732 2036 ,
766 1971 807 2026 si
836 1981 1009 2042 potest
1039 1993 1049 2027 :
1081 1978 1261 2053 negari
1289 1987 1463 2035 tamen
1491 1982 1686 2043 bonum

133 2072 259 2122 esse,
296 2059 391 2114 nisi
430 2062 597 2116 stulte
633 2073 790 2132 atque
831 2066 1076 2136 imperite
1114 2086 1331 2140 prorsus
1360 2091 1463 2130 non
1490 2085 1685 2149 potest.

132 2148 237 2213 Quae
274 2150 315 2203 si
358 2154 702 2223 corruptione
742 2159 1108 2233 consumitur,
1152 2180 1251 2225 nec
1280 2166 1388 2241 ipsa
1416 2148 1687 2240 corruptio

131 2241 391 2297 remanebit
412 2285 427 2310 ,
461 2244 611 2299 nulla
642 2246 730 2302 ubi
751 2263 869 2303 esse
889 2253 1059 2321 possit
1082 2255 1403 2316 subsistente
1432 2271 1619 2320 natura
1642 2263 1683 2319 ³.

187 2335 389 2392 CAPUT
414 2336 555 2392 Xlll.
584 2369 653 2380 —-
675 2339 891 2397 Nullum
917 2346 1104 2401 malum
1121 2390 1134 2414 ,
1164 2351 1261 2405 nisi
1279 2353 1415 2425 quod
1438 2364 1482 2410 et
1504 2356 1687 2416 bonum

132 2427 198 2481 sit.
234 2429 303 2484 Ac
340 2444 432 2499 per
472 2429 581 2487 hoc
619 2433 821 2489 nullum
862 2445 941 2491 est
979 2439 1120 2509 quod
1151 2440 1344 2499 dicitur
1368 2445 1565 2503 malum
1591 2488 1607 2517 ,
1639 2449 1686 2509 si

133 2521 300 2575 nullum
323 2523 390 2577 sit
413 2522 638 2578 bonum.
667 2523 771 2581 Sed
797 2528 994 2583 bonum
1017 2533 1161 2586 omni
1184 2535 1326 2591 malo
1354 2550 1541 2595 carens
1566 2580 1581 2606 ,
1609 2538 1683 2593 in-

132 2618 304 2681 tegrum
328 2613 527 2667 bonum
558 2624 640 2669 est
664 2632 678 2680 ;
711 2618 793 2671 cui
813 2634 994 2674 verum
1018 2620 1155 2677 inest
1177 2624 1372 2683 malum
1396 2668 1409 2697 ,
1438 2627 1683 2691 vitiatum

132 2701 199 2755 vel
234 2703 475 2761 vitiosum
514 2705 711 2762 bonum
744 2718 824 2765 cst
856 2739 867 2764 .-
898 2726 996 2767 nec
1026 2714 1221 2773 malum
1253 2733 1479 2794 unquam
1507 2729 1683 2798 potest

132 2806 228 2847 esse
255 2794 407 2849 ullum
428 2835 446 2860 ,
494 2797 583 2851 ubi
611 2798 809 2854 bonum
840 2810 921 2857 est
950 2804 1174 2859 nullum.
1222 2806 1373 2864 Unde
1413 2794 1521 2868 res'
1546 2814 1682 2872 mira

133 2886 401 2955 coniicitur,
435 2897 502 2945 ut
536 2892 659 2961 quia
690 2894 864 2948 omnis
890 2904 1099 2964 natura,
1131 2898 1184 2953 in
1211 2912 1465 2971 quantum
1495 2915 1683 2969 natura

132 2984 220 3042 est,
255 2978 441 3035 bonum
476 2991 596 3049 est,
628 2982 761 3039 nihil
795 2985 935 3042 aliud
976 2988 1078 3044 dici
1118 2991 1394 3064 videatur,
1445 3012 1568 3055 cum
1604 3000 1683 3061 vi-

132 3068 240 3123 tiosa
280 3080 457 3127 natura
512 3074 649 3129 mala
694 3091 816 3132 esse
856 3088 1043 3136 natura
1086 3081 1309 3152 dicitur,
1352 3087 1454 3143 nisi
1481 3090 1680 3147 malum

133 3173 228 3216 esse
247 3164 375 3233 quod
398 3165 600 3221 bonum
627 3178 709 3224 est
736 3186 749 3224 :
778 3186 876 3226 nec
903 3174 1097 3229 malum
1120 3190 1240 3233 esse
1259 3219 1272 3242 ,
1301 3181 1403 3235 nisi
1424 3184 1562 3259 quod
1588 3185 1681 3241 bo-

135 3266 234 3307 num
257 3266 330 3310 est
354 3271 368 3321 ;
398 3258 658 3329 quoniam
687 3262 862 3316 omnis
890 3274 1073 3320 natura
1100 3267 1297 3324 bonum
1329 3279 1439 3343 est,
1468 3290 1566 3331 nec
1594 3292 1680 3335 res

133 3344 275 3417 aliqua
314 3352 448 3406 mala
499 3363 673 3422 esset,
706 3355 751 3410 si
779 3371 867 3411 res
896 3359 1008 3428 ipsa
1038 3376 1155 3432 qua:
1181 3363 1318 3421 mala
1350 3374 1463 3438 est,
1493 3377 1677 3426 natura

134 3450 217 3490 non
237 3448 382 3495 esset.
407 3442 534 3497 Non
564 3444 723 3514 igitur
745 3456 921 3521 potest
948 3464 1066 3506 esse
1090 3453 1310 3523 malum,
1344 3459 1445 3514 nisi
1468 3461 1679 3537 aliquod

134 3528 314 3589 bonum.
350 3536 507 3604 Quod
547 3553 666 3593 eum
706 3540 807 3596 dici
847 3543 1089 3600 videatur
1122 3548 1350 3606 absurde
1372 3594 1387 3622 ,
1418 3528 1680 3612 connexio

136 3632 277 3682 tamen
316 3630 737 3687 ratiocinationis
784 3633 939 3705 hujus
985 3637 1132 3693 velut
1170 3640 1542 3701 inevitabiliter
1579 3663 1680 3705 nos

136 3720 365 3787 compellit
382 3722 491 3777 hoc
511 3722 709 3780 dicere.
736 3725 800 3780 Et
828 3728 1122 3785 cavendum
1152 3740 1233 3787 est
1256 3775 1272 3802 ,
1298 3750 1363 3789 ne
1384 3736 1679 3799 incidamus

136 3805 177 3860 in
208 3808 332 3865 illam
368 3814 738 3884 propheticam
774 3824 1091 3876 sententiam
1116 3865 1129 3889 ,
1166 3825 1255 3879 tibi
1298 3827 1487 3901 legitur
1528 3851 1541 3887 :
1593 3832 1680 3889 Vw

135 3900 181 3955 iis
214 3905 288 3973 qui
319 3907 494 3962 dicunt
528 3910 663 3981 quod
701 3911 883 3967 bonum
908 3925 981 3970 est
1010 3918 1228 3987 malum,
1258 3930 1305 3974 et
1332 3924 1467 3993 quod
1488 3926 1678 3982 malum

137 4007 192 4051 at
221 4000 427 4071 bonum;
474 4008 560 4077 qui
598 4008 771 4064 dicunt
807 4013 1032 4068 tenebras
1062 4016 1249 4086 lucem,
1279 4026 1325 4072 et
1353 4019 1514 4074 lucem
1544 4030 1678 4077 tene-

140 4090 259 4159 bm;
284 4099 364 4167 qui
386 4099 562 4154 dicunt
587 4100 733 4156 dulce
753 4119 1003 4173 amarum,
1032 4116 1077 4160 et
1104 4124 1333 4162 amarum
1354 4110 1499 4165 dulce
1524 4112 1675 4184 (lsat'.

138 4200 190 4250 ν,
224 4188 325 4259 Q0).
364 4193 428 4247 Et
452 4200 630 4249 tamen
660 4195 912 4253 Dominus
938 4199 1010 4252 ait
1037 4218 1051 4254 :
1082 4199 1254 4257 Malus
1281 4202 1429 4257 homo
1458 4206 1519 4259 de
1544 4207 1677 4261 malo

140 4278 333 4336 thesauro
354 4286 521 4340 cordis
544 4289 624 4341 sui
646 4294 840 4361 profert
865 4292 999 4345 mala
1026 4292 1234 4363 (Matth.
1267 4312 1373 4367 xu,
1403 4297 1516 4369 '55).
1540 4298 1676 4367 Quid

140 4380 205 4424 est
231 4382 387 4432 autem
412 4379 578 4433 malus
606 4380 754 4436 homo
775 4424 788 4448 ,
819 4384 920 4438 nisi
948 4386 1081 4439 mala
1114 4396 1299 4441 natura
1325 4405 1338 4454 ;
1368 4391 1488 4459 quia
1519 4392 1675 4447 homo

142 4474 293 4521 natura
327 4480 404 4526 est
424 4472 451 4526 γ
490 4474 656 4530 Porro
685 4476 728 4531 si
757 4476 918 4532 homo
946 4479 1157 4551 aliquod
1184 4482 1380 4537 bonum
1412 4494 1492 4539 est
1511 4527 1525 4553 ,
1557 4487 1677 4561 quia

144 4568 294 4615 natura
312 4575 420 4631 est,
445 4566 570 4636 quid
591 4578 673 4622 est
698 4568 869 4623 malus
891 4570 1071 4638 homo,
1098 4573 1200 4627 nisi
1220 4575 1414 4633 malum
1438 4576 1631 4632 bonum
1654 4580 1676 4632 ?

144 4646 305 4709 Tamen
332 4672 446 4713 cum
471 4659 579 4715 duo
598 4661 694 4715 ista
720 4662 1090 4733 discernimus,
1117 4667 1414 4724 invenimus
1436 4685 1532 4725 nec
1554 4671 1676 4727 ideo

148 4744 304 4801 malum
337 4752 450 4820 quia
491 4752 653 4808 homo
679 4764 790 4823 est,
820 4772 917 4811 nec
946 4758 1064 4814 ideo
1091 4760 1286 4817 bonum
1315 4764 1433 4835 quia
1465 4765 1677 4842 iniquus

148 4842 240 4899 est;
280 4840 362 4895 sed
403 4843 595 4899 bonum
640 4848 757 4916 quia
801 4847 995 4916 homo,
1042 4851 1239 4906 malum
1282 4855 1403 4925 quia
1442 4840 1674 4931 iniquus.

147 4920 353 4997 Quisqms
387 4949 510 5005 ergo
548 4936 673 4992 dicit
698 4979 711 5002 ,
742 4938 933 4994 Malum
961 4950 1043 4995 est
1073 4920 1339 5000 hominem
1365 4961 1481 5005 esse
1505 4920 1673 5018 ;‘aut,

149 5011 314 5109 bonum
338 5036 410 5079 est
434 5027 672 5098 iniquum
703 5046 823 5086 esse
854 5050 865 5083 :
898 5033 1009 5102 ipse
1031 5035 1211 5089 incidit
1234 5037 1283 5089 in
1314 5011 1673 5109 proplieticatn

150 5101 264 5161 illam
302 5120 637 5186 sententiam,
675 5119 765 5175 γω
790 5122 853 5176 iis
888 5101 973 5193 qui
1009 5124 1183 5180 dicunt
1222 5101 1357 5199 quod
1395 5101 1578 5186 bonum
1606 5142 1676 5187 est

151 5200 323 5269 malum,
344 5220 383 5261 et
407 5212 538 5280 quod
564 5214 751 5267 malum
781 5227 851 5270 est
873 5217 1073 5273 bonum.
1104 5217 1247 5289 Opus
1274 5223 1413 5278 enim
1444 5224 1536 5283 Dei
1563 5226 1675 5280 cul-

529 5332 686 5378 antem
708 5327 963 5380 adimenda
983 5331 1167 5383 bonum.
1187 5336 1481 5405 castigantur
1506 5351 1570 5393 ex
1586 5352 1675 5395 ve-

160 5425 915 5533 MEEetﬂmmrte
932 5467 1025 5533 me
1333 5459 1519 5525 Αιίειιιοι

156 5589 367 5677 ηαΐυυδ
381 5589 437 5621 ex
452 5589 553 5627 M55.
578 5589 989 5693 “summa!
1007 5589 1127 5637 ³1138
1147 5590 1247 5637 Am.
1271 5589 1347 5637 Et.
1374 5591 1427 5636 et
1446 5591 1574 5646 ωνη

159 5681 246 5697 ,μμ
292 5635 382 5681 ⁸⁸³⁸
413 5631 574 5697 νωδὰ.
606 5636 695 5690 sub
928 5646 1103 5695 natura
1130 5655 1148 5695 :
1171 5643 1317 5697 male.
1354 5653 1452 5697 Nee
1501 5660 1574 5697 me

159 5681 326 5770 ἓξὲξ
331 5681 1057 5770 ῃᾷξὲὦξζῇΐωέῧιῐ
1071 5681 1680 5770 ᾒῖἴυὶἵεῖὁῗώῖἶὲἰῖέ

160 5750 238 5801 et”
256 5750 396 5815 possit,
417 5768 506 5807 non
528 5750 803 5811 manufesta
822 5750 1009 5814 nasia.

928 5646 1103 5695 mutua
1130 5655 1148 5695 :
1171 5643 1317 5699 male.
1354 5653 1452 5700 Nee
1501 5643 1681 5704 melius
1741 5645 1744 5666 ⁵

1804 602 1916 661 est,
1963 596 2014 650 in
2056 608 2310 668 quantum
2354 611 2541 660 natura
2582 616 2697 678 est,
2743 608 2884 669 bona
2906 623 3025 683 est;
3054 617 3109 675 in
3134 633 3389 691 quantum

1803 687 1989 744 vitiosa
2012 700 2097 751 est
2116 733 2133 758 .
2162 693 2300 755 male
2320 706 2424 755 est.

1870 781 2094 879 CAPUT
2137 786 2276 847 XIV.
2317 821 2388 832 —
2410 790 2609 852 Bonum
2636 780 2683 853 et
2707 799 2898 856 malum
2915 840 2931 869 ,
2961 801 3076 862 licet
3095 810 3349 865 contraria
3367 851 3386 879 ,

1796 873 1949 932 simul
1983 876 2037 934 in
2080 880 2255 941 eadem
2278 899 2331 939 re
2354 900 2459 943 esse
2485 903 2650 959 posse.
2678 884 2762 947 Ex
2786 891 2928 952 benis
2956 897 3092 952 mala
3114 940 3130 966 ,
3162 908 3209 955 et
3229 900 3280 957 in
3300 902 3389 960 bo-

1796 965 1894 1026 nis.
1942 967 2276 1043 Quapropter
2322 974 2375 1031 in
2425 975 2490 1033 iis
2530 981 2814 1042 contrariis
2852 1000 2971 1054 qute
2999 965 3140 1047 mela
3164 1000 3219 1047 et
3246 990 3388 1051 bona

1795 1066 2051 1113 vocantur
2076 1101 2089 1124 ,
2114 1061 2202 1115 illa
2222 1062 2617 1122 dialecticorum
2641 1071 2823 1140 regula
2846 1072 3045 1143 deficit,
3069 1093 3171 1147 qua
3196 1080 3384 1141 dicunt

1795 1151 1923 1204 nulli
1963 1153 2040 1206 rei
2070 1153 2175 1208 duo
2200 1156 2358 1213 simul
2392 1158 2565 1215 inesse
2594 1165 2879 1221 contraria.
2912 1167 3098 1223 Nullus
3122 1173 3264 1230 enim
3293 1190 3387 1230 aer

1796 1240 1955 1295 simul
1996 1252 2077 1301 est
2119 1253 2173 1304 et
2218 1247 2534 1309 tenebrosus
2560 1258 2617 1307 et
2639 1251 2847 1315 lucidus
2875 1273 2889 1312 :
2918 1258 3093 1317 nullus
3121 1261 3271 1323 cibus
3294 1273 3388 1319 aut

1794 1341 1949 1400 potus
1987 1334 2145 1388 simul
2183 1335 2354 1392 dulcis
2394 1347 2447 1394 et
2482 1354 2695 1397 amarus
2723 1360 2735 1396 ε
2769 1346 2973 1401 nullum
3002 1364 3198 1421 corpus
3224 1354 3385 1410 simul

1793 1422 1882 1479 ubi
1900 1422 2079 1483 album
2102 1465 2120 1490 .
2153 1425 2224 1485 ibi
2251 1435 2307 1483 et
2330 1429 2539 1500 nigrum
2564 1449 2578 1498 ;
2610 1434 2811 1491 nullum
2830 1438 2988 1496 simul
3010 1441 3098 1497 ubi
3119 1443 3382 1513 deforme,

1793 1512 1865 1573 ibi
1894 1522 1948 1572 et
1976 1513 2289 1577 formosum.
2316 1520 2383 1579 Et
2408 1520 2509 1581 hoe
2530 1523 2584 1581 in
2606 1526 2789 1583 multis
2813 1542 2875 1584 ac
2897 1544 3036 1598 pene
3059 1531 3112 1589 in
3135 1512 3384 1594 omnibus

1791 1606 2071 1665 contrariis
2092 1609 2358 1679 reperitur
2383 1650 2399 1676 .
2424 1621 2482 1671 ut
2503 1613 2559 1671 in
2584 1631 2686 1673 una
2710 1632 2769 1676 re
2792 1620 2955 1679 simul
2980 1636 3102 1679 esse
3121 1638 3231 1681 non
3257 1641 3383 1697 pos-

1791 1697 1916 1755 sint.
1956 1696 2090 1759 Cutn
2134 1710 2315 1761 autem
2353 1703 2492 1763 bona
2532 1717 2587 1764 et
2626 1710 2763 1769 male
2803 1711 2983 1772 nullus
3003 1696 3382 1787 ambigatesse

1789 1790 2055 1849 contrarie
2074 1832 2091 1859 ,
2118 1806 2227 1851 non
2250 1794 2422 1851 solum
2448 1795 2606 1855 simul
2633 1813 2753 1857 esse
2782 1813 3005 1870 possunt
3022 1846 3038 1872 ,
3065 1806 3159 1864 sed
3188 1810 3327 1867 mala
3358 1812 3376 1846 ⁸

1789 1880 2005 1941 omnino
2030 1881 2148 1941 sine
2170 1882 2326 1943 bonis
2353 1893 2408 1939 et
2434 1885 2535 1945 nisi
2567 1888 2623 1944 in
2649 1888 2804 1949 bonis
2830 1907 2952 1951 esse
2980 1910 3086 1953 non
3114 1909 3377 1965 possunt:

1789 1972 2029 2041 quamvis
2067 1972 2206 2033 bona
2242 1974 2360 2033 sine
2396 1977 2551 2037 malis
2578 1980 2805 2049 possint.
2838 1982 3022 2045 Potest
3046 1987 3189 2043 enim
3216 1988 3381 2050 homo

1788 2063 1873 2121 vel
1893 2065 2113 2136 angelus
2140 2081 2248 2127 nou
2272 2081 2392 2131 esse
2414 2069 2673 2140 injustas;
2702 2073 2934 2144 injustas
2954 2086 3133 2139 autem
3156 2097 3261 2141 non
3284 2098 3382 2152 po-

1788 2162 1893 2215 test
1911 2171 2029 2217 esse
2049 2158 2151 2217 nisi
2176 2159 2336 2220 homo
2359 2162 2443 2221 vel
2463 2165 2685 2235 angelus
2709 2184 2721 2225 :
2746 2176 2801 2225 et
2818 2167 3017 2227 bonum
3036 2174 3176 2241 quod
3190 2173 3375 2241 homo.

1787 2246 1987 2309 bonum
2030 2251 2170 2322 quod
2200 2253 2459 2323 angelus;
2492 2256 2690 2317 malum
2714 2259 2857 2328 quod
2886 2261 3136 2331 injustus.
3167 2265 3234 2325 Et
3262 2266 3380 2325 haec

1786 2338 1893 2394 duo
1934 2343 2199 2401 contraria
2243 2343 2315 2401 ita
2344 2345 2504 2405 simul
2531 2359 2657 2407 sunt
2678 2391 2693 2418 ,
2726 2352 2849 2411 utsi
2873 2352 3074 2415 bonum
3104 2372 3208 2415 non
3235 2369 3379 2417 esset

1786 2429 1839 2488 in
1883 2446 1989 2501 quo
2029 2430 2226 2493 malum
2265 2431 2461 2493 esset"|
2481 2478 2498 2505 ,
2526 2453 2746 2513 prorsus
2774 2456 2875 2497 nec
2903 2445 3099 2505 malum
3129 2455 3248 2507 esse
3275 2464 3376 2520 po-

1788 2522 1973 2581 tuisset
2025 2541 2039 2581 :
2088 2524 2211 2597 quia
2255 2541 2361 2585 non
2403 2527 2564 2587 modo
2607 2530 2696 2589 ubi
2725 2534 3079 2607 consisteret,
3111 2539 3205 2599 sed
3235 2542 3379 2603 unde

1780 2616 2013 2677 oriretur
2052 2618 2323 2690 corruptio
2362 2636 2468 2681 non
2499 2622 2755 2693 haberet,
2790 2626 2891 2687 nisi
2915 2639 3060 2687 esset
3085 2632 3225 2700 quod
3252 2649 3375 2691 cor-

1784 2717 2156 2780 rumperetur;
2190 2710 2330 2782 quod
2360 2712 2460 2771 nisi
2488 2712 2686 2775 bonum
2715 2726 2860 2777 esset
2882 2759 2898 2786 ,
2930 2735 3028 2779 nec
3053 2736 3375 2794 corrumpe-

1782 2808 1967 2871 retur;
2002 2802 2250 2875 quoniam
2281 2803 2409 2863 nihil
2438 2814 2520 2865 est
2543 2806 2689 2867 aliud
2716 2814 3025 2885 corruptio.
3057 2832 3217 2885 quam
3244 2819 3375 2879 boni

1782 2891 2173 2953 exterminatio.
2214 2894 2298 2955 Ex
2332 2895 2486 2955 bonis
2512 2897 2670 2969 igitur
2697 2902 2834 2960 mala
2860 2913 2977 2961 orta
2999 2916 3125 2967 sunt
3143 2948 3157 2973 .
3190 2918 3244 2967 et
3265 2911 3372 2970 nisi

1783 2981 1834 3039 in
1865 2981 2129 3057 aliquibus
2152 2983 2307 3047 bonis
2335 3002 2442 3047 non
2467 2996 2593 3047 sunt
2622 3007 2636 3046 :
2668 3006 2769 3053 nec
2796 3004 2911 3053 erat
2936 2996 3067 3055 alias
3094 2999 3234 3060 unde
3253 3004 3366 3059 ori-

1782 3081 1929 3133 retur
1975 3074 2084 3134 ulla
2127 3076 2253 3137 mali
2296 3085 2506 3138 natura.
2544 3079 2679 3139 Nam
2726 3085 2772 3143 si
2816 3096 2994 3157 esset,
3031 3090 3085 3151 in
3114 3105 3375 3164 quantum

1783 3172 1972 3225 natura
1998 3174 2143 3227 esset
2159 3206 2177 3235 ,
2209 3166 2444 3243 profecto
2468 3169 2609 3231 bona
2636 3184 2778 3235 esset
2808 3193 2825 3235 ε
2851 3186 2907 3239 et
2933 3188 3025 3239 aut
3048 3180 3371 3257 incorrupti-

1787 3258 1909 3319 bilis
1937 3268 2127 3321 natura
2152 3276 2407 3337 magnum
2436 3272 2579 3325 esset
2604 3265 2803 3329 bonum
2827 3309 2843 3340 .
2873 3274 3151 3335 autetiam
3184 3287 3373 3339 natura

1780 3351 2138 3426 corruptibilis
2199 3354 2348 3413 nullo
2411 3356 2573 3417 modo
2636 3371 2781 3423 esset
2841 3364 2945 3425 nisi
3002 3366 3215 3438 aliquod
3272 3373 3371 3431 bos

1780 3458 1906 3504 num
1930 3486 1946 3517 ,
1997 3445 2139 3521 quod
2182 3446 2379 3509 bonum
2425 3454 2820 3524 corrumpendo
2864 3469 3045 3530 posset
3081 3462 3133 3525 ei
3174 3479 3373 3528 nocere

1779 3537 2075 3612 corruptio.

1850 3629 2075 3693 CAPUT
2102 3629 2218 3691 XV.
2240 3662 2311 3680 -η
2343 3632 2610 3705 Quomodo
2637 3637 3023 3709 intelligendum
3050 3644 3183 3705 illud
3203 3688 3218 3715 ,
3248 3648 3367 3709 Non

1778 3730 1954 3793 potest
1994 3724 2154 3785 arbor
2193 3724 2333 3785 bona
2356 3766 2371 3793 .
2402 3736 2498 3785 etc.
2532 3728 2637 3789 Sed
2660 3745 2781 3791 cum
2806 3733 2947 3793 mala
2974 3750 3037 3795 ex
3068 3738 3223 3799 bonis
3252 3753 3370 3799 orta

1778 3830 1900 3875 esse
1944 3815 2171 3879 dicimus
2191 3859 2207 3889 ,
2250 3833 2356 3879 non
2392 3829 2607 3894 putetur
2640 3821 2745 3883 hoc
2779 3824 3060 3887 doniinicai
3089 3836 3369 3893 sententias

1778 3905 2073 3983 refragari,
2113 3924 2217 3983 qua
2258 3909 2427 3978 dixit.
2474 3910 2598 3969 Non
2647 3924 2807 3983 potest
2842 3918 2993 3975 arbor
3018 3919 3150 3977 bona
3175 3927 3368 3993 fructus

1778 3998 1940 4057 malos
1969 4001 2152 4071 facere.
2185 4000 2301 4057 Non
2330 4012 2506 4074 potest
2532 4006 2673 4065 enim
2693 4047 2709 4075 .
2739 4009 2877 4067 sicut
2901 4009 3108 4071 Veritas
3128 4016 3221 4083 sit,
3249 4018 3366 4075 col-

1778 4089 1867 4161 ligi
1899 4106 1996 4149 uva
2017 4090 2086 4153 de
2113 4092 2281 4163 spinis
2307 4092 2520 4165 (Matth.
2551 4112 2623 4155 vn
2643 4136 2658 4162 ,
2688 4098 2757 4157 l8
2776 4138 2793 4165 .
2826 4099 2920 4170 18)
2946 4143 2961 4167 ,
2990 4104 3111 4171 quia
3141 4121 3246 4163 non
3272 4124 3366 4176 po-

1778 4188 1885 4240 test
1927 4182 2074 4239 nasci
2113 4198 2212 4243 uva
2251 4182 2319 4243 de
2355 4184 2560 4256 spinis;
2599 4186 2693 4245 sed
2722 4203 2788 4245 ex
2815 4190 2953 4249 bona
2983 4200 3121 4253 terra
3148 4204 3203 4251 et
3231 4198 3364 4254 vites

1779 4272 1923 4333 nasci
1962 4288 2121 4345 posse
2156 4274 2398 4335 videmus
2435 4285 2491 4335 et
2516 4278 2715 4351 spinas.
2748 4281 2817 4343 Et
2840 4284 3028 4343 eodem
3056 4288 3217 4347 modo
3243 4301 3361 4349 tan-

1779 4378 1936 4434 quam
1976 4363 2137 4425 arbor
2177 4365 2315 4425 mela
2354 4366 2556 4427 fructus
2579 4369 2750 4431 bonos
2768 4414 2783 4441 ,
2810 4372 2863 4433 id
2886 4383 3002 4443 est,
3030 4391 3193 4446 Opera
3220 4380 3361 4437 bona

1780 4472 1887 4517 non
1913 4466 2088 4529 potest
2107 4456 2283 4519 facere
2306 4460 2548 4523 voluntas
2565 4462 2708 4523 mala
2730 4482 2744 4525 :
2768 4465 2861 4525 sed
2882 4482 2947 4527 ex
2970 4467 3107 4527 bona
3131 4469 3362 4529 hominis

1780 4559 1967 4611 natura
1992 4550 2121 4611 oriri
2147 4551 2391 4613 voluntas
2418 4561 2473 4613 et
2498 4554 2638 4615 bona
2664 4564 2842 4624 potest
2865 4565 2919 4617 et
2942 4559 3079 4619 mala
3103 4577 3117 4626 ;
3141 4575 3241 4621 nec
3264 4562 3363 4621 luit

1778 4654 1996 4711 prorsus
2026 4640 2164 4701 unde
2184 4642 2429 4717 primitus
2451 4644 2680 4705 oriretur
2701 4647 2945 4709 voluntas
2964 4649 3103 4709 mala
3126 4690 3142 4717 ,
3167 4652 3270 4711 nisi
3290 4668 3355 4711 ex

1778 4733 1952 4809 angeli
1978 4740 2031 4793 et
2055 4733 2284 4793 hominis
2311 4743 2501 4795 natura
2525 4736 2685 4797 bona.
2713 4737 2865 4808 Quod
2884 4749 2939 4799 et
2966 4741 3080 4812 ipse
3102 4743 3359 4804 Dominus

1778 4827 1967 4889 eodem
2007 4827 2125 4884 loco
2148 4868 2163 4894 ,
2203 4828 2291 4887 ubi
2331 4828 2399 4887 de
2433 4829 2623 4889 arbore
2650 4838 2704 4889 et
2727 4829 2987 4893 fructibus
3011 4835 3358 4907 loquebatur,

1778 4919 2115 4991 apertissime
2157 4920 2391 4981 ostendit
2432 4938 2448 4977 :
2490 4921 2565 4979 sit
2599 4921 2775 4989 enim,
2826 4926 2925 4979 Aul
2951 4928 3102 4995 facile
3128 4931 3352 4987 arborem

1778 5013 1962 5073 bonam
1993 5023 2038 5071 et
2072 5013 2291 5089 fructum
2314 5014 2424 5086 eius
2449 5014 2632 5073 bonum
2651 5055 2666 5085 ι
2696 5025 2787 5073 aut
2811 5018 2961 5089 facile
2988 5021 3219 5077 arborem
3244 5039 3359 5081 ma-

1779 5103 1883 5163 lam
1910 5111 1955 5159 et
1980 5102 2201 5175 fructum
2226 5104 2336 5179 ejus
2359 5105 2552 5165 malum
2572 5104 2682 5181 (Id.
2711 5123 2783 5165 xu
2805 5149 2821 5173 ,
2848 5108 2940 5179 55)
2970 5128 2982 5165 :
3012 5112 3142 5169 satis
3166 5112 3356 5175 adnuo.

1777 5210 1912 5255 nens
1935 5210 2000 5257 ex
2021 5195 2213 5257 arbore
2230 5194 2446 5266 quidem
2463 5195 2601 5257 bona
2621 5199 2813 5270 malos,
2831 5208 2921 5257 aut
2943 5216 3009 5259 ex
3027 5203 3163 5261 mala
3187 5204 3357 5263 bonos

1778 5290 1923 5349 nasci
1961 5289 2162 5351 fructus
2195 5305 2301 5351 non
2328 5306 2522 5365 posse;
2553 5308 2619 5351 ex
2648 5295 2763 5365 ipsa
2793 5304 2969 5359 tamen
2996 5307 3137 5359 terra
3165 5301 3252 5361 cui
3278 5300 3359 5357 lo-

1778 5384 2037 5455 quebatur
2054 5425 2068 5449 .
2095 5391 2372 5461 utramque
2392 5386 2641 5447 arborem
2663 5402 2842 5460 poese.

1847 5474 2069 5539 CAPUT
2094 5471 2234 5537 XVI.
2260 5507 2327 5516 —
2356 5478 2411 5539 5.
2442 5477 2630 5539 Rerum
2656 5495 2839 5541 causa:
2855 5496 3001 5539 nosse
3020 5497 3086 5541 an
3106 5481 3356 5553 pertineat

1841 5588 2028 5664 {editis
2043 5586 2129 5639 εεά
2151 5586 2295 5664 etiam
2315 5586 2655 5664 Abest:
2669 5588 2836 5664 ριίιξηι»
2860 5602 2887 5637 ει
2920 5590 3297 5664 usususus-

1839 5652 1950 5716 lri’.
1967 5648 2045 5700 nl.
2071 5648 2363 5716 unum,
2390 5648 2587 5716 malum,
2605 5648 2653 5698 in
2667 5648 2836 5716 textu;
2858 5648 2947 5701 sed
2968 5652 3017 5716 in
3041 5648 3258 5716 margine
3278 5669 3362 5705 νος

1776 5724 1885 5765 cem
2037 5709 2357 5787 suppleuthm'
2368 5710 2769 5787 adnatant.
2880 5713 3024 5778 Lugd.
3045 5709 3172 5787 Ven?
3187 5722 3297 5767 Lov.
3316 5718 3362 5767 in

1779 5781 1919 5843 textu
1940 5774 2044 5836 ipso
2062 5771 2258 5836 legitur,
2274 5786 2460 5834 nosque
2477 5785 2646 5822 mm
2660 5771 2920 5825 lectionem
2934 5771 3090 5829 εἶξαηὶ
3103 5790 3285 5830 sumus.
3307 5788 3361 5829 Μ.
