  <div class='ocr_page' id='page_1' title='image "/cluster/home/n/w/nwhite01/storage/ocr_20150623/40/uva.x000669811/127.png"; bbox 0 0 3882 6286; ppageno 0'>
   <div class='ocr_carea' id='block_1_1' title="bbox 474 340 583 397">
    <p class='ocr_par' dir='ltr' id='par_1_1' title="bbox 474 340 583 397">
     <span class='ocr_line' id='line_1_1' title="bbox 474 340 583 397; baseline 0.018 -2"><span class='ocrx_word' id='word_1_1' title='bbox 474 340 583 397; x_wconf 78' lang='lat'><strong>239</strong></span> 
     </span>
    </p>
   </div>
   <div class='ocr_carea' id='block_1_2' title="bbox 475 436 2071 525">
    <p class='ocr_par' dir='ltr' id='par_1_2' title="bbox 475 436 2071 525">
     <span class='ocr_line' id='line_1_2' title="bbox 475 436 2071 525; baseline -0.009 -18"><span class='ocrx_word' id='word_1_2' title='bbox 475 455 544 509; x_wconf 86' lang='lat' dir='ltr'><strong>ad</strong></span> <span class='ocrx_word' id='word_1_3' title='bbox 589 450 898 525; x_wconf 75' lang='lat' dir='ltr'><strong>felicitatem.</strong></span> <span class='ocrx_word' id='word_1_4' title='bbox 948 447 1079 516; x_wconf 74' lang='lat' dir='ltr'><strong>Quae</strong></span> <span class='ocrx_word' id='word_1_5' title='bbox 1119 462 1241 502; x_wconf 92' lang='lat' dir='ltr'><strong>cum</strong></span> <span class='ocrx_word' id='word_1_6' title='bbox 1280 445 1351 499; x_wconf 86' lang='lat' dir='ltr'><strong>ita</strong></span> <span class='ocrx_word' id='word_1_7' title='bbox 1389 445 1528 511; x_wconf 89' lang='lat' dir='ltr'><strong>sint,</strong></span> <span class='ocrx_word' id='word_1_8' title='bbox 1556 440 1768 513; x_wconf 82' lang='lat' dir='ltr'><strong>quando</strong></span> <span class='ocrx_word' id='word_1_9' title='bbox 1788 438 1943 496; x_wconf 89' lang='lat' dir='ltr'><strong>nobis</strong></span> <span class='ocrx_word' id='word_1_10' title='bbox 1961 436 2071 492; x_wconf 86' lang='lat' dir='ltr'><strong>Ma-</strong></span> 
     </span>
    </p>
   </div>
   <div class='ocr_carea' id='block_1_3' title="bbox 474 539 1195 608">
    <p class='ocr_par' dir='ltr' id='par_1_3' title="bbox 474 539 1195 608">
     <span class='ocr_line' id='line_1_3' title="bbox 474 539 1195 608; baseline -0.015 -6"><span class='ocrx_word' id='word_1_11' title='bbox 474 544 623 603; x_wconf 89' lang='lat' dir='ltr'><strong>ronis</strong></span> <span class='ocrx_word' id='word_1_12' title='bbox 652 543 741 598; x_wconf 92' lang='lat' dir='ltr'><strong>ille</strong></span> <span class='ocrx_word' id='word_1_13' title='bbox 766 553 955 596; x_wconf 90' lang='lat' dir='ltr'><strong>versus</strong></span> <span class='ocrx_word' id='word_1_14' title='bbox 982 539 1195 608; x_wconf 90' lang='lat' dir='ltr'><strong>placet,</strong></span> 
     </span>
    </p>
   </div>
   <div class='ocr_carea' id='block_1_4' title="bbox 600 652 1887 774">
    <p class='ocr_par' dir='ltr' id='par_1_4' title="bbox 600 652 1887 774">
     <span class='ocr_line' id='line_1_4' title="bbox 600 652 1887 774; baseline -0.005 -68"><span class='ocrx_word' id='word_1_15' title='bbox 600 653 736 705; x_wconf 78' lang='lat' dir='ltr'><strong>Felix</strong></span> <span class='ocrx_word' id='word_1_16' title='bbox 759 655 846 718; x_wconf 87' lang='lat' dir='ltr'><strong>qui</strong></span> <span class='ocrx_word' id='word_1_17' title='bbox 865 652 1022 717; x_wconf 87' lang='lat' dir='ltr'><strong>potuit</strong></span> <span class='ocrx_word' id='word_1_18' title='bbox 1040 663 1208 701; x_wconf 86' lang='lat' dir='ltr'><strong>rerum</strong></span> <span class='ocrx_word' id='word_1_19' title='bbox 1225 657 1731 774; x_wconf 48' lang='lat' dir='ltr'><strong>wggtézcgreugatésa:</strong></span> <span class='ocrx_word' id='word_1_20' title='bbox 1752 705 1887 769; x_wconf 46' lang='lat'><strong>‘90.)</strong></span> 
     </span>
    </p>
   </div>
   <div class='ocr_carea' id='block_1_5' title="bbox 481 810 2073 881">
    <p class='ocr_par' dir='ltr' id='par_1_5' title="bbox 481 810 2073 881">
     <span class='ocr_line' id='line_1_5' title="bbox 481 810 2073 881; baseline -0.011 -2"><span class='ocrx_word' id='word_1_21' title='bbox 481 838 589 879; x_wconf 91' lang='lat' dir='ltr'><strong>non</strong></span> <span class='ocrx_word' id='word_1_22' title='bbox 617 818 773 875; x_wconf 89' lang='lat' dir='ltr'><strong>nobis</strong></span> <span class='ocrx_word' id='word_1_23' title='bbox 800 817 1045 874; x_wconf 91' lang='lat' dir='ltr'><strong>videatur</strong></span> <span class='ocrx_word' id='word_1_24' title='bbox 1070 815 1138 870; x_wconf 89' lang='lat' dir='ltr'><strong>ad</strong></span> <span class='ocrx_word' id='word_1_25' title='bbox 1167 814 1473 869; x_wconf 77' lang='lat' dir='ltr'><strong>felicitatem</strong></span> <span class='ocrx_word' id='word_1_26' title='bbox 1496 810 1926 881; x_wconf 90' lang='lat' dir='ltr'><strong>consequendam</strong></span> <span class='ocrx_word' id='word_1_27' title='bbox 1950 822 2073 878; x_wconf 93' lang='lat' dir='ltr'><strong>per-</strong></span> 
     </span>
    </p>
   </div>
   <div class='ocr_carea' id='block_1_6' title="bbox 479 903 2072 981">
    <p class='ocr_par' dir='ltr' id='par_1_6' title="bbox 479 903 2072 981">
     <span class='ocr_line' id='line_1_6' title="bbox 479 903 2072 981; baseline -0.01 -10"><span class='ocrx_word' id='word_1_28' title='bbox 479 917 653 971; x_wconf 82' lang='lat' dir='ltr'><strong>tinere</strong></span> <span class='ocrx_word' id='word_1_29' title='bbox 676 955 691 981; x_wconf 95' lang='lat'><strong>,</strong></span> <span class='ocrx_word' id='word_1_30' title='bbox 721 912 766 968; x_wconf 89' lang='lat' dir='ltr'><strong>si</strong></span> <span class='ocrx_word' id='word_1_31' title='bbox 788 912 1019 967; x_wconf 85' lang='lat' dir='ltr'><strong>sciamus</strong></span> <span class='ocrx_word' id='word_1_32' title='bbox 1040 924 1229 964; x_wconf 85' lang='lat' dir='ltr'><strong>causas</strong></span> <span class='ocrx_word' id='word_1_33' title='bbox 1250 921 1561 977; x_wconf 86' lang='lat' dir='ltr'><strong>magnarum</strong></span> <span class='ocrx_word' id='word_1_34' title='bbox 1584 906 1637 959; x_wconf 91' lang='lat' dir='ltr'><strong>in</strong></span> <span class='ocrx_word' id='word_1_35' title='bbox 1660 903 1859 958; x_wconf 92' lang='lat' dir='ltr'><strong>mundo</strong></span> <span class='ocrx_word' id='word_1_36' title='bbox 1880 916 2072 971; x_wconf 90' lang='lat' dir='ltr'><strong>corpo-</strong></span> 
     </span>
    </p>
   </div>
   <div class='ocr_carea' id='block_1_7' title="bbox 477 996 2074 1075">
    <p class='ocr_par' dir='ltr' id='par_1_7' title="bbox 477 996 2074 1075">
     <span class='ocr_line' id='line_1_7' title="bbox 477 996 2074 1075; baseline -0.009 -10"><span class='ocrx_word' id='word_1_37' title='bbox 477 1010 670 1065; x_wconf 90' lang='lat' dir='ltr'><strong>ralium</strong></span> <span class='ocrx_word' id='word_1_38' title='bbox 712 1008 1008 1063; x_wconf 73' lang='lat' dir='ltr'><strong>motionum</strong></span> <span class='ocrx_word' id='word_1_39' title='bbox 1033 1047 1047 1071; x_wconf 96' lang='lat'><strong>,</strong></span> <span class='ocrx_word' id='word_1_40' title='bbox 1090 1019 1211 1075; x_wconf 87' lang='lat' dir='ltr'><strong>quae</strong></span> <span class='ocrx_word' id='word_1_41' title='bbox 1248 1000 1593 1058; x_wconf 89' lang='lat' dir='ltr'><strong>abditissimis</strong></span> <span class='ocrx_word' id='word_1_42' title='bbox 1630 1007 1835 1053; x_wconf 66' lang='lat' dir='ltr'><strong>natura:</strong></span> <span class='ocrx_word' id='word_1_43' title='bbox 1868 996 2074 1053; x_wconf 84' lang='lat' dir='ltr'><strong>sinibus</strong></span> 
     </span>
    </p>
   </div>
   <div class='ocr_carea' id='block_1_8' title="bbox 480 1102 845 1163">
    <p class='ocr_par' dir='ltr' id='par_1_8' title="bbox 480 1102 845 1163">
     <span class='ocr_line' id='line_1_8' title="bbox 480 1102 845 1163; baseline -0.005 -7"><span class='ocrx_word' id='word_1_44' title='bbox 480 1102 801 1157; x_wconf 81' lang='lat' dir='ltr'><strong>occuluntur</strong></span> <span class='ocrx_word' id='word_1_45' title='bbox 830 1116 845 1163; x_wconf 89' lang='lat'><strong>;</strong></span> 
     </span>
    </p>
   </div>
   <div class='ocr_carea' id='block_1_9' title="bbox 606 1204 1917 1275">
    <p class='ocr_par' dir='ltr' id='par_1_9' title="bbox 606 1204 1917 1275">
     <span class='ocr_line' id='line_1_9' title="bbox 606 1204 1917 1275; baseline -0.011 -11"><span class='ocrx_word' id='word_1_46' title='bbox 606 1214 738 1264; x_wconf 87' lang='lat' dir='ltr'><strong>Unde</strong></span> <span class='ocrx_word' id='word_1_47' title='bbox 760 1219 945 1263; x_wconf 86' lang='lat' dir='ltr'><strong>tremor</strong></span> <span class='ocrx_word' id='word_1_48' title='bbox 967 1210 1132 1275; x_wconf 84' lang='lat' dir='ltr'><strong>terris,</strong></span> <span class='ocrx_word' id='word_1_49' title='bbox 1165 1220 1261 1271; x_wconf 88' lang='lat' dir='ltr'><strong>qua</strong></span> <span class='ocrx_word' id='word_1_50' title='bbox 1280 1208 1328 1257; x_wconf 92' lang='lat' dir='ltr'><strong>vi</strong></span> <span class='ocrx_word' id='word_1_51' title='bbox 1346 1206 1495 1275; x_wconf 78' lang='lat' dir='ltr'><strong>maria</strong></span> <span class='ocrx_word' id='word_1_52' title='bbox 1511 1204 1613 1273; x_wconf 82' lang='lat' dir='ltr'><strong>alta</strong></span> <span class='ocrx_word' id='word_1_53' title='bbox 1628 1206 1917 1275; x_wconf 78' lang='lat' dir='ltr'><strong>tumescant,</strong></span> 
     </span>
    </p>
   </div>
   <div class='ocr_carea' id='block_1_10' title="bbox 604 1264 1865 1340">
    <p class='ocr_par' dir='ltr' id='par_1_10' title="bbox 604 1264 1865 1340">
     <span class='ocr_line' id='line_1_10' title="bbox 604 1264 1865 1340; baseline -0.013 -13"><span class='ocrx_word' id='word_1_54' title='bbox 604 1276 846 1339; x_wconf 84' lang='lat' dir='ltr'><strong>Objicibus</strong></span> <span class='ocrx_word' id='word_1_55' title='bbox 865 1274 1035 1336; x_wconf 88' lang='lat' dir='ltr'><strong>ruptis,</strong></span> <span class='ocrx_word' id='word_1_56' title='bbox 1060 1264 1335 1340; x_wconf 75' lang='lat' dir='ltr'><strong>rursusque</strong></span> <span class='ocrx_word' id='word_1_57' title='bbox 1359 1269 1409 1317; x_wconf 90' lang='lat' dir='ltr'><strong>in</strong></span> <span class='ocrx_word' id='word_1_58' title='bbox 1431 1264 1865 1340; x_wconf 46' lang='lat' dir='ltr'><strong>seipsale‘sidant.</strong></span> 
     </span>
    </p>
   </div>
   <div class='ocr_carea' id='block_1_11' title="bbox 1160 1327 1733 1395">
    <p class='ocr_par' dir='ltr' id='par_1_11' title="bbox 1160 1327 1733 1395">
     <span class='ocr_line' id='line_1_11' title="bbox 1160 1327 1733 1395; baseline -0.009 -15"><span class='ocrx_word' id='word_1_59' title='bbox 1160 1327 1339 1395; x_wconf 55' lang='lat' dir='ltr'><strong>(Ibid,</strong></span> <span class='ocrx_word' id='word_1_60' title='bbox 1361 1343 1434 1381; x_wconf 86' lang='grc' dir='ltr'><strong>υυ.</strong></span> <span class='ocrx_word' id='word_1_61' title='bbox 1465 1327 1576 1389; x_wconf 74' lang='grc'><strong>479,</strong></span> <span class='ocrx_word' id='word_1_62' title='bbox 1600 1327 1733 1390; x_wconf 75' lang='lat'><strong>480.)</strong></span> 
     </span>
    </p>
   </div>
   <div class='ocr_carea' id='block_1_12' title="bbox 480 1428 2077 1509">
    <p class='ocr_par' dir='ltr' id='par_1_12' title="bbox 480 1428 2077 1509">
     <span class='ocr_line' id='line_1_12' title="bbox 480 1428 2077 1509; baseline -0.013 -9"><span class='ocrx_word' id='word_1_63' title='bbox 480 1452 535 1500; x_wconf 90' lang='lat' dir='ltr'><strong>et</strong></span> <span class='ocrx_word' id='word_1_64' title='bbox 563 1451 759 1497; x_wconf 55' lang='lat' dir='ltr'><strong>cetera</strong></span> <span class='ocrx_word' id='word_1_65' title='bbox 797 1435 1104 1509; x_wconf 87' lang='lat' dir='ltr'><strong>hujusmodi</strong></span> <span class='ocrx_word' id='word_1_66' title='bbox 1148 1453 1161 1489; x_wconf 93' lang='lat'>:</span> <span class='ocrx_word' id='word_1_67' title='bbox 1206 1434 1301 1490; x_wconf 91' lang='lat' dir='ltr'><strong>sed</strong></span> <span class='ocrx_word' id='word_1_68' title='bbox 1336 1434 1597 1489; x_wconf 88' lang='lat' dir='ltr'><strong>bonarum</strong></span> <span class='ocrx_word' id='word_1_69' title='bbox 1622 1439 1677 1485; x_wconf 93' lang='lat' dir='ltr'><strong>et</strong></span> <span class='ocrx_word' id='word_1_70' title='bbox 1701 1428 1963 1484; x_wconf 88' lang='lat' dir='ltr'><strong>malarum</strong></span> <span class='ocrx_word' id='word_1_71' title='bbox 1989 1440 2077 1482; x_wconf 90' lang='lat' dir='ltr'><strong>re-</strong></span> 
     </span>
    </p>
   </div>
   <div class='ocr_carea' id='block_1_13' title="bbox 480 1524 2078 1592">
    <p class='ocr_par' dir='ltr' id='par_1_13' title="bbox 480 1524 2078 1592">
     <span class='ocr_line' id='line_1_13' title="bbox 480 1524 2078 1592; baseline -0.013 0"><span class='ocrx_word' id='word_1_72' title='bbox 480 1551 601 1592; x_wconf 87' lang='lat' dir='ltr'><strong>rum</strong></span> <span class='ocrx_word' id='word_1_73' title='bbox 628 1548 815 1589; x_wconf 85' lang='lat' dir='ltr'><strong>causas</strong></span> <span class='ocrx_word' id='word_1_74' title='bbox 844 1546 1001 1585; x_wconf 90' lang='lat' dir='ltr'><strong>nosse</strong></span> <span class='ocrx_word' id='word_1_75' title='bbox 1026 1528 1284 1584; x_wconf 86' lang='lat' dir='ltr'><strong>debemus</strong></span> <span class='ocrx_word' id='word_1_76' title='bbox 1310 1568 1324 1592; x_wconf 94' lang='lat'><strong>,</strong></span> <span class='ocrx_word' id='word_1_77' title='bbox 1350 1534 1403 1580; x_wconf 89' lang='lat' dir='ltr'><strong>et</strong></span> <span class='ocrx_word' id='word_1_78' title='bbox 1431 1524 1483 1579; x_wconf 89' lang='lat' dir='ltr'><strong>id</strong></span> <span class='ocrx_word' id='word_1_79' title='bbox 1505 1524 1784 1587; x_wconf 79' lang='lat' dir='ltr'><strong>hactenus,</strong></span> <span class='ocrx_word' id='word_1_80' title='bbox 1812 1530 2078 1592; x_wconf 85' lang='lat' dir='ltr'><strong>quatenus</strong></span> 
     </span>
    </p>
   </div>
   <div class='ocr_carea' id='block_1_14' title="bbox 482 1610 2077 1683">
    <p class='ocr_par' dir='ltr' id='par_1_14' title="bbox 482 1610 2077 1683">
     <span class='ocr_line' id='line_1_14' title="bbox 482 1610 2077 1683; baseline -0.011 -1"><span class='ocrx_word' id='word_1_81' title='bbox 482 1642 574 1683; x_wconf 91' lang='lat' dir='ltr'><strong>eas</strong></span> <span class='ocrx_word' id='word_1_82' title='bbox 616 1624 819 1680; x_wconf 84' lang='lat' dir='ltr'><strong>homini</strong></span> <span class='ocrx_word' id='word_1_83' title='bbox 849 1624 899 1677; x_wconf 94' lang='lat' dir='ltr'><strong>in</strong></span> <span class='ocrx_word' id='word_1_84' title='bbox 929 1622 1029 1676; x_wconf 92' lang='lat' dir='ltr'><strong>hac</strong></span> <span class='ocrx_word' id='word_1_85' title='bbox 1056 1621 1158 1675; x_wconf 86' lang='lat' dir='ltr'><strong>vita</strong></span> <span class='ocrx_word' id='word_1_86' title='bbox 1188 1618 1461 1676; x_wconf 90' lang='lat' dir='ltr'><strong>erroribus</strong></span> <span class='ocrx_word' id='word_1_87' title='bbox 1486 1616 1847 1683; x_wconf 68' lang='lat' dir='ltr'><strong>aarumnisque</strong></span> <span class='ocrx_word' id='word_1_88' title='bbox 1875 1610 2077 1682; x_wconf 90' lang='lat' dir='ltr'><strong>plenis-</strong></span> 
     </span>
    </p>
   </div>
   <div class='ocr_carea' id='block_1_15' title="bbox 482 1707 2080 1782">
    <p class='ocr_par' dir='ltr' id='par_1_15' title="bbox 482 1707 2080 1782">
     <span class='ocr_line' id='line_1_15' title="bbox 482 1707 2080 1782; baseline -0.01 -6"><span class='ocrx_word' id='word_1_89' title='bbox 482 1722 637 1782; x_wconf 87' lang='lat' dir='ltr'><strong>sima.</strong></span> <span class='ocrx_word' id='word_1_90' title='bbox 668 1719 735 1773; x_wconf 90' lang='lat' dir='ltr'><strong>ad</strong></span> <span class='ocrx_word' id='word_1_91' title='bbox 761 1717 977 1774; x_wconf 90' lang='lat' dir='ltr'><strong>eosdem</strong></span> <span class='ocrx_word' id='word_1_92' title='bbox 999 1729 1212 1771; x_wconf 90' lang='lat' dir='ltr'><strong>errores</strong></span> <span class='ocrx_word' id='word_1_93' title='bbox 1233 1721 1288 1767; x_wconf 89' lang='lat' dir='ltr'><strong>et</strong></span> <span class='ocrx_word' id='word_1_94' title='bbox 1308 1725 1573 1767; x_wconf 85' lang='lat' dir='ltr'><strong>aerumnas</strong></span> <span class='ocrx_word' id='word_1_95' title='bbox 1593 1707 1899 1765; x_wconf 87' lang='lat' dir='ltr'><strong>evadendas</strong></span> <span class='ocrx_word' id='word_1_96' title='bbox 1921 1720 2080 1761; x_wconf 91' lang='lat' dir='ltr'><strong>nosse</strong></span> 
     </span>
    </p>
   </div>
   <div class='ocr_carea' id='block_1_16' title="bbox 482 1801 2079 1877">
    <p class='ocr_par' dir='ltr' id='par_1_16' title="bbox 482 1801 2079 1877">
     <span class='ocr_line' id='line_1_16' title="bbox 482 1801 2079 1877; baseline -0.009 -9"><span class='ocrx_word' id='word_1_97' title='bbox 482 1812 813 1868; x_wconf 88' lang='lat' dir='ltr'><strong>conceditur.</strong></span> <span class='ocrx_word' id='word_1_98' title='bbox 860 1810 942 1863; x_wconf 86' lang='lat' dir='ltr'><strong>Ad</strong></span> <span class='ocrx_word' id='word_1_99' title='bbox 983 1808 1129 1862; x_wconf 89' lang='lat' dir='ltr'><strong>illam</strong></span> <span class='ocrx_word' id='word_1_100' title='bbox 1172 1808 1368 1877; x_wconf 90' lang='lat' dir='ltr'><strong>quippe</strong></span> <span class='ocrx_word' id='word_1_101' title='bbox 1410 1804 1716 1859; x_wconf 83' lang='lat' dir='ltr'><strong>felicitatem</strong></span> <span class='ocrx_word' id='word_1_102' title='bbox 1752 1801 2079 1858; x_wconf 89' lang='lat' dir='ltr'><strong>tendendum</strong></span> 
     </span>
    </p>
   </div>
   <div class='ocr_carea' id='block_1_17' title="bbox 483 1893 2079 1971">
    <p class='ocr_par' dir='ltr' id='par_1_17' title="bbox 483 1893 2079 1971">
     <span class='ocr_line' id='line_1_17' title="bbox 483 1893 2079 1971; baseline -0.009 -9"><span class='ocrx_word' id='word_1_103' title='bbox 483 1918 565 1964; x_wconf 87' lang='lat' dir='ltr'><strong>est</strong></span> <span class='ocrx_word' id='word_1_104' title='bbox 584 1948 598 1970; x_wconf 91' lang='lat'><strong>,</strong></span> <span class='ocrx_word' id='word_1_105' title='bbox 631 1904 722 1959; x_wconf 91' lang='lat' dir='ltr'><strong>ubi</strong></span> <span class='ocrx_word' id='word_1_106' title='bbox 751 1903 896 1957; x_wconf 91' lang='lat' dir='ltr'><strong>nulla</strong></span> <span class='ocrx_word' id='word_1_107' title='bbox 923 1902 1224 1971; x_wconf 90' lang='lat' dir='ltr'><strong>quatiamur</strong></span> <span class='ocrx_word' id='word_1_108' title='bbox 1247 1913 1484 1953; x_wconf 86' lang='lat' dir='ltr'><strong>aerumna</strong></span> <span class='ocrx_word' id='word_1_109' title='bbox 1505 1938 1520 1962; x_wconf 93' lang='lat'><strong>,</strong></span> <span class='ocrx_word' id='word_1_110' title='bbox 1543 1897 1689 1951; x_wconf 89' lang='lat' dir='ltr'><strong>nullo</strong></span> <span class='ocrx_word' id='word_1_111' title='bbox 1713 1910 1896 1951; x_wconf 89' lang='lat' dir='ltr'><strong>errore</strong></span> <span class='ocrx_word' id='word_1_112' title='bbox 1922 1893 2079 1949; x_wconf 88' lang='lat' dir='ltr'><strong>falla-</strong></span> 
     </span>
    </p>
   </div>
   <div class='ocr_carea' id='block_1_18' title="bbox 484 1986 2080 2063">
    <p class='ocr_par' dir='ltr' id='par_1_18' title="bbox 484 1986 2080 2063">
     <span class='ocr_line' id='line_1_18' title="bbox 484 1986 2080 2063; baseline -0.006 -12"><span class='ocrx_word' id='word_1_113' title='bbox 484 2012 625 2051; x_wconf 85' lang='lat' dir='ltr'><strong>mur.</strong></span> <span class='ocrx_word' id='word_1_114' title='bbox 653 1995 783 2049; x_wconf 86' lang='lat' dir='ltr'><strong>Nam</strong></span> <span class='ocrx_word' id='word_1_115' title='bbox 807 1995 853 2049; x_wconf 90' lang='lat' dir='ltr'><strong>si</strong></span> <span class='ocrx_word' id='word_1_116' title='bbox 877 2009 1053 2048; x_wconf 91' lang='lat' dir='ltr'><strong>causae</strong></span> <span class='ocrx_word' id='word_1_117' title='bbox 1082 1992 1442 2063; x_wconf 82' lang='lat' dir='ltr'><strong>corporalium</strong></span> <span class='ocrx_word' id='word_1_118' title='bbox 1472 1992 1768 2044; x_wconf 88' lang='lat' dir='ltr'><strong>motionum</strong></span> <span class='ocrx_word' id='word_1_119' title='bbox 1794 1986 2080 2043; x_wconf 66' lang='lat' dir='ltr'><strong>noscenda</strong></span> 
     </span>
    </p>
   </div>
   <div class='ocr_carea' id='block_1_19' title="bbox 485 2080 2079 2155">
    <p class='ocr_par' dir='ltr' id='par_1_19' title="bbox 485 2080 2079 2155">
     <span class='ocr_line' id='line_1_19' title="bbox 485 2080 2079 2155; baseline -0.005 -12"><span class='ocrx_word' id='word_1_120' title='bbox 485 2089 642 2144; x_wconf 91' lang='lat' dir='ltr'><strong>nobis</strong></span> <span class='ocrx_word' id='word_1_121' title='bbox 660 2096 877 2151; x_wconf 89' lang='lat' dir='ltr'><strong>essent,</strong></span> <span class='ocrx_word' id='word_1_122' title='bbox 906 2085 1079 2139; x_wconf 91' lang='lat' dir='ltr'><strong>nullas</strong></span> <span class='ocrx_word' id='word_1_123' title='bbox 1101 2085 1268 2155; x_wconf 86' lang='lat' dir='ltr'><strong>magis</strong></span> <span class='ocrx_word' id='word_1_124' title='bbox 1288 2097 1449 2139; x_wconf 89' lang='lat' dir='ltr'><strong>nosse</strong></span> <span class='ocrx_word' id='word_1_125' title='bbox 1468 2096 1629 2153; x_wconf 86' lang='lat' dir='ltr'><strong>quam</strong></span> <span class='ocrx_word' id='word_1_126' title='bbox 1651 2091 1850 2137; x_wconf 73' lang='lat' dir='ltr'><strong>nostra:</strong></span> <span class='ocrx_word' id='word_1_127' title='bbox 1870 2080 2079 2135; x_wconf 91' lang='lat' dir='ltr'><strong>valetu-</strong></span> 
     </span>
    </p>
   </div>
   <div class='ocr_carea' id='block_1_20' title="bbox 485 2171 2082 2244">
    <p class='ocr_par' dir='ltr' id='par_1_20' title="bbox 485 2171 2082 2244">
     <span class='ocr_line' id='line_1_20' title="bbox 485 2171 2082 2244; baseline -0.004 -8"><span class='ocrx_word' id='word_1_128' title='bbox 485 2182 626 2236; x_wconf 90' lang='lat' dir='ltr'><strong>dinis</strong></span> <span class='ocrx_word' id='word_1_129' title='bbox 667 2179 1004 2236; x_wconf 87' lang='lat' dir='ltr'><strong>deberemus.</strong></span> <span class='ocrx_word' id='word_1_130' title='bbox 1050 2177 1182 2232; x_wconf 90' lang='lat' dir='ltr'><strong>Cum</strong></span> <span class='ocrx_word' id='word_1_131' title='bbox 1219 2190 1349 2231; x_wconf 88' lang='lat' dir='ltr'><strong>vero</strong></span> <span class='ocrx_word' id='word_1_132' title='bbox 1387 2175 1466 2230; x_wconf 90' lang='lat' dir='ltr'><strong>eis</strong></span> <span class='ocrx_word' id='word_1_133' title='bbox 1503 2173 1761 2244; x_wconf 80' lang='lat' dir='ltr'><strong>ignoratis</strong></span> <span class='ocrx_word' id='word_1_134' title='bbox 1785 2214 1799 2239; x_wconf 96' lang='lat'><strong>,</strong></span> <span class='ocrx_word' id='word_1_135' title='bbox 1842 2171 2082 2229; x_wconf 91' lang='lat' dir='ltr'><strong>medicos</strong></span> 
     </span>
    </p>
   </div>
   <div class='ocr_carea' id='block_1_21' title="bbox 486 2266 2084 2343">
    <p class='ocr_par' dir='ltr' id='par_1_21' title="bbox 486 2266 2084 2343">
     <span class='ocr_line' id='line_1_21' title="bbox 486 2266 2084 2343; baseline -0.004 -16"><span class='ocrx_word' id='word_1_136' title='bbox 486 2274 774 2343; x_wconf 68' lang='lat' dir='ltr'><strong>qumrimus</strong></span> <span class='ocrx_word' id='word_1_137' title='bbox 793 2312 808 2337; x_wconf 93' lang='lat'><strong>,</strong></span> <span class='ocrx_word' id='word_1_138' title='bbox 855 2271 975 2341; x_wconf 87' lang='lat' dir='ltr'><strong>quis</strong></span> <span class='ocrx_word' id='word_1_139' title='bbox 1016 2284 1123 2323; x_wconf 91' lang='lat' dir='ltr'><strong>non</strong></span> <span class='ocrx_word' id='word_1_140' title='bbox 1163 2268 1340 2323; x_wconf 85' lang='lat' dir='ltr'><strong>videat</strong></span> <span class='ocrx_word' id='word_1_141' title='bbox 1371 2267 1512 2338; x_wconf 91' lang='lat' dir='ltr'><strong>quod</strong></span> <span class='ocrx_word' id='word_1_142' title='bbox 1540 2267 1606 2322; x_wconf 91' lang='lat' dir='ltr'><strong>de</strong></span> <span class='ocrx_word' id='word_1_143' title='bbox 1633 2267 1853 2322; x_wconf 89' lang='lat' dir='ltr'><strong>secretis</strong></span> <span class='ocrx_word' id='word_1_144' title='bbox 1878 2266 2003 2322; x_wconf 59' lang='lat' dir='ltr'><strong>caeli</strong></span> <span class='ocrx_word' id='word_1_145' title='bbox 2028 2274 2084 2322; x_wconf 86' lang='lat' dir='ltr'><strong>et</strong></span> 
     </span>
    </p>
   </div>
   <div class='ocr_carea' id='block_1_22' title="bbox 489 2358 1971 2431">
    <p class='ocr_par' dir='ltr' id='par_1_22' title="bbox 489 2358 1971 2431">
     <span class='ocr_line' id='line_1_22' title="bbox 489 2358 1971 2431; baseline -0.004 -14"><span class='ocrx_word' id='word_1_146' title='bbox 489 2372 646 2419; x_wconf 73' lang='lat' dir='ltr'><strong>terra:</strong></span> <span class='ocrx_word' id='word_1_147' title='bbox 670 2378 769 2418; x_wconf 91' lang='lat' dir='ltr'><strong>nos</strong></span> <span class='ocrx_word' id='word_1_148' title='bbox 795 2362 957 2428; x_wconf 92' lang='lat' dir='ltr'><strong>latet,</strong></span> <span class='ocrx_word' id='word_1_149' title='bbox 985 2369 1183 2431; x_wconf 90' lang='lat' dir='ltr'><strong>quanta</strong></span> <span class='ocrx_word' id='word_1_150' title='bbox 1208 2359 1279 2415; x_wconf 89' lang='lat' dir='ltr'><strong>sit</strong></span> <span class='ocrx_word' id='word_1_151' title='bbox 1303 2358 1557 2429; x_wconf 87' lang='lat' dir='ltr'><strong>patientia</strong></span> <span class='ocrx_word' id='word_1_152' title='bbox 1583 2358 1971 2413; x_wconf 68' lang='lat' dir='ltr'><strong>nescientium?</strong></span> 
     </span>
    </p>
   </div>
   <div class='ocr_carea' id='block_1_23' title="bbox 557 2449 2083 2520">
    <p class='ocr_par' dir='ltr' id='par_1_23' title="bbox 557 2449 2083 2520">
     <span class='ocr_line' id='line_1_23' title="bbox 557 2449 2083 2520; baseline -0.006 -8"><span class='ocrx_word' id='word_1_153' title='bbox 557 2454 784 2511; x_wconf 87' lang='lat' dir='ltr'><strong>CAPUT</strong></span> <span class='ocrx_word' id='word_1_154' title='bbox 826 2452 989 2509; x_wconf 79' lang='lat' dir='ltr'><strong>XVII.</strong></span> <span class='ocrx_word' id='word_1_155' title='bbox 1029 2478 1103 2492; x_wconf 82' lang='lat'><strong>——</strong></span> <span class='ocrx_word' id='word_1_156' title='bbox 1142 2450 1303 2504; x_wconf 86' lang='lat' dir='ltr'><strong>Error</strong></span> <span class='ocrx_word' id='word_1_157' title='bbox 1337 2451 1458 2520; x_wconf 89' lang='lat' dir='ltr'><strong>quid</strong></span> <span class='ocrx_word' id='word_1_158' title='bbox 1483 2450 1566 2503; x_wconf 84' lang='lat' dir='ltr'><strong>sit.</strong></span> <span class='ocrx_word' id='word_1_159' title='bbox 1599 2449 1722 2504; x_wconf 84' lang='lat' dir='ltr'><strong>Non</strong></span> <span class='ocrx_word' id='word_1_160' title='bbox 1747 2451 1910 2503; x_wconf 80' lang='lat' dir='ltr'><strong>omnis</strong></span> <span class='ocrx_word' id='word_1_161' title='bbox 1938 2464 2083 2504; x_wconf 83' lang='lat' dir='ltr'><strong>error</strong></span> 
     </span>
    </p>
   </div>
   <div class='ocr_carea' id='block_1_24' title="bbox 488 2526 2081 2618">
    <p class='ocr_par' dir='ltr' id='par_1_24' title="bbox 488 2526 2081 2618">
     <span class='ocr_line' id='line_1_24' title="bbox 488 2526 2081 2618; baseline -0.004 -15"><span class='ocrx_word' id='word_1_162' title='bbox 488 2548 691 2603; x_wconf 73' lang='lat' dir='ltr'><strong>noxius.</strong></span> <span class='ocrx_word' id='word_1_163' title='bbox 736 2526 1007 2618; x_wconf 73' lang='lat' dir='ltr'><strong>Augustini</strong></span> <span class='ocrx_word' id='word_1_164' title='bbox 1044 2560 1186 2599; x_wconf 82' lang='lat' dir='ltr'><strong>error</strong></span> <span class='ocrx_word' id='word_1_165' title='bbox 1229 2543 1355 2613; x_wconf 76' lang='lat' dir='ltr'><strong>felix</strong></span> <span class='ocrx_word' id='word_1_166' title='bbox 1379 2543 1433 2595; x_wconf 87' lang='lat' dir='ltr'><strong>in</strong></span> <span class='ocrx_word' id='word_1_167' title='bbox 1462 2543 1608 2597; x_wconf 83' lang='lat' dir='ltr'><strong>bivio.</strong></span> <span class='ocrx_word' id='word_1_168' title='bbox 1639 2542 1893 2611; x_wconf 84' lang='lat' dir='ltr'><strong>Quamvis</strong></span> <span class='ocrx_word' id='word_1_169' title='bbox 1935 2542 2081 2599; x_wconf 89' lang='lat' dir='ltr'><strong>enim</strong></span> 
     </span>
    </p>
   </div>
   <div class='ocr_carea' id='block_1_25' title="bbox 487 2635 2081 2712">
    <p class='ocr_par' dir='ltr' id='par_1_25' title="bbox 487 2635 2081 2712">
     <span class='ocr_line' id='line_1_25' title="bbox 487 2635 2081 2712; baseline -0.005 -14"><span class='ocrx_word' id='word_1_170' title='bbox 487 2659 639 2699; x_wconf 80' lang='lat' dir='ltr'><strong>error</strong></span> <span class='ocrx_word' id='word_1_171' title='bbox 666 2650 859 2712; x_wconf 89' lang='lat' dir='ltr'><strong>quanta</strong></span> <span class='ocrx_word' id='word_1_172' title='bbox 889 2652 1173 2710; x_wconf 90' lang='lat' dir='ltr'><strong>possumus</strong></span> <span class='ocrx_word' id='word_1_173' title='bbox 1196 2652 1321 2692; x_wconf 88' lang='lat' dir='ltr'><strong>cura</strong></span> <span class='ocrx_word' id='word_1_174' title='bbox 1348 2636 1619 2693; x_wconf 89' lang='lat' dir='ltr'><strong>cavendus</strong></span> <span class='ocrx_word' id='word_1_175' title='bbox 1646 2637 1750 2705; x_wconf 88' lang='lat' dir='ltr'><strong>sit,</strong></span> <span class='ocrx_word' id='word_1_176' title='bbox 1774 2653 1882 2692; x_wconf 91' lang='lat' dir='ltr'><strong>non</strong></span> <span class='ocrx_word' id='word_1_177' title='bbox 1904 2635 2081 2691; x_wconf 89' lang='lat' dir='ltr'><strong>solum</strong></span> 
     </span>
    </p>
   </div>
   <div class='ocr_carea' id='block_1_26' title="bbox 484 2728 2078 2802">
    <p class='ocr_par' dir='ltr' id='par_1_26' title="bbox 484 2728 2078 2802">
     <span class='ocr_line' id='line_1_26' title="bbox 484 2728 2078 2802; baseline -0.003 -15"><span class='ocrx_word' id='word_1_178' title='bbox 484 2735 539 2788; x_wconf 91' lang='lat' dir='ltr'><strong>in</strong></span> <span class='ocrx_word' id='word_1_179' title='bbox 578 2731 870 2802; x_wconf 85' lang='lat' dir='ltr'><strong>majoribus</strong></span> <span class='ocrx_word' id='word_1_180' title='bbox 892 2771 908 2798; x_wconf 92' lang='lat'><strong>,</strong></span> <span class='ocrx_word' id='word_1_181' title='bbox 935 2745 1121 2785; x_wconf 89' lang='lat' dir='ltr'><strong>verum</strong></span> <span class='ocrx_word' id='word_1_182' title='bbox 1148 2728 1307 2783; x_wconf 91' lang='lat' dir='ltr'><strong>etiam</strong></span> <span class='ocrx_word' id='word_1_183' title='bbox 1336 2729 1389 2782; x_wconf 93' lang='lat' dir='ltr'><strong>in</strong></span> <span class='ocrx_word' id='word_1_184' title='bbox 1422 2728 1721 2785; x_wconf 87' lang='lat' dir='ltr'><strong>minoribus</strong></span> <span class='ocrx_word' id='word_1_185' title='bbox 1749 2730 1911 2784; x_wconf 86' lang='lat' dir='ltr'><strong>rebus</strong></span> <span class='ocrx_word' id='word_1_186' title='bbox 1935 2770 1949 2795; x_wconf 86' lang='lat'><strong>,</strong></span> <span class='ocrx_word' id='word_1_187' title='bbox 1977 2743 2078 2783; x_wconf 89' lang='lat' dir='ltr'><strong>nec</strong></span> 
     </span>
    </p>
   </div>
   <div class='ocr_carea' id='block_1_27' title="bbox 485 2820 2081 2893">
    <p class='ocr_par' dir='ltr' id='par_1_27' title="bbox 485 2820 2081 2893">
     <span class='ocr_line' id='line_1_27' title="bbox 485 2820 2081 2893; baseline -0.003 -13"><span class='ocrx_word' id='word_1_188' title='bbox 485 2825 590 2880; x_wconf 91' lang='lat' dir='ltr'><strong>nisi</strong></span> <span class='ocrx_word' id='word_1_189' title='bbox 628 2839 808 2879; x_wconf 90' lang='lat' dir='ltr'><strong>rerum</strong></span> <span class='ocrx_word' id='word_1_190' title='bbox 849 2822 1145 2893; x_wconf 78' lang='lat' dir='ltr'><strong>ignorantia</strong></span> <span class='ocrx_word' id='word_1_191' title='bbox 1189 2820 1359 2891; x_wconf 83' lang='lat' dir='ltr'><strong>possit</strong></span> <span class='ocrx_word' id='word_1_192' title='bbox 1398 2821 1606 2886; x_wconf 90' lang='lat' dir='ltr'><strong>errari;</strong></span> <span class='ocrx_word' id='word_1_193' title='bbox 1651 2835 1757 2875; x_wconf 92' lang='lat' dir='ltr'><strong>non</strong></span> <span class='ocrx_word' id='word_1_194' title='bbox 1788 2830 1871 2876; x_wconf 93' lang='lat' dir='ltr'><strong>est</strong></span> <span class='ocrx_word' id='word_1_195' title='bbox 1900 2830 2081 2876; x_wconf 90' lang='lat' dir='ltr'><strong>tamen</strong></span> 
     </span>
    </p>
   </div>
   <div class='ocr_carea' id='block_1_28' title="bbox 484 2913 2077 2988">
    <p class='ocr_par' dir='ltr' id='par_1_28' title="bbox 484 2913 2077 2988">
     <span class='ocr_line' id='line_1_28' title="bbox 484 2913 2077 2988; baseline -0.005 -13"><span class='ocrx_word' id='word_1_196' title='bbox 484 2930 821 2988; x_wconf 89' lang='lat' dir='ltr'><strong>consequens</strong></span> <span class='ocrx_word' id='word_1_197' title='bbox 847 2924 908 2969; x_wconf 89' lang='lat' dir='ltr'><strong>ut</strong></span> <span class='ocrx_word' id='word_1_198' title='bbox 934 2916 1188 2969; x_wconf 89' lang='lat' dir='ltr'><strong>continuo</strong></span> <span class='ocrx_word' id='word_1_199' title='bbox 1215 2921 1360 2968; x_wconf 89' lang='lat' dir='ltr'><strong>erret</strong></span> <span class='ocrx_word' id='word_1_200' title='bbox 1382 2914 1624 2984; x_wconf 88' lang='lat' dir='ltr'><strong>quisquis</strong></span> <span class='ocrx_word' id='word_1_201' title='bbox 1649 2913 1848 2984; x_wconf 88' lang='lat' dir='ltr'><strong>aliquid</strong></span> <span class='ocrx_word' id='word_1_202' title='bbox 1869 2913 2077 2979; x_wconf 91' lang='lat' dir='ltr'><strong>nescit,</strong></span> 
     </span>
    </p>
   </div>
   <div class='ocr_carea' id='block_1_29' title="bbox 486 3006 2081 3081">
    <p class='ocr_par' dir='ltr' id='par_1_29' title="bbox 486 3006 2081 3081">
     <span class='ocr_line' id='line_1_29' title="bbox 486 3006 2081 3081; baseline -0.004 -13"><span class='ocrx_word' id='word_1_203' title='bbox 486 3011 582 3068; x_wconf 88' lang='lat' dir='ltr'><strong>sed</strong></span> <span class='ocrx_word' id='word_1_204' title='bbox 612 3009 853 3081; x_wconf 89' lang='lat' dir='ltr'><strong>quisquis</strong></span> <span class='ocrx_word' id='word_1_205' title='bbox 879 3022 939 3062; x_wconf 92' lang='lat' dir='ltr'><strong>se</strong></span> <span class='ocrx_word' id='word_1_206' title='bbox 962 3007 1233 3063; x_wconf 79' lang='lat' dir='ltr'><strong>existimat</strong></span> <span class='ocrx_word' id='word_1_207' title='bbox 1257 3006 1397 3061; x_wconf 90' lang='lat' dir='ltr'><strong>scire</strong></span> <span class='ocrx_word' id='word_1_208' title='bbox 1418 3006 1561 3076; x_wconf 90' lang='lat' dir='ltr'><strong>quod</strong></span> <span class='ocrx_word' id='word_1_209' title='bbox 1586 3006 1759 3062; x_wconf 89' lang='lat' dir='ltr'><strong>nescit</strong></span> <span class='ocrx_word' id='word_1_210' title='bbox 1790 3024 1804 3061; x_wconf 90' lang='lat'><strong>:</strong></span> <span class='ocrx_word' id='word_1_211' title='bbox 1832 3022 1931 3077; x_wconf 93' lang='lat' dir='ltr'><strong>pro</strong></span> <span class='ocrx_word' id='word_1_212' title='bbox 1950 3021 2081 3062; x_wconf 90' lang='lat' dir='ltr'><strong>vero</strong></span> 
     </span>
    </p>
   </div>
   <div class='ocr_carea' id='block_1_30' title="bbox 486 3097 2077 3173">
    <p class='ocr_par' dir='ltr' id='par_1_30' title="bbox 486 3097 2077 3173">
     <span class='ocr_line' id='line_1_30' title="bbox 486 3097 2077 3173; baseline -0.002 -16"><span class='ocrx_word' id='word_1_213' title='bbox 486 3104 683 3173; x_wconf 88' lang='lat' dir='ltr'><strong>quippe</strong></span> <span class='ocrx_word' id='word_1_214' title='bbox 719 3099 982 3171; x_wconf 88' lang='lat' dir='ltr'><strong>approbat</strong></span> <span class='ocrx_word' id='word_1_215' title='bbox 1018 3098 1208 3153; x_wconf 87' lang='lat' dir='ltr'><strong>falsum</strong></span> <span class='ocrx_word' id='word_1_216' title='bbox 1233 3139 1247 3164; x_wconf 93' lang='lat'><strong>,</strong></span> <span class='ocrx_word' id='word_1_217' title='bbox 1278 3097 1420 3168; x_wconf 91' lang='lat' dir='ltr'><strong>quod</strong></span> <span class='ocrx_word' id='word_1_218' title='bbox 1443 3108 1527 3153; x_wconf 91' lang='lat' dir='ltr'><strong>est</strong></span> <span class='ocrx_word' id='word_1_219' title='bbox 1550 3100 1750 3154; x_wconf 90' lang='lat' dir='ltr'><strong>erroris</strong></span> <span class='ocrx_word' id='word_1_220' title='bbox 1779 3099 2077 3169; x_wconf 90' lang='lat' dir='ltr'><strong>proprium.</strong></span> 
     </span>
    </p>
   </div>
   <div class='ocr_carea' id='block_1_31' title="bbox 485 3190 2082 3263">
    <p class='ocr_par' dir='ltr' id='par_1_31' title="bbox 485 3190 2082 3263">
     <span class='ocr_line' id='line_1_31' title="bbox 485 3190 2082 3263; baseline -0.005 -11"><span class='ocrx_word' id='word_1_221' title='bbox 485 3196 870 3252; x_wconf 80' lang='lat' dir='ltr'><strong>Verumtamen</strong></span> <span class='ocrx_word' id='word_1_222' title='bbox 906 3193 961 3247; x_wconf 91' lang='lat' dir='ltr'><strong>in</strong></span> <span class='ocrx_word' id='word_1_223' title='bbox 988 3207 1094 3263; x_wconf 90' lang='lat' dir='ltr'><strong>qua</strong></span> <span class='ocrx_word' id='word_1_224' title='bbox 1120 3207 1179 3246; x_wconf 90' lang='lat' dir='ltr'><strong>re</strong></span> <span class='ocrx_word' id='word_1_225' title='bbox 1207 3191 1433 3262; x_wconf 91' lang='lat' dir='ltr'><strong>quisque</strong></span> <span class='ocrx_word' id='word_1_226' title='bbox 1460 3198 1638 3257; x_wconf 89' lang='lat' dir='ltr'><strong>erret,</strong></span> <span class='ocrx_word' id='word_1_227' title='bbox 1669 3191 1892 3246; x_wconf 87' lang='lat' dir='ltr'><strong>interest</strong></span> <span class='ocrx_word' id='word_1_228' title='bbox 1916 3190 2082 3261; x_wconf 87' lang='lat' dir='ltr'><strong>pluri-</strong></span> 
     </span>
    </p>
   </div>
   <div class='ocr_carea' id='block_1_32' title="bbox 486 3282 2078 3352">
    <p class='ocr_par' dir='ltr' id='par_1_32' title="bbox 486 3282 2078 3352">
     <span class='ocr_line' id='line_1_32' title="bbox 486 3282 2078 3352; baseline -0.002 -11"><span class='ocrx_word' id='word_1_229' title='bbox 486 3303 652 3342; x_wconf 87' lang='lat' dir='ltr'><strong>mum.</strong></span> <span class='ocrx_word' id='word_1_230' title='bbox 696 3285 831 3341; x_wconf 84' lang='lat' dir='ltr'><strong>Nam</strong></span> <span class='ocrx_word' id='word_1_231' title='bbox 870 3284 927 3339; x_wconf 92' lang='lat' dir='ltr'><strong>in</strong></span> <span class='ocrx_word' id='word_1_232' title='bbox 963 3300 1066 3338; x_wconf 91' lang='lat' dir='ltr'><strong>una</strong></span> <span class='ocrx_word' id='word_1_233' title='bbox 1091 3282 1387 3352; x_wconf 89' lang='lat' dir='ltr'><strong>eademque</strong></span> <span class='ocrx_word' id='word_1_234' title='bbox 1414 3298 1474 3338; x_wconf 91' lang='lat' dir='ltr'><strong>re</strong></span> <span class='ocrx_word' id='word_1_235' title='bbox 1500 3291 1555 3339; x_wconf 90' lang='lat' dir='ltr'><strong>et</strong></span> <span class='ocrx_word' id='word_1_236' title='bbox 1578 3283 1839 3338; x_wconf 85' lang='lat' dir='ltr'><strong>nescienti</strong></span> <span class='ocrx_word' id='word_1_237' title='bbox 1865 3282 2041 3339; x_wconf 91' lang='lat' dir='ltr'><strong>sciens</strong></span> <span class='ocrx_word' id='word_1_238' title='bbox 2062 3324 2078 3351; x_wconf 92' lang='lat'><strong>,</strong></span> 
     </span>
    </p>
   </div>
   <div class='ocr_carea' id='block_1_33' title="bbox 487 3374 2080 3445">
    <p class='ocr_par' dir='ltr' id='par_1_33' title="bbox 487 3374 2080 3445">
     <span class='ocr_line' id='line_1_33' title="bbox 487 3374 2080 3445; baseline -0.003 -10"><span class='ocrx_word' id='word_1_239' title='bbox 487 3388 544 3435; x_wconf 91' lang='lat' dir='ltr'><strong>et</strong></span> <span class='ocrx_word' id='word_1_240' title='bbox 580 3377 781 3434; x_wconf 88' lang='lat' dir='ltr'><strong>erranti</strong></span> <span class='ocrx_word' id='word_1_241' title='bbox 825 3390 933 3431; x_wconf 92' lang='lat' dir='ltr'><strong>non</strong></span> <span class='ocrx_word' id='word_1_242' title='bbox 972 3389 1159 3431; x_wconf 92' lang='lat' dir='ltr'><strong>errans</strong></span> <span class='ocrx_word' id='word_1_243' title='bbox 1182 3416 1196 3440; x_wconf 92' lang='lat'><strong>,</strong></span> <span class='ocrx_word' id='word_1_244' title='bbox 1242 3382 1389 3429; x_wconf 89' lang='lat' dir='ltr'><strong>recta</strong></span> <span class='ocrx_word' id='word_1_245' title='bbox 1414 3374 1622 3430; x_wconf 87' lang='lat' dir='ltr'><strong>ratione</strong></span> <span class='ocrx_word' id='word_1_246' title='bbox 1648 3374 1993 3445; x_wconf 71' lang='lat' dir='ltr'><strong>praeponitur.</strong></span> <span class='ocrx_word' id='word_1_247' title='bbox 2020 3374 2080 3430; x_wconf 88' lang='lat' dir='ltr'><strong>In</strong></span> 
     </span>
    </p>
   </div>
   <div class='ocr_carea' id='block_1_34' title="bbox 487 3467 2081 3536">
    <p class='ocr_par' dir='ltr' id='par_1_34' title="bbox 487 3467 2081 3536">
     <span class='ocr_line' id='line_1_34' title="bbox 487 3467 2081 3536; baseline -0.002 -9"><span class='ocrx_word' id='word_1_248' title='bbox 487 3471 712 3527; x_wconf 87' lang='lat' dir='ltr'><strong>diversis</strong></span> <span class='ocrx_word' id='word_1_249' title='bbox 740 3478 918 3525; x_wconf 90' lang='lat' dir='ltr'><strong>autem</strong></span> <span class='ocrx_word' id='word_1_250' title='bbox 940 3468 1102 3523; x_wconf 87' lang='lat' dir='ltr'><strong>rebus</strong></span> <span class='ocrx_word' id='word_1_251' title='bbox 1124 3508 1140 3534; x_wconf 93' lang='lat'><strong>,</strong></span> <span class='ocrx_word' id='word_1_252' title='bbox 1168 3467 1220 3522; x_wconf 93' lang='lat' dir='ltr'><strong>id</strong></span> <span class='ocrx_word' id='word_1_253' title='bbox 1244 3474 1329 3522; x_wconf 86' lang='lat' dir='ltr'><strong>est</strong></span> <span class='ocrx_word' id='word_1_254' title='bbox 1346 3509 1361 3534; x_wconf 93' lang='lat'><strong>,</strong></span> <span class='ocrx_word' id='word_1_255' title='bbox 1390 3481 1512 3523; x_wconf 89' lang='lat' dir='ltr'><strong>cum</strong></span> <span class='ocrx_word' id='word_1_256' title='bbox 1536 3468 1637 3523; x_wconf 92' lang='lat' dir='ltr'><strong>iste</strong></span> <span class='ocrx_word' id='word_1_257' title='bbox 1664 3468 1797 3523; x_wconf 88' lang='lat' dir='ltr'><strong>sciat</strong></span> <span class='ocrx_word' id='word_1_258' title='bbox 1820 3468 1924 3523; x_wconf 89' lang='lat' dir='ltr'><strong>alia</strong></span> <span class='ocrx_word' id='word_1_259' title='bbox 1942 3508 1960 3536; x_wconf 90' lang='lat'><strong>,</strong></span> <span class='ocrx_word' id='word_1_260' title='bbox 1990 3468 2081 3525; x_wconf 91' lang='lat' dir='ltr'><strong>ille</strong></span> 
     </span>
    </p>
   </div>
   <div class='ocr_carea' id='block_1_35' title="bbox 490 3558 2111 3629">
    <p class='ocr_par' dir='ltr' id='par_1_35' title="bbox 490 3558 2111 3629">
     <span class='ocr_line' id='line_1_35' title="bbox 490 3558 2111 3629; baseline -0.002 -11"><span class='ocrx_word' id='word_1_261' title='bbox 490 3563 597 3618; x_wconf 91' lang='lat' dir='ltr'><strong>alia</strong></span> <span class='ocrx_word' id='word_1_262' title='bbox 621 3579 636 3629; x_wconf 89' lang='lat'><strong>;</strong></span> <span class='ocrx_word' id='word_1_263' title='bbox 675 3570 731 3617; x_wconf 90' lang='lat' dir='ltr'><strong>et</strong></span> <span class='ocrx_word' id='word_1_264' title='bbox 756 3560 861 3617; x_wconf 88' lang='lat' dir='ltr'><strong>iste</strong></span> <span class='ocrx_word' id='word_1_265' title='bbox 882 3560 1124 3625; x_wconf 90' lang='lat' dir='ltr'><strong>utiliora,</strong></span> <span class='ocrx_word' id='word_1_266' title='bbox 1159 3558 1248 3614; x_wconf 93' lang='lat' dir='ltr'><strong>ille</strong></span> <span class='ocrx_word' id='word_1_267' title='bbox 1272 3559 1447 3614; x_wconf 89' lang='lat' dir='ltr'><strong>minus</strong></span> <span class='ocrx_word' id='word_1_268' title='bbox 1471 3558 1619 3614; x_wconf 90' lang='lat' dir='ltr'><strong>utilia</strong></span> <span class='ocrx_word' id='word_1_269' title='bbox 1637 3600 1652 3624; x_wconf 90' lang='lat'><strong>,</strong></span> <span class='ocrx_word' id='word_1_270' title='bbox 1684 3560 1770 3615; x_wconf 89' lang='lat' dir='ltr'><strong>vel</strong></span> <span class='ocrx_word' id='word_1_271' title='bbox 1794 3560 1956 3615; x_wconf 90' lang='lat' dir='ltr'><strong>etiam</strong></span> <span class='ocrx_word' id='word_1_272' title='bbox 1983 3574 2080 3616; x_wconf 82' lang='lat' dir='ltr'><strong>no-</strong></span> <span class='ocrx_word' id='word_1_273' title='bbox 2106 3584 2111 3589; x_wconf 92' lang='grc'>·</span> 
     </span>
    </p>
   </div>
   <div class='ocr_carea' id='block_1_36' title="bbox 490 3650 2083 3724">
    <p class='ocr_par' dir='ltr' id='par_1_36' title="bbox 490 3650 2083 3724">
     <span class='ocr_line' id='line_1_36' title="bbox 490 3650 2083 3724; baseline -0.002 -13"><span class='ocrx_word' id='word_1_274' title='bbox 490 3656 575 3711; x_wconf 84' lang='lat' dir='ltr'><strong>xia</strong></span> <span class='ocrx_word' id='word_1_275' title='bbox 601 3672 616 3709; x_wconf 89' lang='lat'><strong>:</strong></span> <span class='ocrx_word' id='word_1_276' title='bbox 645 3656 765 3724; x_wconf 89' lang='lat' dir='ltr'><strong>quis</strong></span> <span class='ocrx_word' id='word_1_277' title='bbox 785 3667 893 3707; x_wconf 90' lang='lat' dir='ltr'><strong>non</strong></span> <span class='ocrx_word' id='word_1_278' title='bbox 915 3652 968 3705; x_wconf 93' lang='lat' dir='ltr'><strong>in</strong></span> <span class='ocrx_word' id='word_1_279' title='bbox 993 3651 1073 3706; x_wconf 91' lang='lat' dir='ltr'><strong>eis</strong></span> <span class='ocrx_word' id='word_1_280' title='bbox 1091 3666 1211 3721; x_wconf 77' lang='lat' dir='ltr'><strong>quae</strong></span> <span class='ocrx_word' id='word_1_281' title='bbox 1236 3650 1323 3706; x_wconf 90' lang='lat' dir='ltr'><strong>ille</strong></span> <span class='ocrx_word' id='word_1_282' title='bbox 1343 3651 1477 3716; x_wconf 93' lang='lat' dir='ltr'><strong>scit,</strong></span> <span class='ocrx_word' id='word_1_283' title='bbox 1501 3651 1550 3706; x_wconf 93' lang='lat' dir='ltr'><strong>ei</strong></span> <span class='ocrx_word' id='word_1_284' title='bbox 1571 3651 1822 3721; x_wconf 79' lang='lat' dir='ltr'><strong>praeferat</strong></span> <span class='ocrx_word' id='word_1_285' title='bbox 1837 3652 2083 3709; x_wconf 87' lang='lat' dir='ltr'><strong>nescien-</strong></span> 
     </span>
    </p>
   </div>
   <div class='ocr_carea' id='block_1_37' title="bbox 487 3745 2082 3818">
    <p class='ocr_par' dir='ltr' id='par_1_37' title="bbox 487 3745 2082 3818">
     <span class='ocr_line' id='line_1_37' title="bbox 487 3745 2082 3818; baseline 0.002 -14"><span class='ocrx_word' id='word_1_286' title='bbox 487 3748 640 3805; x_wconf 80' lang='lat' dir='ltr'><strong>tem?</strong></span> <span class='ocrx_word' id='word_1_287' title='bbox 681 3747 819 3803; x_wconf 91' lang='lat' dir='ltr'><strong>Sunt</strong></span> <span class='ocrx_word' id='word_1_288' title='bbox 850 3745 991 3802; x_wconf 90' lang='lat' dir='ltr'><strong>enim</strong></span> <span class='ocrx_word' id='word_1_289' title='bbox 1023 3745 1265 3816; x_wconf 64' lang='lat' dir='ltr'><strong>quaedam</strong></span> <span class='ocrx_word' id='word_1_290' title='bbox 1294 3760 1413 3816; x_wconf 73' lang='lat' dir='ltr'><strong>quae</strong></span> <span class='ocrx_word' id='word_1_291' title='bbox 1437 3746 1645 3802; x_wconf 88' lang='lat' dir='ltr'><strong>nescire</strong></span> <span class='ocrx_word' id='word_1_292' title='bbox 1670 3763 1829 3818; x_wconf 87' lang='lat' dir='ltr'><strong>quam</strong></span> <span class='ocrx_word' id='word_1_293' title='bbox 1851 3750 1990 3806; x_wconf 92' lang='lat' dir='ltr'><strong>scire</strong></span> <span class='ocrx_word' id='word_1_294' title='bbox 2010 3751 2082 3807; x_wconf 90' lang='lat' dir='ltr'><strong>sit</strong></span> 
     </span>
    </p>
   </div>
   <div class='ocr_carea' id='block_1_38' title="bbox 488 3837 2076 3912">
    <p class='ocr_par' dir='ltr' id='par_1_38' title="bbox 488 3837 2076 3912">
     <span class='ocr_line' id='line_1_38' title="bbox 488 3837 2076 3912; baseline 0.001 -16"><span class='ocrx_word' id='word_1_295' title='bbox 488 3840 702 3897; x_wconf 88' lang='lat' dir='ltr'><strong>melius.</strong></span> <span class='ocrx_word' id='word_1_296' title='bbox 750 3837 989 3907; x_wconf 91' lang='lat' dir='ltr'><strong>Itemque</strong></span> <span class='ocrx_word' id='word_1_297' title='bbox 1028 3837 1301 3892; x_wconf 91' lang='lat' dir='ltr'><strong>nonnullis</strong></span> <span class='ocrx_word' id='word_1_298' title='bbox 1324 3851 1506 3893; x_wconf 91' lang='lat' dir='ltr'><strong>errare</strong></span> <span class='ocrx_word' id='word_1_299' title='bbox 1531 3837 1730 3908; x_wconf 83' lang='lat' dir='ltr'><strong>profuit</strong></span> <span class='ocrx_word' id='word_1_300' title='bbox 1755 3839 2076 3912; x_wconf 89' lang='lat' dir='ltr'><strong>aliquando,</strong></span> 
     </span>
    </p>
   </div>
   <div class='ocr_carea' id='block_1_39' title="bbox 489 3928 2079 4003">
    <p class='ocr_par' dir='ltr' id='par_1_39' title="bbox 489 3928 2079 4003">
     <span class='ocr_line' id='line_1_39' title="bbox 489 3928 2079 4003; baseline 0.003 -18"><span class='ocrx_word' id='word_1_301' title='bbox 489 3931 585 3987; x_wconf 89' lang='lat' dir='ltr'><strong>sed</strong></span> <span class='ocrx_word' id='word_1_302' title='bbox 613 3932 665 3985; x_wconf 90' lang='lat' dir='ltr'><strong>in</strong></span> <span class='ocrx_word' id='word_1_303' title='bbox 687 3930 770 3984; x_wconf 87' lang='lat' dir='ltr'><strong>via</strong></span> <span class='ocrx_word' id='word_1_304' title='bbox 788 3928 982 4001; x_wconf 87' lang='lat' dir='ltr'><strong>pedum</strong></span> <span class='ocrx_word' id='word_1_305' title='bbox 1000 3969 1016 3995; x_wconf 91' lang='lat'><strong>,</strong></span> <span class='ocrx_word' id='word_1_306' title='bbox 1044 3942 1155 3983; x_wconf 90' lang='lat' dir='ltr'><strong>non</strong></span> <span class='ocrx_word' id='word_1_307' title='bbox 1177 3929 1229 3982; x_wconf 92' lang='lat' dir='ltr'><strong>in</strong></span> <span class='ocrx_word' id='word_1_308' title='bbox 1252 3928 1335 3982; x_wconf 91' lang='lat' dir='ltr'><strong>via</strong></span> <span class='ocrx_word' id='word_1_309' title='bbox 1363 3944 1592 3983; x_wconf 90' lang='lat' dir='ltr'><strong>morum.</strong></span> <span class='ocrx_word' id='word_1_310' title='bbox 1616 3928 1751 3984; x_wconf 90' lang='lat' dir='ltr'><strong>Nam</strong></span> <span class='ocrx_word' id='word_1_311' title='bbox 1772 3932 1927 3987; x_wconf 91' lang='lat' dir='ltr'><strong>nobis</strong></span> <span class='ocrx_word' id='word_1_312' title='bbox 1948 3933 2079 4003; x_wconf 88' lang='lat' dir='ltr'><strong>ipsis</strong></span> 
     </span>
    </p>
   </div>
   <div class='ocr_carea' id='block_1_40' title="bbox 488 4018 2080 4091">
    <p class='ocr_par' dir='ltr' id='par_1_40' title="bbox 488 4018 2080 4091">
     <span class='ocr_line' id='line_1_40' title="bbox 488 4018 2080 4091; baseline 0.003 -13"><span class='ocrx_word' id='word_1_313' title='bbox 488 4022 682 4079; x_wconf 88' lang='lat' dir='ltr'><strong>accidit</strong></span> <span class='ocrx_word' id='word_1_314' title='bbox 704 4029 763 4077; x_wconf 92' lang='lat' dir='ltr'><strong>ut</strong></span> <span class='ocrx_word' id='word_1_315' title='bbox 785 4020 838 4075; x_wconf 93' lang='lat' dir='ltr'><strong>in</strong></span> <span class='ocrx_word' id='word_1_316' title='bbox 865 4019 1095 4091; x_wconf 89' lang='lat' dir='ltr'><strong>quodam</strong></span> <span class='ocrx_word' id='word_1_317' title='bbox 1121 4019 1264 4075; x_wconf 92' lang='lat' dir='ltr'><strong>bivio</strong></span> <span class='ocrx_word' id='word_1_318' title='bbox 1290 4018 1596 4074; x_wconf 89' lang='lat' dir='ltr'><strong>falleremur</strong></span> <span class='ocrx_word' id='word_1_319' title='bbox 1617 4059 1635 4087; x_wconf 92' lang='lat'><strong>,</strong></span> <span class='ocrx_word' id='word_1_320' title='bbox 1665 4031 1720 4076; x_wconf 91' lang='lat' dir='ltr'><strong>et</strong></span> <span class='ocrx_word' id='word_1_321' title='bbox 1743 4037 1849 4077; x_wconf 93' lang='lat' dir='ltr'><strong>non</strong></span> <span class='ocrx_word' id='word_1_322' title='bbox 1877 4024 2080 4082; x_wconf 88' lang='lat' dir='ltr'><strong>iremus</strong></span> 
     </span>
    </p>
   </div>
   <div class='ocr_carea' id='block_1_41' title="bbox 489 4110 2078 4185">
    <p class='ocr_par' dir='ltr' id='par_1_41' title="bbox 489 4110 2078 4185">
     <span class='ocr_line' id='line_1_41' title="bbox 489 4110 2078 4185; baseline 0.001 -14"><span class='ocrx_word' id='word_1_323' title='bbox 489 4131 585 4185; x_wconf 91' lang='lat' dir='ltr'><strong>per</strong></span> <span class='ocrx_word' id='word_1_324' title='bbox 613 4128 733 4170; x_wconf 90' lang='lat' dir='ltr'><strong>eum</strong></span> <span class='ocrx_word' id='word_1_325' title='bbox 760 4112 936 4167; x_wconf 90' lang='lat' dir='ltr'><strong>locum</strong></span> <span class='ocrx_word' id='word_1_326' title='bbox 966 4110 1058 4166; x_wconf 93' lang='lat' dir='ltr'><strong>ubi</strong></span> <span class='ocrx_word' id='word_1_327' title='bbox 1081 4110 1367 4182; x_wconf 88' lang='lat' dir='ltr'><strong>opperiens</strong></span> <span class='ocrx_word' id='word_1_328' title='bbox 1392 4110 1674 4166; x_wconf 85' lang='lat' dir='ltr'><strong>transitum</strong></span> <span class='ocrx_word' id='word_1_329' title='bbox 1704 4122 1945 4169; x_wconf 90' lang='lat' dir='ltr'><strong>nostrum</strong></span> <span class='ocrx_word' id='word_1_330' title='bbox 1970 4117 2078 4173; x_wconf 91' lang='lat' dir='ltr'><strong>Do-</strong></span> 
     </span>
    </p>
   </div>
   <div class='ocr_carea' id='block_1_42' title="bbox 487 4202 2080 4279">
    <p class='ocr_par' dir='ltr' id='par_1_42' title="bbox 487 4202 2080 4279">
     <span class='ocr_line' id='line_1_42' title="bbox 487 4202 2080 4279; baseline 0.004 -19"><span class='ocrx_word' id='word_1_331' title='bbox 487 4206 799 4261; x_wconf 87' lang='lat' dir='ltr'><strong>natistarum</strong></span> <span class='ocrx_word' id='word_1_332' title='bbox 836 4217 1029 4259; x_wconf 90' lang='lat' dir='ltr'><strong>manus</strong></span> <span class='ocrx_word' id='word_1_333' title='bbox 1064 4211 1269 4258; x_wconf 89' lang='lat' dir='ltr'><strong>armata</strong></span> <span class='ocrx_word' id='word_1_334' title='bbox 1309 4202 1621 4259; x_wconf 83' lang='lat' dir='ltr'><strong>subsederat</strong></span> <span class='ocrx_word' id='word_1_335' title='bbox 1657 4204 1736 4277; x_wconf 92' lang='lat' dir='ltr'><strong>(a)</strong></span> <span class='ocrx_word' id='word_1_336' title='bbox 1766 4223 1779 4260; x_wconf 89' lang='lat'><strong>:</strong></span> <span class='ocrx_word' id='word_1_337' title='bbox 1809 4214 1968 4279; x_wconf 87' lang='lat' dir='ltr'><strong>atque</strong></span> <span class='ocrx_word' id='word_1_338' title='bbox 2005 4209 2080 4267; x_wconf 87' lang='lat' dir='ltr'><strong>ita</strong></span> 
     </span>
    </p>
   </div>
   <div class='ocr_carea' id='block_1_43' title="bbox 489 4295 2080 4368">
    <p class='ocr_par' dir='ltr' id='par_1_43' title="bbox 489 4295 2080 4368">
     <span class='ocr_line' id='line_1_43' title="bbox 489 4295 2080 4368; baseline 0.004 -15"><span class='ocrx_word' id='word_1_339' title='bbox 489 4300 683 4354; x_wconf 87' lang='lat' dir='ltr'><strong>factum</strong></span> <span class='ocrx_word' id='word_1_340' title='bbox 709 4305 793 4353; x_wconf 88' lang='lat' dir='ltr'><strong>est</strong></span> <span class='ocrx_word' id='word_1_341' title='bbox 817 4306 873 4351; x_wconf 93' lang='lat' dir='ltr'><strong>ut</strong></span> <span class='ocrx_word' id='word_1_342' title='bbox 896 4312 962 4353; x_wconf 91' lang='lat' dir='ltr'><strong>eo</strong></span> <span class='ocrx_word' id='word_1_343' title='bbox 987 4311 1093 4367; x_wconf 93' lang='lat' dir='ltr'><strong>quo</strong></span> <span class='ocrx_word' id='word_1_344' title='bbox 1114 4295 1463 4352; x_wconf 88' lang='lat' dir='ltr'><strong>tendebamus</strong></span> <span class='ocrx_word' id='word_1_345' title='bbox 1486 4338 1502 4363; x_wconf 92' lang='lat'><strong>,</strong></span> <span class='ocrx_word' id='word_1_346' title='bbox 1531 4313 1628 4368; x_wconf 91' lang='lat' dir='ltr'><strong>per</strong></span> <span class='ocrx_word' id='word_1_347' title='bbox 1645 4299 1862 4355; x_wconf 91' lang='lat' dir='ltr'><strong>devium</strong></span> <span class='ocrx_word' id='word_1_348' title='bbox 1888 4302 2080 4359; x_wconf 90' lang='lat' dir='ltr'><strong>circui-</strong></span> 
     </span>
    </p>
   </div>
   <div class='ocr_carea' id='block_1_44' title="bbox 491 4386 2080 4463">
    <p class='ocr_par' dir='ltr' id='par_1_44' title="bbox 491 4386 2080 4463">
     <span class='ocr_line' id='line_1_44' title="bbox 491 4386 2080 4463; baseline 0.002 -17"><span class='ocrx_word' id='word_1_349' title='bbox 491 4402 601 4446; x_wconf 91' lang='lat' dir='ltr'><strong>tum</strong></span> <span class='ocrx_word' id='word_1_350' title='bbox 621 4388 931 4445; x_wconf 88' lang='lat' dir='ltr'><strong>veniremus</strong></span> <span class='ocrx_word' id='word_1_351' title='bbox 953 4403 969 4453; x_wconf 88' lang='lat'><strong>;</strong></span> <span class='ocrx_word' id='word_1_352' title='bbox 994 4386 1329 4457; x_wconf 74' lang='lat' dir='ltr'><strong>cognitisque</strong></span> <span class='ocrx_word' id='word_1_353' title='bbox 1349 4386 1555 4443; x_wconf 91' lang='lat' dir='ltr'><strong>insidiis</strong></span> <span class='ocrx_word' id='word_1_354' title='bbox 1575 4388 1785 4444; x_wconf 90' lang='lat' dir='ltr'><strong>illorum</strong></span> <span class='ocrx_word' id='word_1_355' title='bbox 1802 4433 1817 4459; x_wconf 91' lang='lat'><strong>,</strong></span> <span class='ocrx_word' id='word_1_356' title='bbox 1843 4407 1940 4448; x_wconf 92' lang='lat' dir='ltr'><strong>nos</strong></span> <span class='ocrx_word' id='word_1_357' title='bbox 1957 4409 2080 4463; x_wconf 91' lang='lat' dir='ltr'><strong>gra-</strong></span> 
     </span>
    </p>
   </div>
   <div class='ocr_carea' id='block_1_45' title="bbox 489 4479 2074 4555">
    <p class='ocr_par' dir='ltr' id='par_1_45' title="bbox 489 4479 2074 4555">
     <span class='ocr_line' id='line_1_45' title="bbox 489 4479 2074 4555; baseline 0.003 -15"><span class='ocrx_word' id='word_1_358' title='bbox 489 4486 780 4540; x_wconf 91' lang='lat' dir='ltr'><strong>tularemur</strong></span> <span class='ocrx_word' id='word_1_359' title='bbox 805 4495 1014 4537; x_wconf 89' lang='lat' dir='ltr'><strong>errasse</strong></span> <span class='ocrx_word' id='word_1_360' title='bbox 1032 4520 1047 4545; x_wconf 90' lang='lat'><strong>,</strong></span> <span class='ocrx_word' id='word_1_361' title='bbox 1078 4489 1239 4550; x_wconf 90' lang='lat' dir='ltr'><strong>atque</strong></span> <span class='ocrx_word' id='word_1_362' title='bbox 1264 4479 1388 4536; x_wconf 88' lang='lat' dir='ltr'><strong>inde</strong></span> <span class='ocrx_word' id='word_1_363' title='bbox 1412 4482 1609 4551; x_wconf 87' lang='lat' dir='ltr'><strong>gratias</strong></span> <span class='ocrx_word' id='word_1_364' title='bbox 1637 4499 1915 4555; x_wconf 80' lang='lat' dir='ltr'><strong>ageremus</strong></span> <span class='ocrx_word' id='word_1_365' title='bbox 1943 4488 2074 4544; x_wconf 91' lang='lat' dir='ltr'><strong>Deo.</strong></span> 
     </span>
    </p>
   </div>
   <div class='ocr_carea' id='block_1_46' title="bbox 487 4572 2079 4646">
    <p class='ocr_par' dir='ltr' id='par_1_46' title="bbox 487 4572 2079 4646">
     <span class='ocr_line' id='line_1_46' title="bbox 487 4572 2079 4646; baseline 0.004 -16"><span class='ocrx_word' id='word_1_366' title='bbox 487 4578 619 4645; x_wconf 85' lang='lat' dir='ltr'><strong>Quis</strong></span> <span class='ocrx_word' id='word_1_367' title='bbox 658 4590 787 4646; x_wconf 90' lang='lat' dir='ltr'><strong>ergo</strong></span> <span class='ocrx_word' id='word_1_368' title='bbox 824 4574 1083 4629; x_wconf 87' lang='lat' dir='ltr'><strong>viatorem</strong></span> <span class='ocrx_word' id='word_1_369' title='bbox 1124 4572 1203 4627; x_wconf 90' lang='lat' dir='ltr'><strong>sic</strong></span> <span class='ocrx_word' id='word_1_370' title='bbox 1240 4582 1508 4629; x_wconf 87' lang='lat' dir='ltr'><strong>errantem</strong></span> <span class='ocrx_word' id='word_1_371' title='bbox 1545 4576 1623 4631; x_wconf 89' lang='lat' dir='ltr'><strong>sic</strong></span> <span class='ocrx_word' id='word_1_372' title='bbox 1646 4591 1751 4632; x_wconf 91' lang='lat' dir='ltr'><strong>non</strong></span> <span class='ocrx_word' id='word_1_373' title='bbox 1777 4581 1977 4635; x_wconf 83' lang='lat' dir='ltr'><strong>erranti</strong></span> <span class='ocrx_word' id='word_1_374' title='bbox 2002 4582 2079 4635; x_wconf 90' lang='lat' dir='ltr'><strong>la-</strong></span> 
     </span>
    </p>
   </div>
   <div class='ocr_carea' id='block_1_47' title="bbox 489 4663 2078 4742">
    <p class='ocr_par' dir='ltr' id='par_1_47' title="bbox 489 4663 2078 4742">
     <span class='ocr_line' id='line_1_47' title="bbox 489 4663 2078 4742; baseline 0.005 -21"><span class='ocrx_word' id='word_1_375' title='bbox 489 4666 629 4721; x_wconf 87' lang='lat' dir='ltr'><strong>troni</strong></span> <span class='ocrx_word' id='word_1_376' title='bbox 670 4680 984 4735; x_wconf 84' lang='lat' dir='ltr'><strong>praeponere</strong></span> <span class='ocrx_word' id='word_1_377' title='bbox 1026 4663 1392 4720; x_wconf 85' lang='lat' dir='ltr'><strong>dubitaverit?</strong></span> <span class='ocrx_word' id='word_1_378' title='bbox 1432 4665 1500 4720; x_wconf 87' lang='lat' dir='ltr'><strong>Et</strong></span> <span class='ocrx_word' id='word_1_379' title='bbox 1535 4666 1762 4726; x_wconf 88' lang='lat' dir='ltr'><strong>fortasse</strong></span> <span class='ocrx_word' id='word_1_380' title='bbox 1792 4671 1911 4727; x_wconf 87' lang='lat' dir='ltr'><strong>ideo</strong></span> <span class='ocrx_word' id='word_1_381' title='bbox 1936 4674 2078 4742; x_wconf 91' lang='lat' dir='ltr'><strong>apud</strong></span> 
     </span>
    </p>
   </div>
   <div class='ocr_carea' id='block_1_48' title="bbox 489 4757 2073 4835">
    <p class='ocr_par' dir='ltr' id='par_1_48' title="bbox 489 4757 2073 4835">
     <span class='ocr_line' id='line_1_48' title="bbox 489 4757 2073 4835; baseline 0.005 -22"><span class='ocrx_word' id='word_1_382' title='bbox 489 4758 641 4813; x_wconf 92' lang='lat' dir='ltr'><strong>illum</strong></span> <span class='ocrx_word' id='word_1_383' title='bbox 663 4772 931 4812; x_wconf 89' lang='lat' dir='ltr'><strong>summum</strong></span> <span class='ocrx_word' id='word_1_384' title='bbox 953 4767 1164 4827; x_wconf 86' lang='lat' dir='ltr'><strong>poetam</strong></span> <span class='ocrx_word' id='word_1_385' title='bbox 1186 4757 1412 4828; x_wconf 89' lang='lat' dir='ltr'><strong>loquens</strong></span> <span class='ocrx_word' id='word_1_386' title='bbox 1431 4761 1644 4830; x_wconf 89' lang='lat' dir='ltr'><strong>quidam</strong></span> <span class='ocrx_word' id='word_1_387' title='bbox 1668 4764 1833 4820; x_wconf 88' lang='lat' dir='ltr'><strong>miser</strong></span> <span class='ocrx_word' id='word_1_388' title='bbox 1848 4776 2073 4835; x_wconf 90' lang='lat' dir='ltr'><strong>amator,</strong></span> 
     </span>
    </p>
   </div>
   <div class='ocr_carea' id='block_1_49' title="bbox 582 4862 1994 4927">
    <p class='ocr_par' dir='ltr' id='par_1_49' title="bbox 582 4862 1994 4927">
     <span class='ocr_line' id='line_1_49' title="bbox 582 4862 1994 4927; baseline 0.007 -13"><span class='ocrx_word' id='word_1_389' title='bbox 582 4871 641 4916; x_wconf 89' lang='lat' dir='ltr'><strong>Ut</strong></span> <span class='ocrx_word' id='word_1_390' title='bbox 661 4862 758 4915; x_wconf 85' lang='lat' dir='ltr'><strong>vidi</strong></span> <span class='ocrx_word' id='word_1_391' title='bbox 780 4862 996 4927; x_wconf 84' lang='lat' dir='ltr'><strong>(inquit),</strong></span> <span class='ocrx_word' id='word_1_392' title='bbox 1019 4870 1073 4915; x_wconf 88' lang='lat' dir='ltr'><strong>ut</strong></span> <span class='ocrx_word' id='word_1_393' title='bbox 1093 4864 1236 4927; x_wconf 85' lang='lat' dir='ltr'><strong>perii,</strong></span> <span class='ocrx_word' id='word_1_394' title='bbox 1258 4871 1315 4915; x_wconf 87' lang='lat' dir='ltr'><strong>ut</strong></span> <span class='ocrx_word' id='word_1_395' title='bbox 1335 4878 1416 4917; x_wconf 88' lang='lat' dir='ltr'><strong>me</strong></span> <span class='ocrx_word' id='word_1_396' title='bbox 1436 4868 1592 4919; x_wconf 87' lang='lat' dir='ltr'><strong>malus</strong></span> <span class='ocrx_word' id='word_1_397' title='bbox 1610 4869 1809 4920; x_wconf 84' lang='lat' dir='ltr'><strong>abstulit</strong></span> <span class='ocrx_word' id='word_1_398' title='bbox 1826 4874 1994 4924; x_wconf 81' lang='lat' dir='ltr'><strong>errori</strong></span> 
     </span>
    </p>
   </div>
   <div class='ocr_carea' id='block_1_50' title="bbox 1256 4927 1892 4996">
    <p class='ocr_par' dir='ltr' id='par_1_50' title="bbox 1256 4927 1892 4996">
     <span class='ocr_line' id='line_1_50' title="bbox 1256 4927 1892 4996; baseline 0.011 -20"><span class='ocrx_word' id='word_1_399' title='bbox 1256 4927 1454 4995; x_wconf 74' lang='lat' dir='ltr'><strong>(Virgil.</strong></span> <span class='ocrx_word' id='word_1_400' title='bbox 1477 4929 1639 4995; x_wconf 77' lang='lat' dir='ltr'><strong>Eclog.</strong></span> <span class='ocrx_word' id='word_1_401' title='bbox 1656 4932 1705 4991; x_wconf 88' lang='lat'><strong>8,</strong></span> <span class='ocrx_word' id='word_1_402' title='bbox 1724 4945 1768 4982; x_wconf 83' lang='grc' dir='ltr'><strong>υ.</strong></span> <span class='ocrx_word' id='word_1_403' title='bbox 1788 4932 1892 4996; x_wconf 75' lang='grc'><strong>41.)</strong></span> 
     </span>
    </p>
   </div>
   <div class='ocr_carea' id='block_1_51' title="bbox 486 5031 2072 5107">
    <p class='ocr_par' dir='ltr' id='par_1_51' title="bbox 486 5031 2072 5107">
     <span class='ocr_line' id='line_1_51' title="bbox 486 5031 2072 5107; baseline 0.008 -20"><span class='ocrx_word' id='word_1_404' title='bbox 486 5033 738 5107; x_wconf 91' lang='lat' dir='ltr'><strong>quoniam</strong></span> <span class='ocrx_word' id='word_1_405' title='bbox 759 5040 840 5086; x_wconf 91' lang='lat' dir='ltr'><strong>est</strong></span> <span class='ocrx_word' id='word_1_406' title='bbox 862 5039 916 5086; x_wconf 91' lang='lat' dir='ltr'><strong>et</strong></span> <span class='ocrx_word' id='word_1_407' title='bbox 934 5045 1087 5086; x_wconf 90' lang='lat' dir='ltr'><strong>error</strong></span> <span class='ocrx_word' id='word_1_408' title='bbox 1112 5031 1304 5100; x_wconf 91' lang='lat' dir='ltr'><strong>bonus,</strong></span> <span class='ocrx_word' id='word_1_409' title='bbox 1336 5036 1423 5105; x_wconf 93' lang='lat' dir='ltr'><strong>qui</strong></span> <span class='ocrx_word' id='word_1_410' title='bbox 1453 5052 1557 5091; x_wconf 90' lang='lat' dir='ltr'><strong>non</strong></span> <span class='ocrx_word' id='word_1_411' title='bbox 1598 5037 1770 5092; x_wconf 92' lang='lat' dir='ltr'><strong>solum</strong></span> <span class='ocrx_word' id='word_1_412' title='bbox 1803 5039 1934 5097; x_wconf 92' lang='lat' dir='ltr'><strong>nihil</strong></span> <span class='ocrx_word' id='word_1_413' title='bbox 1966 5043 2072 5099; x_wconf 93' lang='lat' dir='ltr'><strong>ob-</strong></span> 
     </span>
    </p>
   </div>
   <div class='ocr_carea' id='block_1_52' title="bbox 488 5123 2073 5201">
    <p class='ocr_par' dir='ltr' id='par_1_52' title="bbox 488 5123 2073 5201">
     <span class='ocr_line' id='line_1_52' title="bbox 488 5123 2073 5201; baseline 0.007 -19"><span class='ocrx_word' id='word_1_414' title='bbox 488 5126 580 5194; x_wconf 91' lang='lat' dir='ltr'><strong>sit,</strong></span> <span class='ocrx_word' id='word_1_415' title='bbox 613 5139 798 5179; x_wconf 91' lang='lat' dir='ltr'><strong>verum</strong></span> <span class='ocrx_word' id='word_1_416' title='bbox 818 5123 976 5179; x_wconf 89' lang='lat' dir='ltr'><strong>etiam</strong></span> <span class='ocrx_word' id='word_1_417' title='bbox 1010 5124 1179 5193; x_wconf 89' lang='lat' dir='ltr'><strong>prosit</strong></span> <span class='ocrx_word' id='word_1_418' title='bbox 1205 5124 1424 5196; x_wconf 89' lang='lat' dir='ltr'><strong>aliquid.</strong></span> <span class='ocrx_word' id='word_1_419' title='bbox 1452 5125 1557 5183; x_wconf 89' lang='lat' dir='ltr'><strong>Sed</strong></span> <span class='ocrx_word' id='word_1_420' title='bbox 1587 5127 1896 5201; x_wconf 85' lang='lat' dir='ltr'><strong>diligentius</strong></span> <span class='ocrx_word' id='word_1_421' title='bbox 1939 5150 2073 5192; x_wconf 85' lang='lat' dir='ltr'><strong>con-</strong></span> 
     </span>
    </p>
   </div>
   <div class='ocr_carea' id='block_1_53' title="bbox 490 5216 2071 5300">
    <p class='ocr_par' dir='ltr' id='par_1_53' title="bbox 490 5216 2071 5300">
     <span class='ocr_line' id='line_1_53' title="bbox 490 5216 2071 5300; baseline 0.008 -26"><span class='ocrx_word' id='word_1_422' title='bbox 490 5217 721 5274; x_wconf 87' lang='lat' dir='ltr'><strong>siderata</strong></span> <span class='ocrx_word' id='word_1_423' title='bbox 748 5216 991 5285; x_wconf 89' lang='lat' dir='ltr'><strong>veritate,</strong></span> <span class='ocrx_word' id='word_1_424' title='bbox 1014 5231 1137 5272; x_wconf 93' lang='lat' dir='ltr'><strong>cum</strong></span> <span class='ocrx_word' id='word_1_425' title='bbox 1178 5217 1324 5272; x_wconf 90' lang='lat' dir='ltr'><strong>aliud</strong></span> <span class='ocrx_word' id='word_1_426' title='bbox 1373 5219 1503 5275; x_wconf 91' lang='lat' dir='ltr'><strong>nihil</strong></span> <span class='ocrx_word' id='word_1_427' title='bbox 1547 5222 1617 5276; x_wconf 90' lang='lat' dir='ltr'><strong>sit</strong></span> <span class='ocrx_word' id='word_1_428' title='bbox 1660 5237 1864 5294; x_wconf 88' lang='lat' dir='ltr'><strong>errare,</strong></span> <span class='ocrx_word' id='word_1_429' title='bbox 1909 5244 2071 5300; x_wconf 89' lang='lat' dir='ltr'><strong>quam</strong></span> 
     </span>
    </p>
   </div>
   <div class='ocr_carea' id='block_1_54' title="bbox 439 5309 2069 5391">
    <p class='ocr_par' dir='ltr' id='par_1_54' title="bbox 439 5309 2069 5391">
     <span class='ocr_line' id='line_1_54' title="bbox 439 5309 2069 5391; baseline 0.009 -25"><span class='ocrx_word' id='word_1_430' title='bbox 439 5309 461 5387; x_wconf 52' lang='lat'><strong>,1</strong></span> <span class='ocrx_word' id='word_1_431' title='bbox 487 5325 675 5367; x_wconf 84' lang='lat' dir='ltr'><strong>verum</strong></span> <span class='ocrx_word' id='word_1_432' title='bbox 698 5320 889 5382; x_wconf 90' lang='lat' dir='ltr'><strong>putare</strong></span> <span class='ocrx_word' id='word_1_433' title='bbox 916 5310 1057 5381; x_wconf 92' lang='lat' dir='ltr'><strong>quod</strong></span> <span class='ocrx_word' id='word_1_434' title='bbox 1085 5309 1277 5365; x_wconf 86' lang='lat' dir='ltr'><strong>falsum</strong></span> <span class='ocrx_word' id='word_1_435' title='bbox 1304 5318 1406 5377; x_wconf 88' lang='lat' dir='ltr'><strong>est,</strong></span> <span class='ocrx_word' id='word_1_436' title='bbox 1450 5311 1751 5387; x_wconf 82' lang='lat' dir='ltr'><strong>falsumque</strong></span> <span class='ocrx_word' id='word_1_437' title='bbox 1793 5322 1936 5391; x_wconf 92' lang='lat' dir='ltr'><strong>quod</strong></span> <span class='ocrx_word' id='word_1_438' title='bbox 1976 5340 2069 5381; x_wconf 87' lang='lat' dir='ltr'><strong>ve-</strong></span> 
     </span>
    </p>
   </div>
   <div class='ocr_carea' id='block_1_55' title="bbox 489 5403 2072 5478">
    <p class='ocr_par' dir='ltr' id='par_1_55' title="bbox 489 5403 2072 5478">
     <span class='ocr_line' id='line_1_55' title="bbox 489 5403 2072 5478; baseline 0.009 -18"><span class='ocrx_word' id='word_1_439' title='bbox 489 5419 612 5460; x_wconf 90' lang='lat' dir='ltr'><strong>rum</strong></span> <span class='ocrx_word' id='word_1_440' title='bbox 638 5414 753 5470; x_wconf 89' lang='lat' dir='ltr'><strong>est;</strong></span> <span class='ocrx_word' id='word_1_441' title='bbox 786 5403 868 5459; x_wconf 91' lang='lat' dir='ltr'><strong>vel</strong></span> <span class='ocrx_word' id='word_1_442' title='bbox 889 5412 1093 5458; x_wconf 89' lang='lat' dir='ltr'><strong>certum</strong></span> <span class='ocrx_word' id='word_1_443' title='bbox 1121 5403 1318 5459; x_wconf 87' lang='lat' dir='ltr'><strong>habere</strong></span> <span class='ocrx_word' id='word_1_444' title='bbox 1348 5419 1446 5475; x_wconf 92' lang='lat' dir='ltr'><strong>pro</strong></span> <span class='ocrx_word' id='word_1_445' title='bbox 1471 5405 1697 5478; x_wconf 87' lang='lat' dir='ltr'><strong>incerto,</strong></span> <span class='ocrx_word' id='word_1_446' title='bbox 1742 5411 2072 5476; x_wconf 86' lang='lat' dir='ltr'><strong>incertumve</strong></span> 
     </span>
    </p>
   </div>
   <div class='ocr_carea' id='block_1_56' title="bbox 492 5497 2073 5577">
    <p class='ocr_par' dir='ltr' id='par_1_56' title="bbox 492 5497 2073 5577">
     <span class='ocr_line' id='line_1_56' title="bbox 492 5497 2073 5577; baseline 0.006 -22"><span class='ocrx_word' id='word_1_447' title='bbox 492 5514 591 5572; x_wconf 90' lang='lat' dir='ltr'><strong>pro</strong></span> <span class='ocrx_word' id='word_1_448' title='bbox 614 5508 784 5566; x_wconf 86' lang='lat' dir='ltr'><strong>certo,</strong></span> <span class='ocrx_word' id='word_1_449' title='bbox 807 5497 920 5554; x_wconf 87' lang='lat' dir='ltr'><strong>sive</strong></span> <span class='ocrx_word' id='word_1_450' title='bbox 944 5497 1156 5564; x_wconf 90' lang='lat' dir='ltr'><strong>falsum,</strong></span> <span class='ocrx_word' id='word_1_451' title='bbox 1186 5498 1299 5555; x_wconf 89' lang='lat' dir='ltr'><strong>sive</strong></span> <span class='ocrx_word' id='word_1_452' title='bbox 1327 5500 1396 5554; x_wconf 92' lang='lat' dir='ltr'><strong>sit</strong></span> <span class='ocrx_word' id='word_1_453' title='bbox 1418 5515 1639 5572; x_wconf 85' lang='lat' dir='ltr'><strong>verum;</strong></span> <span class='ocrx_word' id='word_1_454' title='bbox 1670 5504 1828 5577; x_wconf 91' lang='lat' dir='ltr'><strong>idque</strong></span> <span class='ocrx_word' id='word_1_455' title='bbox 1854 5518 1960 5567; x_wconf 90' lang='lat' dir='ltr'><strong>tam</strong></span> <span class='ocrx_word' id='word_1_456' title='bbox 2001 5514 2073 5570; x_wconf 80' lang='lat' dir='ltr'><strong>sit</strong></span> 
     </span>
    </p>
   </div>
   <div class='ocr_carea' id='block_1_57' title="bbox 549 5632 2073 5711">
    <p class='ocr_par' dir='ltr' id='par_1_57' title="bbox 549 5632 2073 5711">
     <span class='ocr_line' id='line_1_57' title="bbox 549 5632 2073 5711; baseline 0.001 0"><span class='ocrx_word' id='word_1_457' title='bbox 549 5636 623 5711; x_wconf 58' lang='grc' dir='ltr'><strong>(φ)</strong></span> <span class='ocrx_word' id='word_1_458' title='bbox 645 5632 1067 5711; x_wconf 55' lang='grc' dir='ltr'><strong>είτομωοριιίοιῑθξ</strong></span> <span class='ocrx_word' id='word_1_459' title='bbox 1096 5638 1267 5711; x_wconf 66' lang='lat' dir='ltr'><strong>m9</strong></span> <span class='ocrx_word' id='word_1_460' title='bbox 1302 5644 1476 5711; x_wconf 60' lang='lat' dir='ltr'><strong>castra.</strong></span> <span class='ocrx_word' id='word_1_461' title='bbox 1499 5645 1813 5711; x_wconf 68' lang='lat' dir='ltr'><strong>Augustinum</strong></span> <span class='ocrx_word' id='word_1_462' title='bbox 1850 5648 1953 5700; x_wconf 79' lang='lat' dir='ltr'><strong>vias</strong></span> <span class='ocrx_word' id='word_1_463' title='bbox 1984 5649 2073 5702; x_wconf 76' lang='lat' dir='ltr'><strong>au-</strong></span> 
     </span>
    </p>
   </div>
   <div class='ocr_carea' id='block_1_58' title="bbox 486 5699 2068 5778">
    <p class='ocr_par' dir='ltr' id='par_1_58' title="bbox 486 5699 2068 5778">
     <span class='ocr_line' id='line_1_58' title="bbox 486 5699 2068 5778; baseline 0 0"><span class='ocrx_word' id='word_1_464' title='bbox 486 5699 1199 5778; x_wconf 58' lang='lat' dir='ltr'><strong>n9iie_9essee_e§e</strong></span> <span class='ocrx_word' id='word_1_465' title='bbox 1225 5701 1437 5778; x_wconf 57' lang='lat' dir='ltr'><strong>mea</strong></span> <span class='ocrx_word' id='word_1_466' title='bbox 1463 5705 1514 5754; x_wconf 68' lang='lat' dir='ltr'><strong>in</strong></span> <span class='ocrx_word' id='word_1_467' title='bbox 1553 5699 1660 5778; x_wconf 65' lang='grc' dir='ltr'><strong>έὶιιβ</strong></span> <span class='ocrx_word' id='word_1_468' title='bbox 1681 5708 1807 5778; x_wconf 60' lang='grc' dir='ltr'><strong>νεφι</strong></span> <span class='ocrx_word' id='word_1_469' title='bbox 1832 5699 1943 5778; x_wconf 60' lang='lat' dir='ltr'><strong>cap;</strong></span> <span class='ocrx_word' id='word_1_470' title='bbox 1974 5699 2068 5778; x_wconf 66' lang='grc' dir='ltr'><strong>ιῖς</strong></span> 
     </span>
    </p>
   </div>
   <div class='ocr_carea' id='block_1_59' title="bbox 486 5760 2071 5835">
    <p class='ocr_par' dir='ltr' id='par_1_59' title="bbox 486 5760 2071 5835">
     <span class='ocr_line' id='line_1_59' title="bbox 486 5760 2071 5835; baseline 0.015 -29"><span class='ocrx_word' id='word_1_471' title='bbox 486 5760 571 5808; x_wconf 79' lang='lat' dir='ltr'><strong>ubi</strong></span> <span class='ocrx_word' id='word_1_472' title='bbox 592 5760 733 5835; x_wconf 81' lang='lat' dir='ltr'><strong>hujus</strong></span> <span class='ocrx_word' id='word_1_473' title='bbox 757 5762 903 5835; x_wconf 77' lang='lat' dir='ltr'><strong>etiam</strong></span> <span class='ocrx_word' id='word_1_474' title='bbox 922 5762 1204 5835; x_wconf 71' lang='lat' dir='ltr'><strong>recordatur</strong></span> <span class='ocrx_word' id='word_1_475' title='bbox 1237 5764 1458 5831; x_wconf 87' lang='lat' dir='ltr'><strong>periculi,</strong></span> <span class='ocrx_word' id='word_1_476' title='bbox 1481 5760 1609 5831; x_wconf 74' lang='lat' dir='ltr'><strong>quod</strong></span> <span class='ocrx_word' id='word_1_477' title='bbox 1630 5760 2071 5830; x_wconf 37' lang='lat' dir='ltr'><strong>hominis-ductoris</strong></span> 
     </span>
    </p>
   </div>
   <div class='ocr_carea' id='block_1_60' title="bbox 488 5828 1156 5884">
    <p class='ocr_par' dir='ltr' id='par_1_60' title="bbox 488 5828 1156 5884">
     <span class='ocr_line' id='line_1_60' title="bbox 488 5828 1156 5884; baseline 0.004 -12"><span class='ocrx_word' id='word_1_478' title='bbox 488 5834 653 5872; x_wconf 68' lang='lat' dir='ltr'><strong>errore</strong></span> <span class='ocrx_word' id='word_1_479' title='bbox 677 5828 831 5871; x_wconf 86' lang='lat' dir='ltr'><strong>evasit</strong></span> <span class='ocrx_word' id='word_1_480' title='bbox 854 5828 1156 5884; x_wconf 82' lang='lat' dir='ltr'><strong>Augustinus.</strong></span> 
     </span>
    </p>
   </div>
   <div class='ocr_carea' id='block_1_61' title="bbox 983 318 3715 396">
    <p class='ocr_par' dir='ltr' id='par_1_61' title="bbox 983 318 3715 396">
     <span class='ocr_line' id='line_1_61' title="bbox 983 318 3715 396; baseline -0.005 -8"><span class='ocrx_word' id='word_1_481' title='bbox 983 326 1441 396; x_wconf 81' lang='lat' dir='ltr'><strong>ENCIIIRIDION,</strong></span> <span class='ocrx_word' id='word_1_482' title='bbox 1482 325 1634 383; x_wconf 82' lang='lat' dir='ltr'><strong>SIVE</strong></span> <span class='ocrx_word' id='word_1_483' title='bbox 1677 327 1763 381; x_wconf 83' lang='lat' dir='ltr'><strong>DE</strong></span> <span class='ocrx_word' id='word_1_484' title='bbox 1801 323 1979 391; x_wconf 81' lang='lat' dir='ltr'><strong>FIDE,</strong></span> <span class='ocrx_word' id='word_1_485' title='bbox 2019 320 2144 377; x_wconf 87' lang='lat' dir='ltr'><strong>SPE</strong></span> <span class='ocrx_word' id='word_1_486' title='bbox 2182 318 2269 375; x_wconf 86' lang='lat' dir='ltr'><strong>ET</strong></span> <span class='ocrx_word' id='word_1_487' title='bbox 2309 318 2727 385; x_wconf 77' lang='lat' dir='ltr'><strong>CHARITATE,</strong></span> <span class='ocrx_word' id='word_1_488' title='bbox 2768 320 2826 375; x_wconf 92' lang='lat' dir='ltr'><strong>S.</strong></span> <span class='ocrx_word' id='word_1_489' title='bbox 2867 318 3233 377; x_wconf 80' lang='lat' dir='ltr'><strong>AUGUSTINI</strong></span> <span class='ocrx_word' id='word_1_490' title='bbox 3630 331 3715 393; x_wconf 63' lang='grc' dir='ltr'><strong>ξω</strong></span> 
     </span>
    </p>
   </div>
   <div class='ocr_carea' id='block_1_62' title="bbox 2178 436 3713 513">
    <p class='ocr_par' dir='ltr' id='par_1_62' title="bbox 2178 436 3713 513">
     <span class='ocr_line' id='line_1_62' title="bbox 2178 436 3713 513; baseline 0.007 -21"><span class='ocrx_word' id='word_1_491' title='bbox 2178 437 2231 492; x_wconf 82' lang='grc' dir='ltr'><strong>ἱη</strong></span> <span class='ocrx_word' id='word_1_492' title='bbox 2258 438 2436 492; x_wconf 90' lang='lat' dir='ltr'><strong>animo</strong></span> <span class='ocrx_word' id='word_1_493' title='bbox 2474 436 2715 492; x_wconf 87' lang='lat' dir='ltr'><strong>deforme</strong></span> <span class='ocrx_word' id='word_1_494' title='bbox 2755 445 2915 508; x_wconf 88' lang='lat' dir='ltr'><strong>atque</strong></span> <span class='ocrx_word' id='word_1_495' title='bbox 2962 436 3231 507; x_wconf 88' lang='lat' dir='ltr'><strong>indecens,</strong></span> <span class='ocrx_word' id='word_1_496' title='bbox 3284 453 3442 511; x_wconf 87' lang='lat' dir='ltr'><strong>quam</strong></span> <span class='ocrx_word' id='word_1_497' title='bbox 3470 442 3713 513; x_wconf 87' lang='lat' dir='ltr'><strong>pulchrum</strong></span> 
     </span>
    </p>
   </div>
   <div class='ocr_carea' id='block_1_63' title="bbox 2177 530 3708 605">
    <p class='ocr_par' dir='ltr' id='par_1_63' title="bbox 2177 530 3708 605">
     <span class='ocr_line' id='line_1_63' title="bbox 2177 530 3708 605; baseline 0.007 -20"><span class='ocrx_word' id='word_1_498' title='bbox 2177 540 2232 586; x_wconf 91' lang='lat' dir='ltr'><strong>et</strong></span> <span class='ocrx_word' id='word_1_499' title='bbox 2259 530 2514 585; x_wconf 88' lang='lat' dir='ltr'><strong>decorum</strong></span> <span class='ocrx_word' id='word_1_500' title='bbox 2553 545 2673 586; x_wconf 88' lang='lat' dir='ltr'><strong>esse</strong></span> <span class='ocrx_word' id='word_1_501' title='bbox 2718 531 2999 597; x_wconf 89' lang='lat' dir='ltr'><strong>sentimus,</strong></span> <span class='ocrx_word' id='word_1_502' title='bbox 3025 531 3111 587; x_wconf 87' lang='lat' dir='ltr'><strong>vel</strong></span> <span class='ocrx_word' id='word_1_503' title='bbox 3151 532 3203 587; x_wconf 91' lang='lat' dir='ltr'><strong>in</strong></span> <span class='ocrx_word' id='word_1_504' title='bbox 3231 532 3515 605; x_wconf 89' lang='lat' dir='ltr'><strong>loquendo,</strong></span> <span class='ocrx_word' id='word_1_505' title='bbox 3554 539 3627 595; x_wconf 86' lang='lat' dir='ltr'><strong>vel</strong></span> <span class='ocrx_word' id='word_1_506' title='bbox 3665 542 3708 600; x_wconf 83' lang='lat' dir='ltr'><strong>in</strong></span> 
     </span>
    </p>
   </div>
   <div class='ocr_carea' id='block_1_64' title="bbox 2177 621 3713 704">
    <p class='ocr_par' dir='ltr' id='par_1_64' title="bbox 2177 621 3713 704">
     <span class='ocr_line' id='line_1_64' title="bbox 2177 621 3713 704; baseline 0.003 -28"><span class='ocrx_word' id='word_1_507' title='bbox 2177 622 2545 689; x_wconf 86' lang='lat' dir='ltr'><strong>assentiendo,</strong></span> <span class='ocrx_word' id='word_1_508' title='bbox 2596 621 2713 689; x_wconf 78' lang='lat' dir='ltr'><strong>Eat,</strong></span> <span class='ocrx_word' id='word_1_509' title='bbox 2768 631 2860 689; x_wconf 80' lang='lat' dir='ltr'><strong>est,</strong></span> <span class='ocrx_word' id='word_1_510' title='bbox 2908 622 3051 692; x_wconf 84' lang='lat' dir='ltr'><strong>Non,</strong></span> <span class='ocrx_word' id='word_1_511' title='bbox 3096 640 3198 680; x_wconf 80' lang='lat' dir='ltr'><strong>non</strong></span> <span class='ocrx_word' id='word_1_512' title='bbox 3244 623 3457 697; x_wconf 78' lang='lat' dir='ltr'><strong>(Matth.</strong></span> <span class='ocrx_word' id='word_1_513' title='bbox 3493 645 3543 696; x_wconf 91' lang='lat' dir='ltr'><strong>v,</strong></span> <span class='ocrx_word' id='word_1_514' title='bbox 3579 631 3713 704; x_wconf 76' lang='lat'><strong>37);</strong></span> 
     </span>
    </p>
   </div>
   <div class='ocr_carea' id='block_1_65' title="bbox 2179 717 3718 800">
    <p class='ocr_par' dir='ltr' id='par_1_65' title="bbox 2179 717 3718 800">
     <span class='ocr_line' id='line_1_65' title="bbox 2179 717 3718 800; baseline 0.008 -27"><span class='ocrx_word' id='word_1_515' title='bbox 2179 717 2419 790; x_wconf 84' lang='lat' dir='ltr'><strong>profecto</strong></span> <span class='ocrx_word' id='word_1_516' title='bbox 2468 727 2522 774; x_wconf 91' lang='lat' dir='ltr'><strong>et</strong></span> <span class='ocrx_word' id='word_1_517' title='bbox 2549 718 2618 775; x_wconf 89' lang='lat' dir='ltr'><strong>ob</strong></span> <span class='ocrx_word' id='word_1_518' title='bbox 2651 718 2755 775; x_wconf 91' lang='lat' dir='ltr'><strong>hoc</strong></span> <span class='ocrx_word' id='word_1_519' title='bbox 2783 720 2957 790; x_wconf 89' lang='lat' dir='ltr'><strong>ipsum</strong></span> <span class='ocrx_word' id='word_1_520' title='bbox 2999 730 3083 777; x_wconf 89' lang='lat' dir='ltr'><strong>est</strong></span> <span class='ocrx_word' id='word_1_521' title='bbox 3128 722 3234 778; x_wconf 89' lang='lat' dir='ltr'><strong>vita</strong></span> <span class='ocrx_word' id='word_1_522' title='bbox 3275 723 3469 781; x_wconf 86' lang='lat' dir='ltr'><strong>misera</strong></span> <span class='ocrx_word' id='word_1_523' title='bbox 3507 725 3601 782; x_wconf 86' lang='lat' dir='ltr'><strong>ista</strong></span> <span class='ocrx_word' id='word_1_524' title='bbox 3636 745 3718 800; x_wconf 87' lang='lat' dir='ltr'><strong>qua</strong></span> 
     </span>
    </p>
   </div>
   <div class='ocr_carea' id='block_1_66' title="bbox 2180 810 3712 890">
    <p class='ocr_par' dir='ltr' id='par_1_66' title="bbox 2180 810 3712 890">
     <span class='ocr_line' id='line_1_66' title="bbox 2180 810 3712 890; baseline 0.008 -25"><span class='ocrx_word' id='word_1_525' title='bbox 2180 810 2445 881; x_wconf 88' lang='lat' dir='ltr'><strong>vivimus,</strong></span> <span class='ocrx_word' id='word_1_526' title='bbox 2490 812 2633 883; x_wconf 90' lang='lat' dir='ltr'><strong>quod</strong></span> <span class='ocrx_word' id='word_1_527' title='bbox 2673 813 2723 869; x_wconf 89' lang='lat' dir='ltr'><strong>ei</strong></span> <span class='ocrx_word' id='word_1_528' title='bbox 2765 828 3171 885; x_wconf 89' lang='lat' dir='ltr'><strong>nonnunquam,</strong></span> <span class='ocrx_word' id='word_1_529' title='bbox 3216 824 3276 871; x_wconf 92' lang='lat' dir='ltr'><strong>ut</strong></span> <span class='ocrx_word' id='word_1_530' title='bbox 3317 833 3423 873; x_wconf 88' lang='lat' dir='ltr'><strong>non</strong></span> <span class='ocrx_word' id='word_1_531' title='bbox 3460 818 3712 890; x_wconf 84' lang='lat' dir='ltr'><strong>amittatur,</strong></span> 
     </span>
    </p>
   </div>
   <div class='ocr_carea' id='block_1_67' title="bbox 2180 904 3715 983">
    <p class='ocr_par' dir='ltr' id='par_1_67' title="bbox 2180 904 3715 983">
     <span class='ocr_line' id='line_1_67' title="bbox 2180 904 3715 983; baseline 0.006 -24"><span class='ocrx_word' id='word_1_532' title='bbox 2180 917 2335 959; x_wconf 91' lang='lat' dir='ltr'><strong>error</strong></span> <span class='ocrx_word' id='word_1_533' title='bbox 2384 912 2469 960; x_wconf 87' lang='lat' dir='ltr'><strong>est</strong></span> <span class='ocrx_word' id='word_1_534' title='bbox 2512 904 2871 961; x_wconf 87' lang='lat' dir='ltr'><strong>necessarius.</strong></span> <span class='ocrx_word' id='word_1_535' title='bbox 2924 907 3079 962; x_wconf 88' lang='lat' dir='ltr'><strong>Absit</strong></span> <span class='ocrx_word' id='word_1_536' title='bbox 3125 915 3183 963; x_wconf 91' lang='lat' dir='ltr'><strong>ut</strong></span> <span class='ocrx_word' id='word_1_537' title='bbox 3222 907 3346 963; x_wconf 88' lang='lat' dir='ltr'><strong>talis</strong></span> <span class='ocrx_word' id='word_1_538' title='bbox 3385 910 3455 964; x_wconf 89' lang='lat' dir='ltr'><strong>sit</strong></span> <span class='ocrx_word' id='word_1_539' title='bbox 3494 911 3575 966; x_wconf 90' lang='lat' dir='ltr'><strong>illa</strong></span> <span class='ocrx_word' id='word_1_540' title='bbox 3608 913 3715 983; x_wconf 84' lang='lat' dir='ltr'><strong>vita,</strong></span> 
     </span>
    </p>
   </div>
   <div class='ocr_carea' id='block_1_68' title="bbox 2182 996 3721 1071">
    <p class='ocr_par' dir='ltr' id='par_1_68' title="bbox 2182 996 3721 1071">
     <span class='ocr_line' id='line_1_68' title="bbox 2182 996 3721 1071; baseline 0.006 -20"><span class='ocrx_word' id='word_1_541' title='bbox 2182 996 2270 1051; x_wconf 92' lang='lat' dir='ltr'><strong>ubi</strong></span> <span class='ocrx_word' id='word_1_542' title='bbox 2298 1006 2381 1053; x_wconf 89' lang='lat' dir='ltr'><strong>est</strong></span> <span class='ocrx_word' id='word_1_543' title='bbox 2398 998 2595 1054; x_wconf 85' lang='lat' dir='ltr'><strong>animae</strong></span> <span class='ocrx_word' id='word_1_544' title='bbox 2620 1009 2822 1055; x_wconf 84' lang='lat' dir='ltr'><strong>nostrae</strong></span> <span class='ocrx_word' id='word_1_545' title='bbox 2851 1004 2965 1071; x_wconf 84' lang='lat' dir='ltr'><strong>Ipsa</strong></span> <span class='ocrx_word' id='word_1_546' title='bbox 2991 1001 3189 1056; x_wconf 88' lang='lat' dir='ltr'><strong>veritas</strong></span> <span class='ocrx_word' id='word_1_547' title='bbox 3208 1002 3352 1058; x_wconf 89' lang='lat' dir='ltr'><strong>vita:</strong></span> <span class='ocrx_word' id='word_1_548' title='bbox 3375 1003 3460 1058; x_wconf 89' lang='lat' dir='ltr'><strong>ubi</strong></span> <span class='ocrx_word' id='word_1_549' title='bbox 3486 1020 3628 1060; x_wconf 87' lang='lat' dir='ltr'><strong>nemo</strong></span> <span class='ocrx_word' id='word_1_550' title='bbox 3646 1007 3721 1063; x_wconf 83' lang='lat' dir='ltr'><strong>fal-</strong></span> 
     </span>
    </p>
   </div>
   <div class='ocr_carea' id='block_1_69' title="bbox 2181 1089 3719 1171">
    <p class='ocr_par' dir='ltr' id='par_1_69' title="bbox 2181 1089 3719 1171">
     <span class='ocr_line' id='line_1_69' title="bbox 2181 1089 3719 1171; baseline 0.008 -27"><span class='ocrx_word' id='word_1_551' title='bbox 2181 1089 2263 1157; x_wconf 92' lang='lat' dir='ltr'><strong>lit,</strong></span> <span class='ocrx_word' id='word_1_552' title='bbox 2293 1089 2491 1147; x_wconf 85' lang='lat' dir='ltr'><strong>fallitur</strong></span> <span class='ocrx_word' id='word_1_553' title='bbox 2512 1107 2692 1148; x_wconf 91' lang='lat' dir='ltr'><strong>nemo.</strong></span> <span class='ocrx_word' id='word_1_554' title='bbox 2727 1094 2829 1148; x_wconf 82' lang='lat' dir='ltr'><strong>Hic</strong></span> <span class='ocrx_word' id='word_1_555' title='bbox 2855 1103 3035 1151; x_wconf 90' lang='lat' dir='ltr'><strong>autem</strong></span> <span class='ocrx_word' id='word_1_556' title='bbox 3066 1095 3315 1151; x_wconf 89' lang='lat' dir='ltr'><strong>homines</strong></span> <span class='ocrx_word' id='word_1_557' title='bbox 3360 1094 3545 1153; x_wconf 88' lang='lat' dir='ltr'><strong>fallunt</strong></span> <span class='ocrx_word' id='word_1_558' title='bbox 3590 1108 3719 1171; x_wconf 84' lang='lat' dir='ltr'><strong>atque</strong></span> 
     </span>
    </p>
   </div>
   <div class='ocr_carea' id='block_1_70' title="bbox 2180 1182 3715 1257">
    <p class='ocr_par' dir='ltr' id='par_1_70' title="bbox 2180 1182 3715 1257">
     <span class='ocr_line' id='line_1_70' title="bbox 2180 1182 3715 1257; baseline 0.008 -21"><span class='ocrx_word' id='word_1_559' title='bbox 2180 1182 2470 1251; x_wconf 86' lang='lat' dir='ltr'><strong>falluntur;</strong></span> <span class='ocrx_word' id='word_1_560' title='bbox 2510 1185 2929 1257; x_wconf 91' lang='lat' dir='ltr'><strong>miserioresque</strong></span> <span class='ocrx_word' id='word_1_561' title='bbox 2971 1197 3098 1243; x_wconf 90' lang='lat' dir='ltr'><strong>sunt</strong></span> <span class='ocrx_word' id='word_1_562' title='bbox 3146 1203 3268 1243; x_wconf 92' lang='lat' dir='ltr'><strong>cum</strong></span> <span class='ocrx_word' id='word_1_563' title='bbox 3320 1192 3611 1247; x_wconf 90' lang='lat' dir='ltr'><strong>mentiendo</strong></span> <span class='ocrx_word' id='word_1_564' title='bbox 3650 1194 3715 1248; x_wconf 80' lang='lat' dir='ltr'><strong>fal-</strong></span> 
     </span>
    </p>
   </div>
   <div class='ocr_carea' id='block_1_71' title="bbox 2184 1273 3720 1346">
    <p class='ocr_par' dir='ltr' id='par_1_71' title="bbox 2184 1273 3720 1346">
     <span class='ocr_line' id='line_1_71' title="bbox 2184 1273 3720 1346; baseline 0.009 -19"><span class='ocrx_word' id='word_1_565' title='bbox 2184 1273 2320 1340; x_wconf 87' lang='lat' dir='ltr'><strong>lunt,</strong></span> <span class='ocrx_word' id='word_1_566' title='bbox 2373 1291 2532 1346; x_wconf 89' lang='lat' dir='ltr'><strong>quam</strong></span> <span class='ocrx_word' id='word_1_567' title='bbox 2586 1292 2707 1332; x_wconf 92' lang='lat' dir='ltr'><strong>cum</strong></span> <span class='ocrx_word' id='word_1_568' title='bbox 2748 1279 3130 1337; x_wconf 88' lang='lat' dir='ltr'><strong>mentientibus</strong></span> <span class='ocrx_word' id='word_1_569' title='bbox 3176 1281 3445 1337; x_wconf 90' lang='lat' dir='ltr'><strong>credendo</strong></span> <span class='ocrx_word' id='word_1_570' title='bbox 3490 1282 3720 1341; x_wconf 86' lang='lat' dir='ltr'><strong>falluntur.</strong></span> 
     </span>
    </p>
   </div>
   <div class='ocr_carea' id='block_1_72' title="bbox 2188 1365 3725 1445">
    <p class='ocr_par' dir='ltr' id='par_1_72' title="bbox 2188 1365 3725 1445">
     <span class='ocr_line' id='line_1_72' title="bbox 2188 1365 3725 1445; baseline 0.007 -24"><span class='ocrx_word' id='word_1_571' title='bbox 2188 1365 2365 1437; x_wconf 90' lang='lat' dir='ltr'><strong>Usque</strong></span> <span class='ocrx_word' id='word_1_572' title='bbox 2395 1368 2531 1424; x_wconf 88' lang='lat' dir='ltr'><strong>adeo</strong></span> <span class='ocrx_word' id='word_1_573' title='bbox 2555 1378 2732 1426; x_wconf 90' lang='lat' dir='ltr'><strong>tamen</strong></span> <span class='ocrx_word' id='word_1_574' title='bbox 2760 1371 3037 1426; x_wconf 88' lang='lat' dir='ltr'><strong>rationalis</strong></span> <span class='ocrx_word' id='word_1_575' title='bbox 3087 1380 3277 1428; x_wconf 88' lang='lat' dir='ltr'><strong>natura</strong></span> <span class='ocrx_word' id='word_1_576' title='bbox 3329 1374 3518 1445; x_wconf 82' lang='lat' dir='ltr'><strong>refugit</strong></span> <span class='ocrx_word' id='word_1_577' title='bbox 3560 1374 3725 1431; x_wconf 86' lang='lat' dir='ltr'><strong>falsita-</strong></span> 
     </span>
    </p>
   </div>
   <div class='ocr_carea' id='block_1_73' title="bbox 2183 1464 3724 1536">
    <p class='ocr_par' dir='ltr' id='par_1_73' title="bbox 2183 1464 3724 1536">
     <span class='ocr_line' id='line_1_73' title="bbox 2183 1464 3724 1536; baseline 0.008 -22"><span class='ocrx_word' id='word_1_578' title='bbox 2183 1469 2315 1527; x_wconf 89' lang='lat' dir='ltr'><strong>tem,</strong></span> <span class='ocrx_word' id='word_1_579' title='bbox 2344 1470 2398 1516; x_wconf 90' lang='lat' dir='ltr'><strong>et</strong></span> <span class='ocrx_word' id='word_1_580' title='bbox 2426 1474 2681 1533; x_wconf 85' lang='lat' dir='ltr'><strong>quantum</strong></span> <span class='ocrx_word' id='word_1_581' title='bbox 2712 1472 2890 1534; x_wconf 84' lang='lat' dir='ltr'><strong>potest</strong></span> <span class='ocrx_word' id='word_1_582' title='bbox 2908 1464 3111 1521; x_wconf 87' lang='lat' dir='ltr'><strong>devitat</strong></span> <span class='ocrx_word' id='word_1_583' title='bbox 3135 1472 3397 1536; x_wconf 88' lang='lat' dir='ltr'><strong>errorem,</strong></span> <span class='ocrx_word' id='word_1_584' title='bbox 3424 1478 3481 1523; x_wconf 91' lang='lat' dir='ltr'><strong>ut</strong></span> <span class='ocrx_word' id='word_1_585' title='bbox 3518 1468 3617 1525; x_wconf 83' lang='lat' dir='ltr'><strong>falli</strong></span> <span class='ocrx_word' id='word_1_586' title='bbox 3648 1486 3724 1526; x_wconf 84' lang='lat' dir='ltr'><strong>no-</strong></span> 
     </span>
    </p>
   </div>
   <div class='ocr_carea' id='block_1_74' title="bbox 2184 1552 3725 1634">
    <p class='ocr_par' dir='ltr' id='par_1_74' title="bbox 2184 1552 3725 1634">
     <span class='ocr_line' id='line_1_74' title="bbox 2184 1552 3725 1634; baseline 0.008 -27"><span class='ocrx_word' id='word_1_587' title='bbox 2184 1552 2284 1608; x_wconf 91' lang='lat' dir='ltr'><strong>lint</strong></span> <span class='ocrx_word' id='word_1_588' title='bbox 2309 1556 2470 1610; x_wconf 90' lang='lat' dir='ltr'><strong>etiam</strong></span> <span class='ocrx_word' id='word_1_589' title='bbox 2495 1558 2816 1628; x_wconf 89' lang='lat' dir='ltr'><strong>quicumque</strong></span> <span class='ocrx_word' id='word_1_590' title='bbox 2844 1559 3381 1616; x_wconf 86' lang='lat' dir='ltr'><strong>amantfallere.Non</strong></span> <span class='ocrx_word' id='word_1_591' title='bbox 3399 1562 3535 1617; x_wconf 91' lang='lat' dir='ltr'><strong>enim</strong></span> <span class='ocrx_word' id='word_1_592' title='bbox 3549 1564 3635 1619; x_wconf 89' lang='lat' dir='ltr'><strong>sibi</strong></span> <span class='ocrx_word' id='word_1_593' title='bbox 3657 1566 3725 1634; x_wconf 90' lang='lat' dir='ltr'><strong>qui</strong></span> 
     </span>
    </p>
   </div>
   <div class='ocr_carea' id='block_1_75' title="bbox 2186 1646 3727 1717">
    <p class='ocr_par' dir='ltr' id='par_1_75' title="bbox 2186 1646 3727 1717">
     <span class='ocr_line' id='line_1_75' title="bbox 2186 1646 3727 1717; baseline 0.006 -17"><span class='ocrx_word' id='word_1_594' title='bbox 2186 1646 2442 1702; x_wconf 90' lang='lat' dir='ltr'><strong>mentitur</strong></span> <span class='ocrx_word' id='word_1_595' title='bbox 2463 1648 2669 1703; x_wconf 89' lang='lat' dir='ltr'><strong>videtur</strong></span> <span class='ocrx_word' id='word_1_596' title='bbox 2684 1665 2889 1717; x_wconf 89' lang='lat' dir='ltr'><strong>errare,</strong></span> <span class='ocrx_word' id='word_1_597' title='bbox 2918 1650 3013 1706; x_wconf 84' lang='lat' dir='ltr'><strong>sed</strong></span> <span class='ocrx_word' id='word_1_598' title='bbox 3029 1652 3193 1707; x_wconf 89' lang='lat' dir='ltr'><strong>alium</strong></span> <span class='ocrx_word' id='word_1_599' title='bbox 3221 1652 3275 1707; x_wconf 92' lang='lat' dir='ltr'><strong>in</strong></span> <span class='ocrx_word' id='word_1_600' title='bbox 3300 1669 3532 1709; x_wconf 89' lang='lat' dir='ltr'><strong>errorem</strong></span> <span class='ocrx_word' id='word_1_601' title='bbox 3556 1656 3727 1712; x_wconf 85' lang='lat' dir='ltr'><strong>mittere</strong></span> 
     </span>
    </p>
   </div>
   <div class='ocr_carea' id='block_1_76' title="bbox 2184 1738 3726 1817">
    <p class='ocr_par' dir='ltr' id='par_1_76' title="bbox 2184 1738 3726 1817">
     <span class='ocr_line' id='line_1_76' title="bbox 2184 1738 3726 1817; baseline 0.006 -24"><span class='ocrx_word' id='word_1_602' title='bbox 2184 1738 2493 1795; x_wconf 89' lang='lat' dir='ltr'><strong>credentem</strong></span> <span class='ocrx_word' id='word_1_603' title='bbox 2520 1741 2642 1795; x_wconf 89' lang='lat' dir='ltr'><strong>sibi.</strong></span> <span class='ocrx_word' id='word_1_604' title='bbox 2673 1741 2741 1796; x_wconf 88' lang='lat' dir='ltr'><strong>Et</strong></span> <span class='ocrx_word' id='word_1_605' title='bbox 2768 1742 2821 1797; x_wconf 92' lang='lat' dir='ltr'><strong>in</strong></span> <span class='ocrx_word' id='word_1_606' title='bbox 2849 1757 2912 1798; x_wconf 90' lang='lat' dir='ltr'><strong>ea</strong></span> <span class='ocrx_word' id='word_1_607' title='bbox 2937 1743 3153 1813; x_wconf 90' lang='lat' dir='ltr'><strong>quidem</strong></span> <span class='ocrx_word' id='word_1_608' title='bbox 3189 1759 3250 1799; x_wconf 89' lang='lat' dir='ltr'><strong>re</strong></span> <span class='ocrx_word' id='word_1_609' title='bbox 3282 1759 3389 1801; x_wconf 94' lang='lat' dir='ltr'><strong>non</strong></span> <span class='ocrx_word' id='word_1_610' title='bbox 3425 1756 3563 1800; x_wconf 89' lang='lat' dir='ltr'><strong>errat</strong></span> <span class='ocrx_word' id='word_1_611' title='bbox 3600 1762 3726 1817; x_wconf 89' lang='lat' dir='ltr'><strong>quam</strong></span> 
     </span>
    </p>
   </div>
   <div class='ocr_carea' id='block_1_77' title="bbox 2184 1829 3725 1906">
    <p class='ocr_par' dir='ltr' id='par_1_77' title="bbox 2184 1829 3725 1906">
     <span class='ocr_line' id='line_1_77' title="bbox 2184 1829 3725 1906; baseline 0.005 -22"><span class='ocrx_word' id='word_1_612' title='bbox 2184 1829 2463 1886; x_wconf 84' lang='lat' dir='ltr'><strong>mendacio</strong></span> <span class='ocrx_word' id='word_1_613' title='bbox 2514 1834 2771 1903; x_wconf 84' lang='lat' dir='ltr'><strong>contegit,</strong></span> <span class='ocrx_word' id='word_1_614' title='bbox 2821 1834 2867 1889; x_wconf 92' lang='lat' dir='ltr'><strong>si</strong></span> <span class='ocrx_word' id='word_1_615' title='bbox 2913 1835 3060 1888; x_wconf 88' lang='lat' dir='ltr'><strong>novit</strong></span> <span class='ocrx_word' id='word_1_616' title='bbox 3105 1836 3221 1905; x_wconf 90' lang='lat' dir='ltr'><strong>ipse</strong></span> <span class='ocrx_word' id='word_1_617' title='bbox 3272 1836 3401 1906; x_wconf 90' lang='lat' dir='ltr'><strong>quid</strong></span> <span class='ocrx_word' id='word_1_618' title='bbox 3443 1852 3612 1893; x_wconf 87' lang='lat' dir='ltr'><strong>verum</strong></span> <span class='ocrx_word' id='word_1_619' title='bbox 3637 1839 3725 1892; x_wconf 86' lang='lat' dir='ltr'><strong>sit:</strong></span> 
     </span>
    </p>
   </div>
   <div class='ocr_carea' id='block_1_78' title="bbox 2184 1923 3728 1999">
    <p class='ocr_par' dir='ltr' id='par_1_78' title="bbox 2184 1923 3728 1999">
     <span class='ocr_line' id='line_1_78' title="bbox 2184 1923 3728 1999; baseline 0.006 -21"><span class='ocrx_word' id='word_1_620' title='bbox 2184 1923 2280 1979; x_wconf 91' lang='lat' dir='ltr'><strong>sed</strong></span> <span class='ocrx_word' id='word_1_621' title='bbox 2307 1924 2360 1978; x_wconf 92' lang='lat' dir='ltr'><strong>in</strong></span> <span class='ocrx_word' id='word_1_622' title='bbox 2391 1924 2492 1980; x_wconf 91' lang='lat' dir='ltr'><strong>hoc</strong></span> <span class='ocrx_word' id='word_1_623' title='bbox 2519 1925 2740 1993; x_wconf 89' lang='lat' dir='ltr'><strong>fallitur,</strong></span> <span class='ocrx_word' id='word_1_624' title='bbox 2768 1928 2911 1998; x_wconf 91' lang='lat' dir='ltr'><strong>quod</strong></span> <span class='ocrx_word' id='word_1_625' title='bbox 2942 1937 3088 1999; x_wconf 90' lang='lat' dir='ltr'><strong>putat</strong></span> <span class='ocrx_word' id='word_1_626' title='bbox 3118 1929 3220 1984; x_wconf 90' lang='lat' dir='ltr'><strong>sibi</strong></span> <span class='ocrx_word' id='word_1_627' title='bbox 3245 1947 3403 1986; x_wconf 90' lang='lat' dir='ltr'><strong>suum</strong></span> <span class='ocrx_word' id='word_1_628' title='bbox 3432 1948 3535 1986; x_wconf 90' lang='lat' dir='ltr'><strong>non</strong></span> <span class='ocrx_word' id='word_1_629' title='bbox 3574 1933 3728 1988; x_wconf 82' lang='lat' dir='ltr'><strong>obesse</strong></span> 
     </span>
    </p>
   </div>
   <div class='ocr_carea' id='block_1_79' title="bbox 2185 2019 3729 2100">
    <p class='ocr_par' dir='ltr' id='par_1_79' title="bbox 2185 2019 3729 2100">
     <span class='ocr_line' id='line_1_79' title="bbox 2185 2019 3729 2100; baseline 0.006 -28"><span class='ocrx_word' id='word_1_630' title='bbox 2185 2019 2551 2088; x_wconf 89' lang='lat' dir='ltr'><strong>mendacium;</strong></span> <span class='ocrx_word' id='word_1_631' title='bbox 2579 2038 2702 2078; x_wconf 89' lang='lat' dir='ltr'><strong>cum</strong></span> <span class='ocrx_word' id='word_1_632' title='bbox 2728 2026 2897 2097; x_wconf 89' lang='lat' dir='ltr'><strong>magis</strong></span> <span class='ocrx_word' id='word_1_633' title='bbox 2917 2024 3135 2083; x_wconf 82' lang='lat' dir='ltr'><strong>facienti</strong></span> <span class='ocrx_word' id='word_1_634' title='bbox 3163 2042 3325 2098; x_wconf 89' lang='lat' dir='ltr'><strong>quam</strong></span> <span class='ocrx_word' id='word_1_635' title='bbox 3368 2028 3581 2100; x_wconf 90' lang='lat' dir='ltr'><strong>patienti</strong></span> <span class='ocrx_word' id='word_1_636' title='bbox 3620 2028 3729 2084; x_wconf 83' lang='lat' dir='ltr'><strong>obsit</strong></span> 
     </span>
    </p>
   </div>
   <div class='ocr_carea' id='block_1_80' title="bbox 2186 2124 2668 2184">
    <p class='ocr_par' dir='ltr' id='par_1_80' title="bbox 2186 2124 2668 2184">
     <span class='ocr_line' id='line_1_80' title="bbox 2186 2124 2668 2184; baseline 0.008 -18"><span class='ocrx_word' id='word_1_637' title='bbox 2186 2127 2347 2169; x_wconf 90' lang='lat' dir='ltr'><strong>omne</strong></span> <span class='ocrx_word' id='word_1_638' title='bbox 2370 2124 2668 2184; x_wconf 89' lang='lat' dir='ltr'><strong>peccatum.</strong></span> 
     </span>
    </p>
   </div>
   <div class='ocr_carea' id='block_1_81' title="bbox 2257 2206 3724 2287">
    <p class='ocr_par' dir='ltr' id='par_1_81' title="bbox 2257 2206 3724 2287">
     <span class='ocr_line' id='line_1_81' title="bbox 2257 2206 3724 2287; baseline 0.005 -25"><span class='ocrx_word' id='word_1_639' title='bbox 2257 2206 2483 2265; x_wconf 84' lang='lat' dir='ltr'><strong>CAPUT</strong></span> <span class='ocrx_word' id='word_1_640' title='bbox 2504 2209 2767 2267; x_wconf 85' lang='lat' dir='ltr'><strong>XVIII.—</strong></span> <span class='ocrx_word' id='word_1_641' title='bbox 2784 2212 2839 2268; x_wconf 90' lang='lat'><strong>6.</strong></span> <span class='ocrx_word' id='word_1_642' title='bbox 2871 2212 3199 2269; x_wconf 78' lang='lat' dir='ltr'><strong>Mendacium</strong></span> <span class='ocrx_word' id='word_1_643' title='bbox 3224 2232 3374 2270; x_wconf 83' lang='lat' dir='ltr'><strong>omne</strong></span> <span class='ocrx_word' id='word_1_644' title='bbox 3394 2224 3463 2271; x_wconf 77' lang='lat' dir='ltr'><strong>cst</strong></span> <span class='ocrx_word' id='word_1_645' title='bbox 3487 2226 3724 2287; x_wconf 81' lang='lat' dir='ltr'><strong>peccatum,</strong></span> 
     </span>
    </p>
   </div>
   <div class='ocr_carea' id='block_1_82' title="bbox 2185 2298 3725 2380">
    <p class='ocr_par' dir='ltr' id='par_1_82' title="bbox 2185 2298 3725 2380">
     <span class='ocr_line' id='line_1_82' title="bbox 2185 2298 3725 2380; baseline 0.007 -28"><span class='ocrx_word' id='word_1_646' title='bbox 2185 2298 2274 2353; x_wconf 80' lang='lat' dir='ltr'><strong>sed</strong></span> <span class='ocrx_word' id='word_1_647' title='bbox 2303 2300 2445 2354; x_wconf 83' lang='lat' dir='ltr'><strong>aliud</strong></span> <span class='ocrx_word' id='word_1_648' title='bbox 2474 2301 2576 2356; x_wconf 77' lang='lat' dir='ltr'><strong>alio</strong></span> <span class='ocrx_word' id='word_1_649' title='bbox 2604 2305 2825 2374; x_wconf 82' lang='lat' dir='ltr'><strong>gravius.</strong></span> <span class='ocrx_word' id='word_1_650' title='bbox 2856 2305 2978 2360; x_wconf 86' lang='lat' dir='ltr'><strong>Non</strong></span> <span class='ocrx_word' id='word_1_651' title='bbox 3002 2308 3202 2362; x_wconf 87' lang='lat' dir='ltr'><strong>mentiri</strong></span> <span class='ocrx_word' id='word_1_652' title='bbox 3228 2311 3315 2379; x_wconf 86' lang='lat' dir='ltr'><strong>qui</strong></span> <span class='ocrx_word' id='word_1_653' title='bbox 3340 2310 3555 2365; x_wconf 77' lang='lat' dir='ltr'><strong>nesciens</strong></span> <span class='ocrx_word' id='word_1_654' title='bbox 3578 2311 3725 2380; x_wconf 67' lang='lat' dir='ltr'><strong>[altum</strong></span> 
     </span>
    </p>
   </div>
   <div class='ocr_carea' id='block_1_83' title="bbox 2186 2391 3725 2473">
    <p class='ocr_par' dir='ltr' id='par_1_83' title="bbox 2186 2391 3725 2473">
     <span class='ocr_line' id='line_1_83' title="bbox 2186 2391 3725 2473; baseline 0.006 -29"><span class='ocrx_word' id='word_1_655' title='bbox 2186 2391 2332 2460; x_wconf 83' lang='lat' dir='ltr'><strong>dicit,</strong></span> <span class='ocrx_word' id='word_1_656' title='bbox 2362 2394 2451 2447; x_wconf 77' lang='lat' dir='ltr'><strong>sed</strong></span> <span class='ocrx_word' id='word_1_657' title='bbox 2480 2397 2649 2466; x_wconf 77' lang='lat' dir='ltr'><strong>potius</strong></span> <span class='ocrx_word' id='word_1_658' title='bbox 2697 2398 2785 2467; x_wconf 85' lang='lat' dir='ltr'><strong>qui</strong></span> <span class='ocrx_word' id='word_1_659' title='bbox 2824 2414 2997 2454; x_wconf 87' lang='lat' dir='ltr'><strong>verum</strong></span> <span class='ocrx_word' id='word_1_660' title='bbox 3048 2400 3169 2454; x_wconf 85' lang='lat' dir='ltr'><strong>dicit</strong></span> <span class='ocrx_word' id='word_1_661' title='bbox 3194 2402 3332 2471; x_wconf 85' lang='lat' dir='ltr'><strong>quod</strong></span> <span class='ocrx_word' id='word_1_662' title='bbox 3379 2412 3516 2473; x_wconf 85' lang='lat' dir='ltr'><strong>putat</strong></span> <span class='ocrx_word' id='word_1_663' title='bbox 3557 2404 3725 2473; x_wconf 76' lang='lat' dir='ltr'><strong>falsum.</strong></span> 
     </span>
    </p>
   </div>
   <div class='ocr_carea' id='block_1_84' title="bbox 2188 2484 3726 2570">
    <p class='ocr_par' dir='ltr' id='par_1_84' title="bbox 2188 2484 3726 2570">
     <span class='ocr_line' id='line_1_84' title="bbox 2188 2484 3726 2570; baseline 0.008 -31"><span class='ocrx_word' id='word_1_664' title='bbox 2188 2484 2386 2541; x_wconf 83' lang='lat' dir='ltr'><strong>Verum</strong></span> <span class='ocrx_word' id='word_1_665' title='bbox 2436 2488 2524 2544; x_wconf 90' lang='lat' dir='ltr'><strong>hic</strong></span> <span class='ocrx_word' id='word_1_666' title='bbox 2576 2488 2890 2548; x_wconf 82' lang='lat' dir='ltr'><strong>difficillima</strong></span> <span class='ocrx_word' id='word_1_667' title='bbox 2951 2502 3008 2549; x_wconf 91' lang='lat' dir='ltr'><strong>et</strong></span> <span class='ocrx_word' id='word_1_668' title='bbox 3054 2495 3475 2554; x_wconf 89' lang='lat' dir='ltr'><strong>Iatebrosissima</strong></span> <span class='ocrx_word' id='word_1_669' title='bbox 3537 2498 3726 2570; x_wconf 85' lang='lat' dir='ltr'><strong>gignitur</strong></span> 
     </span>
    </p>
   </div>
   <div class='ocr_carea' id='block_1_85' title="bbox 2187 2581 3725 2663">
    <p class='ocr_par' dir='ltr' id='par_1_85' title="bbox 2187 2581 3725 2663">
     <span class='ocr_line' id='line_1_85' title="bbox 2187 2581 3725 2663; baseline 0.008 -29"><span class='ocrx_word' id='word_1_670' title='bbox 2187 2582 2431 2650; x_wconf 90' lang='lat' dir='ltr'><strong>quaestio,</strong></span> <span class='ocrx_word' id='word_1_671' title='bbox 2458 2581 2526 2638; x_wconf 91' lang='lat' dir='ltr'><strong>de</strong></span> <span class='ocrx_word' id='word_1_672' title='bbox 2550 2600 2652 2654; x_wconf 90' lang='lat' dir='ltr'><strong>qua</strong></span> <span class='ocrx_word' id='word_1_673' title='bbox 2674 2584 2783 2655; x_wconf 85' lang='lat' dir='ltr'><strong>jam</strong></span> <span class='ocrx_word' id='word_1_674' title='bbox 2818 2587 3077 2656; x_wconf 85' lang='lat' dir='ltr'><strong>grandem</strong></span> <span class='ocrx_word' id='word_1_675' title='bbox 3123 2591 3342 2658; x_wconf 89' lang='lat' dir='ltr'><strong>librum,</strong></span> <span class='ocrx_word' id='word_1_676' title='bbox 3383 2608 3500 2648; x_wconf 92' lang='lat' dir='ltr'><strong>cum</strong></span> <span class='ocrx_word' id='word_1_677' title='bbox 3543 2606 3725 2663; x_wconf 75' lang='lat' dir='ltr'><strong>reapon-</strong></span> 
     </span>
    </p>
   </div>
   <div class='ocr_carea' id='block_1_86' title="bbox 2186 2670 3727 2751">
    <p class='ocr_par' dir='ltr' id='par_1_86' title="bbox 2186 2670 3727 2751">
     <span class='ocr_line' id='line_1_86' title="bbox 2186 2670 3727 2751; baseline 0.008 -25"><span class='ocrx_word' id='word_1_678' title='bbox 2186 2670 2349 2727; x_wconf 88' lang='lat' dir='ltr'><strong>dendi</strong></span> <span class='ocrx_word' id='word_1_679' title='bbox 2378 2676 2671 2731; x_wconf 89' lang='lat' dir='ltr'><strong>necessitas</strong></span> <span class='ocrx_word' id='word_1_680' title='bbox 2701 2693 2800 2733; x_wconf 92' lang='lat' dir='ltr'><strong>nos</strong></span> <span class='ocrx_word' id='word_1_681' title='bbox 2844 2691 3080 2751; x_wconf 83' lang='lat' dir='ltr'><strong>urgeret,</strong></span> <span class='ocrx_word' id='word_1_682' title='bbox 3108 2682 3439 2739; x_wconf 90' lang='lat' dir='ltr'><strong>absolvimus</strong></span> <span class='ocrx_word' id='word_1_683' title='bbox 3469 2702 3482 2739; x_wconf 88' lang='lat'><strong>:</strong></span> <span class='ocrx_word' id='word_1_684' title='bbox 3509 2693 3659 2739; x_wconf 87' lang='lat' dir='ltr'><strong>utrum</strong></span> <span class='ocrx_word' id='word_1_685' title='bbox 3675 2682 3727 2738; x_wconf 85' lang='lat' dir='ltr'><strong>ad</strong></span> 
     </span>
    </p>
   </div>
   <div class='ocr_carea' id='block_1_87' title="bbox 2186 2762 3729 2846">
    <p class='ocr_par' dir='ltr' id='par_1_87' title="bbox 2186 2762 3729 2846">
     <span class='ocr_line' id='line_1_87' title="bbox 2186 2762 3729 2846; baseline 0.009 -29"><span class='ocrx_word' id='word_1_686' title='bbox 2186 2762 2421 2819; x_wconf 82' lang='lat' dir='ltr'><strong>ofﬁcium</strong></span> <span class='ocrx_word' id='word_1_687' title='bbox 2436 2765 2668 2823; x_wconf 89' lang='lat' dir='ltr'><strong>hominis</strong></span> <span class='ocrx_word' id='word_1_688' title='bbox 2676 2768 2805 2839; x_wconf 88' lang='lat' dir='ltr'><strong>justi</strong></span> <span class='ocrx_word' id='word_1_689' title='bbox 2823 2772 3087 2840; x_wconf 88' lang='lat' dir='ltr'><strong>pertineat</strong></span> <span class='ocrx_word' id='word_1_690' title='bbox 3102 2774 3391 2846; x_wconf 89' lang='lat' dir='ltr'><strong>aliquando</strong></span> <span class='ocrx_word' id='word_1_691' title='bbox 3402 2776 3729 2832; x_wconf 49' lang='lat' dir='ltr'><strong>mentiriNon.</strong></span> 
     </span>
    </p>
   </div>
   <div class='ocr_carea' id='block_1_88' title="bbox 2186 2856 3728 2942">
    <p class='ocr_par' dir='ltr' id='par_1_88' title="bbox 2186 2856 3728 2942">
     <span class='ocr_line' id='line_1_88' title="bbox 2186 2856 3728 2942; baseline 0.008 -32"><span class='ocrx_word' id='word_1_692' title='bbox 2186 2856 2316 2912; x_wconf 89' lang='lat' dir='ltr'><strong>nulli</strong></span> <span class='ocrx_word' id='word_1_693' title='bbox 2344 2858 2489 2933; x_wconf 89' lang='lat' dir='ltr'><strong>enim</strong></span> <span class='ocrx_word' id='word_1_694' title='bbox 2518 2875 2585 2915; x_wconf 89' lang='lat' dir='ltr'><strong>eo</strong></span> <span class='ocrx_word' id='word_1_695' title='bbox 2606 2877 2776 2933; x_wconf 91' lang='lat' dir='ltr'><strong>usque</strong></span> <span class='ocrx_word' id='word_1_696' title='bbox 2813 2866 3246 2938; x_wconf 86' lang='lat' dir='ltr'><strong>progrediuntur,</strong></span> <span class='ocrx_word' id='word_1_697' title='bbox 3272 2879 3330 2925; x_wconf 93' lang='lat' dir='ltr'><strong>ut</strong></span> <span class='ocrx_word' id='word_1_698' title='bbox 3357 2881 3411 2926; x_wconf 92' lang='lat' dir='ltr'><strong>et</strong></span> <span class='ocrx_word' id='word_1_699' title='bbox 3431 2871 3663 2942; x_wconf 87' lang='lat' dir='ltr'><strong>pejerare,</strong></span> <span class='ocrx_word' id='word_1_700' title='bbox 3686 2876 3728 2923; x_wconf 87' lang='lat' dir='ltr'><strong>et</strong></span> 
     </span>
    </p>
   </div>
   <div class='ocr_carea' id='block_1_89' title="bbox 2185 2947 3726 3034">
    <p class='ocr_par' dir='ltr' id='par_1_89' title="bbox 2185 2947 3726 3034">
     <span class='ocr_line' id='line_1_89' title="bbox 2185 2947 3726 3034; baseline 0.008 -31"><span class='ocrx_word' id='word_1_701' title='bbox 2185 2947 2255 3005; x_wconf 89' lang='lat' dir='ltr'><strong>de</strong></span> <span class='ocrx_word' id='word_1_702' title='bbox 2278 2949 2439 3006; x_wconf 93' lang='lat' dir='ltr'><strong>rebus</strong></span> <span class='ocrx_word' id='word_1_703' title='bbox 2464 2951 2533 3008; x_wconf 91' lang='lat' dir='ltr'><strong>ad</strong></span> <span class='ocrx_word' id='word_1_704' title='bbox 2550 2953 2646 3009; x_wconf 89' lang='lat' dir='ltr'><strong>Dei</strong></span> <span class='ocrx_word' id='word_1_705' title='bbox 2671 2955 2873 3011; x_wconf 91' lang='lat' dir='ltr'><strong>cultum</strong></span> <span class='ocrx_word' id='word_1_706' title='bbox 2900 2959 3294 3029; x_wconf 90' lang='lat' dir='ltr'><strong>pertinentibus</strong></span> <span class='ocrx_word' id='word_1_707' title='bbox 3324 2978 3390 3019; x_wconf 90' lang='lat' dir='ltr'><strong>ac</strong></span> <span class='ocrx_word' id='word_1_708' title='bbox 3415 2963 3480 3019; x_wconf 90' lang='lat' dir='ltr'><strong>de</strong></span> <span class='ocrx_word' id='word_1_709' title='bbox 3519 2964 3619 3034; x_wconf 88' lang='lat' dir='ltr'><strong>ipsa</strong></span> <span class='ocrx_word' id='word_1_710' title='bbox 3654 2961 3726 3016; x_wconf 82' lang='lat' dir='ltr'><strong>Dei</strong></span> 
     </span>
    </p>
   </div>
   <div class='ocr_carea' id='block_1_90' title="bbox 2186 3043 3726 3126">
    <p class='ocr_par' dir='ltr' id='par_1_90' title="bbox 2186 3043 3726 3126">
     <span class='ocr_line' id='line_1_90' title="bbox 2186 3043 3726 3126; baseline 0.006 -30"><span class='ocrx_word' id='word_1_711' title='bbox 2186 3050 2377 3098; x_wconf 89' lang='lat' dir='ltr'><strong>natura</strong></span> <span class='ocrx_word' id='word_1_712' title='bbox 2406 3043 2601 3100; x_wconf 88' lang='lat' dir='ltr'><strong>falsum</strong></span> <span class='ocrx_word' id='word_1_713' title='bbox 2630 3046 2831 3119; x_wconf 89' lang='lat' dir='ltr'><strong>aliquid</strong></span> <span class='ocrx_word' id='word_1_714' title='bbox 2879 3049 3079 3120; x_wconf 89' lang='lat' dir='ltr'><strong>dicere,</strong></span> <span class='ocrx_word' id='word_1_715' title='bbox 3136 3069 3516 3126; x_wconf 88' lang='lat' dir='ltr'><strong>nonnunquam</strong></span> <span class='ocrx_word' id='word_1_716' title='bbox 3566 3054 3726 3108; x_wconf 88' lang='lat' dir='ltr'><strong>bonum</strong></span> 
     </span>
    </p>
   </div>
   <div class='ocr_carea' id='block_1_91' title="bbox 2186 3134 3724 3217">
    <p class='ocr_par' dir='ltr' id='par_1_91' title="bbox 2186 3134 3724 3217">
     <span class='ocr_line' id='line_1_91' title="bbox 2186 3134 3724 3217; baseline 0.007 -29"><span class='ocrx_word' id='word_1_717' title='bbox 2186 3134 2445 3206; x_wconf 90' lang='lat' dir='ltr'><strong>piumque</strong></span> <span class='ocrx_word' id='word_1_718' title='bbox 2472 3152 2606 3208; x_wconf 92' lang='lat' dir='ltr'><strong>opus</strong></span> <span class='ocrx_word' id='word_1_719' title='bbox 2634 3154 2756 3196; x_wconf 90' lang='lat' dir='ltr'><strong>esse</strong></span> <span class='ocrx_word' id='word_1_720' title='bbox 2782 3143 3110 3199; x_wconf 87' lang='lat' dir='ltr'><strong>contendant</strong></span> <span class='ocrx_word' id='word_1_721' title='bbox 3141 3145 3237 3217; x_wconf 92' lang='lat' dir='ltr'><strong>(a).</strong></span> <span class='ocrx_word' id='word_1_722' title='bbox 3265 3147 3393 3202; x_wconf 82' lang='lat' dir='ltr'><strong>Mihi</strong></span> <span class='ocrx_word' id='word_1_723' title='bbox 3417 3156 3582 3202; x_wconf 87' lang='lat' dir='ltr'><strong>autem</strong></span> <span class='ocrx_word' id='word_1_724' title='bbox 3608 3144 3724 3199; x_wconf 87' lang='lat' dir='ltr'><strong>vide-</strong></span> 
     </span>
    </p>
   </div>
   <div class='ocr_carea' id='block_1_92' title="bbox 2187 3231 3726 3305">
    <p class='ocr_par' dir='ltr' id='par_1_92' title="bbox 2187 3231 3726 3305">
     <span class='ocr_line' id='line_1_92' title="bbox 2187 3231 3726 3305; baseline 0.008 -26"><span class='ocrx_word' id='word_1_725' title='bbox 2187 3232 2275 3280; x_wconf 90' lang='lat' dir='ltr'><strong>tur</strong></span> <span class='ocrx_word' id='word_1_726' title='bbox 2302 3237 2581 3297; x_wconf 88' lang='lat' dir='ltr'><strong>peccatum</strong></span> <span class='ocrx_word' id='word_1_727' title='bbox 2621 3231 2836 3303; x_wconf 89' lang='lat' dir='ltr'><strong>quidem</strong></span> <span class='ocrx_word' id='word_1_728' title='bbox 2887 3249 3008 3295; x_wconf 84' lang='lat' dir='ltr'><strong>esse</strong></span> <span class='ocrx_word' id='word_1_729' title='bbox 3055 3253 3217 3294; x_wconf 88' lang='lat' dir='ltr'><strong>omne</strong></span> <span class='ocrx_word' id='word_1_730' title='bbox 3272 3239 3613 3305; x_wconf 89' lang='lat' dir='ltr'><strong>mendacium,</strong></span> <span class='ocrx_word' id='word_1_731' title='bbox 3651 3234 3726 3291; x_wconf 81' lang='lat' dir='ltr'><strong>sed</strong></span> 
     </span>
    </p>
   </div>
   <div class='ocr_carea' id='block_1_93' title="bbox 2185 3317 3728 3400">
    <p class='ocr_par' dir='ltr' id='par_1_93' title="bbox 2185 3317 3728 3400">
     <span class='ocr_line' id='line_1_93' title="bbox 2185 3317 3728 3400; baseline 0.01 -29"><span class='ocrx_word' id='word_1_732' title='bbox 2185 3317 2411 3373; x_wconf 92' lang='lat' dir='ltr'><strong>multum</strong></span> <span class='ocrx_word' id='word_1_733' title='bbox 2442 3320 2702 3379; x_wconf 87' lang='lat' dir='ltr'><strong>interesse</strong></span> <span class='ocrx_word' id='word_1_734' title='bbox 2727 3339 2834 3395; x_wconf 93' lang='lat' dir='ltr'><strong>quo</strong></span> <span class='ocrx_word' id='word_1_735' title='bbox 2859 3327 3041 3383; x_wconf 91' lang='lat' dir='ltr'><strong>animo</strong></span> <span class='ocrx_word' id='word_1_736' title='bbox 3069 3338 3122 3383; x_wconf 92' lang='lat' dir='ltr'><strong>et</strong></span> <span class='ocrx_word' id='word_1_737' title='bbox 3147 3330 3342 3400; x_wconf 90' lang='lat' dir='ltr'><strong>quibus</strong></span> <span class='ocrx_word' id='word_1_738' title='bbox 3367 3331 3433 3386; x_wconf 91' lang='lat' dir='ltr'><strong>de</strong></span> <span class='ocrx_word' id='word_1_739' title='bbox 3452 3330 3598 3386; x_wconf 91' lang='lat' dir='ltr'><strong>rebus</strong></span> <span class='ocrx_word' id='word_1_740' title='bbox 3614 3326 3728 3398; x_wconf 88' lang='lat' dir='ltr'><strong>quis-</strong></span> 
     </span>
    </p>
   </div>
   <div class='ocr_carea' id='block_1_94' title="bbox 2186 3414 3728 3495">
    <p class='ocr_par' dir='ltr' id='par_1_94' title="bbox 2186 3414 3728 3495">
     <span class='ocr_line' id='line_1_94' title="bbox 2186 3414 3728 3495; baseline 0.007 -32"><span class='ocrx_word' id='word_1_741' title='bbox 2186 3425 2293 3479; x_wconf 92' lang='lat' dir='ltr'><strong>que</strong></span> <span class='ocrx_word' id='word_1_742' title='bbox 2328 3414 2638 3470; x_wconf 91' lang='lat' dir='ltr'><strong>mentiatur.</strong></span> <span class='ocrx_word' id='word_1_743' title='bbox 2668 3415 2787 3471; x_wconf 88' lang='lat' dir='ltr'><strong>Non</strong></span> <span class='ocrx_word' id='word_1_744' title='bbox 2830 3419 2973 3474; x_wconf 92' lang='lat' dir='ltr'><strong>enim</strong></span> <span class='ocrx_word' id='word_1_745' title='bbox 3003 3421 3083 3477; x_wconf 91' lang='lat' dir='ltr'><strong>sic</strong></span> <span class='ocrx_word' id='word_1_746' title='bbox 3123 3433 3310 3493; x_wconf 89' lang='lat' dir='ltr'><strong>peccat</strong></span> <span class='ocrx_word' id='word_1_747' title='bbox 3335 3424 3425 3479; x_wconf 91' lang='lat' dir='ltr'><strong>ille</strong></span> <span class='ocrx_word' id='word_1_748' title='bbox 3448 3423 3532 3495; x_wconf 89' lang='lat' dir='ltr'><strong>qui</strong></span> <span class='ocrx_word' id='word_1_749' title='bbox 3565 3433 3728 3477; x_wconf 86' lang='lat' dir='ltr'><strong>consu-</strong></span> 
     </span>
    </p>
   </div>
   <div class='ocr_carea' id='block_1_95' title="bbox 2188 3502 3722 3582">
    <p class='ocr_par' dir='ltr' id='par_1_95' title="bbox 2188 3502 3722 3582">
     <span class='ocr_line' id='line_1_95' title="bbox 2188 3502 3722 3582; baseline 0.005 -26"><span class='ocrx_word' id='word_1_750' title='bbox 2188 3502 2354 3573; x_wconf 90' lang='lat' dir='ltr'><strong>lendi,</strong></span> <span class='ocrx_word' id='word_1_751' title='bbox 2380 3508 2649 3576; x_wconf 93' lang='lat' dir='ltr'><strong>quomodo</strong></span> <span class='ocrx_word' id='word_1_752' title='bbox 2674 3508 2765 3566; x_wconf 89' lang='lat' dir='ltr'><strong>ille</strong></span> <span class='ocrx_word' id='word_1_753' title='bbox 2791 3512 2882 3582; x_wconf 92' lang='lat' dir='ltr'><strong>qui</strong></span> <span class='ocrx_word' id='word_1_754' title='bbox 2912 3514 3143 3570; x_wconf 89' lang='lat' dir='ltr'><strong>nocendi</strong></span> <span class='ocrx_word' id='word_1_755' title='bbox 3179 3518 3452 3573; x_wconf 89' lang='lat' dir='ltr'><strong>voluntate</strong></span> <span class='ocrx_word' id='word_1_756' title='bbox 3472 3514 3722 3571; x_wconf 87' lang='lat' dir='ltr'><strong>mentitur:</strong></span> 
     </span>
    </p>
   </div>
   <div class='ocr_carea' id='block_1_96' title="bbox 2186 3601 3724 3676">
    <p class='ocr_par' dir='ltr' id='par_1_96' title="bbox 2186 3601 3724 3676">
     <span class='ocr_line' id='line_1_96' title="bbox 2186 3601 3724 3676; baseline 0.006 -27"><span class='ocrx_word' id='word_1_757' title='bbox 2186 3604 2279 3651; x_wconf 88' lang='lat' dir='ltr'><strong>aut</strong></span> <span class='ocrx_word' id='word_1_758' title='bbox 2301 3613 2429 3652; x_wconf 92' lang='lat' dir='ltr'><strong>vero</strong></span> <span class='ocrx_word' id='word_1_759' title='bbox 2461 3601 2477 3630; x_wconf 83' lang='grc'>¹</span> <span class='ocrx_word' id='word_1_760' title='bbox 2509 3607 2710 3657; x_wconf 89' lang='lat' dir='ltr'><strong>tantum</strong></span> <span class='ocrx_word' id='word_1_761' title='bbox 2732 3613 2892 3660; x_wconf 90' lang='lat' dir='ltr'><strong>nocet</strong></span> <span class='ocrx_word' id='word_1_762' title='bbox 2918 3607 3009 3676; x_wconf 91' lang='lat' dir='ltr'><strong>qui</strong></span> <span class='ocrx_word' id='word_1_763' title='bbox 3051 3608 3314 3666; x_wconf 88' lang='lat' dir='ltr'><strong>viatorem</strong></span> <span class='ocrx_word' id='word_1_764' title='bbox 3364 3607 3646 3666; x_wconf 89' lang='lat' dir='ltr'><strong>mentiendo</strong></span> <span class='ocrx_word' id='word_1_765' title='bbox 3683 3604 3724 3658; x_wconf 87' lang='lat' dir='ltr'><strong>in</strong></span> 
     </span>
    </p>
   </div>
   <div class='ocr_carea' id='block_1_97' title="bbox 2185 3688 3722 3775">
    <p class='ocr_par' dir='ltr' id='par_1_97' title="bbox 2185 3688 3722 3775">
     <span class='ocr_line' id='line_1_97' title="bbox 2185 3688 3722 3775; baseline 0.007 -31"><span class='ocrx_word' id='word_1_766' title='bbox 2185 3688 2460 3747; x_wconf 89' lang='lat' dir='ltr'><strong>diversum</strong></span> <span class='ocrx_word' id='word_1_767' title='bbox 2491 3693 2592 3748; x_wconf 91' lang='lat' dir='ltr'><strong>iter</strong></span> <span class='ocrx_word' id='word_1_768' title='bbox 2621 3696 2803 3764; x_wconf 90' lang='lat' dir='ltr'><strong>mittit,</strong></span> <span class='ocrx_word' id='word_1_769' title='bbox 2836 3708 3095 3768; x_wconf 90' lang='lat' dir='ltr'><strong>quantum</strong></span> <span class='ocrx_word' id='word_1_770' title='bbox 3114 3702 3159 3758; x_wconf 88' lang='lat' dir='ltr'><strong>is</strong></span> <span class='ocrx_word' id='word_1_771' title='bbox 3183 3705 3277 3775; x_wconf 88' lang='lat' dir='ltr'><strong>qui</strong></span> <span class='ocrx_word' id='word_1_772' title='bbox 3295 3705 3433 3760; x_wconf 90' lang='lat' dir='ltr'><strong>viam</strong></span> <span class='ocrx_word' id='word_1_773' title='bbox 3462 3703 3574 3759; x_wconf 84' lang='lat' dir='ltr'><strong>vitae</strong></span> <span class='ocrx_word' id='word_1_774' title='bbox 3600 3714 3722 3756; x_wconf 85' lang='lat' dir='ltr'><strong>men-</strong></span> 
     </span>
    </p>
   </div>
   <div class='ocr_carea' id='block_1_98' title="bbox 2187 3783 3723 3867">
    <p class='ocr_par' dir='ltr' id='par_1_98' title="bbox 2187 3783 3723 3867">
     <span class='ocr_line' id='line_1_98' title="bbox 2187 3783 3723 3867; baseline 0.006 -28"><span class='ocrx_word' id='word_1_775' title='bbox 2187 3783 2341 3840; x_wconf 90' lang='lat' dir='ltr'><strong>dacio</strong></span> <span class='ocrx_word' id='word_1_776' title='bbox 2360 3785 2576 3843; x_wconf 87' lang='lat' dir='ltr'><strong>fallente</strong></span> <span class='ocrx_word' id='word_1_777' title='bbox 2593 3788 2869 3859; x_wconf 89' lang='lat' dir='ltr'><strong>depravat.</strong></span> <span class='ocrx_word' id='word_1_778' title='bbox 2892 3792 3061 3851; x_wconf 86' lang='lat' dir='ltr'><strong>Nemo</strong></span> <span class='ocrx_word' id='word_1_779' title='bbox 3089 3812 3220 3854; x_wconf 90' lang='lat' dir='ltr'><strong>sane</strong></span> <span class='ocrx_word' id='word_1_780' title='bbox 3242 3799 3501 3855; x_wconf 90' lang='lat' dir='ltr'><strong>mentiens</strong></span> <span class='ocrx_word' id='word_1_781' title='bbox 3519 3794 3723 3867; x_wconf 82' lang='lat' dir='ltr'><strong>judican-</strong></span> 
     </span>
    </p>
   </div>
   <div class='ocr_carea' id='block_1_99' title="bbox 2128 3876 3775 3961">
    <p class='ocr_par' dir='ltr' id='par_1_99' title="bbox 2128 3876 3775 3961">
     <span class='ocr_line' id='line_1_99' title="bbox 2128 3876 3775 3961; baseline 0.005 -31"><span class='ocrx_word' id='word_1_782' title='bbox 2128 3900 2139 3921; x_wconf 73' lang='grc' dir='ltr'><em>ι</em></span> <span class='ocrx_word' id='word_1_783' title='bbox 2187 3876 2287 3932; x_wconf 92' lang='lat' dir='ltr'><strong>dus</strong></span> <span class='ocrx_word' id='word_1_784' title='bbox 2312 3886 2415 3946; x_wconf 90' lang='lat' dir='ltr'><strong>est,</strong></span> <span class='ocrx_word' id='word_1_785' title='bbox 2446 3881 2535 3949; x_wconf 92' lang='lat' dir='ltr'><strong>qui</strong></span> <span class='ocrx_word' id='word_1_786' title='bbox 2564 3880 2694 3937; x_wconf 90' lang='lat' dir='ltr'><strong>dicit</strong></span> <span class='ocrx_word' id='word_1_787' title='bbox 2712 3883 2903 3940; x_wconf 84' lang='lat' dir='ltr'><strong>falsum</strong></span> <span class='ocrx_word' id='word_1_788' title='bbox 2931 3888 3074 3958; x_wconf 93' lang='lat' dir='ltr'><strong>quod</strong></span> <span class='ocrx_word' id='word_1_789' title='bbox 3102 3900 3254 3960; x_wconf 90' lang='lat' dir='ltr'><strong>putat</strong></span> <span class='ocrx_word' id='word_1_790' title='bbox 3276 3908 3458 3949; x_wconf 91' lang='lat' dir='ltr'><strong>verum</strong></span> <span class='ocrx_word' id='word_1_791' title='bbox 3483 3908 3495 3946; x_wconf 85' lang='lat'><strong>:</strong></span> <span class='ocrx_word' id='word_1_792' title='bbox 3517 3886 3723 3961; x_wconf 84' lang='lat' dir='ltr'><strong>quoniam</strong></span> <span class='ocrx_word' id='word_1_793' title='bbox 3766 3908 3775 3925; x_wconf 77' lang='grc'><strong><em>›</em></strong></span> 
     </span>
    </p>
   </div>
   <div class='ocr_carea' id='block_1_100' title="bbox 2187 3974 3721 4057">
    <p class='ocr_par' dir='ltr' id='par_1_100' title="bbox 2187 3974 3721 4057">
     <span class='ocr_line' id='line_1_100' title="bbox 2187 3974 3721 4057; baseline 0.007 -33"><span class='ocrx_word' id='word_1_794' title='bbox 2187 3980 2443 4041; x_wconf 91' lang='lat' dir='ltr'><strong>quantum</strong></span> <span class='ocrx_word' id='word_1_795' title='bbox 2467 3974 2519 4028; x_wconf 92' lang='lat' dir='ltr'><strong>in</strong></span> <span class='ocrx_word' id='word_1_796' title='bbox 2547 3975 2662 4045; x_wconf 92' lang='lat' dir='ltr'><strong>ipso</strong></span> <span class='ocrx_word' id='word_1_797' title='bbox 2687 3986 2787 4046; x_wconf 88' lang='lat' dir='ltr'><strong>est,</strong></span> <span class='ocrx_word' id='word_1_798' title='bbox 2819 3995 2925 4036; x_wconf 91' lang='lat' dir='ltr'><strong>non</strong></span> <span class='ocrx_word' id='word_1_799' title='bbox 2951 3981 3091 4039; x_wconf 83' lang='lat' dir='ltr'><strong>fallit</strong></span> <span class='ocrx_word' id='word_1_800' title='bbox 3115 3985 3251 4057; x_wconf 87' lang='lat' dir='ltr'><strong>ipse,</strong></span> <span class='ocrx_word' id='word_1_801' title='bbox 3288 3987 3382 4044; x_wconf 91' lang='lat' dir='ltr'><strong>sed</strong></span> <span class='ocrx_word' id='word_1_802' title='bbox 3411 3986 3608 4041; x_wconf 86' lang='lat' dir='ltr'><strong>fallitur.</strong></span> <span class='ocrx_word' id='word_1_803' title='bbox 3629 3977 3721 4035; x_wconf 87' lang='lat' dir='ltr'><strong>Non</strong></span> 
     </span>
    </p>
   </div>
   <div class='ocr_carea' id='block_1_101' title="bbox 2188 4065 3721 4147">
    <p class='ocr_par' dir='ltr' id='par_1_101' title="bbox 2188 4065 3721 4147">
     <span class='ocr_line' id='line_1_101' title="bbox 2188 4065 3721 4147; baseline 0.011 -29"><span class='ocrx_word' id='word_1_804' title='bbox 2188 4065 2365 4137; x_wconf 91' lang='lat' dir='ltr'><strong>itaque</strong></span> <span class='ocrx_word' id='word_1_805' title='bbox 2391 4068 2675 4137; x_wconf 88' lang='lat' dir='ltr'><strong>mendacii,</strong></span> <span class='ocrx_word' id='word_1_806' title='bbox 2704 4072 2800 4128; x_wconf 92' lang='lat' dir='ltr'><strong>sed</strong></span> <span class='ocrx_word' id='word_1_807' title='bbox 2842 4074 3131 4146; x_wconf 90' lang='lat' dir='ltr'><strong>aliquando</strong></span> <span class='ocrx_word' id='word_1_808' title='bbox 3181 4081 3492 4139; x_wconf 89' lang='lat' dir='ltr'><strong>temeritatis</strong></span> <span class='ocrx_word' id='word_1_809' title='bbox 3530 4086 3721 4147; x_wconf 72' lang='lat' dir='ltr'><strong>arguen-</strong></span> 
     </span>
    </p>
   </div>
   <div class='ocr_carea' id='block_1_102' title="bbox 2186 4157 3719 4247">
    <p class='ocr_par' dir='ltr' id='par_1_102' title="bbox 2186 4157 3719 4247">
     <span class='ocr_line' id='line_1_102' title="bbox 2186 4157 3719 4247; baseline 0.007 -35"><span class='ocrx_word' id='word_1_810' title='bbox 2186 4157 2286 4213; x_wconf 91' lang='lat' dir='ltr'><strong>dus</strong></span> <span class='ocrx_word' id='word_1_811' title='bbox 2310 4168 2412 4227; x_wconf 88' lang='lat' dir='ltr'><strong>est,</strong></span> <span class='ocrx_word' id='word_1_812' title='bbox 2443 4160 2532 4231; x_wconf 92' lang='lat' dir='ltr'><strong>qui</strong></span> <span class='ocrx_word' id='word_1_813' title='bbox 2561 4161 2693 4219; x_wconf 90' lang='lat' dir='ltr'><strong>falsa</strong></span> <span class='ocrx_word' id='word_1_814' title='bbox 2724 4164 2988 4223; x_wconf 85' lang='lat' dir='ltr'><strong>incautius</strong></span> <span class='ocrx_word' id='word_1_815' title='bbox 3025 4172 3229 4228; x_wconf 92' lang='lat' dir='ltr'><strong>credita</strong></span> <span class='ocrx_word' id='word_1_816' title='bbox 3272 4190 3369 4247; x_wconf 89' lang='lat' dir='ltr'><strong>pro</strong></span> <span class='ocrx_word' id='word_1_817' title='bbox 3416 4172 3546 4227; x_wconf 88' lang='lat' dir='ltr'><strong>veris</strong></span> <span class='ocrx_word' id='word_1_818' title='bbox 3576 4166 3719 4222; x_wconf 68' lang='lat' dir='ltr'><strong>habet.</strong></span> 
     </span>
    </p>
   </div>
   <div class='ocr_carea' id='block_1_103' title="bbox 2187 4248 3722 4339">
    <p class='ocr_par' dir='ltr' id='par_1_103' title="bbox 2187 4248 3722 4339">
     <span class='ocr_line' id='line_1_103' title="bbox 2187 4248 3722 4339; baseline 0.004 -34"><span class='ocrx_word' id='word_1_819' title='bbox 2187 4248 2474 4323; x_wconf 87' lang='lat' dir='ltr'><strong>Potiusque</strong></span> <span class='ocrx_word' id='word_1_820' title='bbox 2502 4269 2534 4310; x_wconf 91' lang='lat' dir='ltr'><strong>e</strong></span> <span class='ocrx_word' id='word_1_821' title='bbox 2554 4258 2845 4328; x_wconf 90' lang='lat' dir='ltr'><strong>contrario,</strong></span> <span class='ocrx_word' id='word_1_822' title='bbox 2868 4270 3124 4332; x_wconf 88' lang='lat' dir='ltr'><strong>quantum</strong></span> <span class='ocrx_word' id='word_1_823' title='bbox 3153 4267 3208 4322; x_wconf 91' lang='lat' dir='ltr'><strong>in</strong></span> <span class='ocrx_word' id='word_1_824' title='bbox 3239 4268 3356 4339; x_wconf 88' lang='lat' dir='ltr'><strong>ipso</strong></span> <span class='ocrx_word' id='word_1_825' title='bbox 3380 4273 3475 4332; x_wconf 88' lang='lat' dir='ltr'><strong>est,</strong></span> <span class='ocrx_word' id='word_1_826' title='bbox 3501 4263 3578 4319; x_wconf 87' lang='lat' dir='ltr'><strong>ille</strong></span> <span class='ocrx_word' id='word_1_827' title='bbox 3603 4272 3722 4314; x_wconf 86' lang='lat' dir='ltr'><strong>men-</strong></span> 
     </span>
    </p>
   </div>
   <div class='ocr_carea' id='block_1_104' title="bbox 2186 4343 3719 4427">
    <p class='ocr_par' dir='ltr' id='par_1_104' title="bbox 2186 4343 3719 4427">
     <span class='ocr_line' id='line_1_104' title="bbox 2186 4343 3719 4427; baseline 0.009 -30"><span class='ocrx_word' id='word_1_828' title='bbox 2186 4343 2335 4413; x_wconf 90' lang='lat' dir='ltr'><strong>titur,</strong></span> <span class='ocrx_word' id='word_1_829' title='bbox 2366 4345 2458 4417; x_wconf 91' lang='lat' dir='ltr'><strong>qui</strong></span> <span class='ocrx_word' id='word_1_830' title='bbox 2501 4346 2630 4403; x_wconf 90' lang='lat' dir='ltr'><strong>dicit</strong></span> <span class='ocrx_word' id='word_1_831' title='bbox 2667 4365 2850 4407; x_wconf 91' lang='lat' dir='ltr'><strong>verum</strong></span> <span class='ocrx_word' id='word_1_832' title='bbox 2877 4355 3020 4424; x_wconf 92' lang='lat' dir='ltr'><strong>quod</strong></span> <span class='ocrx_word' id='word_1_833' title='bbox 3059 4367 3209 4427; x_wconf 92' lang='lat' dir='ltr'><strong>putat</strong></span> <span class='ocrx_word' id='word_1_834' title='bbox 3252 4361 3459 4416; x_wconf 81' lang='lat' dir='ltr'><strong>falsum.</strong></span> <span class='ocrx_word' id='word_1_835' title='bbox 3498 4357 3719 4425; x_wconf 83' lang='lat' dir='ltr'><strong>Quantum</strong></span> 
     </span>
    </p>
   </div>
   <div class='ocr_carea' id='block_1_105' title="bbox 2185 4437 3720 4526">
    <p class='ocr_par' dir='ltr' id='par_1_105' title="bbox 2185 4437 3720 4526">
     <span class='ocr_line' id='line_1_105' title="bbox 2185 4437 3720 4526; baseline 0.004 -36"><span class='ocrx_word' id='word_1_836' title='bbox 2185 4437 2409 4493; x_wconf 89' lang='lat' dir='ltr'><strong>enimad</strong></span> <span class='ocrx_word' id='word_1_837' title='bbox 2430 4440 2667 4496; x_wconf 90' lang='lat' dir='ltr'><strong>animum</strong></span> <span class='ocrx_word' id='word_1_838' title='bbox 2685 4444 2801 4514; x_wconf 84' lang='lat' dir='ltr'><strong>ejus</strong></span> <span class='ocrx_word' id='word_1_839' title='bbox 2812 4448 3022 4515; x_wconf 91' lang='lat' dir='ltr'><strong>attinet,</strong></span> <span class='ocrx_word' id='word_1_840' title='bbox 3051 4453 3173 4522; x_wconf 92' lang='lat' dir='ltr'><strong>quia</strong></span> <span class='ocrx_word' id='word_1_841' title='bbox 3202 4470 3310 4510; x_wconf 90' lang='lat' dir='ltr'><strong>non</strong></span> <span class='ocrx_word' id='word_1_842' title='bbox 3323 4453 3459 4526; x_wconf 90' lang='lat' dir='ltr'><strong>quod</strong></span> <span class='ocrx_word' id='word_1_843' title='bbox 3480 4448 3621 4507; x_wconf 87' lang='lat' dir='ltr'><strong>sentit</strong></span> <span class='ocrx_word' id='word_1_844' title='bbox 3642 4443 3720 4497; x_wconf 86' lang='lat' dir='ltr'><strong>hoc</strong></span> 
     </span>
    </p>
   </div>
   <div class='ocr_carea' id='block_1_106' title="bbox 2185 4525 3720 4611">
    <p class='ocr_par' dir='ltr' id='par_1_106' title="bbox 2185 4525 3720 4611">
     <span class='ocr_line' id='line_1_106' title="bbox 2185 4525 3720 4611; baseline 0.012 -31"><span class='ocrx_word' id='word_1_845' title='bbox 2185 4525 2332 4595; x_wconf 87' lang='lat' dir='ltr'><strong>dicit,</strong></span> <span class='ocrx_word' id='word_1_846' title='bbox 2372 4543 2482 4585; x_wconf 93' lang='lat' dir='ltr'><strong>non</strong></span> <span class='ocrx_word' id='word_1_847' title='bbox 2508 4547 2693 4588; x_wconf 89' lang='lat' dir='ltr'><strong>verum</strong></span> <span class='ocrx_word' id='word_1_848' title='bbox 2737 4537 2888 4607; x_wconf 90' lang='lat' dir='ltr'><strong>dicit,</strong></span> <span class='ocrx_word' id='word_1_849' title='bbox 2944 4545 3188 4611; x_wconf 88' lang='lat' dir='ltr'><strong>quamvis</strong></span> <span class='ocrx_word' id='word_1_850' title='bbox 3243 4525 3424 4603; x_wconf 85' lang='lat' dir='ltr'><strong>verum</strong></span> <span class='ocrx_word' id='word_1_851' title='bbox 3469 4537 3720 4597; x_wconf 61' lang='lat' dir='ltr'><strong>inveniam?</strong></span> 
     </span>
    </p>
   </div>
   <div class='ocr_carea' id='block_1_107' title="bbox 2185 4623 3715 4696">
    <p class='ocr_par' dir='ltr' id='par_1_107' title="bbox 2185 4623 3715 4696">
     <span class='ocr_line' id='line_1_107' title="bbox 2185 4623 3715 4696; baseline 0.011 -23"><span class='ocrx_word' id='word_1_852' title='bbox 2185 4632 2305 4676; x_wconf 87' lang='lat' dir='ltr'><strong>esse</strong></span> <span class='ocrx_word' id='word_1_853' title='bbox 2331 4623 2473 4691; x_wconf 90' lang='lat' dir='ltr'><strong>quod</strong></span> <span class='ocrx_word' id='word_1_854' title='bbox 2494 4623 2623 4682; x_wconf 92' lang='lat' dir='ltr'><strong>dicit</strong></span> <span class='ocrx_word' id='word_1_855' title='bbox 2657 4645 2670 4681; x_wconf 92' lang='lat'>:</span> <span class='ocrx_word' id='word_1_856' title='bbox 2694 4644 2796 4685; x_wconf 90' lang='lat' dir='ltr'><strong>nec</strong></span> <span class='ocrx_word' id='word_1_857' title='bbox 2822 4631 2928 4687; x_wconf 92' lang='lat' dir='ltr'><strong>ullo</strong></span> <span class='ocrx_word' id='word_1_858' title='bbox 2957 4635 3118 4692; x_wconf 93' lang='lat' dir='ltr'><strong>modo</strong></span> <span class='ocrx_word' id='word_1_859' title='bbox 3150 4628 3287 4696; x_wconf 84' lang='lat' dir='ltr'><strong>liber</strong></span> <span class='ocrx_word' id='word_1_860' title='bbox 3310 4650 3392 4696; x_wconf 90' lang='lat' dir='ltr'><strong>est</strong></span> <span class='ocrx_word' id='word_1_861' title='bbox 3415 4653 3445 4692; x_wconf 91' lang='lat' dir='ltr'><strong>a</strong></span> <span class='ocrx_word' id='word_1_862' title='bbox 3464 4626 3715 4690; x_wconf 64' lang='lat' dir='ltr'><strong>mendacio.</strong></span> 
     </span>
    </p>
   </div>
   <div class='ocr_carea' id='block_1_108' title="bbox 2185 4715 3717 4798">
    <p class='ocr_par' dir='ltr' id='par_1_108' title="bbox 2185 4715 3717 4798">
     <span class='ocr_line' id='line_1_108' title="bbox 2185 4715 3717 4798; baseline 0.003 -31"><span class='ocrx_word' id='word_1_863' title='bbox 2185 4715 2276 4785; x_wconf 92' lang='lat' dir='ltr'><strong>qui</strong></span> <span class='ocrx_word' id='word_1_864' title='bbox 2302 4730 2397 4771; x_wconf 91' lang='lat' dir='ltr'><strong>ore</strong></span> <span class='ocrx_word' id='word_1_865' title='bbox 2417 4718 2665 4775; x_wconf 89' lang='lat' dir='ltr'><strong>nesciens</strong></span> <span class='ocrx_word' id='word_1_866' title='bbox 2704 4737 2890 4777; x_wconf 91' lang='lat' dir='ltr'><strong>verum</strong></span> <span class='ocrx_word' id='word_1_867' title='bbox 2945 4725 3202 4798; x_wconf 90' lang='lat' dir='ltr'><strong>loquitur,</strong></span> <span class='ocrx_word' id='word_1_868' title='bbox 3232 4732 3407 4788; x_wconf 87' lang='lat' dir='ltr'><strong>sciens</strong></span> <span class='ocrx_word' id='word_1_869' title='bbox 3451 4736 3610 4782; x_wconf 87' lang='lat' dir='ltr'><strong>autem</strong></span> <span class='ocrx_word' id='word_1_870' title='bbox 3646 4731 3717 4770; x_wconf 79' lang='lat' dir='ltr'><strong>vo-</strong></span> 
     </span>
    </p>
   </div>
   <div class='ocr_carea' id='block_1_109' title="bbox 2186 4805 3714 4896">
    <p class='ocr_par' dir='ltr' id='par_1_109' title="bbox 2186 4805 3714 4896">
     <span class='ocr_line' id='line_1_109' title="bbox 2186 4805 3714 4896; baseline 0.014 -36"><span class='ocrx_word' id='word_1_871' title='bbox 2186 4805 2389 4864; x_wconf 91' lang='lat' dir='ltr'><strong>luntate</strong></span> <span class='ocrx_word' id='word_1_872' title='bbox 2420 4812 2692 4868; x_wconf 89' lang='lat' dir='ltr'><strong>mentitur.</strong></span> <span class='ocrx_word' id='word_1_873' title='bbox 2725 4814 2841 4871; x_wconf 89' lang='lat' dir='ltr'><strong>Non</strong></span> <span class='ocrx_word' id='word_1_874' title='bbox 2864 4821 3218 4879; x_wconf 87' lang='lat' dir='ltr'><strong>consideratis</strong></span> <span class='ocrx_word' id='word_1_875' title='bbox 3258 4826 3433 4896; x_wconf 83' lang='lat' dir='ltr'><strong>itaque</strong></span> <span class='ocrx_word' id='word_1_876' title='bbox 3450 4820 3594 4875; x_wconf 89' lang='lat' dir='ltr'><strong>rebus</strong></span> <span class='ocrx_word' id='word_1_877' title='bbox 3611 4807 3714 4881; x_wconf 67' lang='lat' dir='ltr'><strong>iPSis</strong></span> 
     </span>
    </p>
   </div>
   <div class='ocr_carea' id='block_1_110' title="bbox 2186 4898 3715 4977">
    <p class='ocr_par' dir='ltr' id='par_1_110' title="bbox 2186 4898 3715 4977">
     <span class='ocr_line' id='line_1_110' title="bbox 2186 4898 3715 4977; baseline 0.001 -24"><span class='ocrx_word' id='word_1_878' title='bbox 2186 4898 2254 4954; x_wconf 92' lang='lat' dir='ltr'><strong>de</strong></span> <span class='ocrx_word' id='word_1_879' title='bbox 2279 4903 2471 4971; x_wconf 90' lang='lat' dir='ltr'><strong>quibus</strong></span> <span class='ocrx_word' id='word_1_880' title='bbox 2498 4905 2699 4976; x_wconf 90' lang='lat' dir='ltr'><strong>aliquid</strong></span> <span class='ocrx_word' id='word_1_881' title='bbox 2716 4907 2931 4977; x_wconf 90' lang='lat' dir='ltr'><strong>dicitur,</strong></span> <span class='ocrx_word' id='word_1_882' title='bbox 2960 4912 3057 4968; x_wconf 88' lang='lat' dir='ltr'><strong>sed</strong></span> <span class='ocrx_word' id='word_1_883' title='bbox 3094 4916 3207 4970; x_wconf 85' lang='lat' dir='ltr'><strong>sola</strong></span> <span class='ocrx_word' id='word_1_884' title='bbox 3239 4916 3524 4973; x_wconf 87' lang='lat' dir='ltr'><strong>intentione</strong></span> <span class='ocrx_word' id='word_1_885' title='bbox 3569 4906 3715 4960; x_wconf 87' lang='lat' dir='ltr'><strong>dicen-</strong></span> 
     </span>
    </p>
   </div>
   <div class='ocr_carea' id='block_1_111' title="bbox 2186 4987 3712 5077">
    <p class='ocr_par' dir='ltr' id='par_1_111' title="bbox 2186 4987 3712 5077">
     <span class='ocr_line' id='line_1_111' title="bbox 2186 4987 3712 5077; baseline 0.003 -31"><span class='ocrx_word' id='word_1_886' title='bbox 2186 4991 2275 5061; x_wconf 90' lang='lat' dir='ltr'><strong>tis,</strong></span> <span class='ocrx_word' id='word_1_887' title='bbox 2299 4995 2489 5051; x_wconf 90' lang='lat' dir='ltr'><strong>melior</strong></span> <span class='ocrx_word' id='word_1_888' title='bbox 2512 5000 2703 5069; x_wconf 87' lang='lat' dir='ltr'><strong>estqui</strong></span> <span class='ocrx_word' id='word_1_889' title='bbox 2733 5004 2980 5060; x_wconf 88' lang='lat' dir='ltr'><strong>nesciens</strong></span> <span class='ocrx_word' id='word_1_890' title='bbox 3006 5006 3198 5065; x_wconf 85' lang='lat' dir='ltr'><strong>falsum</strong></span> <span class='ocrx_word' id='word_1_891' title='bbox 3246 5011 3389 5074; x_wconf 89' lang='lat' dir='ltr'><strong>dicit,</strong></span> <span class='ocrx_word' id='word_1_892' title='bbox 3414 5002 3638 5077; x_wconf 87' lang='lat' dir='ltr'><strong>quoniam</strong></span> <span class='ocrx_word' id='word_1_893' title='bbox 3672 4987 3712 5044; x_wconf 81' lang='lat' dir='ltr'><strong>id</strong></span> 
     </span>
    </p>
   </div>
   <div class='ocr_carea' id='block_1_112' title="bbox 2184 5088 3712 5167">
    <p class='ocr_par' dir='ltr' id='par_1_112' title="bbox 2184 5088 3712 5167">
     <span class='ocr_line' id='line_1_112' title="bbox 2184 5088 3712 5167; baseline -0.001 -28"><span class='ocrx_word' id='word_1_894' title='bbox 2184 5099 2372 5141; x_wconf 90' lang='lat' dir='ltr'><strong>verum</strong></span> <span class='ocrx_word' id='word_1_895' title='bbox 2409 5098 2579 5159; x_wconf 89' lang='lat' dir='ltr'><strong>putat,</strong></span> <span class='ocrx_word' id='word_1_896' title='bbox 2634 5108 2793 5163; x_wconf 89' lang='lat' dir='ltr'><strong>quam</strong></span> <span class='ocrx_word' id='word_1_897' title='bbox 2819 5096 2908 5167; x_wconf 91' lang='lat' dir='ltr'><strong>qui</strong></span> <span class='ocrx_word' id='word_1_898' title='bbox 2967 5100 3260 5157; x_wconf 90' lang='lat' dir='ltr'><strong>mentiendi</strong></span> <span class='ocrx_word' id='word_1_899' title='bbox 3309 5102 3531 5157; x_wconf 88' lang='lat' dir='ltr'><strong>animum</strong></span> <span class='ocrx_word' id='word_1_900' title='bbox 3571 5088 3712 5144; x_wconf 86' lang='lat' dir='ltr'><strong>sciens</strong></span> 
     </span>
    </p>
   </div>
   <div class='ocr_carea' id='block_1_113' title="bbox 2184 5177 3711 5262">
    <p class='ocr_par' dir='ltr' id='par_1_113' title="bbox 2184 5177 3711 5262">
     <span class='ocr_line' id='line_1_113' title="bbox 2184 5177 3711 5262; baseline 0.009 -30"><span class='ocrx_word' id='word_1_901' title='bbox 2184 5177 2342 5248; x_wconf 85' lang='lat' dir='ltr'><strong>gerit,</strong></span> <span class='ocrx_word' id='word_1_902' title='bbox 2368 5183 2612 5239; x_wconf 89' lang='lat' dir='ltr'><strong>nesciens</strong></span> <span class='ocrx_word' id='word_1_903' title='bbox 2637 5199 2826 5241; x_wconf 90' lang='lat' dir='ltr'><strong>verum</strong></span> <span class='ocrx_word' id='word_1_904' title='bbox 2860 5203 2981 5245; x_wconf 90' lang='lat' dir='ltr'><strong>esse</strong></span> <span class='ocrx_word' id='word_1_905' title='bbox 3020 5193 3164 5262; x_wconf 90' lang='lat' dir='ltr'><strong>quod</strong></span> <span class='ocrx_word' id='word_1_906' title='bbox 3209 5194 3354 5250; x_wconf 88' lang='lat' dir='ltr'><strong>dicit.</strong></span> <span class='ocrx_word' id='word_1_907' title='bbox 3394 5190 3483 5245; x_wconf 91' lang='lat' dir='ltr'><strong>Ille</strong></span> <span class='ocrx_word' id='word_1_908' title='bbox 3518 5186 3711 5245; x_wconf 70' lang='lat' dir='ltr'><strong>namqu°</strong></span> 
     </span>
    </p>
   </div>
   <div class='ocr_carea' id='block_1_114' title="bbox 2182 5272 3711 5349">
    <p class='ocr_par' dir='ltr' id='par_1_114' title="bbox 2182 5272 3711 5349">
     <span class='ocr_line' id='line_1_114' title="bbox 2182 5272 3711 5349; baseline 0.002 -23"><span class='ocrx_word' id='word_1_909' title='bbox 2182 5286 2293 5328; x_wconf 90' lang='lat' dir='ltr'><strong>non</strong></span> <span class='ocrx_word' id='word_1_910' title='bbox 2311 5272 2454 5328; x_wconf 92' lang='lat' dir='ltr'><strong>aliud</strong></span> <span class='ocrx_word' id='word_1_911' title='bbox 2480 5275 2640 5332; x_wconf 89' lang='lat' dir='ltr'><strong>habet</strong></span> <span class='ocrx_word' id='word_1_912' title='bbox 2658 5277 2713 5333; x_wconf 92' lang='lat' dir='ltr'><strong>in</strong></span> <span class='ocrx_word' id='word_1_913' title='bbox 2737 5279 2937 5349; x_wconf 88' lang='lat' dir='ltr'><strong>animo,</strong></span> <span class='ocrx_word' id='word_1_914' title='bbox 2974 5282 3117 5340; x_wconf 91' lang='lat' dir='ltr'><strong>aliud</strong></span> <span class='ocrx_word' id='word_1_915' title='bbox 3166 5286 3223 5342; x_wconf 89' lang='lat' dir='ltr'><strong>in</strong></span> <span class='ocrx_word' id='word_1_916' title='bbox 3250 5286 3447 5344; x_wconf 89' lang='lat' dir='ltr'><strong>verbo:</strong></span> <span class='ocrx_word' id='word_1_917' title='bbox 3471 5274 3580 5334; x_wconf 86' lang='lat' dir='ltr'><strong>huic</strong></span> <span class='ocrx_word' id='word_1_918' title='bbox 3611 5276 3711 5322; x_wconf 73' lang='lat' dir='ltr'><strong>vero</strong></span> 
     </span>
    </p>
   </div>
   <div class='ocr_carea' id='block_1_115' title="bbox 2182 5362 3705 5450">
    <p class='ocr_par' dir='ltr' id='par_1_115' title="bbox 2182 5362 3705 5450">
     <span class='ocr_line' id='line_1_115' title="bbox 2182 5362 3705 5450; baseline -0.008 -27"><span class='ocrx_word' id='word_1_919' title='bbox 2182 5366 2573 5439; x_wconf 88' lang='lat' dir='ltr'><strong>qualecumque</strong></span> <span class='ocrx_word' id='word_1_920' title='bbox 2600 5383 2698 5441; x_wconf 87' lang='lat' dir='ltr'><strong>per</strong></span> <span class='ocrx_word' id='word_1_921' title='bbox 2722 5385 2782 5429; x_wconf 90' lang='lat' dir='ltr'><strong>se</strong></span> <span class='ocrx_word' id='word_1_922' title='bbox 2810 5373 2982 5444; x_wconf 92' lang='lat' dir='ltr'><strong>ipsum</strong></span> <span class='ocrx_word' id='word_1_923' title='bbox 3025 5376 3097 5432; x_wconf 87' lang='lat' dir='ltr'><strong>sit</strong></span> <span class='ocrx_word' id='word_1_924' title='bbox 3144 5377 3286 5450; x_wconf 88' lang='lat' dir='ltr'><strong>quod</strong></span> <span class='ocrx_word' id='word_1_925' title='bbox 3328 5377 3393 5434; x_wconf 92' lang='lat' dir='ltr'><strong>ab</strong></span> <span class='ocrx_word' id='word_1_926' title='bbox 3426 5386 3487 5431; x_wconf 90' lang='lat' dir='ltr'><strong>eo</strong></span> <span class='ocrx_word' id='word_1_927' title='bbox 3529 5362 3705 5423; x_wconf 83' lang='lat' dir='ltr'><strong>dicitur,</strong></span> 
     </span>
    </p>
   </div>
   <div class='ocr_carea' id='block_1_116' title="bbox 2246 5570 3708 5659">
    <p class='ocr_par' dir='ltr' id='par_1_116' title="bbox 2246 5570 3708 5659">
     <span class='ocr_line' id='line_1_116' title="bbox 2246 5570 3708 5659; baseline 0.016 -19"><span class='ocrx_word' id='word_1_928' title='bbox 2246 5591 2265 5623; x_wconf 75' lang='grc' dir='ltr'><strong><em>ι</em></strong></span> <span class='ocrx_word' id='word_1_929' title='bbox 2290 5598 2391 5642; x_wconf 79' lang='lat' dir='ltr'><strong>Am.</strong></span> <span class='ocrx_word' id='word_1_930' title='bbox 2416 5597 2490 5659; x_wconf 76' lang='lat' dir='ltr'><strong>Er,</strong></span> <span class='ocrx_word' id='word_1_931' title='bbox 2513 5598 2624 5659; x_wconf 71' lang='lat' dir='ltr'><strong>nov.</strong></span> <span class='ocrx_word' id='word_1_932' title='bbox 2650 5600 2704 5645; x_wconf 91' lang='lat' dir='ltr'><strong>et</strong></span> <span class='ocrx_word' id='word_1_933' title='bbox 2728 5601 2873 5659; x_wconf 68' lang='lat' dir='ltr'><strong>nam,</strong></span> <span class='ocrx_word' id='word_1_934' title='bbox 2900 5599 3046 5650; x_wconf 79' lang='lat' dir='ltr'><strong>Haud</strong></span> <span class='ocrx_word' id='word_1_935' title='bbox 3061 5611 3191 5653; x_wconf 79' lang='lat' dir='ltr'><strong>vero.</strong></span> <span class='ocrx_word' id='word_1_936' title='bbox 3227 5607 3283 5652; x_wconf 80' lang='lat' dir='ltr'><strong>At</strong></span> <span class='ocrx_word' id='word_1_937' title='bbox 3310 5604 3413 5648; x_wconf 77' lang='lat' dir='ltr'><strong>uss.</strong></span> <span class='ocrx_word' id='word_1_938' title='bbox 3438 5597 3485 5641; x_wconf 88' lang='lat' dir='ltr'><strong>et</strong></span> <span class='ocrx_word' id='word_1_939' title='bbox 3513 5570 3708 5659; x_wconf 57' lang='grc' dir='ltr'><strong>Αιῖιὲρέῖίέ</strong></span> 
     </span>
    </p>
   </div>
   <div class='ocr_carea' id='block_1_117' title="bbox 2181 5643 3707 5723">
    <p class='ocr_par' dir='ltr' id='par_1_117' title="bbox 2181 5643 3707 5723">
     <span class='ocr_line' id='line_1_117' title="bbox 2181 5643 3707 5723; baseline 0.015 -20"><span class='ocrx_word' id='word_1_940' title='bbox 2181 5666 2292 5723; x_wconf 71' lang='lat' dir='ltr'><strong>vero</strong></span> <span class='ocrx_word' id='word_1_941' title='bbox 2315 5666 2332 5704; x_wconf 89' lang='lat'><em>:</em></span> <span class='ocrx_word' id='word_1_942' title='bbox 2355 5654 2635 5723; x_wconf 79' lang='lat' dir='ltr'><strong>concinnius</strong></span> <span class='ocrx_word' id='word_1_943' title='bbox 2653 5643 2873 5723; x_wconf 62' lang='lat' dir='ltr'><strong>quidem,</strong></span> <span class='ocrx_word' id='word_1_944' title='bbox 2891 5643 3707 5723; x_wconf 47' lang='grc' dir='ltr'><strong>ἷθῖἰῖοᾶἕῶἐῖῑῖδιι-ῖέω.³ῗὲ¹ῗῗ</strong></span> 
     </span>
    </p>
   </div>
   <div class='ocr_carea' id='block_1_118' title="bbox 2180 5705 3703 5793">
    <p class='ocr_par' dir='ltr' id='par_1_118' title="bbox 2180 5705 3703 5793">
     <span class='ocr_line' id='line_1_118' title="bbox 2180 5705 3703 5793; baseline -0.003 -24"><span class='ocrx_word' id='word_1_945' title='bbox 2180 5705 2246 5769; x_wconf 88' lang='lat' dir='ltr'><strong>tia</strong></span> <span class='ocrx_word' id='word_1_946' title='bbox 2279 5716 2595 5793; x_wconf 72' lang='lat' dir='ltr'><strong>praecedente</strong></span> <span class='ocrx_word' id='word_1_947' title='bbox 2652 5705 2868 5771; x_wconf 57' lang='lat' dir='ltr'><strong>vigili;</strong></span> <span class='ocrx_word' id='word_1_948' title='bbox 2891 5705 3365 5793; x_wconf 53' lang='lat' dir='ltr'><strong>agaié&#39;is‘risgiitir’</strong></span> <span class='ocrx_word' id='word_1_949' title='bbox 3390 5705 3615 5783; x_wconf 58' lang='lat' dir='ltr'><strong>partim“ae</strong></span> <span class='ocrx_word' id='word_1_950' title='bbox 3632 5706 3703 5748; x_wconf 66' lang='grc' dir='ltr'><strong>πθ·</strong></span> 
     </span>
    </p>
   </div>
   <div class='ocr_carea' id='block_1_119' title="bbox 2177 5782 3093 5909">
    <p class='ocr_par' dir='ltr' id='par_1_119' title="bbox 2177 5782 3093 5909">
     <span class='ocr_line' id='line_1_119' title="bbox 2177 5782 3093 5909; baseline 0.015 -18"><span class='ocrx_word' id='word_1_951' title='bbox 2177 5782 2703 5902; x_wconf 40' lang='lat' dir='ltr'><strong>8a‘6th.Priscillianistae</strong></span> <span class='ocrx_word' id='word_1_952' title='bbox 2726 5846 3093 5909; x_wconf 74' lang='lat' dir='ltr'><strong>redarguuntur.</strong></span> 
     </span>
    </p>
   </div>
  </div>
