3882 6286
171 356 252 413 2“
1514 332 1713 387 LIBER
1752 327 1950 385 UNUS.

167 466 291 526 aliud
333 474 504 522 tamen
565 465 803 519 clausum
852 463 904 514 in
956 466 1193 529 pectore,
1237 453 1379 509 aliud
1436 452 1490 505 in
1532 448 1708 516 lingua

164 568 442 639 promptum
469 565 595 623 est;
626 553 765 626 quod
794 552 990 607 malum
1016 557 1099 605 est
1124 546 1397 618 proprium
1422 539 1708 639 incutien-

164 630 236 711 iis.
262 630 570 722 Inipsaﬁlm
624 654 799 702 autem
843 658 961 714 qua:
1001 640 1249 695 dicuntur
1290 630 1717 691 consideratione

162 758 317 801 rerum
342 720 544 795 tantum
574 738 815 800 interest,
836 748 939 803 qua
966 732 1019 786 in
1041 745 1103 786 re
1131 729 1354 799 quisque
1374 724 1587 778 fallatur
1602 720 1717 775 sive

162 835 441 897 mentiatur,
470 839 531 884 ut
550 843 675 883 cum
699 825 809 880 falli
828 838 987 895 quam
1016 820 1229 876 mentiri
1267 819 1445 872 minus
1488 815 1558 869 sit
1597 825 1712 866 ma-

162 930 271 989 lum,
301 931 551 995 quantum
586 918 813 989 pertinet
865 914 932 970 ad
969 911 1201 967 hominis
1248 907 1607 968 voluntatem;
1634 911 1715 957 ta-

162 1034 264 1072 men
288 1017 434 1084 longe
460 1010 789 1066 tolerabilius
810 1008 879 1062 sit
908 1007 961 1061 in
984 1005 1066 1059 his
1091 1017 1212 1074 quae
1254 1016 1285 1056 a
1311 999 1566 1068 religione
1592 1002 1717 1050 sunt

162 1108 392 1177 seiuncta,
419 1102 662 1167 mentiri,
693 1114 850 1170 quam
882 1098 936 1152 in
962 1097 1027 1151 iis
1052 1095 1169 1150 sine
1205 1105 1432 1162 quorum
1482 1088 1585 1142 ﬁde
1629 1084 1717 1140 vel

163 1199 324 1252 notitia
352 1197 486 1248 Deus
514 1193 625 1247 coli
652 1206 755 1245 non
778 1197 972 1260 potest,
1005 1187 1112 1241 falli
1145 1187 1184 1238 ¹.
1216 1182 1368 1252 Quod
1390 1189 1448 1235 ut
1484 1180 1717 1234 illustre—

165 1302 235 1345 tur
258 1286 524 1356 exemplis,
556 1284 859 1339 intueamur
880 1279 1037 1350 quale
1063 1276 1152 1344 sit,
1196 1276 1239 1329 si
1285 1272 1543 1344 quispiam
1591 1268 1718 1324 dum

167 1381 403 1444 mentitur,
432 1378 622 1431 vivere
648 1374 854 1429 nuntiet
891 1371 1121 1441 aliquem
1167 1373 1454 1428 mortuum;
1486 1370 1540 1417 et
1582 1359 1718 1414 alius

168 1475 272 1530 dum
289 1470 497 1533 fallitur,
530 1467 720 1522 credat
745 1467 935 1520 iterum
980 1462 1247 1517 Christum
1280 1467 1401 1528 post
1427 1454 1719 1527 quamlibet

164 1567 291 1631 longa
317 1558 555 1631 tempora
589 1557 943 1613 moriturum:
969 1566 1151 1623 ponne
1176 1550 1267 1604 illo
1307 1547 1466 1602 modo
1505 1544 1717 1599 mentiri

160 1671 293 1727 quam
314 1655 409 1709 isto
440 1651 610 1706 modo
640 1650 749 1704 falli
788 1643 1289 1715 imcomparabiliter
1317 1647 1552 1710 praestat,
1575 1636 1717 1691 mulc

160 1726 294 1816 loque
318 1744 539 1799 minoris
560 1741 688 1796 mali
716 1748 797 1794 est
822 1739 874 1793 in
906 1737 1054 1791 illum
1093 1726 1332 1789 errorem
1374 1731 1605 1801 aliquem
1638 1728 1720 1783 in-

158 1838 347 1901 ducere,
376 1850 537 1904 quam
568 1834 623 1886 in
656 1833 813 1885 istum
838 1829 905 1884 ab
924 1828 1102 1897 aliquo
1126 1824 1338 1880 induci?

216 1926 424 1983 CAPUT
447 1924 595 1980 XIX.
623 1953 696 1963 —
717 1921 879 1976 Error
929 1921 1059 1974 alius
1099 1917 1298 1989 quidem
1342 1915 1442 1970 alio
1468 1913 1720 1985 pernicio-

156 2020 261 2084 sior,
298 2018 380 2071 sed
405 2032 609 2087 semper
628 2023 703 2068 est
726 2013 908 2066 malus.
956 2009 1013 2064 In
1037 2006 1353 2080 quibusdam
1398 2021 1524 2075 ergo
1555 2004 1717 2059 rebus

158 2128 341 2183 magno,
402 2112 455 2165 in
489 2108 809 2181 quibusdam
861 2120 1047 2176 parvo,
1096 2103 1149 2157 in
1198 2100 1511 2172 quibusdam
1567 2097 1717 2152 nullo

157 2206 293 2271 malo,
323 2205 371 2259 in
422 2201 749 2274 quibusdam
788 2197 1045 2253 nonnullo
1071 2196 1229 2251 etiam
1273 2194 1414 2249 bono
1465 2192 1715 2246 fallimur.

160 2297 270 2352 Nam
290 2310 476 2367 magno
503 2295 651 2349 malo
681 2292 878 2346 fallitur
898 2290 1078 2353 homo,
1106 2302 1229 2343 cum
1264 2286 1367 2342 hoc
1393 2301 1499 2341 non
1548 2283 1722 2339 credit

158 2388 277 2460 quod
299 2388 360 2443 ad
381 2388 545 2442 vitam
569 2385 721 2441 ducit
739 2392 1014 2448 aeternam,
1041 2381 1122 2435 vel
1149 2379 1250 2435 hoc
1278 2377 1449 2434 credit
1487 2376 1630 2447 quod
1651 2375 1719 2430 ad

161 2490 359 2535 mortem
382 2479 531 2535 ducit
551 2486 835 2532 aeternam.
877 2474 1046 2528 Parvo
1086 2479 1263 2527 autem
1300 2468 1444 2525 malo
1492 2468 1715 2535 fallitur,

160 2575 232 2645 qui
268 2572 447 2628 falsum
477 2586 581 2641 pro
624 2584 752 2625 vero
789 2564 1130 2638 approbando
1180 2563 1368 2619 incidit
1415 2562 1469 2616 in
1516 2561 1721 2630 aliquas

162 2666 402 2721 molestias
428 2662 782 2734 temporales,
811 2660 1002 2730 quibus
1023 2666 1199 2712 tamen
1241 2654 1477 2710 adhibita
1507 2652 1719 2707 ﬁdelis’

162 2758 380 2828 patientia
422 2753 697 2811 convertit
755 2766 846 2807 eas
897 2751 951 2804 in
1004 2763 1158 2804 usum
1196 2748 1411 2802 bonum.
1465 2744 1625 2799 Velut
1674 2742 1721 2797 si

164 2848 409 2918 quisquam
447 2847 661 2901 bonum
687 2842 955 2897 hominem
1007 2839 1243 2910 putando
1278 2837 1368 2907 qui
1398 2835 1574 2891 malus
1615 2842 1716 2900 est,

164 2939 332 3009 aliquid
358 2939 424 2994 ab
450 2953 517 2994 eo
550 2937 786 3007 patiatur
810 2934 954 2989 mali.
987 2932 1089 2999 Qui
1140 2945 1268 2986 vero
1312 2929 1510 2983 malum
1549 2926 1722 2981 homi-

166 3046 265 3085 nem
288 3031 353 3084 ita
382 3030 586 3084 bonum
607 3026 797 3090 credit,
820 3034 880 3079 ut
910 3024 1042 3079 nihil
1071 3024 1136 3078 ab
1180 3038 1246 3078 eo
1282 3023 1511 3092 patiatur
1551 3020 1677 3074 mali
1701 3060 1717 3085 ,

166 3122 287 3176 nullo
311 3121 445 3176 malo
484 3121 506 3152 ³
545 3119 751 3174 fallitur
780 3135 793 3171 :
823 3132 923 3172 nec
952 3117 1005 3170 in
1049 3130 1168 3170 eum
1198 3114 1338 3168 cadit
1371 3113 1459 3168 illa
1484 3111 1719 3183 prophe-

172 3214 249 3271 tica
268 3213 560 3277 detestatio,
603 3210 690 3265 γω
715 3210 779 3264 iis
806 3210 890 3280 qui
930 3209 1104 3261 dicunt
1147 3208 1280 3277 quod
1320 3207 1512 3260 malum
1538 3215 1608 3259 est
1635 3205 1722 3258 ba-

170 3322 281 3359 nunt.
312 3306 383 3360 De
402 3305 533 3375 ipsis
565 3303 710 3358 enim
732 3302 891 3357 rebus
908 3302 1099 3371 quibus
1125 3300 1369 3354 homines
1414 3298 1540 3351 mali
1576 3305 1718 3362 sunt,

172 3410 255 3449 non
278 3396 338 3450 de
351 3394 666 3450 hominibus
692 3393 891 3448 dictum
908 3391 1306 3462 intelligendum
1330 3399 1431 3445 est.
1460 3389 1612 3445 Unde
1633 3391 1722 3460 qui

171 3487 454 3542 adulterium
482 3486 619 3542 dicit
638 3486 860 3549 bonum,
892 3494 1037 3539 recte
1064 3483 1299 3554 arguitur
1325 3482 1412 3536 illa
1443 3498 1573 3537 voce
1591 3496 1720 3551 pro-

172 3577 366 3646 phetica.
391 3578 488 3646 Qui
518 3591 657 3631 vero
677 3576 850 3645 ipsum
870 3575 1137 3629 hominem
1168 3574 1295 3627 dicit
1321 3574 1538 3639 bonum,
1564 3588 1722 3643 quem

174 3679 298 3739 putat
317 3683 537 3739 castum,
565 3668 738 3723 nescit
766 3667 1086 3733 adulterum,
1121 3682 1225 3721 non
1268 3668 1319 3721 in
1352 3667 1593 3721 doctrina
1639 3681 1720 3721 re-

172 3769 271 3812 rum
286 3758 530 3815 bonarum
556 3767 613 3814 et
634 3759 912 3823 malarum,
932 3756 1026 3812 sed
1050 3757 1100 3810 in
1121 3756 1342 3812 occultis
1364 3756 1718 3811 humanorum

176 3850 343 3905 fallitur
360 3867 603 3916 morum;
638 3864 834 3905 vocans
859 3849 1132 3904 hominem
1162 3850 1384 3915 bonum,
1414 3850 1592 3919 inquo
1621 3865 1721 3919 pu-

177 3951 239 3996 tat
258 3959 365 3999 esse
405 3944 551 4017 quod
574 3958 693 3999 esse
742 3959 848 3999 non
896 3943 1103 3997 dubitat
1151 3942 1347 3997 bonum
1376 3949 1418 4008 ⁸,
1442 3951 1495 3996 et
1538 3941 1724 3998 dicens

180 4034 345 4089 malum
368 4035 672 4091 adulterum
708 4025 993 4090 et'bonum
1023 4041 1265 4089 castum:
1301 4034 1394 4088 sed
1441 4034 1582 4089 hunc
1628 4034 1726 4089 bo-

180 4136 281 4177 num
294 4124 483 4196 dicens,
513 4125 803 4181 nesciendo
819 4125 1114 4179 adulterum
1145 4139 1284 4191 esse,
1318 4140 1423 4180 non
1452 4132 1655 4179 castum
1679 4126 1721 4178 ⁸.

182 4212 323 4271 Porro
347 4220 388 4272 si
408 4234 504 4288 per
539 4232 778 4274 errorem
820 4217 995 4273 evadit
1024 4217 1248 4287 quisque
1277 4217 1587 4286 perniciem,
1616 4217 1722 4272 sic-

185 4314 229 4359 ut
266 4311 489 4379 superius
535 4310 644 4367 dixi
696 4311 848 4366 nobis
888 4310 941 4365 in
981 4311 1171 4365 itinere
1216 4311 1524 4380 contigisse,
1564 4312 1723 4366 etiam

184 4397 285 4455 boni
310 4405 491 4475 aliquid
515 4404 721 4460 homini
750 4420 932 4459 errore
974 4402 1265 4459 confertur.
1314 4404 1420 4458 Scd
1457 4419 1576 4458 cum
1604 4404 1724 4460 dico

187 4492 230 4547 in
250 4498 542 4567 quibusdam
598 4501 759 4554 rebus
794 4499 938 4553 nullo
990 4499 1130 4552 malo
1170 4498 1421 4571 aliquem,
1466 4498 1551 4553 vel
1599 4514 1727 4553 non-

189 4584 308 4640 nullo
325 4588 470 4643 etiam
495 4590 640 4644 bono
668 4587 813 4654 falli;
845 4603 953 4642 non
981 4589 1153 4655 ipsum
1189 4602 1423 4642 errorem
1454 4587 1576 4642 dico
1606 4588 1724 4642 nul-

189 4672 276 4731 lum
292 4680 469 4736 malum
502 4681 587 4736 vel
614 4680 927 4736 nonnullum
960 4679 1190 4745 bonum;
1231 4678 1326 4733 sed
1373 4680 1567 4733 malum
1617 4695 1724 4750 quo

198 4781 275 4822 non
298 4774 507 4839 venitur,
540 4773 631 4829 vel
658 4773 853 4829 bonum
878 4788 982 4843 quo
1012 4772 1223 4828 venitur
1254 4771 1503 4839 errando,
1536 4771 1589 4827 id
1619 4783 1719 4839 est,

196 4874 246 4913 ex
276 4864 373 4933 ipso
398 4882 582 4923 errore
602 4867 728 4937 quid
752 4882 855 4920 non
882 4866 1090 4922 eveniat
1134 4865 1219 4920 vel
1246 4865 1371 4935 quid
1419 4865 1721 4935 proveniat.

197 4948 299 5008 Nam
338 4956 440 5025 ipse
487 4973 582 5030 per
610 4973 669 5013 se
718 4958 891 5028 ipsum
945 4972 1096 5012 error
1136 4965 1228 5011 aut
1278 4971 1524 5027 magnum
1560 4957 1611 5011 in
1666 4973 1726 5013 re

196 5055 367 5115 magna,
393 5060 481 5106 aut
519 5066 741 5123 parvum
778 5052 831 5105 in
876 5066 935 5105 re
963 5065 1143 5121 parva,
1198 5058 1373 5104 tamen
1400 5064 1612 5120 semper
1641 5059 1725 5106 εει

200 5137 379 5197 malum.
407 5143 533 5213 Quis
559 5144 701 5199 enim
718 5142 820 5198 nisi
846 5157 1029 5198 errans
1057 5141 1258 5197 malum
1306 5150 1481 5213 neget,
1534 5156 1727 5212 appro-

245 5296 348 5374 illic
362 5300 566 5374 inertius
582 5310 684 5374 am.
708 5306 783 5350 Er.
808 5307 865 5374 et
879 5307 996 5374 nan.
1029 5299 1235 5361 additur,
1262 5304 1314 5349 ut
1347 5298 1401 5351 in
1436 5292 1653 5363 pluribus
1694 5313 1729 5353 α

200 5361 451 5446 pegmata
473 5362 679 5415 lucidius
699 5361 1070 5435 ωυεειίραωιιιτ.
1438 5361 1445 5363 ‘
1582 5423 1593 5435 ,

248 5428 455 5508 .2323-
492 5421 1609 5508 PE.“--F‘..?JHE?€.B°‘£‘1"§S“€.M5§2.59"“:

249 5485 265 5508 '
282 5485 341 5531 Sic
358 5490 460 5534 Dan.
485 5497 591 5536 Am.
619 5494 670 5538 et
690 5485 875 5550 aliquot
896 5485 1000 5535 MSS.
1026 5492 1081 5536 At
1113 5485 1214 5533 Am.
1238 5491 1311 5535 Er.
1351 5493 1404 5536 et
1422 5485 1554 5548 Lov.,
1593 5485 1726 5540 nullo

204 5539 312 5590 modo
333 5557 346 5592 :
367 5548 603 5599 mendose.

250 5599 269 5692 ί
286 5602 1068 5692 msﬁzmmﬂi‘ﬂm

286 5669 412 5718 locus
426 5668 643 5733 veterum
665 5670 896 5733 librorum
918 5682 1010 5733 ope
1026 5668 1257 5733 liberatus
1275 5682 1304 5733 a_
1326 5669 1633 5733 glossemate.
1652 5675 1726 5725 sic

208 5718 361 5792 hante
380 5718 782 5783 editisvha—bebat:
805 5718 890 5781 sed
914 5718 1039 5779 hunc
1061 5732 1230 5792 bonum
1252 5718 1451 5792 dic‘éns,
1466 5718 1725 5789 5M5

210 5782 574 5857 “messe;
592 5782 733 5845 illum
756 5791 953 5853 malum,
976 5789 1228 5843 nesciendo
1246 5782 1445 5845 castum.

3290 337 3397 393 242

1824 443 1949 497 bare
1976 442 2105 496 falsa
2138 457 2231 512 pro
2272 443 2411 496 veris
2445 451 2534 496 aut
2561 443 2859 511 improbare
2899 460 3022 500 vera
3072 462 3166 515 pro
3216 448 3387 517 falsis,

1822 542 1912 588 aut
1935 533 2131 589 habere
2152 535 2350 589 incerta
2385 550 2480 605 pro
2512 536 2693 604 certis,
2724 537 2807 591 vel
2833 545 2978 592 certa
3014 554 3109 609 pro
3138 543 3405 598 incertis?

1822 623 1927 679 Sed
1954 623 2095 678 aliud
2116 632 2199 678 est
2225 624 2423 679 bonum
2452 624 2720 680 hominem
2752 634 2937 697 putare
2958 628 3048 698 qui
3078 630 3248 685 malus
3280 641 3385 700 est,

1823 716 1965 786 quod
1982 725 2063 771 est
2082 717 2316 783 erroris;
2344 726 2398 772 et
2424 717 2565 772 aliud
2594 726 2677 772 est
2701 735 2768 773 ex
2805 719 2906 775 hoc
2938 721 3079 775 malo
3119 721 3265 776 aliud
3286 739 3403 778 ma-

1824 806 1930 860 lum
1971 822 2074 861 non
2106 808 2234 875 pati,
2280 807 2325 862 si
2369 807 2499 862 nihil
2524 817 2716 863 noceat
2755 810 2913 865 homo
2945 811 3141 877 malus,
3189 814 3280 882 qui
3315 824 3398 870 est

1824 906 2037 967 putatus
2057 896 2246 952 bonus.
2277 898 2516 968 Itemque
2542 899 2684 953 aliud
2710 909 2793 956 est
2819 901 2989 970 ipsam
3015 903 3155 956 viam
3182 914 3388 973 putare,

1824 1004 1940 1059 quae
1968 1004 2074 1043 non
2094 998 2175 1044 est
2205 990 2353 1059 ipsa;
2388 1001 2442 1044 et
2467 990 2611 1045 aliud
2648 1001 2824 1046 estex
2873 992 2976 1048 hoc
3010 996 3208 1050 erroris
3254 997 3397 1053 malo

1825 1082 2023 1153 aliquid
2041 1082 2169 1137 boni
2197 1083 2474 1153 consequi,
2498 1084 2644 1138 velut
2670 1094 2751 1140 est
2773 1086 2840 1141 ab
2882 1086 3089 1144 insidiis
3129 1088 3401 1146 malorum

1824 1173 2097 1229 hominum
2118 1174 2350 1229 liberari.

1895 1267 1977 1321 CA
1987 1266 2119 1324 PUT
2149 1267 2344 1322 XX.——
2356 1270 2407 1323 7.
2430 1269 2550 1324 Non
2563 1287 2706 1325 omne
2727 1289 2884 1343 genus
2899 1275 3080 1329 erroris
3098 1292 3205 1330 esse
3217 1294 3400 1345 pecca-

1825 1371 1950 1414 tum.
1980 1360 2303 1416 Academicos
2348 1363 2548 1432 refellit,
2576 1366 2663 1435 qui
2698 1375 2752 1418 ut
2794 1382 2932 1419 error
2956 1367 3154 1434 vitetur,
3194 1386 3397 1425 omnem

1825 1454 2162 1509 assensionem
2205 1456 2445 1525 suspendi
2459 1455 2650 1511 volunt.
2678 1457 2873 1513 Nescio
2888 1474 3017 1515 sane
3038 1470 3215 1516 utrum
3239 1464 3400 1519 etiam

1824 1544 2127 1615 hujusmodi
2175 1561 2387 1601 errores
2420 1549 2436 1579 ³
2468 1564 2627 1603 :cum
2676 1550 2839 1605 homo
2882 1550 2949 1606 de
2993 1553 3134 1607 malo
3184 1554 3401 1611 homine

1825 1636 1963 1693 bene
1984 1639 2165 1707 sentit,
2196 1641 2367 1710 qualis
2397 1643 2466 1697 sit
2496 1645 2775 1709 nesciens;
2808 1654 2898 1699 aut
2919 1662 3015 1716 pro
3050 1647 3130 1703 eis
3161 1664 3279 1718 quae
3307 1665 3403 1719 per

1825 1743 2015 1783 sensus
2042 1733 2284 1801 corporis
2298 1732 2557 1802 capimus,
2588 1744 2878 1791 occurrunt
2896 1737 3110 1804 similia,
3133 1755 3254 1809 qua:
3290 1743 3405 1809 spi-

1824 1822 1929 1876 ritu
1951 1831 2201 1893 tanquam
2226 1839 2471 1895 corpore,
2520 1836 2612 1881 aut
2646 1843 2871 1898 corpore
2929 1838 3178 1901 tanquam
3214 1833 3406 1901 spiritu

1824 1916 2160 1983 sentiuntur;
2207 1919 2362 1988 quale
2410 1920 2629 1989 putabat
2703 1937 2824 1977 esse
2868 1924 3142 1993 apostolus
3188 1925 3400 1992 Petrus,

1824 2012 2036 2080 quando
2063 2013 2400 2068 existimabat
2417 2029 2474 2069 se
2491 2015 2665 2070 visum
2689 2016 2890 2081 videre,
2915 2028 3136 2088 repente
3164 2019 3232 2074 de
3260 2020 3407 2074 clau-

1823 2104 1948 2158 stris
1972 2113 2027 2160 et
2046 2106 2267 2161 vinculis
2285 2121 2377 2176 per
2396 2109 2639 2178 angelum
2671 2108 2927 2166 liberatus
2952 2113 3085 2180 (Act.
3099 2128 3192 2179 xu,
3211 2112 3266 2183 9)
3285 2130 3297 2166 :
3315 2124 3408 2169 aut

1824 2195 1879 2249 in
1901 2194 2030 2266 ipsis
2054 2196 2213 2252 rebus
2253 2200 2528 2268 corporeis
2557 2199 2677 2255 lene
2701 2210 2919 2271 putatur
2946 2218 3065 2258 esse
3091 2205 3232 2274 quod
3253 2219 3407 2275 aspe-

1824 2302 1943 2341 rum
1971 2296 2074 2354 est,
2102 2298 2192 2343 aut
2215 2289 2371 2345 dulce
2398 2291 2540 2360 quod
2568 2306 2809 2347 amarum
2835 2303 2937 2360 est,
2966 2302 3056 2349 aut
3087 2296 3224 2351 bene
3250 2295 3399 2352 olere

1824 2377 1965 2447 quod
1989 2378 2227 2447 putidum
2253 2389 2356 2445 est,
2383 2390 2476 2435 aut
2514 2390 2699 2437 tonare
2729 2398 2851 2438 cum
2872 2384 3037 2439 rheda
3062 2386 3270 2454 transit,
3309 2397 3404 2442 aut

1825 2469 1973 2523 illum
1991 2485 2110 2526 esse
2122 2471 2390 2528 hominem
2404 2488 2521 2528 cum
2540 2474 2676 2529 alius
2690 2477 2776 2541 sit,
2794 2476 3007 2546 quando
3020 2476 3124 2531 duo
3145 2478 3405 2533 simillimi

1826 2560 1925 2615 sibi
1969 2571 2114 2628 sunt,
2167 2562 2307 2632 quod
2370 2564 2422 2618 in
2467 2566 2695 2635 geminis
2744 2581 2886 2637 smpe
2930 2568 3223 2638 contingit;
3268 2568 3408 2623 unde

1826 2652 1897 2707 ait
1923 2652 2033 2717 ille,

2008 2767 2574 2839 σναιυδίιιεεξρπρηιίιλυε
2586 2779 2729 2839 esse.
2750 2780 2763 2815 =

2226 2825 2438 2893 (νεφέλη
2466 2825 2649 2880 Λεηείά.
2676 2826 2759 2880 tib.
2783 2829 2928 2889 10.1,.
2953 2828 3085 2892 399.)

1825 2938 1880 2983 et
1906 2937 2097 2985 caetera
2120 2930 2242 2984 talia
2271 2933 2429 2986 etiam
2457 2939 2674 3001 peccata
2704 2932 2929 2987 dicenda
2955 2933 3081 2988 sint.
3115 2933 3224 2989 Nec
3253 2951 3404 3005 quae.

1826 3020 1930 3074 stio
1955 3020 2327 3088 nodosissima,
2374 3038 2492 3092 quae
2528 3022 2772 3079 homines
2812 3026 3164 3092 acutissimos,
3205 3027 3410 3083 Acade-

1828 3112 1999 3166 micos
2056 3113 2228 3177 torsit,
2291 3127 2431 3167 nunc
2483 3112 2613 3168 mihi
2683 3115 2961 3171 enodanda
3017 3129 3263 3189 suscepta
3305 3130 3408 3187 est;
3494 3166 3497 3172 .

1827 3213 2003 3259 utrum
2028 3204 2225 3275 aliquid
2248 3205 2441 3261 debeat
2481 3208 2702 3276 sapiens
2742 3210 3060 3278 approbare,
3110 3226 3177 3267 ne
3202 3211 3404 3268 incidat

1829 3298 1883 3351 in
1928 3312 2164 3352 errorem
2191 3340 2205 3363 ,
2251 3299 2295 3353 si
2349 3314 2445 3369 pro
2488 3302 2630 3355 veris
2674 3304 3045 3371 approbaverit
3088 3304 3239 3373 falsa,
3283 3323 3407 3362 cum

1828 3392 2005 3446 omnia
2023 3434 2037 3459 ,
2067 3392 2204 3447 sicut
2233 3391 2521 3460 afﬁrmant,
2554 3395 2637 3450 vel
2665 3397 2874 3451 occulta
2900 3399 3030 3465 sint,
3057 3400 3145 3454 vel
3182 3400 3405 3457 incerta.

1829 3484 1983 3540 Unde
2029 3486 2127 3541 tria
2191 3485 2396 3542 confeci
2440 3488 2709 3544 volumina
2756 3490 2810 3545 in
2851 3490 3002 3547 initio
3044 3495 3410 3551 conversionis

1828 3594 1983 3646 meae,
2021 3594 2090 3633 ne
2125 3580 2507 3650 impedimento
2546 3584 2698 3639 nobis
2738 3595 2939 3653 essent,
2989 3603 3107 3657 quae
3157 3598 3411 3661 tanquam

1834 3670 1889 3724 in
1919 3671 2057 3725 ostio
2074 3672 2507 3728 contradicebant
2529 3676 2571 3727 ².
2602 3676 2667 3729 Et
2692 3677 2872 3747 utique
2895 3678 3065 3734 fuerat
3085 3682 3410 3738 removenda

1829 3761 2163 3817 invenienda:
2186 3762 2491 3834 desperatio
2516 3766 2780 3834 veritatis,
2801 3785 2917 3838 quae
2958 3770 3169 3826 illorum
3197 3772 3410 3829 videtur

1829 3856 2375 3925 argumentationibus
2411 3859 2673 3914 roborari.
2729 3862 2883 3931 Apud
2924 3864 3044 3919 illos
3090 3880 3217 3936 ergo
3257 3882 3410 3923 error

1829 3950 2002 4002 omnis
2022 3956 2247 4019 putatur
2269 3965 2391 4006 esse
2432 3964 2729 4022 peccatum,
2761 3955 2901 4023 quod
2932 3957 3087 4011 vitari
3116 3974 3223 4013 non
3251 3975 3412 4029 posse

1829 4042 2175 4109 contendunt,
2206 4043 2309 4098 nisi
2337 4045 2514 4100 omnis
2539 4046 2897 4115 suspendatur
2917 4051 3179 4104 assensio.
3210 4051 3410 4107 Errare

1829 4132 2021 4200 quippe
2044 4132 2225 4187 dicunt
2264 4148 2386 4188 eum
2420 4136 2659 4204 quisquis
2706 4139 2996 4193 assentitur
3048 4142 3267 4196 incertis
3297 4163 3311 4198 :
3338 4145 3411 4199 ni-

1828 4223 2009 4292 hilque
2054 4234 2255 4277 certum
2287 4240 2405 4281 esse
2433 4227 2483 4279 in
2508 4227 2779 4281 hominum
2824 4230 2954 4285 visis
2988 4232 3028 4297 ³,
3060 4242 3277 4303 propter
3320 4235 3407 4289 in-

1828 4314 2114 4369 discretam
2136 4316 2539 4372 similitudinem
2566 4319 2701 4386 falsi,
2741 4322 2951 4376 etiamsi
2982 4324 3124 4393 quod
3166 4325 3405 4396 videtur,

1828 4403 1964 4460 forte
1991 4406 2060 4460 sit
2107 4422 2312 4475 verum,
2357 4410 2683 4465 acutissimis
2727 4414 2962 4482 quidem,
3005 4416 3097 4470 sed
3128 4417 3410 4488 impuden-

1829 4498 2046 4553 tissiniis
2065 4501 2547 4557 conflictationibus
2574 4502 2867 4573 disputant.
2897 4508 3049 4577 Apud
3070 4524 3165 4565 nos
3193 4520 3396 4581 autem,

1827 4588 2006 4645 Justus
2032 4607 2094 4645 ea:
2141 4592 2244 4660 ﬁde
2266 4593 2383 4646 vivit
2436 4594 2624 4664 (Rom.
2657 4612 2694 4660 ι,
2734 4596 2842 4667 17).
2894 4603 2961 4651 At
3010 4600 3055 4654 si
3090 4601 3302 4658 tollatur
3329 4619 3408 4660 as-

1829 4683 2030 4747 sensio,
2060 4683 2189 4739 fides
2213 4686 2447 4753 tollitur;
2472 4690 2593 4758 quia
2632 4690 2747 4744 sine
2785 4692 3095 4748 assensione
3126 4695 3254 4750 nihil
3288 4712 3413 4753 cre-

1829 4773 1988 4829 ditur.
2013 4775 2081 4829 Et
2099 4785 2222 4831 sunt
2252 4793 2377 4832 vera
2418 4781 2659 4849 quamvis
2686 4796 2792 4835 non
2821 4781 3123 4853 videantur,
3148 4803 3266 4858 qua:
3305 4791 3408 4847 nisi

1830 4868 2133 4934 credantur,
2161 4870 2229 4923 ad
2260 4872 2422 4925 vitam
2458 4872 2687 4939 beatam,
2731 4889 2850 4944 quae
2904 4892 3012 4930 non
3058 4879 3160 4933 nisi
3206 4891 3409 4938 aeterna

1830 4968 1932 5025 est,
1965 4974 2069 5013 non
2100 4969 2274 5030 potest
2292 4963 2577 5031 perveniri.
2597 4964 2728 5019 Cum
2755 4967 2868 5020 istis
2890 4982 3018 5023 vero
3050 4979 3225 5025 utrum
3257 4974 3403 5044 loqui

1829 5051 2119 5107 debeamus
2134 5052 2339 5123 ignoro,
2364 5056 2472 5125 qui,
2508 5072 2614 5109 non
2645 5058 2883 5114 victuros
2909 5060 2959 5113 in
2990 5070 3270 5129 mternum,
3310 5067 3407 5122 sed

1829 5145 1883 5199 in
1913 5146 2194 5214 praesentia
2232 5161 2291 5202 se
2324 5147 2501 5203 vivere
2527 5150 2770 5205 nesciunt
2799 5169 2810 5203 :
2840 5152 2947 5206 imo
2979 5155 3183 5210 nescire
3232 5172 3292 5213 se
3319 5158 3404 5213 di-

1828 5244 1976 5304 cunt,
2018 5237 2160 5307 quod
2205 5242 2414 5294 nescire
2451 5255 2555 5296 non
2604 5252 2845 5311 possunt.
2875 5243 3057 5315 Neque
3078 5248 3221 5301 enim
3255 5250 3403 5319 quis-

1828 5343 1987 5399 quam
2025 5329 2219 5386 sinitur
2270 5333 2479 5388 nescire
2528 5347 2586 5387 se
2626 5334 2847 5391 vivere:
2878 5338 3303 5408 quandoquidem
3357 5342 3405 5397 si

1892 5492 1908 5523 ¹
1931 5498 2034 5556 _Am.
2057 5498 2130 5541 Er.
2155 5492 2605 5556 pan.,_hujusmodi
2626 5507 2777 5556 error,
2800 5499 2886 5545 est.
2911 5501 3020 5544 Mss.
3038 5495 3153 5555 duo,
3185 5494 3408 5556 hujussit

1826 5553 1998 5627 modus
2020 5554 2218 5627 erroris.
2238 5553 2401 5627 melius
2421 5562 2550 5627 Loy.,
2566 5555 2798 5615 ejusmodi
2814 5567 3021 5607 errores.
3046 5553 3187 5606 Refer
3202 5553 3263 5609 ad
3284 5560 3405 5613 illud

1827 5616 1965 5673 infra,
2000 5622 2196 5679 peccata
2220 5616 2427 5667 dicenda
2447 5617 2556 5667 sint.

1889 5678 2100 5743 {Plures
2117 5687 2239 5737 Mss,
2266 5684 2401 5739 esset,
2422 5691 2531 5743 qua:
2554 5684 2780 5742 tanquam
2800 5678 2850 5729 in
2866 5678 2985 5733 ostio
3004 5680 3359 5743 conter
3384 5697 3408 5740 .’

1824 5738 2155 5813 ωιῖίέιιθηὲβθν
2178 5738 2397 5813 φέἓθδιίρέ

1893 5803 1912 5833 ³
1935 5803 2004 5850 sic
2025 5800 2210 5865 aliquot
2221 5809 2325 5852 Mss.
2351 5802 2467 5851 Editl
2489 5808 2670 5866 autem,
2694 5801 2814 5854 visu.
3409 5818 3419 5853 i
