3882 6286
547 339 648 394 247

542 449 689 506 Sicut
716 448 857 503 enim
884 446 975 517 qui
1012 460 1070 503 se
1102 446 1312 509 occidit,
1346 445 1523 514 utique
1562 441 1789 497 vivendo
1819 454 1879 495 se
1906 437 2122 504 occidit,

541 539 638 595 sed
667 554 726 594 se
750 536 1041 593 occidendo
1082 530 1190 590 non
1220 537 1368 601 vivit,
1399 550 1497 589 nec
1525 550 1583 589 se
1609 534 1781 603 ipsum
1812 531 2010 602 poterit
2035 545 2124 585 re-

541 633 801 687 suscitare
828 644 948 685 cum
994 628 1287 684 occiderit:
1321 628 1392 682 ita
1431 644 1553 682 cum
1597 626 1764 681 libero
1814 632 2125 695 peccaretur

543 723 785 786 arbitrio,
811 722 1013 775 victore
1043 728 1258 791 peccato
1281 719 1535 773 amissum
1580 727 1663 773 est
1704 717 1932 772 liberum
1977 714 2124 770 arbi-

542 815 738 879 trium;
764 812 807 865 A
830 828 929 884 quo
955 812 1087 865 enim
1112 812 1221 881 quis
1250 812 1467 865 devictus
1491 819 1584 876 est,
1612 810 1730 863 huic
1756 818 1800 863 et
1825 825 1997 863 servus
2025 808 2122 861 ad-

546 907 707 959 dictus
736 914 807 959 est
834 902 910 976 (ΙΙ
934 901 1076 957 Petr.
1101 919 1158 969 ιι,
1187 904 1296 973 19).
1328 903 1471 958 Petri
1492 912 1636 957 certe
1657 901 1883 971 apostoli
1912 910 1995 956 est
2024 901 2125 955 ista

545 996 809 1051 sententia
836 1013 849 1049 :
877 1010 994 1065 quae
1028 1009 1146 1049 cum
1190 1010 1314 1049 vera
1360 995 1447 1057 sit,
1496 994 1688 1064 qualis,
1714 1009 1921 1064 quasso,
1950 1000 2128 1062 potest

546 1089 687 1145 servi
710 1088 904 1143 addicti
942 1102 1061 1142 esse
1095 1086 1332 1153 libertas,
1366 1086 1465 1140 nisi
1503 1085 1715 1155 quando
1751 1100 1873 1139 eum
1903 1099 2128 1154 peccare

546 1181 810 1237 delectat?
837 1180 1149 1235 Liberaliter
1196 1179 1336 1233 enim
1368 1180 1550 1244 servit,
1583 1177 1670 1246 qui
1698 1176 1781 1231 sui
1802 1176 2003 1231 domini
2033 1191 2128 1231 vo-

546 1273 807 1327 luntatem
829 1271 1056 1325 libenter
1072 1270 1215 1325 facit.
1235 1272 1311 1324 Ac
1332 1285 1424 1339 per
1442 1270 1541 1323 hoc
1559 1268 1623 1323 ad
1650 1268 1974 1338 peccandum
1990 1269 2127 1324 liber

549 1374 651 1429 est,
678 1366 768 1434 qui
812 1364 1011 1433 peccati
1038 1378 1221 1418 servus
1248 1371 1346 1415 est.
1378 1360 1527 1417 Unde
1552 1360 1617 1414 ad
1639 1360 1783 1430 juste
1827 1359 2125 1414 faciendum

545 1454 682 1510 liber
709 1469 812 1511 non
838 1456 959 1519 erit,
984 1454 1084 1508 nisi
1120 1468 1150 1507 a
1196 1462 1412 1522 peccato
1462 1452 1716 1506 liberatus
1744 1465 1864 1506 esse
1901 1449 2124 1520 justitite

552 1546 775 1615 coeperit
802 1560 1007 1600 servus.
1040 1545 1157 1613 Ipsa
1197 1553 1279 1598 est
1307 1558 1428 1598 vera
1475 1543 1693 1597 libertas
1736 1549 1953 1611 propter
1992 1541 2127 1596 recti

549 1635 674 1689 facti
721 1635 1010 1699 lretitiam‘,
1040 1635 1196 1689 simul
1246 1644 1299 1688 et
1338 1636 1422 1703 pia
1466 1633 1693 1687 servitus
1740 1640 1957 1701 propter
1983 1647 2125 1703 prte-

547 1730 685 1797 cepti
710 1728 1086 1782 obedientiam.
1116 1726 1222 1782 Sed
1251 1726 1316 1780 ad
1341 1727 1478 1781 bene
1505 1724 1803 1779 faciendum
1832 1725 1932 1779 ista
1962 1724 2126 1779 liber-

547 1829 630 1873 tas
668 1818 806 1873 unde
831 1819 934 1873 erit
957 1817 1157 1872 homini
1184 1816 1394 1871 addicto
1421 1826 1474 1871 ct
1503 1815 1738 1881 vendito,
1766 1815 1868 1870 nisi
1897 1815 2126 1871 redimat

549 1911 702 1979 cujus
742 1910 831 1963 illa
863 1924 965 1965 vox
993 1918 1093 1975 est,
1123 1909 1186 1964 Si
1228 1925 1314 1963 vos
1337 1908 1501 1962 Filius
1541 1908 1842 1973 liberaverit,
1871 1918 1989 1962 tunc
2014 1925 2125 1964 vere

549 2001 692 2055 liberi
716 2001 851 2054 eritis
895 1999 1072 2073 (Joan.
1106 2016 1213 2065 vni,
1247 2000 1374 2070 36)?
1399 1999 1551 2067 Quod
1596 2008 1880 2069 antequam
1926 1998 2040 2054 fieri
2070 2000 2124 2055 in

550 2090 764 2145 homine
808 2090 1040 2159 incipiat,
1072 2090 1338 2161 quomodo
1363 2091 1638 2161 quisquam
1679 2090 1744 2145 de
1785 2090 1954 2145 libero
1979 2090 2125 2146 arbi-

551 2184 653 2238 trio
679 2182 729 2235 in
758 2182 899 2238 bono
922 2182 1185 2251 gloriatur
1203 2197 1383 2252 opere,
1407 2184 1494 2252 qui
1524 2181 1757 2236 nondum
1788 2189 1869 2237 est
1889 2182 2025 2236 liber
2059 2181 2127 2236 ad

549 2271 876 2341 operandum
920 2271 1078 2337 bene,
1121 2273 1219 2327 nisi
1250 2288 1309 2327 se
1334 2286 1466 2326 vana
1507 2271 1751 2342 superbia
1792 2271 2003 2326 inﬂatus
2029 2287 2126 2327 ex-

550 2362 740 2416 tollat?
767 2378 925 2433 quam
970 2362 1183 2418 cohibet
1216 2363 1504 2433 Apostolus
1544 2362 1748 2430 dicens,
1778 2360 1955 2417 Gratia
1999 2360 2127 2416 salvi

550 2456 675 2526 {acti
700 2455 815 2509 estis
842 2472 930 2524 per
954 2454 1124 2523 ﬁdem.

618 2542 843 2600 CAPUT
865 2544 1057 2599 XXXI.
1106 2576 1177 2586 —
1226 2545 1381 2601 Fides
1434 2555 1482 2601 et
1537 2561 1693 2616 opera
1736 2547 1866 2600 bona
1916 2564 1978 2601 ea:
2028 2545 2128 2603 Dei

547 2637 701 2691 dono.
730 2636 797 2690 Et
823 2652 891 2690 ne
932 2638 1099 2705 ipsam
1124 2637 1224 2692 sibi
1276 2638 1467 2693 saltem
1504 2638 1661 2693 fidem
1690 2639 1768 2693 sic
1791 2650 2123 2710 arrogarent,

549 2737 607 2782 nt
644 2742 747 2782 non
788 2728 1148 2798 intelligerent
1189 2728 1445 2785 divinitus
1492 2746 1613 2785 esse
1659 2730 1905 2786 donatam
1931 2774 1946 2798 ,
1991 2734 2127 2789 sicut

545 2820 685 2875 idem
729 2822 999 2890 apostolus
1028 2823 1133 2877 alio
1160 2821 1277 2876 loco
1302 2822 1451 2886 dicit,
1479 2837 1537 2878 se
1564 2831 1625 2877 ut
1667 2823 1838 2878 fidelis
1858 2835 2002 2880 esset
2027 2826 2129 2880 mi-

545 2913 891 2968 sericordiam
927 2923 1269 2967 consecutum
1305 2914 1356 2985 (l
1384 2913 1502 2967 Cor.
1532 2930 1624 2980 vn,
1648 2914 1771 2984 25);
1805 2915 1890 2970 hic
1916 2931 2127 2986 quoque

547 3003 805 3072 adjunxit,
822 3010 979 3072 atque
1005 3004 1099 3069 ait,
1122 3002 1185 3056 Et
1212 3004 1304 3056 hoc
1332 3020 1432 3057 non
1458 3020 1521 3058 ea:
1539 3005 1695 3072 vobis,
1714 3004 1802 3058 sed
1820 3004 1917 3059 Dei
1936 3008 2126 3061 donum

546 3105 653 3162 est;
685 3112 784 3149 non
814 3112 875 3150 ea:
903 3096 1153 3166 operibus,
1182 3114 1244 3150 ne
1280 3100 1409 3167 forte
1449 3097 1562 3167 quis
1609 3098 1897 3152 extollatur.
1946 3100 2013 3154 Et
2058 3117 2128 3158 ne

548 3196 858 3257 putarentur
892 3187 1134 3242 fidelibus
1168 3187 1305 3242 bona
1326 3202 1487 3258 opera
1510 3187 1773 3256 defutura,
1802 3205 1987 3246 rursus
2027 3193 2125 3249 ad-

542 3279 707 3348 jecit:
752 3276 927 3348 Ipsius
965 3279 1099 3332 enim
1138 3296 1311 3333 sumus
1342 3280 1635 3351 ﬁgmentum
1674 3282 1827 3335 creati
1853 3283 1905 3335 in
1929 3281 2129 3338 Christo

546 3369 673 3423 Iesu
714 3370 767 3423 in
815 3370 1046 3440 operibus
1092 3372 1252 3435 bonis,
1289 3386 1404 3442 quin
1439 3372 1742 3441 prwparavit
1784 3371 1941 3440 Deus,
1972 3384 2027 3428 ut
2073 3376 2127 3429 in

548 3460 651 3514 illis
678 3460 986 3514 ambulemus
1014 3449 1230 3531 (Ephes.
1252 3478 1309 3529 ιι,
1338 3464 1513 3531 8-10).
1536 3464 1685 3519 Tunc
1713 3480 1841 3535 ergo
1866 3465 2129 3523 efficimur

548 3566 675 3606 vere
715 3550 887 3617 liberi,
921 3566 1040 3605 cum
1087 3552 1223 3607 Deus
1267 3567 1364 3607 nos
1406 3554 1572 3623 lingit,
1606 3553 1658 3607 id
1700 3562 1802 3620 est,
1836 3556 2027 3612 format
2074 3567 2129 3613 et

547 3651 713 3709 creat,
746 3658 847 3696 non
875 3652 933 3697 ut
960 3643 1225 3710 homines,
1256 3645 1394 3714 quod
1432 3645 1541 3714 jam
1578 3646 1730 3712 fecit;
1770 3646 1865 3701 sed
1906 3658 1961 3702 ut
2002 3650 2127 3704 boni

550 3734 827 3789 homines'
849 3718 1037 3802 simus,
1057 3735 1197 3805 quod
1224 3751 1365 3791 nunc
1382 3737 1551 3806 gratia
1578 3752 1669 3791 sua
1699 3736 1857 3793 facit:
1888 3747 1943 3793 ut
1963 3741 2127 3797 simus

552 3826 606 3880 in
636 3824 847 3880 Christo
866 3824 992 3880 Jesn
1030 3842 1164 3880 nova
1189 3835 1429 3881 creatura
1462 3825 1659 3898 (Galat.
1687 3844 1760 3897 vi,
1789 3830 1903 3901 15),
1934 3846 2128 3886 secun-

550 3916 675 3971 dum
728 3915 869 3986 quod
916 3916 1114 3971 dictum
1155 3926 1271 3983 est,
1325 3918 1423 3972 Cor
1467 3920 1710 3973 mundum
1761 3938 1875 3975 crea
1924 3923 1978 3976 in
2027 3941 2125 3992 me,

549 4007 689 4062 Deus
736 4008 752 4067 l
791 4008 934 4063 Psal.
959 4025 1012 4075 ι,
1049 4008 1117 4063 12
1142 4008 1183 4080 ).
1211 4008 1395 4079 Neque
1418 4011 1561 4065 enim
1585 4026 1679 4066 cor
1707 4012 1841 4089 ejus,
1866 4024 2123 4084 quantum

550 4101 781 4171 pertinet
802 4100 869 4156 ad
883 4108 1123 4155 naturam
1140 4101 1316 4157 cordis
1344 4100 1584 4169 humani,
1615 4103 1836 4173 nonjam
1855 4114 2129 4161 creaverat

551 4193 690 4248 Deus
718 4193 759 4245 ³.

621 4282 847 4339 CAPUT
885 4282 1105 4337 XXXII.
1146 4313 1217 4325 ——
1253 4283 1398 4340 Bona
1420 4286 1654 4341 voluntas
1677 4304 1709 4339 a
1736 4286 1863 4342 Deo.
1892 4288 2021 4343 ltem
2062 4304 2130 4345 ne

550 4374 850 4445 quisquam,
879 4373 980 4427 etsi
1008 4388 1115 4429 non
1150 4374 1215 4429 de
1241 4376 1513 4445 operibus,
1541 4376 1608 4431 de
1640 4378 1754 4446 ipso
1786 4378 2043 4447 glorietur
2068 4380 2133 4435 1i-

552 4465 683 4522 bero
732 4462 952 4519 arbitrio
1004 4465 1306 4527 voluntatis,
1353 4475 1601 4536 tanquam
1650 4467 1717 4521 ab
1752 4468 1869 4537 ipso
1918 4471 2133 4539 incipiat

553 4556 831 4620 meritum,
871 4556 962 4611 cui
992 4563 1237 4627 tanquam
1264 4556 1498 4611 debitum
1536 4558 1789 4613 reddatur
1832 4561 2129 4630 praemium,

552 4648 690 4702 bene
714 4647 968 4718 Operandi
1007 4649 1119 4717 ipsa
1147 4647 1398 4713 libertas;
1440 4648 1621 4704 audiat
1660 4651 1905 4706 eumdem
1949 4655 2132 4721 gratiae

556 4751 854 4807 praeconem
893 4739 1179 4805 dicentem,
1210 4738 1348 4793 Deus
1390 4748 1464 4793 est
1506 4740 1639 4794 enim
1683 4741 1772 4812 qui
1799 4752 2036 4813 operatur
2078 4746 2133 4799 in

558 4827 693 4880 vobis
720 4837 765 4879 et
799 4826 924 4881 velle
950 4838 1007 4899 et
1032 4829 1251 4898 operari,
1284 4846 1374 4900 pro
1405 4830 1536 4884 bona
1572 4831 1828 4886 voluntate
1870 4832 2129 4907 (Philipp.

558 4932 615 4980 ιι,
657 4916 769 4985 15).
802 4915 869 4969 Ει
896 4917 1001 4970 alio
1027 4919 1143 4971 loco
1171 4936 1184 4973 :
1216 4918 1382 4989 Igitur
1420 4937 1521 4974 non
1558 4920 1789 4987 volentis,
1832 4939 1988 4993 neque
2013 4940 2133 4978 cur-

557 5006 733 5073 rentis,
762 5006 849 5060 sed
873 5007 1151 5062 miserentis
1171 5018 1240 5062 est
1275 5009 1368 5064 Dei
1410 5010 1583 5082 (Rom.
1612 5027 1691 5078 ix,
1722 5012 1833 5083 16).
1852 5013 1985 5069 Cum
2013 5031 2134 5085 pro-

560 5099 646 5152 cul
688 5098 868 5166 dubio,
896 5099 941 5153 si
984 5099 1145 5154 homo
1170 5101 1285 5170 ejus
1329 5104 1500 5159 atatis
1539 5114 1622 5160 est
1665 5115 1723 5160 ut
1768 5107 1976 5164 ratione
2023 5111 2132 5179 jam

562 5198 762 5255 utatur,
792 5205 894 5246 non
924 5192 1092 5261 possit
1116 5193 1356 5261 credere,
1388 5211 1623 5265 sperare,
1646 5198 1887 5270 diligere,
1912 5202 2012 5257 nisi
2044 5219 2135 5259 ve-

624 5323 649 5399 ξ
677 5324 751 5399 Sic
775 5330 877 5399 tim.
900 5330 974 5374 Er.
1002 5332 1324 5399 Dan._srn._et
1339 5327 1519 5399 aliquot
1543 5338 1645 5382 Mss.
1673 5332 1756 5399 Alii
1780 5334 2006 5399 plerique
2023 5351 2133 5390 cum

559 5392 690 5461 [:ov’,
712 5391 909 5461 propter
939 5392 1075 5461 recte
1101 5387 1233 5461 facti
1534 5396 1768 5456 Nonnulli,
1782 5387 1981 5461 promer
2004 5387 2133 5452 recte

1100 5446 1378 5513 [legendum
1400 5454 1619 5517 videtur,
1656 5446 2137 5524 propteriicecte'fdct'i

623 5574 644 5640 ξ
680 5580 798 5640 Vox,
816 5571 1175 5640 hontittes,_hinc
1190 5576 1329 5626 abest
1345 5578 1394 5625 in
1416 5575 1599 5640 aliquot
1631 5582 1979 5640 manuscriptis.

625 5634 646 5663 ι
670 5607 801 5695 rasa
816 5607 1063 5685 dum

563 5756 1059 5867 prosimuilvﬁterum
1081 5760 1297 5813 codicum
1318 5756 1705 5827 auctoritatefet
1742 5756 2004 5819 editionum
2039 5756 2136 5821 Am.

1050 5637 1161 5698 itur,
1178 5641 1264 5701 sed
1283 5637 1628 5689 renovationem
1660 5641 1834 5692 animm
1849 5637 2141 5696 denwrantis
2242 5646 2342 5701 illis

559 5696 774 5769 incorde
793 5696 1028 5769 Propheta
1049 5696 1269 5769 postulat.
1292 5701 1589 5769 Manifestum
1618 5703 1879 5769 glossema,
1902 5708 2028 5769 quod
2054 5722 2141 5757 ex-

1040 330 1489 395 ENCHIRIDIUN,
1533 329 1685 384 SIVE
1723 328 1813 383 DE
1853 326 2033 394 FIDE,
2075 325 2199 380 SPE
2239 325 2327 379 ET
2366 324 2861 392 CIIARITATE,S.
2905 325 3265 382 AUGUSTINI
3665 331 3743 389 us

2236 436 2317 503 lit,
2365 452 2463 492 nec
2512 439 2793 506 pervenire
2830 438 2895 493 ad
2947 439 3178 508 palmam
3222 453 3463 509 supernae
3511 444 3745 503 vocationis

2234 529 2352 595 Dei,
2382 530 2484 584 nisi
2510 531 2783 586 voluntate
2802 532 3099 609 cugirrerit
3126 530 3384 605 (Philipp.
3412 550 3487 601 ιιι,
3520 535 3618 609 ll).
3638 538 3746 605 Quo-

2235 546 2352 595 νει,
2382 546 2484 584 ιιιει
2510 546 2783 586 vonuntate
2802 546 3099 677 arguerit
3126 546 3384 605 (t'lttltpp.
3412 550 3487 601 ιιι,
3520 546 3618 609 It).
3638 546 3746 605 Quo-

2232 620 2394 676 modo
2418 637 2545 693 ergo
2571 639 2673 677 non
2695 622 2841 677 volen
2911 664 2927 690 ,
2950 640 3108 690 neque
3135 626 3401 693 currentis,
3420 626 3503 679 sed
3526 628 3746 687 miserantis

2234 722 2306 766 est
2334 711 2452 779 Dei,
2484 714 2584 768 nisi
2614 714 2731 784 quia
2755 723 2809 769 et
2836 716 2946 785 ipsa
2986 715 3241 782 voluntas,
3264 717 3403 772 sicut
3424 717 3652 788 scriptum
3675 732 3749 791 est,

2234 820 2267 856 a
2316 804 2535 859 Domino
2564 815 2877 877 pm‘paratur
2922 805 3104 880 (Prov.
3150 823 3261 873 vni,
3311 808 3403 876 35,
3448 825 3544 865 sec.
3588 809 3751 883 LXX)?

2234 892 2483 964 Alioquin
2511 895 2554 949 si
2583 904 2866 965 propterea
2897 896 3095 951 dictum
3123 906 3229 964 est,
3253 896 3378 953 Non
3407 900 3617 969 volentis,
3636 918 3753 974 neque

2235 987 2502 1054 currentis,
2524 986 2612 1042 sed
2638 988 2917 1042 miserentis
2960 996 3033 1042 est
3072 987 3190 1056 Dei,
3222 989 3347 1059 quia
3372 1005 3441 1045 ex
3468 998 3666 1061 utroque
3695 993 3751 1061 ﬁt,

2235 1074 2289 1130 id
2329 1085 2434 1143 est,
2461 1084 2517 1132 et
2546 1076 2813 1133 voluntate
2839 1077 3091 1145 hominis,
3122 1088 3176 1133 et
3204 1080 3561 1135 misericordia
3588 1083 3693 1149 Dei;
3716 1094 3755 1140 ut

2234 1168 2313 1223 sic
2340 1168 2537 1224 dictum
2578 1171 2919 1240 accipiamus,
2943 1170 3064 1227 Non
3092 1172 3324 1241 volentis,
3354 1189 3508 1245 neque
3541 1181 3752 1245 currentis,

2234 1261 2324 1315 sed
2355 1262 2633 1316 miserentis
2650 1273 2726 1318 est
2750 1263 2867 1329 Dei,
2888 1273 3137 1336 tanquam
3161 1266 3450 1336 diceretur,
3473 1266 3582 1323 Non
3608 1269 3757 1328 sufficit

2235 1352 2347 1406 sola
2377 1352 2621 1407 voluntas
2651 1337 3216 1417 hominismt
3244 1358 3406 1413 etiam
3450 1359 3757 1419 misericordia

2236 1431 2923 1513 Βὲἶῖῖιῖῖῖξῖξῖειιηὶείι
2952 1453 3008 1500 et
3042 1446 3156 1502 sola
3205 1447 3561 1517 misericordia
3600 1450 3695 1517 Dei,
3726 1455 3756 1508 si

2235 1546 2343 1586 non
2374 1532 2443 1587 sit
2469 1532 2629 1588 etiam
2654 1516 3578 1609 mm
3573 1541 3614 1595 si

2233 1622 2435 1678 dictum
2464 1633 2569 1691 est,
2600 1622 2722 1680 Non
2738 1622 2969 1681 Rite—nus
3018 1627 3268 1693 hominis,
3310 1629 3400 1685 sed
3437 1632 3685 1687 miserentis
3708 1645 3757 1688 est

2234 1713 2347 1781 Dei,
2380 1715 2503 1785 quia
2530 1716 2582 1771 id
2613 1716 2860 1773 voluntas
2889 1719 3121 1776 hominis
3158 1722 3270 1777 sola
3312 1737 3419 1778 non
3458 1723 3655 1793 implet;
3690 1742 3757 1782 cur

2234 1819 2339 1860 non
2361 1813 2415 1861 et
2430 1822 2459 1861 e
2478 1809 2747 1864 contrario
2758 1818 2903 1865 recte
2916 1810 3127 1879 dicitur,
3146 1811 3260 1867 Non
3280 1813 3576 1869 miserentis
3587 1825 3659 1871 est
3674 1817 3756 1886 Dei,

2234 1898 2328 1952 sed
2354 1898 2581 1955 volentis
2615 1909 2700 1956 est
2742 1900 2995 1969 hominis,
3040 1905 3163 1975 quia
3216 1905 3268 1960 id
3318 1907 3657 1964 misericordia
3691 1910 3758 1965 Dei

2234 1986 2346 2042 sola
2375 2004 2481 2045 non
2520 1990 2746 2060 implet?
2773 1991 2943 2049 Porro
2981 1997 3025 2049 si
3072 1994 3250 2051 nullus
3280 1996 3462 2054 dicere
3498 1998 3759 2055 christianus

2232 2080 2468 2149 audebit,
2496 2081 2612 2138 Non
2642 2083 2945 2139 miserentis
2973 2095 3057 2141 est
3082 2087 3198 2155 Dei,
3224 2087 3318 2143 sed
3359 2088 3578 2145 volentis
3603 2101 3672 2147 est
3691 2091 3759 2147 ho-

2233 2171 2409 2238 minis,
2452 2189 2521 2229 ne
2561 2176 2823 2246 Apostolo
2863 2179 3196 2248 apertissime
3241 2182 3592 2250 contradicat;
3635 2194 3761 2241 restat

2234 2274 2292 2317 ut
2318 2273 2597 2335 propterea
2642 2276 2787 2324 recte
2826 2268 3027 2325 dictum
3065 2272 3409 2344 intelligatur,
3438 2274 3554 2329 Non
3575 2276 3756 2343 volentis,

2234 2371 2391 2425 neque
2410 2358 2674 2425 currentis,
2705 2360 2795 2414 sed
2820 2361 3099 2417 miserentis
3139 2373 3209 2417 est
3234 2363 3355 2433 Dei,
3397 2376 3455 2420 ut
3491 2374 3642 2422 totum
3679 2367 3759 2421 Deo

2233 2444 2410 2513 detur,
2442 2448 2531 2517 qui
2583 2447 2815 2504 hominis
2843 2451 3168 2507 voluntatem
3218 2453 3413 2510 bonam
3464 2464 3516 2515 et
3550 2466 3758 2527 praeparat

2232 2536 2606 2607 adjuvandam,
2630 2549 2687 2594 et
2722 2540 2936 2611 adjuvat
2968 2552 3342 2614 prmparatam.
3384 2547 3627 2603 Praecedit
3655 2552 3757 2604 enim

2231 2628 2372 2684 bona
2422 2630 2665 2686 voluntas
2713 2631 2943 2689 hominis
2994 2635 3159 2689 multa
3210 2635 3306 2692 Dei
3356 2638 3521 2705 dona,
3563 2639 3645 2694 sed
3681 2654 3757 2693 non

2233 2722 2411 2778 omnia
2436 2740 2449 2777 :
2479 2739 2598 2793 quas
2640 2733 2820 2780 autem
2850 2740 2955 2781 non
2986 2727 3245 2797 praecedit
3276 2730 3413 2799 ipsa,
3447 2732 3500 2785 in
3536 2731 3606 2785 eis
3629 2740 3697 2785 est
3722 2737 3758 2784 et

2232 2816 2365 2886 ipsa.
2396 2816 2527 2871 Nam
2557 2827 2843 2888 utrumque
2882 2818 3073 2889 legitur
3115 2821 3167 2874 in
3209 2823 3409 2879 sanctis
3447 2822 3675 2893 eloquiis;
3700 2829 3755 2887 et,

2233 2906 2583 2962 Misericordia
2621 2909 2731 2978 ejus
2767 2911 3030 2979 prwveniet
3056 2927 3134 2965 me
3170 2911 3348 2982 (Psal.
3393 2930 3538 2982 LVIII,
3568 2915 3670 2985 ll);
3702 2920 3755 2976 et,

2233 2998 2584 3053 Misericordia
2622 3001 2732 3069 ejus
2759 3000 3085 3067 subsequatur
3130 3020 3209 3057 me
3236 3003 3407 3075 (Psal.
3436 3022 3565 3071 χιιι,
3586 3006 3651 3078 6).
3678 3004 3757 3061 No-

2232 3091 2428 3146 lentem
2460 3092 2737 3161 praavenit,
2771 3103 2830 3147 ut
2858 3094 3015 3159 velit;
3050 3094 3317 3151 volentem
3359 3098 3685 3170 subsequitur.
3710 3115 3756 3155 ue

2232 3181 2426 3237 frustra
2446 3181 2591 3237 velit.
2612 3180 2718 3237 Cur
2740 3184 2882 3239 enim
2911 3184 3264 3241 admonemur
3288 3203 3445 3245 orare
3464 3207 3554 3261 pro
3574 3191 3753 3246 inimicis

2232 3275 2428 3329 nostris
2455 3273 2667 3347 (Matth.
2693 3291 2749 3343 v,
2778 3277 2894 3349 44),
2924 3278 3105 3349 utique
3145 3280 3449 3338 nolentibus
3490 3285 3570 3353 pie
3601 3286 3754 3350 vivere,

2232 3366 2335 3422 nisi
2361 3376 2419 3421 ut
2451 3367 2592 3423 Deus
2618 3369 2671 3423 in
2699 3368 2804 3425 illis
2828 3380 3081 3440 operetur
3104 3382 3158 3428 et
3193 3374 3411 3431 velle“?
3450 3377 3661 3448 Itemque
3689 3392 3758 3432 cur

2232 3459 2581 3516 admonemur
2606 3470 2790 3531 petere
2815 3471 2872 3518 ut
2899 3464 3219 3535 accipiamus
3249 3467 3362 3541 (Id.
3394 3486 3484 3536 vn,
3521 3472 3592 3544 7),
3620 3472 3759 3525 nisiut

2232 3552 2300 3606 ab
2326 3552 2416 3607 illo
2460 3552 2551 3607 fiat
2574 3554 2714 3623 quod
2740 3555 3004 3625 volumus,
3032 3573 3064 3612 a
3101 3575 3207 3629 quo
3244 3562 3438 3619 factum
3478 3573 3554 3619 est
3593 3574 3641 3619 ut
3664 3564 3758 3617 veli-

2233 3644 2393 3697 mus?
2417 3643 2643 3699 Oramus
2687 3660 2815 3717 ergo
2858 3663 2954 3718 pro
2993 3648 3222 3707 inimicis
3262 3655 3479 3723 nostris,
3502 3665 3557 3710 ut
3592 3655 3755 3711 miseri-

2234 3736 2413 3791 cordia
2443 3737 2534 3792 Dei
2566 3740 2856 3808 pmveniat
2882 3756 2996 3807 eos,
3025 3743 3163 3799 sicut
3182 3748 3440 3815 praevenit
3463 3756 3515 3804 et
3538 3761 3759 3803 noszora-

2234 3843 2353 3883 mus
2378 3837 2554 3885 autem
2584 3845 2684 3901 pro
2709 3832 2883 3899 nobis,
2907 3842 2965 3888 ut
2991 3835 3360 3894 misericordia
3386 3839 3495 3910 ejus
3513 3839 3756 3908 subsequa-

2236 3921 2320 3967 ῑυι⁸
2350 3927 2471 3969 nos.

2304 4003 2530 4061 CAPUT
2569 4004 2809 4062 XXXIII.
2849 4037 2920 4048 —
2958 4010 3045 4065 I0.
3092 4009 3338 4068 Homines
3367 4023 3507 4069 natos
3530 4028 3675 4068 omnes
3692 4011 3757 4064 ira

2235 4095 2369 4165 ﬁlios
2398 4098 2594 4167 eguisse
2618 4100 2996 4156 reconciliatore
3020 4100 3243 4160 Christo.
3289 4104 3382 4161 Ira
3409 4106 3503 4161 Dei
3537 4106 3659 4178 quid.
3682 4102 3758 4157 Te-

2236 4189 2463 4244 nebatur
2502 4191 2680 4261 itaque
2716 4191 2860 4262 justa
2903 4194 3244 4253 damnatione
3292 4213 3459 4268 genus
3501 4199 3754 4257 humanum.

2235 4288 2290 4335 et
2319 4296 2504 4337 omnes
2542 4291 2694 4337 erant
2739 4284 2832 4339 iraa
2880 4285 2992 4340 lilii.
3039 4287 3117 4343 De
3158 4303 3260 4359 qua
3290 4289 3368 4346 ira
3396 4291 3629 4361 scriptum
3665 4294 3754 4341 est:

2240 4373 2491 4440 Quoniam
2516 4390 2686 4430 omnes
2706 4376 2813 4431 dies
2838 4378 2999 4431 nostri
3021 4379 3331 4451 defecerunt,
3354 4393 3400 4437 et
3437 4384 3488 4437 in
3510 4384 3581 4436 ira
3602 4390 3673 4433 tua
3692 4376 3756 4429 ἀει

2238 4470 2480 4535 fecimus;
2518 4468 2641 4520 anni
2676 4470 2834 4523 nostri
2859 4470 2988 4523 sicut
3026 4488 3215 4526 aranea
3242 4475 3601 4528 meditabantur
3624 4467 3753 4541 (Paul.

2240 4573 2470 4626 LXXXIX,
2494 4558 2575 4629 9).
2600 4560 2674 4614 De
2717 4575 2819 4631 qua
2848 4562 2925 4617 ira
2977 4562 3106 4619 dicit
3139 4566 3299 4620 etiam
3330 4568 3460 4623 Job:
3486 4565 3636 4620 Homo
3656 4560 3753 4615 enim

2240 4658 2387 4704 natus
2408 4665 2470 4703 ea:
2490 4650 2716 4717 muliere,
2736 4651 2895 4705 brevis
2923 4654 3036 4708 vita:
3062 4663 3107 4709 et
3136 4656 3313 4725 plenus
3339 4659 3429 4712 ira:
3453 4655 3564 4727 (Job
3586 4668 3677 4715 ιιι,
3696 4649 3752 4716 1).

2241 4739 2317 4793 De
2345 4754 2450 4809 qua
2478 4740 2555 4795 ira
2583 4739 2713 4796 dicit
2740 4751 2788 4797 et
2821 4743 3074 4800 Dominus
3105 4745 3297 4801 Jesus:
3330 4747 3426 4813 Qui
3450 4745 3595 4801 credit
3620 4744 3665 4795 in
3688 4736 3755 4791 Fi-

2241 4829 2386 4895 lium,
2418 4829 2563 4884 habet
2595 4831 2748 4886 vitam
2790 4843 3064 4903 aeternam;
3108 4840 3194 4907 qui
3222 4847 3386 4892 autem
3428 4854 3524 4892 non
3561 4831 3691 4889 credit
3716 4828 3755 4880 in

2242 4921 2457 4989 Filium,
2499 4939 2601 4978 non
2643 4924 2787 4979 habet
2834 4926 3038 4995 vitam',
3079 4928 3167 4982 sed
3204 4930 3282 4983 ira
3322 4929 3416 4984 Dei
3457 4934 3608 4983 manet
3641 4932 3756 4987 ϐαρεῖ

2242 5032 2354 5070 eum
2406 5016 2586 5084 (Joan.
2638 5033 2717 5085 ιιι,
2743 5018 2832 5089 56)
2882 5037 2894 5073 :
2938 5035 3044 5075 non
3072 5022 3167 5088 ait,
3207 5023 3415 5089 veniet;
3459 5019 3563 5083 sed,
3608 5018 3752 5068 ηιαηα·

2240 5102 2373 5161 Cum
2396 5106 2494 5160 hac
2521 5108 2712 5178 quippe
2742 5111 2914 5165 omnis
2943 5111 3101 5166 homo
3129 5113 3380 5169 nascitur.
3420 5112 3624 5180 Propter
3646 5096 3754 5173 (1⁸³οά

2242 5195 2371 5251 dicit
2405 5196 2729 5266 Apostolus:
2763 5198 2980 5255 Fuimus
3003 5203 3134 5256 enim
3159 5214 3205 5257 et
3229 5221 3321 5259 nos
3357 5212 3529 5259 natura
3564 5196 3646 5266 ﬁlii
3669 5194 3751 5252 ira.

2243 5289 2369 5342 sicut
2398 5296 2443 5342 et
2471 5290 2639 5345 caueri
2667 5290 2883 5362 (Ep/tes.
2928 5309 2985 5360 ιι,
3017 5295 3092 5364 5).
3138 5295 3193 5350 ln
3238 5295 3337 5352 hac
3372 5296 3445 5350 ira
3483 5306 3592 5348 cum
3615 5289 3752 5342 esse"!

2244 5379 2488 5435 homines
2534 5396 2629 5451 per
2675 5382 2931 5454 originale
2977 5395 3274 5456 peccatum,
3312 5394 3458 5442 tanto
3502 5378 3683 5454 gravius
3716 5378 3755 5424 et

2246 5472 2613 5543 Ρθνηίοίοείιιδ,
2641 5486 2840 5545 Quanto
2878 5477 3079 5547 majora
3110 5480 3191 5535 vel
3221 5481 3372 5550 plura
3401 5479 3598 5546 insuper
3632 5463 3750 5521 addi-

2309 5588 2326 5619 ι
2350 5589 2424 5637 sic
2440 5595 2540 5660 Am.
2572 5596 2655 5660 Er.
2674 5596 2789 5660 Dan.
2815 5598 2871 5660 et
2890 5598 2996 5643 Mss.
3023 5600 3078 5642 At
3108 5600 3215 5645 nov.
3241 5602 3437 5657 θυι-οη
3472 5587 3557 5642 nisi
3584 5591 3691 5636 De“
3716 5585 3752 5624 ν’

2309 5651 2938 5784 I3figi:,6‘rtt‘t’inwha'’lftlzlnttiitam
2960 5722 3206 5784 cetemam.
3233 5726 3288 5769 At
3310 5728 3411 5769 mss.

2246 5768 2617 5840 sentiunt,_nec
2652 5784 2886 5838 repetunt
2916 5778 3006 5827 hoc
3029 5779 3150 5840 loco,
3175 5768 3435 5831 (uernam:
3458 5790 3517 5840 ex
3547 5768 3613 5822 his
3644 5768 3754 5816 ϐω

2252 5835 2466 5885 nonnulli
2487 5836 2644 5890 futuro
2666 5835 2888 5901 tempore
2910 5840 3089 5904 ferunt,
3113 5835 3205 5894 non
3228 5841 3406 5895 habebtt
3426 5839 3572 5892 vitam.

2646 1610 2807 1625 ﬁ-
