3882 6286
554 292 653 355 Qui

552 410 757 473 unitate
792 424 1059 484 personae,
1095 419 1154 468 ut
1184 409 1325 468 idem
1362 411 1478 480 ipse
1519 416 1667 468 esset
1705 408 1869 467 etiam
1907 404 2142 465 hominis

551 506 713 565 titius.

620 594 850 657 CAPUT
876 594 1139 655 XXXVII.
1162 622 1233 638 --
1255 592 1510 651 Natieitas
1532 593 1721 651 Christi
1745 610 1806 651 eo
1829 592 1965 666 quod
1982 594 2143 650 estde

552 689 756 763 Spiritu
804 696 980 745 sanae
1004 728 1019 754 ,
1073 688 1291 759 gratiam
1339 686 1670 745 demonstrat.
1719 686 1863 742 Idem
1910 700 2141 757 namque

548 781 707 841 Jesus
732 780 981 839 Christus
1011 778 1176 837 Filius
1204 780 1296 836 Dei
1322 778 1656 850 unigenitus,
1688 777 1739 833 id
1773 779 1790 811 ί
1819 786 1903 834 est
1926 778 2136 842 unicus,

550 876 809 935 Dominus
833 884 1034 941 noster,
1056 883 1215 932 natus
1234 882 1318 929 est
1338 872 1405 929 de
1430 873 1629 942 Spiritu
1652 880 1839 929 sancto
1856 882 1913 928 et
1935 871 2140 942 virgine

547 967 730 1025 Maria.
756 968 821 1023 Et
840 967 1024 1037 utique
1043 965 1272 1037 Spiritus
1295 974 1513 1021 sanctus
1536 964 1626 1019 Dei
1646 962 1847 1021 donum
1871 970 1974 1029 est,
1994 960 2139 1033 quod

548 1059 764 1130 quidem
797 1067 852 1116 et
880 1058 1055 1128 ipsum
1081 1064 1161 1114 est
1197 1056 1403 1128 aequale
1441 1055 1701 1113 donanti:
1731 1062 1789 1110 et
1827 1054 1948 1111 ideo
1993 1054 2137 1111 Deus

544 1161 633 1211 est
659 1152 816 1209 etiam
837 1150 1067 1222 Spiritus
1085 1159 1325 1215 sanctus,
1360 1149 1517 1205 Patre
1540 1147 1785 1219 Filioque
1808 1161 1914 1204 non
1937 1146 2133 1203 minor.

546 1245 628 1305 Es
669 1246 775 1303 hoc
812 1260 941 1314 ergo
973 1242 1115 1315 quod
1159 1242 1227 1299 de
1254 1242 1458 1311 Spiritu
1495 1251 1683 1298 sancto
1719 1249 1803 1298 est
1840 1237 2135 1296 secundum

546 1338 814 1397 hominem
855 1338 1101 1395 nativitas
1148 1336 1385 1404 Christi,
1438 1335 1567 1407 quid
1613 1335 1759 1392 aliud
1811 1349 1970 1405 quam
2019 1333 2136 1404 ipsa

542 1430 711 1500 gratia
737 1431 1174 1488 demonstratur?
1200 1428 1335 1485 Cum
1359 1428 1505 1486 enim
1533 1429 1680 1499 virgo
1707 1427 2041 1498 quaesivisset
2067 1426 2137 1481 ah

542 1525 755 1595 angelo,
780 1523 1051 1595 quonwdo
1071 1523 1124 1580 id
1151 1522 1302 1581 iicret
1327 1521 1469 1594 quod
1495 1522 1547 1577 ei
1570 1520 1866 1586 nuntiabat,
1888 1519 2134 1590 quando-

538 1616 759 1687 quidem
786 1616 876 1673 illa
906 1616 1076 1674 virum
1104 1630 1213 1673 non
1239 1621 1620 1684 cognosceret;
1652 1611 1928 1682 respondit
1954 1612 2131 1681 Ange-

543 1708 657 1767 lus:
680 1708 909 1779 Spiritus
929 1716 1135 1766 motas
1152 1708 1466 1777 supmeniet
1485 1706 1540 1761 in
1554 1715 1628 1771 te,
1647 1714 1696 1765 et
1716 1704 1873 1761 uirtus
1887 1702 2136 1759 Altissittti

541 1800 855 1857 obumbrabit
874 1800 997 1864 tibi;
1020 1799 1230 1872 ideoque
1251 1808 1297 1855 et
1320 1797 1456 1868 quod
1480 1803 1711 1853 noscam
1731 1810 1797 1853 ets
1817 1804 1864 1851 te
1878 1802 2131 1861 sanctum,

542 1892 799 1951 vocabitur
814 1890 982 1950 Filius
1011 1891 1108 1948 Dei
1130 1890 1339 1961 (Luca,
1370 1889 1484 1961 '55).
1502 1888 1571 1946 Et
1593 1886 1791 1959 Joseph
1827 1900 1950 1944 cum
1978 1883 2135 1943 vellet

544 1997 664 2039 eam
710 1981 995 2046 dimittere,
1041 1981 1339 2051 susliicatus
1371 1980 1693 2046 adulteram.
1731 1991 1892 2049 quam
1929 1975 2134 2034 sciebat

541 2090 650 2133 non
664 2074 733 2131 de
747 2090 806 2131 se
818 2074 1111 2145 gravidam.
1136 2073 1242 2132 tale
1260 2087 1578 2144 responsum
1597 2071 1667 2129 ah
1684 2070 1874 2142 angelo
1888 2070 2097 2141 accepit
2115 2086 2129 2123 :

542 2165 673 2226 Noli
714 2167 888 2226 timere
925 2168 1154 2239 accipere
1196 2166 1419 2225 Mariam
1462 2168 1729 2237 coniugem
1771 2176 1955 2230 tuam;
1993 2163 2133 2235 quod

538 2265 742 2323 enimin
760 2281 819 2321 ea
835 2267 1011 2323 nulum
1024 2270 1117 2333 est,
1139 2260 1205 2323 de
1225 2259 1426 2333 Spiritu
1440 2267 1617 2319 saeuo
1635 2256 1938 2333 estUIattlt.
1955 2274 1997 2326 ι,
2013 2255 2129 2329 20):

540 2355 595 2415 id
618 2364 731 2423 est.
752 2356 895 2426 quod
919 2364 975 2413 tu
999 2370 1121 2414 esse
1144 2354 1339 2413 dealio
1362 2354 1478 2413 viro
1500 2350 1808 2428 θεωρίαι-ει,
1835 2348 1907 2413 de
1925 2346 2132 2424 Spiritu

537 2456 729 2507 sancto
754 2456 859 2507 est.

613 2539 841 2600 CAPUT
878 2538 1165 2599 XXXVIII.
1187 2568 1259 2587 -ο
1278 2538 1368 2597 ις.
1395 2536 1625 2597 Christus
1648 2539 1714 2596 de
1736 2537 2131 2609 Spiritum

538 2629 2126 2703 mutamm.seddsﬂariautdsme.

538 2725 803 2796 Numquid
840 2733 1018 2782 tamen
1054 2723 1175 2782 ideo
1203 2724 1399 2781 dicturi
1431 2738 1617 2781 sumus
1651 2731 1857 2793 patrem
1896 2722 2130 2780 hominis

534 2818 736 2874 Christi
756 2831 879 2874 esse
901 2816 1159 2887 Spiritum
1176 2826 1447 2884 sanctum,
1469 2822 1529 2871 ut
1553 2815 1693 2871 Deus
1713 2814 1874 2871 Pater
1892 2813 2129 2871 Veritum

534 2909 780 2981 getiuerit
798 2948 815 2973 ,
840 2906 1075 2977 Spiritus
1100 2915 1319 2962 senem
1346 2905 1621 2963 hominem
1639 2945 1656 2969 .
1682 2920 1750 2961 ex
1774 2920 1878 2975 qua
1902 2912 2129 2975 utraque

535 2999 837 3057 substantia
875 2997 1118 3054 Christus
1155 3012 1293 3055 unus
1330 3004 1493 3063 esset,
1536 3006 1592 3053 et
1630 2996 1725 3053 Dei
1771 2997 1943 3054 Patris
1986 2996 2129 3055 illius

536 3091 833 3150 secundum
860 3091 1115 3158 Verbum,
1140 3099 1200 3147 et
1216 3089 1449 3160 Spiritus
1470 3090 1639 3148 sancti
1667 3090 1811 3147 illius
1828 3090 2127 3149 secundum

538 3176 809 3245 hominem
834 3201 851 3252 ;
871 3184 1013 3255 quod
1030 3198 1157 3240 eum
1176 3183 1405 3255 Spiritus
1421 3192 1638 3242 sanctis
1663 3185 1682 3216 '
1702 3193 1953 3255 tanquam
1977 3193 2131 3256 pater

535 3277 656 3349 eius
676 3278 748 3334 de
772 3286 945 3333 matre
974 3277 1178 3348 virgine
1200 3276 1519 3347 genuisset?
1542 3276 1674 3345 Quis
1705 3276 1806 3334 hoc
1827 3277 2012 3337 dicere
2032 3293 2128 3335 au-

535 3368 718 3428 debit?
744 3368 854 3425 Nec
876 3382 1010 3437 opus
1034 3376 1122 3425 est
1145 3368 1434 3426 ostendere
1458 3367 1780 3439 disputando
1805 3378 2003 3440 quanta
2024 3370 2128 3427 alia

539 3468 830 3530 sequuntur
849 3458 1079 3518 absurdo
1097 3499 1116 3524 .
1138 3472 1265 3517 cum
1294 3460 1395 3517 hoc
1421 3460 1594 3531 ipsum
1617 3460 1727 3529 iam
1752 3462 1823 3518 ita
1844 3462 1916 3518 sit
1932 3462 2126 3520 absur-

536 3550 688 3618 dum,
737 3559 797 3608 ut
839 3550 999 3609 nulla:
1044 3549 1233 3607 ﬁdeles
1276 3566 1435 3609 aures
1476 3551 1530 3607 id
1582 3552 1790 3608 valeant
1836 3554 2123 3611 sustinere.

539 3642 805 3709 Proinde,
852 3643 996 3699 sicut
1033 3644 1389 3713 conﬁtemur,
1436 3644 1694 3701 Dominus
1740 3655 1923 3702 noster
1968 3646 2127 3704 Iesus

536 3732 807 3801 Christus.
835 3733 928 3805 qui
952 3733 1023 3791 de
1042 3732 1157 3791 Deo
1182 3733 1325 3791 Deus
1342 3776 1358 3802 ,
1387 3735 1550 3793 homo
1570 3744 1751 3795 autem
1770 3745 1929 3794 natus
1949 3747 2033 3794 est
2057 3739 2128 3795 de

536 3826 743 3896 Spiritu
765 3835 955 3885 sancto
982 3834 1042 3885 et
1072 3827 1278 3899 virgine
1302 3829 1462 3886 liaria
1480 3871 1495 3897 ,
1528 3840 1753 3901 utraque
1788 3831 2083 3888 substantia
2108 3874 2123 3901 ,

535 3916 719 3976 divina
757 3916 967 3977 scilicet
1001 3926 1162 3990 atque
1189 3918 1441 3988 humana,
1487 3921 1654 3981 Filius
1691 3931 1775 3979 est
1814 3925 2002 3979 unicus
2028 3925 2127 3983 Dei

541 4009 713 4069 Patris
730 4010 1130 4082 omnipotentis.
1156 4012 1229 4069 de
1247 4028 1354 4085 quo
1372 4014 1614 4084 procedit
1631 4014 1860 4085 Spiritus
1880 4024 2121 4075 muas.

534 4101 820 4171 Quomodo
846 4116 979 4175 ergo
1016 4103 1245 4162 dicimus
1269 4104 1543 4163 Christum
1582 4115 1767 4163 natiuis
1806 4107 1877 4164 de
1924 4107 2127 4179 Spiritu

534 4202 759 4262 sancto,
806 4194 853 4253 si
904 4208 1013 4253 non
1061 4210 1187 4253 eum
1233 4197 1423 4266 genuit
1465 4196 1699 4269 Spiritus
1744 4200 1999 4255 σωθείην
2038 4202 2126 4256 An

538 4284 663 4354 quia
715 4284 842 4343 iacit
889 4286 1059 4345 eum?
1107 4285 1373 4353 Quoniam
1428 4287 1686 4345 Dominus
1739 4300 1924 4347 neSter
1967 4289 2127 4348 Iesus

537 4374 784 4435 Christus
816 4376 867 4436 in
894 4384 1147 4445 quantm)
1172 4376 1312 4435 Dem
1335 4386 1440 4443 est,
1462 4380 1636 4435 omnia
1666 4396 1756 4450 per
1778 4382 1948 4451 ipsum
1992 4386 2129 4454 facta

534 4476 657 4527 sunt
684 4465 862 4539 (loeti.
890 4481 944 4532 ι,
973 4466 1071 4537 3):
1101 4465 1157 4522 in
1191 4477 1449 4537 quantum
1487 4480 1666 4527 autem
1707 4471 1870 4530 homo
1907 4482 2027 4539 est,
2070 4482 2128 4531 et

538 4557 655 4627 ipse
690 4557 860 4617 iactus
898 4566 1003 4625 est,
1026 4558 1169 4617 sicut
1194 4559 1484 4629 Apostolus
1522 4562 1688 4623 dicit:
1736 4564 1929 4622 Factus
1953 4576 2030 4623 est
2060 4584 2129 4625 ea:

538 4652 729 4709 sentina
754 4650 924 4709 David
940 4653 1219 4711 arandum
1240 4669 1447 4709 eorum
1473 4656 1651 4728 (Beat.
1680 4670 1734 4725 ι,
1762 4660 1839 4731 3).
1865 4660 1974 4717 Sed
2000 4676 2126 4718 cum

538 4742 688 4802 illam
729 4753 1031 4803 creaturam
1070 4759 1232 4817 quam
1277 4744 1441 4818 Virgo
1489 4750 1738 4821 concepit
1776 4760 1836 4808 et
1879 4754 2122 4825 peperit,

539 4834 786 4903 quamvis
807 4834 878 4891 tul
904 4837 1077 4895 solam
1110 4853 1395 4909 personam
1428 4838 1548 4897 Filii
1590 4843 1943 4912 pertinentem
1970 4889 1981 4913 ,
2016 4855 2125 4904 tota

541 4925 774 4984 Trinitas
798 4924 1023 4997 iecet'it;
1052 4946 1225 5003 neque
1259 4934 1403 4989 enim
1442 4936 1761 5007 scparabilia
1797 4949 1921 4994 sunt
1960 4954 2127 5011 opera

540 5016 846 5084 Trinitatis;
876 5034 975 5080 cur
1009 5020 1065 5075 in
1086 5035 1150 5078 ea
1175 5021 1416 5080 iacienda
1454 5027 1603 5083 solus
1636 5026 1871 5099 Spiritus
1910 5040 2128 5090 sanctus

540 5111 843 5168 nominatus
882 5112 1004 5169 est?
1039 5114 1122 5168 An
1150 5122 1206 5169 et
1244 5117 1457 5186 quando
1483 5134 1623 5176 unus
1668 5122 1829 5177 trium
1857 5123 1911 5177 in
1950 5125 2127 5196 aliquo

539 5217 703 5273 opere
728 5204 1033 5261 nominatur
1049 5246 1066 5274 ,
1093 5206 1340 5263 universa
1362 5212 1577 5279 operari
1608 5212 1843 5271 Trinitas
1868 5215 2124 5287 intelligi-

541 5296 668 5353 tur?
699 5294 773 5353 ita
800 5311 930 5355 vero
956 5306 1056 5365 est,
1080 5307 1136 5353 et
1161 5299 1424 5370 exemplis
1452 5301 1630 5359 doceri
1660 5315 1853 5375 potest.
1883 5306 1987 5363 Sed
2017 5323 2124 5365 non

540 5390 703 5445 estin
747 5389 848 5447 hoc
892 5390 1089 5447 diutius
1128 5392 1538 5451 immorandum.
1588 5397 1720 5454 illud
1759 5401 1902 5456 enim
1952 5412 2129 5460 movet

644 5593 719 5644 sic
745 5590 912 5657 plures
940 5597 1048 5645 Mss.
1087 5605 1198 5646 cum
1222 5601 1318 5647 Am.
1347 5598 1423 5648 Er.
1465 5604 1517 5649 et
1537 5602 1654 5650 Dan.
1680 5604 1737 5652 At
1766 5605 1877 5653 ων.
1905 5608 1957 5654 et
1993 5611 2126 5668 Arn.,

825 5718 952 5782 quod
974 5718 1114 5783 quasi
1134 5733 1244 5773 eum
1265 5717 1469 5786 Spiritus
1485 5725 1691 5774 sanctus.
1712 5730 1831 5789 Vox,
1855 5727 2011 5792 quasi,
2032 5743 2131 5783 non

1056 288 1510 357 ENCHIRIDION,
1552 287 1704 344 SlVE
1744 288 1831 343 DE
1870 288 2045 359 FIDE,
2084 288 2213 348 SPE
2252 290 2339 348 ΕΪ
2377 294 2797 368 lJlIAlllTA'l‘E,
2841 302 2897 358 S.
2940 292 3310 363 AUGUSTINI
3684 318 3758 376 is.)

2249 411 2516 482 quomodo
2554 412 2759 471 dictum
2792 416 2882 485 sit.
2928 417 3093 477 Natus
3128 421 3196 480 de
3223 423 3421 496 Spiritu
3454 437 3640 495 saneto,
3671 448 3757 491 cum

2248 499 2558 598 illiusnullo
2584 504 2747 563 modo
2769 506 2843 563 sit
2859 507 3089 581 Spiritus
3113 515 3305 571 sancti.
3332 516 3505 591 Neque
3522 521 3651 577 enim
3673 528 3760 598 quia

2244 594 3758 687 mundumistumiueitDeus,dicieumiasestDeiﬁlium,

2242 694 2339 744 aut
2361 702 2486 745 eum
2508 698 2695 747 natum
2718 691 2787 749 de
2806 692 2952 761 Deo;
2978 695 3076 755 sed
3099 695 3322 769 factius),
3350 700 3433 757 vel
3459 714 3688 776 creatum,
3707 712 3765 767 vel

2242 779 2538 850 conditum,
2562 782 2647 841 vel
2664 782 2968 845 institutum
2984 787 3056 844 ab
3074 788 3188 859 illo,
3206 790 3293 848 vel
3310 793 3360 851 si
3378 794 3501 864 quid
3517 795 3763 867 huiusmodi

2242 878 2704 944 rectepossumus
2742 876 2943 935 dicere.
2981 879 3083 937 Hie
3116 898 3269 954 ergo,
3316 899 3438 940 cum
3480 889 3765 949 conﬁtemur

2243 970 2428 1021 natum
2450 964 2521 1022 de
2548 966 2750 1038 Spiritu
2785 977 2973 1027 sancto
3006 981 3061 1029 et
3096 973 3302 1045 virgine
3340 975 3525 1044 Maria,
3555 986 3765 1052 quomodo

2242 1069 2353 1112 non
2397 1056 2468 1113 sit
2508 1056 2651 1115 illius
2694 1058 2926 1130 Spiritus
2960 1065 3167 1135 sancti,
3212 1074 3267 1121 et
3314 1068 3389 1124 sit
3428 1068 3563 1127 illius
3600 1074 3767 1146 virginis

2241 1146 2423 1205 Maria
2442 1189 2456 1214 ,
2481 1164 2605 1206 cum
2634 1160 2689 1208 et
2713 1151 2785 1209 de
2813 1152 2911 1210 illo
2950 1164 3009 1212 et
3031 1156 3104 1213 de
3124 1158 3215 1213 illa
3239 1160 3316 1216 sit
3340 1171 3497 1218 natus
3515 1204 3531 1231 ,
3558 1168 3765 1236 explicare

2237 1238 2454 1299 diiiicile
2474 1250 2578 1299 est.
2600 1242 2795 1301 Procul
2819 1245 2985 1303 dubio
3009 1249 3208 1321 quippe
3231 1266 3345 1308 non
3372 1253 3450 1309 sic
3470 1255 3535 1312 de
3559 1257 3641 1314 illo
3662 1268 3705 1314 ut
3719 1260 3765 1316 de

2237 1339 2412 1402 patre,
2440 1334 2521 1390 sic
2545 1343 2725 1392 autem
2748 1336 2817 1393 de
2838 1338 2931 1394 illa
2956 1348 3016 1395 ut
3042 1340 3112 1399 de
3137 1350 3309 1398 matre
3329 1353 3486 1402 natus
3506 1356 3603 1403 est.

2308 1423 2536 1483 CAPUT
2563 1425 3008 1486 XXXIX—Non
3030 1432 3278 1505 quidquid
3299 1451 3367 1493 ea:
3388 1437 3555 1509 aliqua
3575 1441 3765 1509 nascitur,

2238 1516 2348 1588 ejus
2366 1517 2506 1588 ﬁlius
2530 1518 2795 1575 dicendus.
2820 1520 2938 1577 Non
2964 1521 3125 1593 igitur
3154 1525 3549 1585 concedendum
3567 1539 3641 1587 est
3656 1534 3766 1604 quid-

2236 1605 2366 1679 quid
2412 1607 2483 1665 de
2526 1608 2706 1680 aliqua
2753 1626 2813 1668 re
2856 1614 3114 1683 nascitur,
3164 1617 3421 1674 continuo
3467 1619 3681 1690 ejusdem
3712 1626 3767 1681 rei

2236 1700 2407 1767 lilium
2432 1704 2869 1776 nuncupandum.
2910 1706 2979 1765 Ut
3018 1708 3163 1765 enim
3189 1711 3431 1767 omittam
3455 1713 3601 1771 aliter
3621 1715 3681 1772 de
3699 1715 3767 1773 ho-

2236 1793 2383 1849 mine
2410 1796 2558 1850 nasci
2585 1796 2774 1864 lilium,
2806 1798 2961 1855 aliter
2988 1802 3261 1872 capillum,
3298 1804 3590 1877 pediculum
3610 1809 3644 1878 ί,
3665 1807 3766 1867 luu-

2234 1884 2463 1957 bricum,
2484 1904 2711 1961 quorum
2727 1892 2864 1949 nihil
2883 1902 2967 1949 est
2988 1894 3131 1953 {ilius
3154 1914 3167 1950 :
3199 1905 3259 1953 ut
3274 1912 3409 1971 ergo
3426 1901 3538 1959 hate
3557 1904 3764 1973 uetitum,

2234 1978 2486 2051 quoniam
2508 1989 2670 2039 tanta:
2690 1983 2773 2040 rei
2792 1983 3107 2045 deformiter
3126 2001 3536 2062 comparantur;
3560 2004 3687 2053 certe
3704 1998 3766 2069 qui

2231 2083 2530 2131 nascuntur
2553 2091 2618 2133 es
2645 2091 2782 2148 aqua
2807 2087 2863 2137 et
2883 2078 3086 2151 Spiritu
3116 2092 3343 2154 sancto,
3377 2101 3481 2144 non
3507 2103 3643 2160 aqua:
3664 2091 3765 2149 ﬁlios

2230 2176 2330 2222 eos
2353 2164 2457 2223 rite
2479 2164 2676 2224 dixerit
2701 2169 2963 2240 quispiam
2988 2190 3002 2227 :
3030 2173 3130 2231 sed
3154 2175 3313 2245 [uane
3337 2178 3585 2237 dicuntur
3602 2182 3682 2241 ﬁlii
3700 2183 3764 2240 Dei

2231 2253 2410 2315 Patris
2433 2267 2492 2315 et
2516 2260 2705 2318 matris
2732 2260 3009 2320 Ecclesia.
3037 2263 3128 2323 Sic
3152 2282 3286 2339 ergo
3311 2269 3383 2327 de
3416 2270 3606 2343 Spiritu
3624 2284 3764 2331 sancto

2230 2357 2391 2408 natus
2410 2360 2498 2409 est
2524 2350 2667 2410 illius
2692 2353 2791 2412 Dei
2818 2354 3010 2424 Patris,
3044 2374 3153 2415 non
3191 2360 3430 2431 Spiritus
3455 2368 3631 2424 need.
3664 2354 3763 2424 ham

2227 2450 2289 2502 et
2312 2441 2441 2503 illud
2462 2443 2612 2517 quod
2629 2444 2702 2507 de
2724 2447 2922 2523 capillo
2946 2456 3001 2507 et
3019 2450 3089 2508 de
3109 2454 3329 2515 cretei-is
3349 2455 3593 2527 diximus,
3611 2459 3671 2516 ad
3690 2460 3764 2517 hoc

2231 2538 3166 2607 tantumraleuntadmoneamur
3206 2551 3763 2621 nonomneqnodtle

2228 2629 2411 2703 aliquo
2447 2632 2717 2702 nascitur,
2757 2637 2921 2693 etiam
2963 2637 3133 2697 illium
3169 2642 3295 2712 ejus
3330 2644 3403 2701 de
3445 2659 3549 2716 quo
3584 2646 3763 2703 nascitur

2230 2734 2391 2792 posse
2410 2722 2536 2781 dici.
2557 2723 2707 2782 Sicut
2728 2742 2834 2784 non
2852 2743 3045 2787 omnes
3068 2732 3158 2802 qui
3180 2733 3437 2792 dicuntur
3458 2737 3662 2807 alicujus
3678 2737 3760 2804 lilii,

2230 2826 2565 2884 consequens
2592 2825 2677 2873 est
2699 2824 2762 2873 ut
2796 2817 2868 2875 de
2888 2819 2981 2877 illo
3015 2822 3176 2879 etiam
3219 2825 3336 2880 nati
3375 2840 3496 2884 esse
3534 2827 3760 2893 dicantur;

2228 2902 2369 2961 sicut
2380 2906 2956 2978 suntquiadoptantur.
2976 2911 3408 2974 Dicunturetiam
3423 2919 3513 2974 lilii
3525 2919 3760 2990 gehennae

2228 3010 2340 3053 non
2354 3011 2424 3053 ex
2449 2997 2542 3053 illa
2561 2999 2695 3070 nati,
2715 3001 2814 3058 sed
2832 3002 2888 3058 in
2910 3003 3052 3060 illam
3075 3010 3383 3078 praeparati,
3407 3012 3541 3068 sicut
3553 3012 3638 3069 lilii
3654 3012 3763 3084 regni

2228 3090 2322 3162 qui
2346 3092 2371 3125 ⁸
2390 3102 2760 3163 praeparantur
2783 3095 2837 3152 in
2862 3112 3108 3169 regnum.

2299 3183 2528 3244 CAPUT
2564 3185 2993 3248 XL—Hodus
3025 3210 3129 3264 quo
3165 3206 3319 3254 tratus
3362 3208 3439 3256 eat
3482 3199 3763 3257 Cbristtude

2228 3273 2433 3345 Spiritu
2453 3288 2661 3347 unua,
2689 3279 2912 3337 insinuat
2949 3285 3197 3358 gratiam]
3214 3288 3425 3347 metu.
3469 3291 3761 3362 ιυροωίω.

2229 3366 2364 3425 Cum
2393 3369 2573 3440 itaque
2609 3371 2679 3429 de
2705 3372 2886 3444 aliquo
2907 3385 3159 3433 nascatur
3184 3379 3392 3451 aliquid
3430 3384 3582 3441 etiam
3608 3398 3697 3440 non
3716 3396 3763 3439 eo

2228 3460 2394 3520 modo
2438 3471 2498 3521 ut
2538 3466 2612 3523 sit
2653 3465 2834 3536 illius,
2880 3483 2983 3526 nec
3026 3486 3214 3529 rursus
3263 3474 3447 3533 omnis
3486 3477 3575 3548 qui
3613 3475 3765 3533 dicitur

2230 3551 2406 3622 ﬁlius,
2449 3553 2519 3612 de
2562 3555 2657 3614 illo
2700 3558 2774 3615 sit
2814 3568 2974 3617 natus
3012 3563 3168 3635 cujus
3209 3565 3412 3624 dicitur
3456 3567 3623 3636 illitis;
3667 3581 3763 3638 pro-

2230 3647 3763 3732 ledomodusistequonatuseetchristusdeﬁpiritu

2226 3749 2417 3797 sancto
2442 3756 2547 3799 non
2565 3743 2707 3800 sicut
2721 3744 2887 3812 illius,
2911 3756 2969 3804 et
2990 3747 3059 3805 de
3078 3749 3239 3806 Maria
3260 3753 3471 3825 virgine
3490 3754 3618 3809 sicut
3638 3751 3760 3817 ﬁlius,

2228 3830 2464 3889 insinuat
2490 3834 2643 3892 nobis
2666 3837 2895 3906 gratiam
2928 3839 3023 3896 Dei
3043 3857 3192 3921 ,_qua
3218 3841 3387 3903 homo
3426 3845 3579 3902 nullis
3602 3856 3762 3914 prace-

2226 3921 2479 3982 deutihus
2499 3926 2727 3996 meritis,
2750 3928 2804 3985 in
2825 3929 2945 4000 ipso
2960 3932 3185 3988 exordio
3212 3943 3423 3992 natum
3441 3948 3550 3993 suae
3566 3949 3659 4009 quo
3673 3945 3761 3989 esse

2226 4013 2411 4085 capit.
2458 4015 2627 4075 Verbo
2670 4019 2781 4077 Deo
2807 4018 2830 4053 ³
2869 4023 3213 4093 copularetur
3239 4025 3295 4082 in
3334 4034 3532 4084 tantam
3572 4035 3761 4097 person

2227 4106 2485 4167 unitatem
2504 4150 2523 4176 ,
2544 4120 2604 4167 ut
2622 4111 2764 4170 idem
2784 4113 2899 4185 ipse
2924 4125 3069 4173 esset
3088 4116 3229 4174 illius
3251 4118 3354 4176 Dei
3372 4122 3462 4192 qui
3483 4120 3611 4177 illius
3632 4115 3763 4173 lintei-

2226 4201 2335 4270 ttis,
2363 4211 2419 4261 et
2440 4203 2584 4262 ﬁlius
2609 4205 2841 4265 hominis
2870 4210 2959 4280 qui
2990 4208 3129 4267 illius
3161 4213 3297 4268 Dei:
3327 4229 3389 4271 ac
3410 4216 3490 4273 sie
3513 4215 3564 4269 in
3604 4220 3762 4268 nam

2226 4290 2477 4351 humanm
2510 4297 2851 4367 susceptione
2877 4298 3031 4357 iteret
3054 4302 3287 4373 quodam
3321 4306 3483 4361 modo
3507 4306 3610 4376 ipsa
3632 4298 3760 4374 gratia

2227 4385 2307 4443 illi
2331 4386 2532 4444 homini
2561 4391 2818 4447 naturalis
2839 4430 2856 4459 ,
2883 4407 3006 4469 qua:
3034 4392 3058 4426 δ
3084 4396 3292 4451 nullum
3333 4407 3598 4469 peccatum
3624 4398 3761 4466 posset

2230 4476 2532 4533 admittere.
2556 4479 2685 4546 Qua:
2703 4482 2869 4552 gratia
2893 4466 3174 4555 propterea
3192 4501 3287 4556 per
3305 4466 3553 4559 Spiritum
3569 4492 3760 4543 sanctum

2228 4567 2403 4626 fuerat
2445 4571 2793 4641 signiﬁcanda
2812 4616 2828 4642 ,
2874 4577 2999 4647 quia
3026 4578 3141 4649 ipse
3172 4581 3386 4653 proprie
3416 4584 3495 4638 sic
3522 4589 3598 4637 est
3622 4579 3756 4639 Deus,

2229 4670 2290 4718 ut
2329 4661 2539 4720 diditur
2576 4665 2737 4721 etiam
2781 4666 2877 4723 Dei
2916 4668 3117 4726 donum
3159 4670 3304 4740 (Act.
3332 4689 3452 4741 nn,
3494 4672 3603 4743 20).
3645 4663 3758 4722 [Inde

2226 4753 2560 4814 suilloienter
2598 4756 2743 4829 loqui
2771 4759 2793 4790 ⁸
2819 4758 2842 4831 (
2860 4760 2906 4815 si
2936 4770 3114 4819 tanien
3146 4761 3203 4819 id
3240 4762 3360 4821 ﬁeri
3404 4761 3622 4837 potest),
3647 4756 3758 4814 valde

2230 4848 2451 4919 prolixae
2475 4848 2856 4920 disputationis
2874 4862 2977 4909 est.

2301 4941 2524 5001 CAPUT
2563 4942 2696 5000 xu.
2729 4946 2909 5003 ~15.
2948 4945 3179 5004 σιινεαω
3197 4949 3310 5005 sine
3335 4956 3548 5021 ρωεωο,
3572 4945 3650 5003 sed
3668 4956 3756 5013 pec-

2230 5043 2398 5089 cum
2434 5037 2622 5105 factus.
2658 5035 2809 5093 Nulla
2838 5038 2996 5109 igitur
3038 5039 3313 5111 voluptate
3349 5041 3571 5097 carnalis
3604 5047 3759 5093 conslt-

2232 5125 2503 5197 piscentia:
2527 5129 2821 5186 semiustus
2854 5131 2970 5186 sive
3006 5139 3336 5203 conceptus,
3369 5142 3423 5189 et
3447 5131 3560 5188 ideo
3600 5126 3754 5182 nullum

2234 5229 2509 5289 peccatum
2560 5222 2887 5293 originaliter
2939 5224 3192 5293 trahens;
3249 5226 3342 5283 Dei
3392 5239 3589 5299 quoque
3626 5216 3755 5290 illam

2234 5310 2411 5367 Verbo
2432 5312 2603 5369 Patris
2633 5316 2925 5388 unigettito,
2958 5331 3063 5373 non
3088 5318 3259 5391 gratia
3288 5318 3441 5388 Filio,
3467 5315 3555 5372 sed
3577 5320 3753 5369 natura.

2299 5424 2316 5456 ί
2356 5425 2657 5489 antiquiores
2679 5428 2889 5498 codices,
2914 5428 3229 5494 peducularis.
3729 5476 3736 5486 .

2297 5488 2318 5559 ξ
2342 5494 2623 5563 Prw-amen,
2648 5502 2751 5563 qua,
2786 5492 2929 5543 abest
2962 5504 2991 5542 a
3012 5500 3220 5556 quatuor
3254 5491 3484 5544 venante
3513 5494 3561 5541 et
3583 5485 3638 5536 Ib
3662 5484 3754 5531 ιιιιι·

2228 5550 2484 5612 quiorihns
2501 5550 2767 5603 Gallicanis.
3030 5550 3047 5556 ’

2296 5613 2319 5705 ἶ
2687 5622 2875 5705 5,331,?
2896 5616 3038 5705 2‘21“:
3048 5616 3218 5705 ,ἔῗὲ

2342 5678 2680 5741 Germauensis
2694 5677 2870 5738 codex,
2893 5678 2994 5741 qui.
3015 5678 3099 5731 alii
3119 5680 3218 5730 duo
3243 5689 3365 5740 uss"
3389 5689 3498 5741 qua.

2239 5738 2575 5870 ὠόωᾶθὲηέ
2595 5744 2687 5852 33.8
2706 5726 3593 5807 ωνῑεειτλέῑεᾰᾱιῖηῑῑβάωμ
3621 5726 3753 5784 eum
