3874 6406
82 411 170 470 255
1459 403 1663 461 LIBER
1705 403 1903 462 UNUS.

80 534 125 588 in
144 531 318 585 unitate
343 541 586 599 pereunte
607 529 626 560 '
654 525 811 583 modo
840 525 1061 582 mirabili
1084 533 1136 581 ct
1158 521 1409 599 ineﬁ‘abili
1434 523 1621 595 adjun-

76 636 174 679 ctus
195 630 341 692 atque
358 631 668 688 concretus,
689 627 745 675 et
768 618 888 674 ideo
908 617 1109 673 nullum
1135 626 1409 688 peccatum
1433 624 1486 671 et
1506 616 1622 687 ipse

77 713 410 777 committens;
435 720 614 766 tamen
635 721 852 782 propter
875 709 1275 765 similitudinem
1303 707 1479 764 carnis
1502 722 1622 780 pec-

75 809 159 864 cati
184 808 227 862 in
254 819 350 877 qua
377 812 605 860 venerat
628 801 803 874 (Rom.
836 819 954 870 vui,
986 803 1041 877 3)
1063 847 1079 872 ,
1111 802 1286 859 dictus
1310 811 1394 859 est
1429 812 1483 859 et
1508 803 1624 874 ipse

76 907 332 967 peocatttm,
354 893 732 952 sacriﬁcandus
754 895 821 950 ad
838 895 1084 951 diluenda
1106 902 1344 965 peccata.
1365 892 1424 949 in
1442 902 1624 950 vetere

75 993 236 1063 quippe
256 990 370 1062 iege
393 997 612 1060 peccata
636 989 964 1044 vocabantur
983 986 1245 1043 sacrificia
1270 1002 1369 1058 pro
1389 987 1623 1060 peccatis

74 1085 203 1153 (0m
224 1099 296 1148 tv,
326 1083 384 1154 8)
419 1097 436 1136 ε
466 1081 612 1152 quod
636 1095 762 1136 vere
785 1081 884 1136 iste
913 1079 1084 1136 iactus
1113 1090 1198 1135 est
1225 1079 1377 1149 cuius
1421 1079 1623 1134 umbra:

71 1185 199 1232 erant
222 1175 323 1230 illa.
353 1173 488 1228 illnc
517 1173 804 1243 Apostolus
833 1187 951 1227 cutn
982 1171 1206 1227 dixisset
1229 1213 1242 1234 .
1289 1167 1624 1225 Obsecremus

75 1287 149 1339 pro
171 1269 350 1324 Christo
373 1265 696 1321 reconciliari
722 1262 869 1331 Deo;
893 1263 1149 1319 continuo
1170 1261 1443 1332 subiunxit
1463 1269 1624 1332 atque

74 1363 167 1416 ait:
193 1360 310 1414 Eum
332 1361 412 1429 qui
443 1375 552 1413 non
575 1365 773 1412 noverat
811 1365 1074 1426 peccatum
1093 1397 1110 1424 ,
1144 1363 1237 1428 pro
1266 1353 1409 1409 nobis
1447 1368 1625 1426 pecca-

77 1464 171 1506 tum
194 1454 318 1523 fecit,
337 1457 388 1504 at
409 1465 507 1504 nos
536 1449 690 1504 simus
704 1449 909 1520 justitia
950 1447 1049 1502 Dei
1087 1447 1141 1501 in
1166 1448 1277 1517 ipso
1307 1445 1373 1518 (ll
1403 1445 1522 1501 Cor.
1555 1463 1586 1500 v
1605 1488 1620 1514 ,

77 1544 164 1610 ρο,
189 1542 282 1611 2i).
319 1541 426 1596 Non
455 1540 570 1609 ait,
597 1548 655 1596 ut
685 1541 737 1596 in
765 1538 1083 1611 quibusdam
1108 1537 1383 1595 mendosis
1421 1535 1624 1594 codici-

72 1636 158 1689 bus
178 1636 374 1705 legitur,
415 1633 465 1690 is
495 1634 587 1704 qui
617 1647 725 1688 non
767 1639 990 1688 noverat
1031 1639 1338 1701 peccatum,
1381 1644 1478 1701 pro
1521 1643 1624 1685 no-

71 1727 137 1782 bis
180 1731 433 1797 peccatum
486 1723 650 1791 fecit;
705 1732 960 1794 tanquam
1016 1737 1116 1793 pro
1172 1720 1328 1777 nobis
1380 1720 1624 1778 Christus

71 1820 163 1888 ipse
193 1817 517 1888 peccaverit:
556 1814 656 1872 sed
691 1815 798 1884 ait,
830 1813 966 1888 Euyt
1006 1814 1093 1886 qui
1117 1830 1221 1868 non
1260 1824 1468 1869 noverat
1504 1829 1624 1884 pec-

70 1921 237 1976 mm,
278 1909 328 1965 id
377 1915 461 1967 est
505 1907 809 1975 Christum,
860 1921 954 1978 pro
1001 1906 1147 1961 nobis
1199 1915 1459 1975 peccatum
1508 1907 1624 1978 fecit

73 2005 214 2071 Deus,
253 2001 336 2058 cui
385 1999 765 2057 reconciliandi
807 2013 1029 2065 sumus,
1077 1997 1181 2055 hoc
1236 2005 1354 2065 est,
1413 1998 1622 2054 sacrlli-

70 2094 183 2148 cium
205 2107 293 2164 pm
330 2090 594 2165 peccatis,
629 2103 725 2162 per
761 2089 904 2161 quod
932 2089 1268 2146 reconciliari
1294 2087 1620 2146 vaieremus.

76 2184 168 2253 ipse
193 2195 307 2257 ergo
331 2192 639 2256 peccatum,
668 2189 728 2238 ut
751 2196 848 2238 nos
877 2182 1078 2253 iustitia
1104 2197 1118 2247 ;
1150 2196 1251 2237 uec
1277 2191 1459 2237 nostra
1480 2223 1494 2249 ,
1525 2182 1623 2239 sed

78 2275 182 2341 Dei;
203 2289 292 2332 nec
315 2277 365 2332 in
391 2276 573 2342 nobis,
600 2275 697 2332 sed
725 2275 780 2331 in
805 2275 924 2345 ipso
951 2293 960 2325 :
996 2274 1134 2330 sicut
1159 2275 1274 2344 ipse
1303 2283 1582 2348 peccatum
1605 2319 1621 2346 ,

80 2381 162 2422 non
197 2379 351 2436 mam,
385 2365 486 2424 sed
533 2370 809 2432 nostrum
858 2377 958 2422 nec
1004 2366 1058 2420 in
1101 2379 1183 2433 se,
1224 2365 1320 2421 sed
1366 2366 1421 2421 in
1467 2367 1625 2423 nobis

79 2460 396 2528 constitutum,
427 2459 788 2516 similitudine
814 2457 994 2514 carnis
1024 2460 1249 2527 peccati,
1282 2458 1336 2512 iu
1363 2473 1466 2528 qua
1494 2473 1622 2514 cru-

90 2551 233 2606 cifixus
264 2563 364 2620 est,
406 2549 836 2608 demonstravit:
867 2556 928 2605 ut
969 2550 1221 2621 quoniam
1253 2561 1529 2622 peccatum
1571 2551 1623 2608 ei

91 2642 341 2710 maluerat,
361 2645 432 2700 ita
451 2643 690 2715 quodam
715 2641 878 2699 modo
902 2651 1123 2713 peccato
1151 2652 1469 2710 moreretur,
1495 2642 1622 2701 dum

99 2735 272 2791 moritur
298 2738 431 2793 carni
457 2739 510 2804 ³,
555 2736 611 2792 in
649 2749 754 2810 qua
795 2743 912 2792 erat
953 2736 1246 2792 similitudo
1294 2739 1536 2808 peccati;
1568 2749 1624 2795 et

101 2839 194 2879 cum
232 2830 489 2884 mundum
550 2835 868 2884 vetustatem
919 2829 1124 2898 peccati
1180 2843 1450 2900 nunquam
1508 2831 1624 2902 ipse

99 2917 277 2986 vixisset,
311 2932 550 2977 nostram
593 2936 661 2976 ex
702 2929 873 2976 morte
915 2921 1105 2986 veteri,
1156 2936 1258 2992 qua
1303 2923 1357 2977 in
1403 2933 1623 2993 peccato

93 3009 238 3065 mortui
262 3009 525 3068 Aie-ramus
545 3055 559 3077 ,
591 3012 1001 3070 reviviscentem
1030 3013 1193 3068 vitam
1233 3029 1431 3070 novam
1477 3015 1500 3048 ³
1527 3031 1619 3073 sua

89 3105 414 3160 Mone
440 3105 702 3175 signaret.

135 3192 324 3253 CAPUT
356 3196 522 3254 XLII.
542 3227 616 3239 --
638 3196 932 3269 Baptismus
979 3200 1164 3267 datur,
1203 3210 1261 3255 ut
1302 3203 1581 3258 moriamur
1604 3247 1618 3273 ,

85 3291 119 3334 et
137 3286 468 3345 rniriseamus.
506 3290 684 3359 ipsum
714 3297 798 3346 est
825 3289 964 3360 quod
1003 3291 1056 3345 in
1097 3291 1251 3348 nobis
1279 3293 1580 3350 celebratur
1604 3339 1618 3363 ,

83 3389 282 3448 mgnum
305 3381 646 3454 Baptismatis
672 3392 1089 3451 sacramentum,
1123 3393 1183 3440 ut
1207 3387 1528 3458 quicumque
1554 3389 1621 3442 ad

82 3467 202 3524 tanta
233 3475 495 3542 pertinent
531 3477 756 3547 gratiam
779 3519 794 3543 ,
839 3479 1139 3533 moriantur
1184 3488 1433 3549 peccato,
1485 3483 1624 3538 sicut

84 3561 171 3629 ipse
190 3577 387 3636 poculo
410 3577 661 3626 mortuus
681 3569 895 3636 dicitur,
925 3571 1048 3641 quia
1078 3581 1320 3628 mortuus
1342 3582 1427 3629 est
1451 3577 1618 3643 carni,

83 3651 160 3708 hoc
181 3666 269 3727 est,
291 3663 492 3732 peccati
516 3661 852 3717 similitudini
886 3679 899 3714 :
931 3671 986 3717 et
1014 3663 1200 3719 vivant
1224 3678 1254 3718 a
1283 3663 1496 3721 lavacro
1535 3681 1623 3722 re-

81 3751 318 3819 nascentia,
336 3755 479 3810 sicut
501 3756 617 3826 ipse
636 3769 667 3808 a
689 3754 937 3826 sepulcro
958 3755 1307 3826 resurgendo,
1331 3757 1621 3830 quamlibet

80 3844 275 3910 corporis
294 3856 505 3903 etatem
528 3855 738 3919 gerant.

133 3930 326 3994 CAPUT
360 3937 546 3996 XLIII.
569 3969 641 3980 —
663 3936 730 3994 In
753 3937 1018 4010 Baptismo
1041 3955 1213 3995 omnes
1241 3950 1444 4010 peccato
1470 3944 1617 4010 mori,

79 4028 117 4073 ει
139 4027 370 4095 ravulos,
401 4037 452 4085 et
479 4030 720 4100 majores.
751 4031 796 4084 Α
837 4029 1060 4100 parvulo
1085 4030 1229 4085 enim
1266 4046 1457 4088 recens
1497 4044 1622 4088 nato

81 4128 213 4185 usque
235 4120 292 4175 ad
325 4121 656 4192 decrepitum
684 4135 871 4177 senem
892 4163 906 4187 ,
937 4122 1076 4177 sicut
1104 4122 1283 4178 nullus
1321 4131 1405 4180 est
1433 4123 1620 4196 prohi-

82 4202 246 4266 bendus
281 4227 310 4266 a
345 4213 652 4284 Baptismo,
686 4211 758 4268 ita
783 4214 962 4269 nullus
1007 4221 1090 4269 est
1123 4214 1214 4285 qui
1254 4230 1358 4271 non
1405 4226 1622 4286 peccato

85 4301 294 4359 moritur
325 4305 377 4360 in
406 4305 713 4376 Baptiamo:
742 4306 837 4360 sed
868 4305 1072 4376 parvuli
1103 4313 1308 4360 tantum
1337 4306 1578 4376 originali
1604 4349 1618 4374 ,

86 4391 269 4462 maiores
291 4407 463 4454 autem
483 4399 646 4455 etiam
675 4398 741 4454 iis
767 4397 1014 4454 omnibus
1042 4399 1342 4455 moriuntur
1367 4399 1618 4470 peccatis,

89 4493 380 4561 limumque
417 4489 562 4546 male
587 4489 815 4546 vivendo
857 4489 1180 4547 addiderunt
1202 4490 1271 4546 ad
1316 4489 1442 4547 illud
1481 4491 1620 4561 quod

91 4580 309 4637 nascendo
327 4590 620 4638 traxerunt.
1373 4642 1383 4650 .

136 4664 325 4729 CAPUT
344 4673 504 4732 XLlV
513 4672 823 4746 .-—Figstra,
836 4681 1068 4747 Hpaoig,
1085 4690 1184 4744 qua
1196 4690 1432 4729 numerus
1443 4675 1619 4745 accipi-

95 4764 158 4810 ἰτ
181 4778 254 4831 πο
272 4783 489 4823 nantem
516 4766 629 4824 Sed
654 4768 778 4823 ideo
799 4767 960 4823 etiam
981 4767 1083 4838 ipsi
1104 4777 1327 4838 peccato
1350 4768 1483 4822 mori
1513 4769 1623 4837 ple-

93 4858 540 4925 Yllmq'ttedicuntur,
551 4874 675 4916 cum
691 4859 876 4930 procul
895 4859 1060 4914 dubio
1074 4874 1182 4914 non
1207 4860 1317 4924 uni,
1337 4860 1429 4914 sed
1442 4861 1623 4915 multis

96 4947 278 5006 Mutis
299 4952 648 5022 omnibusque
669 4952 983 5016 moriantur,
1008 4965 1354 5022 quaecumque
1364 4952 1472 5022 jam
1493 4969 1616 5022 pro-

96 5033 571 5112 ifiacommiserunt,
595 5043 680 5099 vel
719 5045 1060 5115 cogitatione,
1102 5045 1186 5100 vel
1217 5044 1508 5113 locutione,
1535 5047 1622 5102 vel

97 5136 247 5199 σωκ
270 5139 381 5207 quia
405 5139 570 5195 etiam
601 5153 699 5209 per
732 5138 1053 5209 singularem
1095 5153 1374 5193 numerum
1403 5139 1624 5210 pluralis

97 5230 300 5284 numerus
321 5230 608 5302 signiﬁcari
634 5231 774 5286 solet
803 5247 820 5284 τ
847 5231 984 5286 sicut
1007 5233 1082 5286 ait
1104 5231 1210 5294 ille,
1249 5250 1269 5284 ι
1297 5232 1623 5304 [iterumque

98 5320 260 5374 amato
301 5324 459 5381 milite
503 5324 776 5396 complent
811 5343 830 5377 ι
857 5323 1071 5396 (Virgil.
1097 5323 1311 5393 Eueni,
1336 5326 1423 5380 tib.
1441 5325 1498 5394 2,
1546 5327 1619 5396 φ.

97 5398 192 5472 ²⁰);
223 5416 447 5480 quamvis
477 5414 586 5471 hoc
637 5415 822 5472 multis
873 5415 1128 5471 militibus
1174 5417 1417 5472 fecerint.
1450 5418 1515 5472 Et
1569 5419 1621 5474 in

101 5498 468 5562 ηοω-κυαθίς
491 5505 706 5577 legitur,
737 5506 845 5560 Ora
864 5522 982 5578 ergo
1004 5506 1072 5560 ad
1097 5506 1391 5574 Dominum,
1423 5516 1478 5560 ut
1523 5525 1622 5561 au-

147 5623 368 5700 tumnum
394 5639 522 5695 ιω,
544 5631 598 5683 tn
618 5631 849 5700 unitatem
864 5645 1104 5700 personae.

101 5685 239 5802 sic
267 5701 359 5743 Am.
389 5700 461 5744 Er.
499 5685 616 5746 han.
659 5703 712 5746 et
755 5685 977 5758 plerique
1013 5702 1119 5745 Mss.
1165 5701 1220 5748 At
1260 5701 1367 5746 nov.
1409 5703 1462 5746 et
1491 5703 1623 5760 Arn.,

477 5818 651 5885 peltas
679 5825 1002 5885 Itss.,_noe_ent
1023 5831 1040 5870 :
1059 5820 1328 5885 iungendo,
1357 5820 1424 5870 ad
1446 5819 1625 5885 nam»;

108 5881 179 5932 φιο
193 5884 274 5930 Stet
291 5882 534 5932 antithesis
555 5882 615 5931 ad
637 5881 959 5943 praesidentia
993 5881 1171 5945 verba;
1196 5894 1261 5934 ea:
1280 5888 1431 5934 ntorte
1451 5881 1613 5937 veteri;

3202 421 3312 481 254

1735 524 1864 594 ferat
1883 539 1914 578 a
1933 523 2073 580 nobis
2101 533 2376 598 serpentem
2403 523 2592 597 (Num.
2625 543 2743 597 ιιι,
2773 527 2829 596 ’1,
2857 545 2954 586 sec.
2977 529 3139 612 LXX)
3159 554 3174 605 ;
3197 537 3307 598 non

1728 616 1803 671 ait
1829 627 2134 687 serpentes,
2167 632 2302 690 quos
2332 619 2630 690 patiebatur
2656 622 2888 692 populus
2906 664 2921 691 ,
2949 633 3008 680 ut
3035 623 3136 684 hoc
3161 629 3309 688 dice-

1729 713 1844 762 ret:
1869 716 1924 762 et
1939 706 2347 764 innumerabilia
2361 710 2503 766 talia.
2525 711 2656 767 Cum
2677 727 2806 769 vero
2826 723 2881 770 et
2904 713 3035 771 illud
3056 717 3312 790 originale

1729 810 1892 852 unum
1914 798 2106 868 plurali
2135 814 2360 857 numero
2380 799 2735 872 significatur,
2767 803 2980 876 quando
3008 805 3234 865 dicimus
3257 810 3309 868 in

1729 897 2067 958 peccatorum
2095 891 2466 948 remissionem
2496 892 2752 964 baptizari
2780 897 3052 972 parvulos,
3086 915 3184 961 nec
3225 901 3311 957 di-

1729 979 1899 1036 cimus
1938 983 1992 1037 in
2035 983 2402 1042 remissionem
2444 986 2682 1057 peccati;
2733 986 2819 1042 ilia
2851 998 2935 1046 est
2972 1003 3004 1052 e
3043 994 3314 1051 contrario

1729 1072 1949 1143 locutio,
1982 1089 2084 1146 qua
2112 1090 2206 1147 per
2235 1076 2493 1152 pluralem
2523 1078 2541 1110 ί
2565 1077 2895 1150 significatur
2921 1095 3179 1140 numerus
3195 1085 3310 1140 sin-

1729 1164 1951 1236 gularis.
1990 1165 2142 1222 Sicut
2171 1167 2224 1222 in
2271 1168 2560 1240 Evangelio
2608 1169 2818 1226 Herode
2855 1184 3068 1230 mortuo
3107 1175 3309 1234 dictum

1728 1266 1830 1325 est,
1872 1257 2066 1314 Mortui
2109 1268 2226 1316 sunt
2276 1261 2406 1316 enim
2445 1262 2528 1333 qui
2567 1262 2854 1332 quwrebant
2897 1267 3121 1322 animam
3173 1271 3318 1340 pueri

1733 1345 1943 1421 (Matth.
1987 1366 2043 1419 ll,
2074 1349 2168 1426 20)
2199 1368 2211 1406 :
2238 1366 2348 1408 non
2386 1353 2586 1408 dictum
2610 1361 2710 1422 est,
2744 1363 2986 1416 mortuus
3015 1361 3116 1414 est.
3155 1359 3224 1416 Et
3258 1360 3314 1418 in

1729 1437 1934 1508 Exodo,
1970 1439 2242 1510 Fecerunt,
2273 1441 2474 1514 inquit,
2495 1443 2590 1500 sibi
2617 1445 2736 1500 deos
2770 1463 2981 1516 aureos;
3007 1463 3129 1504 cum
3152 1466 3314 1508 unum

1731 1533 1954 1587 vitulum
2004 1530 2247 1603 fecerint,
2301 1534 2370 1590 de
2411 1551 2516 1612 quo
2564 1537 2837 1608 dixerunt,
2884 1537 2956 1594 Hi
2983 1547 3098 1596 sunt
3143 1540 3216 1596 dii
3239 1544 3316 1598 tui

1729 1623 1911 1693 Israel,
1940 1627 2028 1697 qui
2047 1626 2327 1683 eduxerunt
2350 1638 2396 1683 te
2414 1629 2480 1684 de
2502 1639 2636 1685 terra
2660 1629 2879 1708 Αἰρειριε
2899 1629 3095 1702 (Exod.
3126 1648 3310 1701 χχχιι,

1729 1715 1820 1786 si,
1847 1716 1903 1788 4)
1938 1734 1952 1773 :
1977 1726 2030 1774 et
2059 1717 2146 1773 hic
2171 1719 2430 1791 pluralem
2457 1729 2717 1792 ponentes
2743 1737 2841 1798 pro
2872 1723 3147 1803 singulari.

1799 1807 2026 1868 CAPUT
2064 1809 2225 1868 XLV.
2253 1843 2325 1852 —
2347 1810 2416 1868 In
2458 1813 2620 1884 primo
2655 1815 2870 1876 hominis
2903 1825 3105 1892 peccato
3142 1817 3316 1894 plures

1730 1902 1924 1974 peccati
1962 1904 2169 1975 species,
2199 1902 2452 1973 Quamvis
2482 1911 2534 1962 et
2562 1906 2613 1961 in
2644 1905 2736 1968 illo
2765 1916 2985 1984 peccato
3014 1924 3140 1984 uno,
3171 1911 3314 1985 quod

1729 2007 1826 2078 per
1852 2011 2016 2052 unum
2043 1996 2311 2054 hominem
2339 1995 2554 2060 intravit
2583 2001 2636 2056 in
2665 1999 2942 2068 mundum,
2971 2009 3026 2058 et
3045 2002 3099 2060 in
3127 2019 3315 2062 omnes

1728 2083 1974 2144 homines
2000 2090 2305 2160 pertransiit
2331 2089 2507 2170 (Rom.
2525 2107 2592 2160 v,
2617 2089 2726 2167 12),
2760 2103 2975 2169 propter
2990 2093 3130 2168 quod
3156 2095 3314 2151 etiam

1728 2177 1934 2249 parvuli
1960 2177 2316 2255 baptizantur,
2340 2180 2546 2252 possint
2574 2181 2798 2252 intelligi
2829 2183 2975 2254 plura
3007 2192 3245 2260 peccata,
3268 2187 3314 2246 si

1727 2285 1894 2326 unum
1924 2269 2097 2344 ipsum
2134 2271 2186 2326 in
2214 2287 2307 2328 sua
2334 2273 2486 2352 quasi
2517 2273 2754 2336 membra
2792 2273 2996 2350 singula
3029 2273 3313 2333 dividatur.

1725 2360 1860 2418 Nam
1888 2373 1942 2420 et
1964 2361 2212 2435 superbia
2233 2364 2442 2434 estiilic,
2457 2365 2579 2444 quia
2600 2365 2763 2426 homo
2779 2365 2832 2420 in
2853 2379 2949 2428 sua
2972 2365 3146 2442 potius
3169 2379 3312 2435 esse,

1728 2470 1888 2528 quam
1917 2456 1971 2511 in
2010 2455 2104 2512 Dei
2137 2465 2398 2534 potestate
2436 2456 2649 2525 dilexit;
2692 2467 2748 2520 et
2783 2457 3150 2534 sacrilegium,
3195 2460 3318 2538 quia

1729 2547 1839 2603 Deo
1856 2563 1962 2604 non
1989 2546 2248 2617 credidit;
2271 2558 2325 2605 et
2353 2548 2720 2620 homicidium,
2743 2551 2867 2630 quia
2888 2565 2946 2614 se
2961 2552 3312 2630 praecipitavit
3369 2545 3375 2552 ’

1727 2640 1786 2697 in
1808 2649 2071 2710 mortem;
2121 2651 2176 2698 et
2214 2641 2493 2698 fornicatio
2532 2641 2847 2713 spirituaiis,
2887 2645 3010 2715 quia
3042 2643 3318 2718 integritas

1727 2734 1922 2796 mentis
1934 2734 2178 2797 humana:
2191 2735 2493 2812 serpentina
2509 2737 2759 2798 suasione
2773 2746 3022 2814 corrupta
3034 2747 3196 2806 est;et
3213 2739 3317 2794 l'ur-

1724 2833 1859 2893 tum,
1892 2826 2015 2902 quia
2042 2826 2191 2882 eibus
2216 2826 2515 2906 prohibitus
2534 2835 2818 2898 usurpatas
2845 2836 2957 2901 est;
2990 2839 3044 2884 et
3068 2829 3311 2897 avaritia,

1726 2919 1850 2997 quia
1883 2918 1999 2990 plus
2037 2935 2196 2999 quam
2221 2919 2300 2975 illi
2348 2919 2597 2982 sufﬁcere
2630 2920 2813 2978 debuit
2850 2921 3113 3002 appetivit
3143 2941 3158 2978 :
3189 2929 3244 2978 et
3268 2924 3316 2982 si

1727 3011 1856 3084 quid
1877 3010 2020 3067 aliud
2043 3011 2096 3067 in
2127 3011 2229 3074 hoc
2259 3029 2362 3075 uno
2387 3012 2624 3073 admisso
2649 3012 2892 3092 diligenti
2921 3012 3312 3076 consideratio-

1728 3119 1795 3159 ne
1825 3104 2052 3160 inveniri
2084 3114 2280 3180 potest.

1798 3195 2021 3254 CAPUT
2059 3197 2243 3253 XLVI.
2292 3229 2366 3241 —-
2406 3195 2640 3259 Peccatis
2664 3209 2929 3273 parentum
2978 3215 3077 3254 non
3119 3209 3315 3256 tantum

1728 3287 2005 3359 primorum
2025 3288 2237 3366 obligari
2269 3288 2425 3367 ﬁlios,
2457 3290 2717 3371 probabile
2743 3297 2835 3346 est.
2868 3291 3152 3352 Parentum
3183 3309 3316 3371 quo-

1727 3395 1830 3451 que
1861 3381 2094 3452 peccatis
2116 3380 2362 3458 parvulos
2393 3379 2639 3461 obligari,
2667 3399 2768 3444 non
2815 3382 2988 3443 solum
3018 3384 3315 3462 primorum

1727 3471 2020 3539 hominum,
2053 3472 2145 3530 sed
2171 3475 2331 3529 etiam
2348 3489 2585 3541 suorum,
2605 3473 2672 3530 de
2700 3475 2892 3546 quibus
2909 3476 3008 3546 ipsi
3035 3478 3145 3537 uati
3166 3486 3314 3546 sunt,

1727 3581 1832 3621 non
1865 3567 2280 3646 ituprobabiliter
2307 3567 2519 3624 dicitur.
2553 3567 2647 3628 illa
2671 3569 2868 3648 quippe
2888 3568 3067 3632 divina
3085 3579 3312 3634 scaten-

1729 3658 1832 3723 tia,
1863 3655 2093 3713 Reddam
2132 3668 2338 3736 peccata
2385 3670 2587 3734 patrum
2635 3661 2688 3714 in
2728 3661 2862 3730 ﬁlios
2907 3661 3087 3738 (Deut.
3126 3678 3180 3727 v,
3214 3663 3313 3742 9);

1727 3757 1874 3804 tenet
1919 3766 2010 3812 eos
2056 3752 2242 3830 utique
2285 3761 2569 3829 antequam
2616 3767 2713 3826 per
2751 3754 3208 3830 regenerationem
3246 3755 3314 3810 ad

1725 3837 2124 3902 Testamentum
2149 3841 2353 3903 Novum
2379 3843 2632 3914 incipiant
2647 3844 2934 3914 pertinere.
2957 3843 3111 3922 Quod
3132 3845 3317 3908 Testa-

1726 3941 1961 3994 mentum
1979 3933 2418 4013 propltctabatur,
2440 3951 2560 3995 cum
2577 3935 2844 3994 diceretur
2860 3953 2956 4016 per
2981 3936 3314 4003 Eaeciiielem

1725 4041 1832 4086 non
1871 4038 2184 4104 accepturos
2227 4027 2362 4088 ﬁlios
2404 4037 2618 4100 peccata
2662 4037 2871 4100 patrum
2913 4045 3172 4100 suorum,
3213 4048 3316 4096 uec

1725 4117 1950 4182 ulterius
1977 4116 2205 4176 futuram
2256 4119 2308 4176 in
2337 4120 2501 4176 israei
2547 4120 2854 4192 parabolam
2908 4121 3052 4180 illam
3086 4140 3100 4183 _:
3132 4119 3316 4184 Patres

1725 4211 2153 4272 ntandncavet'ttnt
2177 4228 2322 4274 uuam
2344 4212 2598 4282 acerbam,
2626 4221 2671 4265 et
2693 4211 2868 4274 dentes
2889 4213 3114 4282 ﬁliorum
3135 4213 3313 4276 obstu-

1725 4314 1942 4381 puerunt
1961 4305 1979 4335 ²
2007 4300 2217 4381 (Ezeclt.
2247 4319 2403 4373 xvnt,
2435 4301 2606 4374 1-2.0).
2636 4297 2762 4368 Ideo
2788 4303 2929 4364 enim
2957 4304 3182 4380 quisque
3219 4320 3309 4366 re-

1727 4394 1984 4466 nascitur,
2018 4404 2075 4449 ut
2106 4394 2346 4456 solvatur
2379 4394 2430 4449 in
2457 4410 2523 4457 eo
2543 4393 2798 4476 quidquid
2826 4396 3031 4470 peccati
3057 4405 3141 4452 est
3185 4412 3310 4456 cum

1725 4501 1833 4563 quo
1860 4486 2116 4550 nascitur.
2154 4485 2286 4550 Nam
2330 4496 2546 4567 peccata
2588 4501 2706 4568 quas
2741 4487 2879 4553 male
2903 4488 3108 4565 agendo
3126 4499 3312 4567 postea

1725 4581 2150 4655 committuntur,
2193 4589 2419 4656 possunt
2463 4589 2517 4634 et
2563 4578 2871 4652 paenitendo
2915 4581 3116 4652 sanari,
3172 4582 3314 4650 sicut

1726 4672 1886 4728 etiam
1915 4672 2374 4750 postBaptismum
2396 4671 2510 4736 ﬁeri
2533 4671 2794 4736 videmus.
2822 4671 2900 4734 Ac
2924 4686 3019 4748 per
3038 4669 3146 4734 hoc
3166 4687 3272 4728 non
3289 4673 3312 4706 ³

1726 4773 1810 4823 est
1837 4765 2074 4826 instituta
2114 4763 2477 4842 regeneratio,
2537 4763 2637 4817 nisi
2668 4762 2790 4844 quia
2817 4762 3007 4818 vitiosa
3035 4773 3117 4822 est
3141 4780 3306 4844 gene-

1727 4856 1892 4922 ratio;
1924 4872 2088 4928 usque
2116 4854 2250 4918 adeo
2299 4863 2355 4908 ut
2397 4856 2556 4910 etiam
2583 4853 2649 4909 de
2681 4852 2917 4930 legitimo
2967 4857 3312 4913 matrimonio

1725 4959 2035 5026 procreatus
2064 4947 2224 5020 dicat,
2257 4945 2324 5001 In
2343 4945 2688 5018 iniquitatibus
2713 4955 2983 5027 conceptus
3011 4965 3144 5016 sum,
3186 4959 3232 5002 et
3258 4951 3311 5005 in
3410 4945 3424 4964 '

1728 5042 1946 5114 peccatis
1973 5049 2132 5094 mater
2163 5057 2272 5102 mea
2312 5055 2389 5092 me
2412 5039 2465 5102 in
2495 5049 2635 5094 utero
2655 5040 2784 5094 aluit
2818 5039 2987 5123 (Psat.
3021 5059 3074 5117 ι,
3101 5041 3179 5124 7).
3211 5041 3314 5099 Ne.

1727 5147 1830 5204 que
1858 5130 1945 5186 hic
1967 5130 2118 5206 dixit,
2153 5130 2208 5194 lu
2242 5130 2537 5206 iniquitate,
2579 5129 2664 5197 rei
2690 5119 2935 5211 peccato,
2963 5148 3083 5188 cum
3125 5119 3180 5189 et
3213 5136 3316 5192 hoc

1728 5233 1874 5281 recte
1899 5223 2002 5279 dici
2045 5233 2269 5305 posset:
2305 5223 2400 5290 sed
2446 5225 2749 5298 iniquitates
2789 5236 2842 5290 et
2880 5236 3094 5297 peccata
3133 5228 3314 5288 dicere

1728 5315 1935 5374 maluit.
1964 5315 2096 5384 Quia
2137 5326 2189 5372 et
2213 5317 2284 5400 Din
2323 5316 2416 5382 illo
2444 5331 2568 5395 uno,
2602 5317 2743 5400 quod
2770 5319 2821 5385 in
2850 5333 3037 5384 otuncs
3068 5316 3313 5383 homines

1731 5413 2054 5492 pertransiit,
2081 5396 2242 5494 atque
2270 5423 2374 5479 tam
2405 5396 2654 5492 magnum
2685 5422 2787 5488 est,
2817 5422 2870 5478 ut
2896 5409 2995 5467 eo"
3015 5422 3314 5476 mutaretur

1794 5595 1811 5628 ί
1846 5602 1944 5644 Am.
1969 5601 2043 5644 Er.
2068 5601 2178 5645 Lov.
2214 5599 2267 5644 et.
2287 5601 2396 5644 Arn.
2421 5593 2513 5644 hoc
2533 5591 2640 5643 loco
2661 5589 2857 5649 addunt,
2882 5586 3166 5640 locutionem
3193 5602 3314 5642 :su-

3158 5725 3189 5763 .
3222 5714 3315 5773 ευ-

1729 5789 1985 5902 “fmus,
2007 5851 2181 5906 Ac_per
2201 5840 2291 5906 Ιιος
2312 5852 2408 5890 non
2424 5839 2484 5906 pb
2502 5837 2657 5906 aliud-
2681 5841 2788 5886 ωε

1796 5911 1815 5940 ’+
1849 5897 1981 5967 εωιῇ
2002 5909 2050 5955 ttt
2071 5897 2120 5954 in
2142 5915 2213 5953 eo.
2236 5902 2396 5964 Abest,
2418 5897 2486 5962 in,
2510 5911 2538 5949 a
2560 5905 2664 5948 Mss.
