3882 6286
562 309 667 369 Ξέίέἱ

559 438 618 488 et
634 432 1032 485 converteretur
1047 424 1101 480 in
1124 423 1497 480 necessitatem
1517 418 1707 475 mortis
1727 417 1957 473 humana
1975 422 2131 470 natu-

561 536 645 590 ra,
683 516 1045 590 reperiuntur,
1078 514 1219 570 sicut
1252 526 1414 583 supra
1448 509 1697 576 disserui,
1725 508 1876 579 plura
1898 515 2136 578 peccata,

560 622 615 671 et
644 611 748 668 alia
786 615 1088 680 parentum,
1124 620 1244 677 quae
1287 604 1393 661 etsi
1433 617 1541 658 non
1577 601 1651 657 ita
1684 606 1906 672 possunt
1933 606 2141 651 mutare

561 709 825 765 naturam,
858 706 1009 755 reatu
1063 704 1242 751 tamen
1290 693 1528 764 obligant
1576 691 1733 756 filios,
1773 689 1873 744 nisi
1910 686 2140 758 gratuita

565 791 732 863 gratia
748 798 803 846 et
819 786 1184 845 misericordia
1209 785 1393 841 divina
1415 782 1715 839 subveniat.

630 879 859 939 CAPUT
884 877 1168 934 XLVIL—
1195 876 1464 947 Quousque
1493 881 1759 945 parentum
1784 876 1989 941 peccata
2017 882 2141 939 pro-

561 980 809 1046 pagentur
832 971 886 1024 in
913 970 1065 1039 ﬁlios,
1094 983 1196 1023 non
1212 976 1395 1022 temere
1416 964 1775 1034 deﬁniendum.
1800 960 1907 1017 Sed
1927 959 1995 1014 de
2019 973 2146 1029 pec-

562 1065 697 1120 catis
735 1063 958 1119 aliorum
990 1070 1291 1133 parentum,
1313 1058 1508 1129 quibus
1545 1056 1612 1111 ab
1640 1057 1756 1126 ipso
1780 1053 1951 1109 Adam
1977 1065 2146 1122 usque

562 1157 628 1213 ad
656 1165 858 1229 patrem
875 1168 1027 1211 suum
1055 1149 1554 1224 progeneratoribus
1570 1148 1680 1203 suis
1706 1147 1931 1218 quisque
1956 1157 2147 1199 succe~

562 1249 657 1317 dit,
690 1262 798 1305 non
836 1246 1102 1302 immerito
1132 1242 1424 1314 disceptari
1461 1247 1672 1313 potest:
1706 1247 1880 1295 utrum
1909 1237 2147 1293 omnium

570 1339 725 1396 malis
754 1336 961 1393 actibus
985 1344 1039 1392 et
1067 1334 1431 1405 multiplicatis
1454 1331 1659 1387 delictis
1688 1328 2037 1401 originalibus
2055 1328 2149 1400 qui

563 1430 800 1487 nascitur
829 1427 1150 1499 implicetur,
1198 1434 1255 1481 ut
1293 1433 1440 1481 tanto
1479 1424 1631 1495 pejus
1654 1430 1854 1493 quanto
1887 1419 2150 1491 posterius

564 1522 787 1594 quisque
831 1528 1116 1586 nascatur;
1146 1533 1217 1573 an
1258 1524 1543 1588 propterea
1581 1515 1722 1570 Deus
1750 1514 1803 1569 in
1849 1514 2056 1570 tertiam
2096 1522 2151 1568 et

564 1622 807 1687 quartam
845 1612 1241 1684 generationem
1279 1608 1348 1666 de
1388 1607 1617 1680 peccatis
1660 1614 1936 1676 parentum
1964 1618 2150 1661 eorum

564 1705 794 1777 posteris
838 1703 1213 1769 comminetur,
1254 1700 1380 1771 quia
1427 1699 1563 1754 iram
1600 1712 1753 1755 suam
1780 1704 2037 1767 quantum
2083 1694 2151 1751 ad

565 1806 1041 1868 progeneratorum
1083 1793 1268 1863 culpas
1314 1805 1423 1846 non
1451 1788 1693 1846 extendit
1717 1788 1936 1845 ulterius
1964 1787 2152 1844 mode-

568 1891 779 1946 ratione
810 1886 1169 1944 miserationis
1208 1899 1357 1951 suae;
1388 1898 1455 1940 ne
1490 1882 1567 1938 illi
1590 1882 1779 1954 quibus
1796 1881 2155 1954 regeneratio-

546 1982 651 2036 ‘nis
689 1979 860 2051 gratia
901 1993 1009 2033 non
1037 1977 1329 2041 confertur,
1380 1974 1547 2029 nimia
1573 1974 1781 2030 sarcina
1822 1973 1877 2028 in
1917 1973 2031 2044 ipsa
2058 1986 2155 2028 sua

568 2081 766 2130 aeterna
816 2069 1157 2127 damnatione
1212 2075 1601 2140 premerentur,
1651 2066 1695 2121 si
1741 2074 2061 2136 cogerentur
2086 2063 2155 2121 ab

569 2166 720 2223 initio
748 2162 959 2235 generis
985 2161 1202 2217 humani
1233 2160 1470 2215 omnium
1509 2158 1924 2229 praecedentium
1962 2171 2155 2227 paren-

569 2266 680 2313 tum
707 2269 924 2312 suorum
946 2253 1273 2325 originaliter
1292 2259 1509 2322 peccata
1533 2248 1872 2317 contrahere,
1895 2257 1951 2304 et
1969 2262 2156 2319 pmnas

567 2363 666 2420 pro
684 2347 764 2404 eis
790 2345 996 2401 debitas
1024 2342 1255 2416 pendere
1287 2361 1302 2398 :
1325 2357 1395 2398 an
1412 2340 1558 2397 aliud
1589 2340 1786 2412 aliquid
1814 2339 1881 2395 de
1900 2354 1959 2395 re
1988 2347 2153 2409 tanta,

567 2439 855 2512 Scripturis
878 2437 1076 2494 sanctis
1098 2436 1403 2508 diligentius
1428 2433 1772 2507 perscrutatis
1785 2442 1945 2504 atque
1961 2441 2158 2489 tracta-

571 2533 659 2601 tis,
686 2532 857 2587 valeat
880 2529 967 2589 vel
1006 2543 1115 2586 non
1144 2528 1323 2586 valeat
1360 2526 1607 2599 reperiri,
1640 2533 1841 2584 temere
1887 2524 2157 2582 aliirmare

571 2640 679 2682 non
707 2622 897 2680 audeo.

639 2715 865 2774 CAPUT
884 2712 1115 2771 XLVIII.
1132 2712 1305 2769 ~14.
1325 2711 1597 2767 Peccatum
1607 2709 1853 2781 originale
1871 2724 1974 2764 non
1998 2708 2159 2765 abole-

570 2819 653 2865 tur
665 2809 763 2864 nisi
787 2824 875 2879 per
890 2806 1166 2862 Christum.
1180 2803 1312 2860 Illud
1324 2812 1503 2859 tamen
1528 2817 1689 2858 unum
1706 2808 2003 2872 peccatum,
2017 2799 2159 2872 quod

571 2910 681 2956 tam
703 2913 951 2969 magnum
972 2897 1029 2952 in
1051 2897 1172 2952 Ioco
1198 2903 1251 2950 et
1282 2894 1467 2949 habitu
1486 2902 1647 2948 tanta:
1667 2891 1935 2948 felicitatis
1963 2891 2161 2947 admis-

573 3007 692 3049 sum
720 2999 832 3056 est,
864 2998 923 3044 ut
950 2989 1004 3043 in
1037 3002 1147 3043 uno
1172 2986 1386 3041 homine
1412 2984 1762 3055 originaliter,
1794 2992 1974 3055 atque,
2003 2991 2061 3039 ut
2086 2983 2161 3040 ita

574 3083 828 3151 dixerim,
856 3080 1159 3138 radicaliter
1183 3086 1352 3135 totum
1374 3092 1538 3149 genus
1562 3074 1852 3131 humanum
1882 3076 2161 3131 damnare-

577 3187 683 3246 tur,
706 3190 812 3233 non
836 3174 1061 3231 solvitur
1075 3164 1138 3229 ac
1151 3171 1371 3228 diluitur
1389 3170 1490 3227 nisi
1513 3184 1608 3240 per
1625 3184 1788 3224 unum
1813 3168 2159 3225 mcdiatorem

576 3271 673 3327 Dei
695 3279 749 3325 et
774 3269 1048 3324 hominum
1082 3266 1352 3322 hominem
1380 3263 1650 3320 Christum
1667 3261 1847 3318 Iesum
1874 3261 1916 3334 (Ι
1940 3260 2070 3316 Tim.
2098 3276 2158 3329 ιι,

579 3362 659 3437 5),
712 3363 801 3434 qui
831 3362 978 3418 solus
1020 3360 1191 3431 potuit
1214 3359 1289 3415 ita
1318 3357 1486 3425 nasci,
1535 3363 1596 3412 ut
1622 3356 1674 3412 ei
1714 3369 1822 3411 non
1862 3370 1995 3426 opus
2020 3362 2163 3410 esset

579 3453 807 3510 renasci.

652 3542 881 3601 CAPUT
919 3540 1105 3599 XLIX.
1136 3538 1485 3611 --Baptismo
1512 3537 1731 3593 Joannis
1751 3554 1852 3591 non
1891 3536 2041 3607 ﬁebat
2078 3553 2163 3592 re-

582 3638 857 3712 generatio.
888 3634 1120 3691 Christus
1143 3649 1235 3689 cur
1272 3631 1521 3702 baptizari
1563 3647 1595 3683 a
1616 3630 1817 3685 Joanne
1839 3629 2015 3684 voluit.
2046 3626 2165 3683 Non

583 3730 724 3786 enim
762 3726 1197 3791 renascebantur,
1228 3723 1318 3794 qui
1347 3722 1666 3792 baptismate
1678 3719 1898 3776 Joannis
1925 3720 2166 3791 baptiza-

522 3873 529 3880 .
583 3822 776 3877 bantur
813 3817 1023 3891 (Matth.
1059 3833 1133 3882 ιιι,
1168 3813 1282 3887 i5),
1312 3829 1343 3869 a
1374 3828 1479 3884 quo
1503 3820 1557 3868 et
1580 3813 1694 3884 ipse
1726 3812 2021 3882 baptizatus
2045 3818 2167 3867 est:

588 3911 683 3967 sed
710 3907 938 3981 quodam
955 3906 1307 3978 praecursorio
1339 3904 1478 3959 illius
1502 3904 1797 3959 ministerio
1819 3903 1908 3974 qui
1933 3902 2164 3967 dicebat,

588 4000 779 4056 Parate
796 4000 929 4054 viam
953 3998 1174 4053 Domino
1199 3994 1352 4066 (Luc.
1376 4010 1458 4062 ιιι,
1488 3993 1564 4064 4),
1584 3993 1705 4048 huic
1735 3993 1823 4047 uni
1845 3992 1899 4047 in
1920 4007 2026 4063 quo
2053 3993 2169 4047 solo

587 4092 797 4149 renasci
823 4097 1070 4162 poterant
1107 4088 1450 4159 parabantur.
1491 4084 1658 4155 Hujus
1684 4086 1828 4139 enim
1876 4083 2169 4153 baptismus

585 4193 669 4241 est
714 4198 819 4239 non
864 4183 921 4236 in
971 4194 1107 4252 aqua
1137 4186 1361 4244 tantum,
1407 4176 1545 4230 sicut
1587 4174 1685 4230 fuit
1722 4173 1960 4239 Joannis,
1982 4188 2170 4229 verum

586 4278 746 4333 etiam
777 4276 830 4330 in
862 4274 1059 4343 Spiritu
1086 4279 1271 4326 sancto
1300 4268 1493 4335 (Marc.
1522 4284 1561 4333 ι,
1590 4266 1679 4339 8);
1710 4278 1769 4322 ιιι
1788 4267 1856 4323 de
1886 4267 1977 4321 illo
2004 4267 2171 4336 Spiri-

589 4377 645 4424 tu
694 4372 1039 4437 regeneretur
1093 4359 1335 4433 quisquis
1376 4360 1430 4413 in
1457 4357 1726 4413 Christum
1753 4358 1944 4423 credit,
1973 4356 2041 4412 de
2064 4371 2172 4426 quo

589 4458 837 4515 Christus
863 4462 1149 4528 generatus
1176 4453 1193 4484 ¹
1226 4448 1628 4521 regeneratione
1682 4462 1787 4502 non
1829 4447 1993 4517 eguit.
2016 4446 2171 4503 Unde

591 4571 691 4610 vox
705 4554 795 4609 illa
814 4550 984 4607 Patris
997 4562 1115 4620 quae
1127 4560 1287 4617 super
1303 4543 1621 4614 baptizatum
1639 4541 1773 4595 facta
1793 4537 2014 4610 est,Ego
2026 4539 2174 4595 hodie

592 4647 739 4717 genui
760 4646 834 4698 te'
854 4640 1024 4715 (Psal.
1051 4638 1168 4705 11,7;
1194 4634 1348 4691 Hebr.
1370 4649 1424 4701 v,
1443 4633 1530 4703 5);
1556 4647 1661 4717 non
1688 4646 1850 4686 unum
1873 4631 2017 4685 illum
2036 4640 2173 4686 tem-

593 4708 738 4808 poris
754 4708 895 4791 diem
913 4751 1017 4805 quo
1042 4732 1339 4804 baptizatus
1354 4739 1455 4795 est,
1475 4726 1569 4783 sed
1589 4708 1931 4781 immutabilis
1958 4727 2174 4781 aeterni-

598 4829 721 4886 tatis
746 4826 999 4893 ostendit,
1027 4833 1083 4880 ut
1116 4825 1267 4880 illum
1292 4821 1565 4878 hominem
1595 4818 1661 4875 ad
1691 4818 1953 4890 Unigeniti
1985 4834 2172 4889 perso-

596 4934 719 4975 nam
751 4917 1018 4989 pertinere
1046 4921 1383 4971 monstraret.
1418 4912 1517 4969 Ubi
1555 4911 1696 4967 enim
1724 4909 1839 4966 dies
1857 4925 1956 4966 nec
1971 4910 2177 4968 hester-

596 5010 653 5066 ni
708 5009 813 5065 ﬁne
862 5007 1173 5074 inchoatur,
1213 5020 1314 5061 nec
1360 5003 1511 5060 initio
1552 5001 1773 5058 crastini
1822 5002 2174 5072 terminatur,

598 5116 812 5174 semper
835 5099 1128 5155 hodiernus
1140 5105 1242 5153 est.
1274 5096 1333 5151 In
1362 5110 1493 5167 aqua
1511 5110 1638 5167 ergo
1666 5094 1921 5166 baptizari
1952 5095 2120 5151 voluit
2146 5110 2178 5151 a

600 5196 825 5261 Joanne,
856 5207 967 5251 non
1003 5200 1064 5248 ut
1095 5192 1211 5261 ejus
1240 5189 1487 5260 iniquitas
1512 5189 1620 5245 ulla
1664 5187 1980 5256 dilueretur,
2004 5189 2097 5245 sed
2118 5196 2181 5245 ut

599 5301 791 5360 magna
815 5283 1282 5346 commendaretur
1304 5280 1594 5337 humilitas.
1622 5279 1700 5336 Ita
1736 5280 1933 5352 quippe
1962 5281 2094 5335 nihil
2122 5281 2179 5335 iu

598 5396 666 5438 eo
704 5379 995 5453 baptismus
1029 5375 1173 5449 quod
1211 5376 1473 5445 ablueret,
1498 5374 1636 5432 sicut
1670 5389 1815 5430 mors
1860 5373 1990 5430 nihil
2037 5372 2181 5446 quod

663 5603 682 5635 ι
716 5605 849 5661 Lov.,
871 5601 1195 5667 regeneratus.
1210 5598 1385 5649 vertas
1400 5601 1501 5648 Am.
1520 5600 1598 5647 Er.
1619 5600 1739 5645 Dan.
1756 5599 1811 5645 et
1823 5593 2179 5659 potiorum,

600 5670 888 5773 σᾟὲιαέςὶὶ
908 5726 957 5774 in
971 5722 1258 5787 Evangelia;
1280 5721 1412 5771 unde
1433 5720 1513 5771 hic
1531 5718 1759 5787 audacter
1779 5727 1981 5769 Danaus
2000 5718 2185 5783 absque

606 5786 819 5836 codicum
838 5781 1125 5837 auctoritate
1155 5781 1301 5845 addit,
1331 5793 1394 5833 ἰιι
1416 5796 1466 5834 es
1493 5781 1641 5833 Filius
1672 5794 1822 5832 meus.

1067 304 1525 371 ENCIIIRIDION,
1564 302 1721 361 SIVE
1760 303 1847 358 DE
1887 301 2061 369 FIDE,
2102 301 2227 359 SPE
2268 300 2358 356 ET
2395 297 2819 368 CHARITATE,
2858 300 2914 356 S.
2956 299 3350 357 AUGUSTINI
3729 306 3805 366 ne

2248 414 2487 485 puniret,
2536 414 2778 482 invenit;
2825 423 2883 470 ut
2915 415 3163 472 diabolus
3202 418 3447 473 veritate
3482 417 3707 490 justitias,
3732 440 3803 479 non

2247 506 2500 560 violentia
2552 505 2829 576 potestatis
2870 521 3163 578 oppressus
3215 516 3277 564 et
3332 508 3512 564 victus
3536 549 3555 576 ,
3607 515 3803 581 quoniam

2246 596 2422 666 ipsum
2446 595 2561 650 sine
2588 596 2695 650 ullo
2714 596 2925 666 peccati
2956 598 3152 654 merito
3185 599 3547 670 iniquissime
3569 602 3802 673 occiderat,

2250 702 2347 756 per
2390 685 2561 755 ipsum
2608 685 2900 755 iustissime
2926 689 3200 745 amitteret
3248 703 3396 762 quos
3436 691 3633 759 peccati
3660 698 3805 753 merito

2254 786 2545 844 detinebat.
2564 786 2861 860 Utrumque
2876 789 3109 860 igiturab
3128 791 3255 857 illo,
3293 790 3352 846 id
3375 800 3481 854 est,
3500 799 3556 846 et
3572 792 3807 863 baptisma;

2252 889 2308 937 et
2328 897 2497 949 mors,
2527 892 2687 938 certae
2725 882 3135 953 dispensationis
3176 898 3380 949 causa,
3416 899 3525 939 non
3561 886 3806 944 miseranda

2249 973 2583 1038 necessitate,
2609 973 2701 1029 sed
2723 974 3008 1030 miserante
3027 975 3209 1045 potius
3235 976 3530 1031 voluntate
3557 990 3808 1048 susceptum

2250 1073 2458 1130 est;ut
2506 1080 2643 1119 unus
2681 1074 2955 1135 peccatum
3003 1067 3222 1122 tolleret
3275 1066 3499 1131 mundi,
3551 1069 3677 1124 sicut
3710 1088 3808 1127 unus

2251 1165 2527 1226 peccatum
2553 1154 2697 1211 misit
2720 1159 2773 1212 in
2795 1157 3073 1224 mundum,
3090 1158 3196 1214 hoc
3223 1166 3339 1227 est,
3361 1159 3418 1213 in
3443 1159 3730 1216 universum
3750 1178 3808 1232 ge

2251 1264 2351 1304 nus
2374 1249 2686 1304 humanum.

2323 1339 2546 1395 CAPUT
2584 1339 2647 1395 L.
2675 1370 2747 1381 —
2769 1339 2874 1395 Per
2901 1340 3156 1396 Christum
3187 1340 3313 1397 tolli
3342 1358 3453 1395 non
3483 1351 3669 1396 tantum
3691 1344 3807 1415 origi-

2253 1430 2367 1485 nale
2396 1440 2671 1501 peccatum,
2699 1430 2788 1486 sed
2825 1441 2872 1485 et
2909 1441 3090 1486 caetera
3129 1431 3508 1504 superaddita.
3563 1431 3666 1487 Nisi
3704 1436 3804 1505 quod

2255 1521 2348 1577 ille
2373 1536 2509 1577 unus
2536 1538 2698 1577 unum
2722 1532 2996 1593 peccatum
3018 1524 3162 1579 misit
3193 1524 3251 1579 in
3284 1524 3577 1591 mundum,
3606 1526 3696 1581 iste
3718 1543 3807 1583 vero

2254 1627 2391 1666 unus
2418 1627 2525 1667 non
2547 1612 2720 1667 solum
2746 1613 2875 1668 illud
2902 1630 3087 1682 unum,
3118 1614 3217 1669 sed
3267 1623 3471 1669 cuncta
3499 1616 3649 1670 simul
3673 1616 3806 1671 κώδια.

2255 1707 2462 1777 litquae
2491 1706 2667 1761 addita
2716 1708 2936 1763 invenit.
2966 1707 3120 1764 Unde
3168 1707 3313 1763 dicit
3367 1708 3805 1778 Apostolus:Non

2256 1799 2382 1852 sicut
2403 1814 2491 1867 per
2515 1814 2669 1851 unum
2684 1800 3022 1869 peccantem‘,
3049 1800 3122 1852 ita
3142 1807 3217 1852 est
3235 1806 3287 1851 et
3325 1798 3527 1852 donum
3540 1813 3559 1851 :
3577 1815 3687 1851 nam
3694 1800 3803 1869 judi-

2256 1890 2387 1943 cium
2422 1889 2621 1959 quidem
2652 1895 2714 1944 ex
2749 1905 2851 1943 uno
2877 1890 2931 1943 in
2959 1889 3472 1955 condemnationem,
3504 1893 3661 1961 gratia
3684 1901 3805 1944 autem

2257 1998 2319 2036 ea:
2355 1983 2524 2037 multis
2553 1981 2748 2036 delictis
2774 1980 2827 2036 in
2844 1981 3295 2052 justi/icationem.
3325 1980 3473 2049 Quia
3503 1981 3677 2052 utique
3712 1982 3803 2036 illud

2257 2093 2422 2133 unum
2449 2077 2590 2148 quod
2627 2075 2954 2147 originaliter
2977 2076 3227 2145 trahitur,
3257 2076 3434 2132 etiam
3485 2075 3532 2130 si
3568 2075 3721 2129 solum
3742 2075 3802 2135 sit,

2258 2172 2521 2227 obnoxios
2547 2170 2873 2225 damnationi
2908 2167 3072 2224 facit:
3096 2169 3274 2239 gratia
3307 2182 3449 2224 vero
3476 2182 3541 2222 ex
3569 2166 3805 2221 multisde-

2259 2264 2401 2319 lictis
2420 2261 2672 2332 justiilcat
2694 2260 2987 2329 hominem,
3014 2260 3105 2330 qui
3125 2268 3331 2329 praeter
3358 2256 3494 2313 illud
3523 2272 3675 2311 unum
3699 2256 3803 2324 quod

2260 2355 2617 2412 communiter
2658 2368 2778 2408 cum
2829 2351 3078 2406 omnibus
3127 2348 3480 2421 originaliter
3518 2348 3695 2413 traxit,
3736 2361 3802 2400 sua

2258 2462 2471 2521 quoque
2494 2446 2705 2517 propria
2734 2444 2898 2500 multa
2920 2442 3206 2499 commisit.

2329 2538 2557 2595 CAPUT
2596 2537 2681 2594 LI.
2730 2566 2803 2580 —
2844 2537 2889 2590 Α
2921 2534 3249 2589 damnatione
3304 2532 3440 2587 Ade
3479 2546 3624 2586 nemo
3664 2529 3801 2583 libera-

2261 2643 2340 2687 tus
2363 2632 2461 2687 nisi
2502 2632 2556 2685 in
2586 2629 2785 2686 Christo
2830 2637 3053 2684 renatus.
3101 2626 3497 2682 Verumtamen
3525 2623 3656 2695 quod
3684 2621 3800 2692 paulo

2262 2734 2380 2796 post
2408 2723 2557 2791 dicit,
2589 2722 2737 2778 Sicut
2766 2737 2855 2792 per
2895 2722 3045 2775 unius
3072 2720 3318 2774 delictum
3347 2719 3404 2772 in
3432 2732 3601 2771 omnes
3628 2714 3800 2767 homines

2261 2818 2329 2870 ad
2357 2816 2845 2879 condemnationem,
2869 2815 2940 2868 ita
2967 2823 3013 2868 et
3038 2829 3127 2884 per
3150 2812 3311 2867 unius
3334 2811 3592 2881 justitiam
3608 2810 3654 2861 in
3674 2820 3797 2860 omna

2263 2909 2485 2963 homines
2506 2908 2575 2962 ad
2592 2907 3010 2978 justiﬁcationem
3036 2906 3150 2960 vita:
3179 2906 3364 2977 (Rom.
3391 2901 3549 2970 v,16,
3575 2900 3684 2969 I8):
3708 2897 3797 2950 satis

2262 3001 2481 3065 indicat,
2513 3017 2577 3056 ex
2621 3000 2789 3055 Adam
2842 3000 3108 3057 neminem
3138 3006 3326 3053 uatum
3386 2996 3488 3051 nisi
3515 2992 3795 3049 damnatione

2262 3093 2507 3159 detineri,
2540 3103 2595 3149 et
2618 3094 2883 3148 neminem
2920 3093 3021 3148 nisi
3061 3092 3113 3147 iu
3150 3090 3377 3148 Christo
3400 3097 3637 3146 renatum
3676 3099 3703 3139 a
3733 3084 3797 3137 da-

2264 3185 2533 3240 mnatione
2554 3184 2785 3241 liberari.

2334 3276 2560 3333 CAPUT
2600 3275 2711 3332 LII.
2739 3308 2809 3317 ——
2834 3274 3128 3347 Baptismus
3170 3276 3356 3329 mortis
3384 3290 3446 3328 ac
3481 3265 3797 3327 resurrectionis

2266 3369 2450 3425 Christi
2478 3369 2756 3424 similitudo
2792 3371 2847 3424 in
2874 3370 3096 3439 parvulis
3136 3368 3353 3439 perinde
3382 3384 3444 3420 ac
3468 3368 3522 3420 in
3552 3360 3791 3434 majoribus.

2268 3463 2346 3518 De
2374 3478 2477 3534 qua
2506 3478 2600 3533 per
2631 3478 2793 3517 unum
2825 3462 3091 3517 hominem
3112 3476 3272 3532 poena
3294 3470 3353 3517 et
3377 3474 3474 3530 per
3503 3470 3651 3511 unum
3675 3448 3797 3506 homi-

2267 3554 2388 3609 nem
2419 3555 2589 3626 gratia
2619 3568 2737 3609 cum
2755 3554 2962 3608 locutus
2980 3552 3182 3619 luisset,
3201 3564 3469 3623 quantum
3500 3549 3572 3604 illi
3596 3541 3792 3615 Epistole

2268 3661 2378 3702 suae
2391 3646 2509 3701 loco
2522 3644 2613 3700 sui
2612 3647 2769 3700 licere
2780 3645 3031 3715 judicavit
3049 3687 3064 3712 ,
3082 3644 3275 3700 deinde
3292 3644 3435 3700 sacri
3452 3634 3742 3712 baptismatis
3758 3631 3793 3684 in

2268 3753 2426 3793 cruce
2439 3738 2630 3793 Christi
2644 3737 2843 3808 grande
2860 3738 3169 3809 mysterium
3182 3722 3789 3792 commendaviteomodo.

2271 3838 2328 3884 ut
2357 3830 2707 3899 intelligamus
2735 3829 2865 3884 nihil
2885 3828 3024 3883 aliud
3053 3829 3243 3884 essein
3271 3827 3489 3884 Christo
3510 3822 3790 3893 baptismum.

2272 3924 2372 3979 nisi
2402 3924 2590 3979 mortis
2627 3922 2822 3979 Christi
2857 3923 3298 3989 similitudinem;
3346 3921 3479 3977 nihil
3506 3924 3664 3972 autem
3684 3904 3789 3964 aliud

2273 4025 2499 4072 mortem
2519 4015 2715 4072 Christi
2738 4015 2997 4078 cruciﬁxi,
3023 4015 3121 4070 nisi
3140 4014 3474 4070 remissionis
3492 4005 3671 4081 peccati
3686 3998 3789 4055 simi-

2273 4108 2543 4163 litudinem
2577 4126 2590 4162 :
2622 4116 2678 4162 ut
2705 4105 3147 4176 quemadmodum
3175 4106 3225 4159 in
3254 4106 3349 4160 illo
3372 4118 3495 4159 vera
3529 4110 3656 4155 mors
3691 4092 3786 4145 facit

2273 4208 2373 4264 est,
2394 4200 2469 4255 sic
2491 4199 2544 4254 in
2566 4198 2722 4254 nobis
2740 4212 2861 4252 vera
2880 4198 3122 4262 remissio
3139 4207 3509 4267 peccatorum;
3529 4178 3787 4259 etquemad-

2274 4291 2489 4347 modum
2506 4290 2557 4344 in
2580 4290 2670 4344 illo
2687 4305 2810 4344 vera
2829 4287 3167 4353 resurreCtio,
3188 4288 3256 4342 ita
3277 4289 3330 4342 in
3351 4285 3503 4341 nobis
3520 4293 3628 4335 vera
3643 4269 3787 4344 justiﬁ-

2275 4387 2431 4441 catio.
2456 4385 2543 4440 Ait
2567 4385 2730 4449 enim,
2764 4382 2898 4447 Quid
2917 4399 3032 4454 ergo
3054 4382 3272 4436 dicemus
3297 4383 3321 4436 ?
3354 4370 3726 4435 Permanebimus
3750 4361 3785 4454 in

2276 4488 2497 4551 peccato,
2514 4489 2568 4531 ut
2589 4478 2752 4549 gratia
2775 4452 3029 4530 abundet?
3054 4476 3264 4530 Dixerat
3284 4474 3431 4530 enim
3455 4452 3782 4551 superius,_l_fl't:.

2277 4543 2409 4628 enim
2450 4543 2720 4625 abundavit
2746 4580 3022 4642 peccatum,
3052 4565 3475 4639 superabundavit
3500 4557 3645 4633 gratia
3666 4543 3781 4620 (Ibid-

2276 4662 2390 4735 20).
2423 4663 2491 4718 Et
2519 4661 2642 4717 ideo
2667 4662 3012 4731 quaestionem
3043 4659 3143 4714 sibi
3189 4658 3302 4727 ipse
3328 4649 3617 4727 proposuit,
3657 4646 3782 4735 ulmi"

2279 4732 2494 4826 propter
2513 4750 2886 4807 abundantiam
2917 4749 3100 4820 gratiae
3124 4744 3541 4819 consequendam
3558 4739 3604 4793 in
3622 4732 3782 4826 ρρςωξο

2280 4820 2348 4901 sit
2368 4820 2802 4917 permanendum.
2817 4840 2920 4896 Sed
2938 4840 3231 4911 respondit,
3246 4839 3385 4893 Absit
3402 4854 3421 4892 :
3437 4844 3583 4902 atque
3595 4820 3780 4918 ευὺξθςην

2282 4939 2342 4995 Si
2360 4941 2539 4993 mortui
2558 4953 2730 4991 sumus
2752 4944 2971 5005 peccato,
2986 4935 3234 5006 quomodo
3255 4934 3468 4988 vivemus
3490 4928 3538 4980 in
3564 4937 3615 4976 eo
3632 4917 3652 4971 .9
3670 4913 3783 4967 Dcite

2283 5034 2349 5090 de
2366 5043 2423 5089 ut
2449 5033 2753 5090 ostenderet
2778 5047 2875 5088 nos
2901 5040 3136 5086 mortuos
3161 5046 3281 5087 esse
3308 5032 3515 5101 peccato
3534 5038 3543 5072 ³
3559 5014 3783 5107 δθξξπ

2283 5128 2364 5195 tis,
2395 5127 2581 5196 inquit,
2604 5125 2840 5196 quoniam
2860 5125 3157 5194 quicumque
3182 5093 3417 5191 baptizati
3441 5124 3597 5171 sumus
3613 5105 3657 5156 in

2286 5231 2362 5276 sto
2390 5219 2535 5285 Iesu,
2566 5219 2619 5272 in
2645 5227 2801 5272 morte
2817 5217 2972 5288 ipsius
3002 5215 3237 5287 baptizati
3263 5210 3471 5268 sumus?
3493 5204 3541 5259 Si
3567 5186 3780 5288 Μεθ’-ΡΨ

2287 5309 2618 5367 ostendimur
2646 5308 2839 5363 mortui
2860 5322 2980 5364 esse
3008 5315 3243 5376 peccato,
3278 5306 3397 5374 quia
3433 5301 3480 5354 in
3499 5296 3647 5349 morte
3662 5276 3774 5381 (ξιπξ-

2289 5404 2355 5457 sti
2377 5402 2625 5473 baptizati
2650 5416 2866 5468 sumus;
2898 5397 3137 5470 profecto
3162 5406 3217 5453 et
3247 5393 3442 5469 parvuli
3471 5385 3551 5458 qui
3572 5376 3779 5474 MPFT:

2287 5504 2373 5551 tur
2384 5496 2439 5551 in
2462 5493 2695 5562 Christo,
2714 5502 2931 5565 peccato
2952 5466 3271 5559 moriuntur,
3288 5487 3403 5561 quia
3429 5484 3476 5538 in
3490 5479 3639 5535 morte
3659 5466 3775 5530 il)Slus

2356 5677 3127 5766 ii’l‘;.?}.§3¥..“ffaff§.'ﬁ‘i"£
3144 5635 3781 5766 ausimausimiis'ii

2290 5724 2436 5801 quam
2456 5724 2718 5787 lectionem
2738 5724 3117 5801 respondentem
3142 5724 3334 5798 graecia,
3350 5724 3520 5785 dfenbs
3539 5731 3562 5767 ﬂ

2299 5798 2387 5862 t'os,
2409 5811 2553 5861 quam
2573 5801 2714 5861 sequi
2732 5798 2862 5851 solet
2886 5798 3191 5862 Augustinus.
