3882 6286
40 333 139 393 257

36 446 361 518 baptizantur.
384 438 540 497 Nullo
566 437 710 495 enim
731 441 955 505 excepto
979 432 1181 489 dictum
1208 433 1312 493 est,
1343 425 1589 494 Quicum-

36 558 117 614 que
148 536 380 610 baptizati
429 549 601 590 sumus
632 533 688 587 in
731 529 928 585 Christo
957 526 1105 592 Iesu,
1147 524 1203 578 in
1226 532 1385 577 morte
1426 518 1589 589 ipsius

37 631 248 701 baptismi
284 624 479 684 sumus.
525 626 592 681 Et
633 623 755 679 ideo
796 621 997 678 dictum
1040 626 1145 686 est,
1188 625 1248 672 ut
1275 615 1589 686 probaretur

36 732 245 782 mortuos
282 735 382 777 nos
430 733 549 775 esse
592 723 828 789 peccato.
872 712 970 768 Cui
1008 719 1187 768 autem
1217 715 1437 780 peccato
1463 720 1588 777 par-

14 816 130 881 ,vuli
153 810 471 871 renascentia
498 809 800 865 moriuntur
818 848 834 873 ,
858 806 961 861 nisi
989 803 1137 877 quod
1162 800 1431 858 nascendo
1477 808 1588 854 tra-

35 907 229 966 xerunt?
259 905 337 963 Ac
372 920 469 976 per
495 904 599 959 hoc
630 899 791 957 etiam
816 899 884 955 ad
907 900 1054 969 ipsos
1084 897 1317 968 pertinet
1336 892 1479 964 quod
1500 906 1588 948 se-

34 1005 189 1075 quitur
212 1001 393 1057 dicens
427 1016 440 1053 :
467 995 759 1065 Consepulti
779 1009 954 1049 sumus
982 991 1130 1063 ergo‘
1157 989 1237 1043 illi
1264 1004 1354 1059 per
1374 985 1587 1057 Baptis-

36 1112 150 1150 mum
185 1095 235 1149 in
260 1100 493 1158 mortem,
528 1100 583 1144 ut
601 1084 1022 1160 quemadmodum
1044 1082 1263 1139 surrexit
1290 1079 1521 1136 Christus
1557 1094 1590 1132 a

36 1187 214 1243 mortuis
239 1201 325 1256 per
363 1182 585 1256 gloriam
630 1179 823 1245 Patris,
849 1177 921 1231 ita
949 1184 997 1231 et
1032 1192 1127 1231 nos
1158 1174 1214 1228 in
1232 1173 1453 1228 novitate
1473 1170 1591 1225 vita:

34 1277 329 1335 multum
353 1272 421 1330 Si
444 1273 580 1328 enim
600 1268 931 1341 complantati
955 1265 1080 1339 facti
1097 1280 1271 1321 sumus
1292 1260 1588 1318 similitudi-

35 1374 81 1427 ni
114 1372 272 1427 mortis
318 1368 432 1439 ejus
452 1408 468 1434 ,
515 1364 669 1420 simul
708 1371 754 1417 et
802 1358 1185 1416 resurrectionis
1230 1357 1421 1411 erimus
1449 1369 1469 1409 :
1496 1353 1589 1407 hoc

37 1466 239 1530 scientes,
266 1460 377 1531 quia
408 1468 550 1513 vetus
576 1457 726 1512 homo
752 1463 923 1511 noster
942 1454 1096 1509 simul
1125 1450 1399 1519 cruciﬁxus
1419 1456 1511 1513 est,
1535 1453 1591 1499 ut

36 1566 270 1612 etracuetur
290 1568 479 1623 corpus
504 1549 715 1623 peccati,
742 1557 798 1602 ut
818 1546 956 1602 ultra
984 1561 1088 1600 non
1114 1543 1389 1600 serviamus
1414 1555 1591 1612 pecca-

37 1658 94 1703 to.
126 1646 213 1713 Qui
237 1645 368 1700 enim
394 1653 629 1697 mortuus
657 1649 749 1709 est,
772 1638 1092 1711 justiﬁcatus
1111 1645 1183 1692 est
1208 1651 1242 1689 a
1267 1641 1495 1704 peccato.
1527 1629 1591 1685 Si

37 1751 178 1795 autem
202 1738 382 1793 mortui
409 1751 585 1792 sumus
608 1749 725 1789 cum
754 1731 954 1788 Christo
972 1772 988 1799 ,
1014 1729 1264 1784 credimus
1292 1726 1413 1798 quia
1440 1723 1591 1780 simul

36 1836 161 1891 etiam
183 1834 397 1888 viveruus
420 1847 535 1886 cum
561 1829 684 1884 illo:
706 1827 917 1883 scientes
935 1825 1054 1896 quia
1075 1824 1302 1878 Christus
1325 1834 1591 1891 resurgens

34 1946 62 1983 α
81 1929 286 1994 mortuis,
304 1926 429 1997 jam
452 1939 555 1978 non
583 1921 815 1986 moritur,
847 1934 981 1973 mors
1006 1916 1086 1971 illi
1113 1914 1255 1969 ultra
1296 1929 1397 1967 non
1428 1910 1593 1966 domi-

36 2021 219 2076 nubitur.
262 2017 420 2087 Quod
460 2015 596 2071 enim
632 2021 863 2069 mortuus
887 2019 960 2066 est
996 2017 1224 2081 peccato,
1270 2014 1497 2059 mortuus
1520 2011 1593 2059 est

39 2114 161 2171 sane!
182 2130 201 2169 :
216 2110 352 2186 quod
381 2118 554 2165 autem
576 2107 714 2175 vivit,
744 2105 862 2160 vivit
882 2102 1006 2158 Deo.
1028 2101 1117 2155 Ita
1137 2110 1188 2156 et
1208 2116 1295 2154 vos
1312 2098 1592 2154 existimate

40 2217 224 2262 mortuos
247 2204 455 2275 quidem
480 2218 568 2258 vos
591 2216 698 2256 esse
722 2206 947 2271 peccato,
971 2195 1165 2250 vivere'
1194 2202 1360 2248 autem
1387 2190 1495 2245 Deo
1537 2191 1594 2244 in

42 2300 207 2355 Christo
227 2297 357 2353 Iesu
388 2296 570 2368 (Rom.
598 2310 672 2363 vn,
704 2289 1034 2362 i-ll).Hinc
1053 2287 1197 2344 enim
1222 2286 1450 2357 probare
1479 2297 1593 2340 cm-

42 2402 166 2464 perst
198 2407 303 2448 non
332 2404 463 2447 esse
500 2387 655 2444 nobis
678 2382 1099 2456 permanendum
1132 2382 1186 2436 in
1233 2388 1454 2450 peccato
1474 2419 1489 2444 ,
1536 2386 1593 2433 ut

41 2486 174 2557 gratia
195 2483 466 2547 abundet;
504 2489 559 2538 et
603 2479 831 2545 dixerat,
860 2476 923 2533 Si
951 2476 1135 2531 mortui
1162 2490 1334 2530 sumus
1365 2481 1589 2544 peccato,

43 2578 252 2647 quomodo
272 2578 501 2632 vivemus
524 2574 580 2629 in
607 2589 666 2629 eo
685 2573 712 2627 7
733 2573 908 2642 Atque
937 2578 996 2626 ut
1019 2567 1327 2625 ostenderet
1352 2575 1593 2622 mortuos

44 2684 121 2724 nos
142 2683 251 2725 esse
275 2674 524 2739 peccato,
554 2665 859 2735 subiecerat
879 2662 924 2729 ³,
951 2660 1033 2715 An
1056 2659 1321 2731 ignoratis,
1354 2658 1593 2730 quoniam

44 2764 301 2834 quicumque
341 2760 588 2832 baptixati
625 2774 800 2813 sumus
837 2756 893 2810 in
935 2753 1137 2811 Christo
1161 2753 1309 2821 Iesu,
1353 2753 1406 2806 in
1436 2758 1594 2806 morte

46 2856 173 2924 ipsius
195 2855 437 2927 baptizari
461 2852 673 2909 sumus?
698 2850 789 2908 Sic
812 2850 993 2921 itaque
1018 2857 1187 2903 totum
1227 2847 1403 2902 locum
1434 2846 1594 2901 istum

47 2948 221 3016 clausit,
254 2957 314 3005 ut
340 2947 525 3019 capit.
554 2945 775 3001 Mortem
805 2942 1003 3015 quippe
1027 2939 1223 2997 Christi
1249 2940 1329 2996 sic
1353 2939 1594 2995 insinua-

50 3040 122 3106 rit,
149 3049 200 3097 ut
236 3042 405 3097 etiam
450 3041 623 3110 ipsum
660 3045 927 3093 mortuum
971 3034 1175 3091 diceret
1208 3049 1327 3089 esse
1350 3040 1593 3103 peccato.

51 3128 125 3186 Cui
145 3141 371 3203 peccato,
402 3130 505 3186 nisi
541 3128 747 3197 carni",
786 3128 843 3183 in
868 3142 971 3199 qua
1002 3135 1139 3192 erat,
1166 3140 1271 3181 non
1296 3132 1594 3195 peccatum,

53 3223 127 3294 sed
156 3224 439 3281 similitudo
463 3222 690 3295 pewati,
736 3228 791 3277 et
818 3220 940 3276 ideo
970 3219 1189 3274 nomine
1224 3217 1489 3288 appellata
1515 3225 1599 3272 est

54 3320 253 3387 peccati?
292 3319 577 3390 Baptizatis
624 3318 803 3387 itaque
843 3316 896 3370 in
938 3324 1113 3371 morte
1162 3313 1377 3376 Christi,
1411 3313 1465 3366 in
1497 3326 1600 3382 qua

58 3424 140 3465 non
164 3413 329 3467 solum
353 3409 605 3480 majores,
629 3423 816 3464 verum
841 3408 1003 3464 etiam
1020 3406 1227 3478 parvuli
1246 3405 1601 3475 baptizantur,

61 3503 133 3569 ait,
162 3503 237 3558 Sic
255 3512 304 3558 et
330 3519 436 3570 vos,
488 3501 543 3557 id
571 3509 655 3557 est
678 3498 1125 3571 quemadmodum
1156 3496 1422 3563 Christus,
1456 3496 1529 3551 sic
1553 3504 1605 3550 et

63 3610 129 3649 ros
148 3595 409 3651 existima:
436 3610 523 3649 vos
548 3600 771 3648 mortuos
815 3608 922 3648 esse
950 3599 1155 3662 peccato
1178 3630 1193 3656 ,
1241 3588 1404 3644 vivere
1432 3598 1605 3642 autem

68 3683 149 3739 Deo
162 3687 209 3741 in
225 3686 418 3743 Christo
442 3686 589 3741 Iesu.

122 3776 321 3835 CAPUT
357 3778 489 3833 Llll.
519 3807 593 3819 --
615 3776 756 3833 Crux
792 3775 1002 3842 Christi,
1051 3773 1333 3845 sepultura,
1378 3789 1607 3828 resurre-

70 3871 162 3937 ctio,
193 3881 309 3939 etc.,
349 3873 515 3944 ﬁgura
540 3871 654 3925 vitce
694 3869 1002 3924 christianos.
1035 3866 1300 3937 Quidquid
1332 3866 1491 3938 igitur
1517 3881 1609 3937 ge-

72 3973 182 4020 stum
205 3974 279 4024 est
304 3967 357 4021 in
390 3980 552 4023 cruce
576 3963 793 4030 Christi,
832 3962 890 4017 in
923 3961 1219 4032 sepultura,
1266 3960 1318 4014 in
1362 3974 1611 4015 resurre-

74 4057 219 4115 ctione
241 4060 387 4116 tertio
414 4059 523 4125 die,
548 4057 601 4113 in
630 4055 944 4112 ascensione
968 4054 1023 4109 in
1051 4053 1268 4119 caelum,
1307 4052 1360 4106 in
1388 4051 1517 4107 sede
1543 4050 1612 4106 ad

77 4148 303 4209 dexteram
340 4152 546 4218 Patris;
588 4150 659 4205 ita
699 4158 906 4221 gestum
946 4156 1049 4215 est,
1096 4153 1153 4201 ut
1180 4145 1265 4200 his
1301 4145 1461 4201 rebus
1506 4158 1612 4199 non

81 4244 263 4313 mystice
286 4253 484 4301 tantum
506 4241 684 4309 dictis,
706 4240 803 4297 sed
827 4239 986 4296 etiam
1009 4237 1175 4310 gestis
1194 4234 1616 4306 conﬁguraretur

84 4335 165 4390 vita
198 4338 466 4396 christiana
506 4351 625 4408 quae
667 4334 755 4391 hic
802 4334 1022 4406 geritur.
1067 4331 1200 4387 Nam
1245 4339 1463 4401 propter
1496 4328 1616 4399 ejus

88 4441 254 4486 crucem
273 4430 468 4487 dictum
493 4438 615 4485 est:
644 4427 745 4493 Qui
780 4435 950 4480 autem
972 4422 1098 4479 Iesu
1117 4422 1304 4479 Christi
1339 4430 1476 4488 sunt,
1505 4437 1619 4476 car-

92 4535 179 4575 nem
210 4540 338 4578 suam
373 4523 734 4594 cruciﬁxerunt
752 4536 868 4574 cum
906 4515 1261 4588 passionibus,‘
1297 4524 1344 4569 et
1381 4514 1619 4586 concupi-

94 4618 251 4673 scentiis
267 4618 456 4691 (Colat.
484 4634 541 4683 v,
561 4615 677 4687 24).
702 4615 926 4685 Propter
946 4612 1274 4683 sepulturam
1296 4630 1309 4665 :
1329 4609 1623 4681 Consepulti

96 4724 235 4767 tum
250 4712 436 4768 Christo
463 4728 553 4783 per
585 4708 903 4780 Baptismum
929 4706 985 4761 in
1012 4715 1243 4759 mortem.
1281 4704 1509 4773 Propter
1534 4718 1625 4758 re-

100 4806 423 4862 sorteetiouem
452 4824 465 4860 :
497 4803 567 4859 Ut
595 4800 1016 4875 quemadmodum
1043 4798 1273 4853 Christus
1297 4797 1568 4852 resurrexit
1594 4814 1627 4851 a

102 4901 267 4952 mortuis
290 4916 373 4968 per
397 4898 615 4970 gloriam
644 4894 839 4961 Patris,
871 4896 941 4949 ita
966 4901 1013 4947 et
1040 4908 1131 4945 nos
1170 4892 1226 4945 in
1255 4892 1470 4945 novitate
1512 4891 1629 4945 vita:

104 4984 374 5045 ambulans.
400 4990 628 5060 Propter
654 4987 1020 5043 ascensionem
1046 4984 1101 5038 in
1125 4983 1316 5039 cmlum
1339 4982 1629 5052 sedemque

105 5078 156 5132 ad
177 5080 412 5141 dexteram
437 5084 612 5141 Patris
638 5100 652 5138 :
678 5082 740 5138 Si
776 5090 943 5136 autem
968 5078 1310 5135 resurrexistis
1334 5092 1447 5130 cum
1476 5075 1628 5131 Chri-

107 5180 180 5242 sto,
201 5191 295 5247 (μω
315 5193 511 5234 sursum
528 5184 643 5233 sunt
667 5173 893 5245 quierite,
920 5171 1006 5227 ubi
1036 5170 1264 5227 Christus
1286 5178 1358 5225 est
1377 5168 1445 5222 ad
1470 5168 1633 5223 dexte-

159 5377 171 5447 ξ
189 5378 248 5431 Sic
265 5380 554 5447 antiquiores
571 5385 680 5430 I53.
699 5378 841 5441 juxta
861 5385 1093 5440 grecum.
1114 5378 1171 5424 Αι
1193 5370 1330 5434 editi.
1362 5365 1636 5434 consepulti

113 5440 389 5496 uictimis:
701 5440 713 5441 “

160 5507 177 5539 ³
201 5504 366 5566 Aliquot
383 5515 508 5566 uss,
533 5504 752 5557 vivattes.

164 5568 181 5600 ³
202 5561 373 5617 lta'uss.
395 5561 510 5619 Editi
531 5581 669 5626 vero,
702 5561 919 5626 subjecit.

164 5628 180 5660 δ
203 5629 318 5689 Editi,
337 5618 509 5682 carnis:
532 5618 588 5681 At
609 5618 715 5680 Mss.
738 5618 923 5692 plures,
955 5622 1109 5677 carni.
1132 5618 1350 5674 Nonnulli
1376 5629 1497 5670 vero
1530 5629 1638 5668 eam

122 5701 250 5755 ιοᾳιη
267 5698 562 5755 pretereuut.

167 5743 313 5813 tuus,
333 5769 435 5807 cum
619 5753 847 5816 Praecipiti
873 5758 1003 5813 ιιες,
1022 5760 1132 5802 cum
1154 5745 1479 5813 piissimum;
1498 5743 1637 5806 juxta

127 5826 310 5877 um,
331 5817 513 5870 tiat‘tois
534 5813 814 5881 palm,

1348 336 1349 339 η
1426 302 1627 362 LIBER
1663 299 1863 360 UNUS.

3177 310 3285 371 358

1699 436 1811 476 ram
1835 419 1935 476 Dei
1958 422 2171 490 sedens;
2193 439 2309 497 qua
2330 441 2531 482 sursum
2566 436 2683 484 sunt
2710 430 2890 501 sapite,
2920 445 3023 485 non
3044 443 3161 492 quia
3184 445 3279 487 su-

1700 529 1791 583 per
1819 523 2002 569 terram
2029 532 2048 570 :
2072 521 2257 574 mortui
2274 520 2407 574 enim
2434 521 2571 588 estis,
2599 530 2644 576 et
2676 523 2775 576 vita
2801 531 2966 576 vestra
2990 521 3282 579 abscondita

1700 614 1772 661 est
1795 622 1910 661 cum
1935 607 2135 663 Christo
2154 609 2207 663 in
2228 608 2357 665 Deo.

1779 697 2005 758 CAPUT
2050 701 2185 757 LIV.
2223 734 2295 745 -—
2327 702 2590 763 Iudicium
2634 706 2869 760 ultimum
2916 707 3168 779 pertinens
3210 708 3279 760 ad

1697 807 1777 847 res
1803 794 1856 846 in
1886 794 1989 863 ﬁne
2014 796 2187 851 swculi
2212 798 2477 868 gerendas.
2502 798 2618 854 Iam
2650 814 2775 854 vero
2804 798 2946 869 quod
2975 799 3042 854 de
3067 798 3281 854 Christo

1698 886 2020 944 conﬁtemur
2039 888 2301 959 futurum,
2341 892 2590 961 quoniam
2622 891 2688 947 de
2716 892 2856 947 ccelo
2887 900 3141 946 venturus
3174 898 3277 957 est,

1696 976 1845 1033 vivos
1865 979 2198 1049 judicaturus
2235 998 2299 1039 ac
2334 993 2595 1051 mortuos,
2632 999 2738 1039 non
2769 985 2995 1055 pertinet
3022 983 3091 1039 ad
3123 984 3282 1039 vitam

1696 1080 1934 1126 nostram
1976 1089 2094 1143 quas
2137 1074 2225 1129 hic
2262 1074 2497 1145 geritur;
2527 1076 2647 1146 quia
2690 1090 2789 1131 nec
2830 1076 2883 1130 in
2921 1076 3080 1131 rebus
3118 1075 3282 1146 gestis

1697 1163 1815 1233 ejus
1837 1173 1941 1229 est,
1972 1166 2068 1221 sed
2098 1166 2153 1220 in
2186 1168 2290 1222 line
2318 1167 2497 1223 saeculi
2521 1166 2788 1238 gerendis.
2817 1166 2899 1222 Ad
2929 1167 3030 1222 hoc
3048 1167 3282 1237 pertinet

1698 1252 1842 1324 quod
1870 1254 2161 1324 Apostolus
2199 1266 2414 1313 secutus
2452 1257 2694 1327 adjunxit
2721 1275 2735 1311 :
2760 1254 2889 1314 Cum
2925 1257 3154 1312 Christus
3182 1275 3283 1327 ap-

1698 1346 1922 1415 paruerit
1948 1348 2051 1402 vita
2078 1358 2262 1415 vestra,
2290 1358 2410 1404 tunc
2434 1359 2483 1406 et
2512 1366 2598 1406 vos
2626 1351 2934 1423 apparebitis
2965 1368 3081 1406 cum
3108 1352 3197 1406 illo
3225 1353 3281 1407 in

1696 1438 1859 1508 gloria
1880 1437 2099 1508 (Coloss.
2131 1456 2210 1508 ιιι,
2243 1441 2385 1513 1-4).

1766 1528 1992 1588 CAPUT
2032 1533 2143 1587 LV.
2169 1564 2240 1574 —
2261 1534 2510 1589 Iudicare
2547 1536 2684 1591 vivos
2723 1545 2772 1590 et
2816 1545 3058 1602 mortuos,
3091 1536 3285 1605 duplici

1698 1621 1847 1676 modo
1876 1622 2205 1678 intellectum.
2236 1624 2451 1680 Duobus
2478 1635 2656 1681 autem
2702 1626 2875 1682 modis
2912 1627 3085 1697 accipi
3108 1635 3283 1696 potest

1696 1712 1839 1783 quod
1865 1714 2015 1770 vivos
2041 1724 2095 1770 et
2121 1724 2359 1771 mortuos
2381 1715 2641 1786 judicabit
2667 1735 2681 1771 :
2712 1719 2825 1773 sive
2854 1726 2913 1772 ut
2936 1719 3085 1773 vivos
3116 1717 3278 1773 intel-

1698 1805 1940 1877 ligamus,
1974 1822 2109 1877 quos
2150 1808 2237 1862 hic
2283 1806 2519 1863 nondum
2564 1818 2823 1874 mortuos,
2866 1808 2960 1865 sed
3005 1808 3181 1865 adhuc
3224 1809 3280 1863 in

1696 1898 1798 1955 ista
1840 1914 2001 1956 carne
2045 1901 2286 1957 viventes
2331 1901 2646 1957 inventurus
2693 1910 2776 1957 est
2819 1901 2936 1971 ejus
2985 1901 3279 1968 adventus;

1697 2002 1959 2061 mortuos,
1983 2002 2162 2049 autem
2206 1994 2298 2064 qui
2335 1992 2404 2048 de
2434 2008 2680 2064 corpore,
2709 1993 2856 2063 prius
2883 2008 3042 2063 quam
3081 1993 3280 2061 veniat,

1698 2083 1945 2138 exierunt
1976 2083 2062 2139 vel
2095 2084 2287 2140 exituri
2312 2091 2475 2140 sunt:
2498 2084 2612 2140 sive
2635 2084 2785 2139 vivos
2806 2083 3000 2154 justos,
3046 2092 3284 2138 mortuos

1698 2173 1875 2230 autem
1913 2173 2176 2245 injustos;
2207 2175 2459 2245 Quoniam
2486 2174 2617 2244 justi
2644 2188 2858 2245 quoque
2879 2173 3280 2243 judicabuntur.

1698 2264 2000 2335 Aliquando
2027 2266 2171 2320 enim
2193 2265 2450 2335 judicium
2487 2265 2581 2321 Dei
2608 2265 2821 2335 ponitur
2846 2265 2898 2319 in
2930 2264 3104 2330 malo;
3146 2264 3285 2320 unde

1697 2358 1829 2415 illud
1857 2368 1961 2425 est,
1993 2359 2092 2426 Qui
2126 2368 2296 2415 autem
2344 2359 2476 2413 male
2518 2368 2746 2431 egerunt,
2777 2358 2831 2412 in
2870 2358 3286 2413 resurrectionem

1688 2451 1878 2523 judicii
1908 2449 2085 2523 (Ioan.
2117 2467 2171 2519 v,
2196 2451 2290 2523 29)
2335 2469 2349 2506 :
2386 2450 2672 2522 aliquando
2713 2459 2768 2506 et
2809 2451 2864 2505 in
2892 2450 3057 2516 bono,
3089 2465 3283 2506 secun-

1699 2540 1827 2597 dum
1856 2541 2000 2613 quod
2030 2542 2232 2598 dictum
2264 2551 2366 2610 est,
2393 2541 2550 2610 Deus,
2574 2543 2627 2596 in
2656 2542 2858 2597 nomine
2886 2551 2972 2596 tuo
2995 2542 3189 2597 salvum
3209 2559 3287 2597 me

1698 2635 1804 2706 fac,
1832 2643 1882 2688 et
1903 2634 1958 2687 in
1985 2633 2168 2689 virtute
2195 2642 2282 2687 tua
2302 2633 2486 2706 judica
2515 2650 2593 2687 me
2623 2632 2791 2704 (Psal.
2830 2648 2940 2699 ιιιι,
2962 2632 3042 2703 5).
3073 2634 3177 2689 Per
3199 2634 3285 2703 ju-

1698 2724 1895 2781 dicium
1919 2725 2115 2796 quippe
2140 2725 2240 2781 Dei
2264 2724 2322 2779 ﬁt
2338 2725 2452 2796 ipsa
2484 2725 2749 2779 bonorum
2776 2724 3142 2794 malorumque
3169 2724 3280 2779 dis~

1699 2818 1887 2884 cretio,
1922 2826 1983 2873 ut
2017 2816 2275 2873 liberandi
2316 2834 2346 2870 a
2374 2816 2534 2881 malo,
2564 2830 2669 2871 non
2693 2815 2947 2887 perdendi
2966 2830 3088 2870 cum
3111 2816 3283 2883 malis,

1702 2912 1831 2969 boni
1859 2912 1928 2968 ad
1956 2911 2234 2969 dexteram
2259 2918 2611 2982 segregentur
2638 2909 2857 2980 (Matth.
2884 2925 3017 2974 xxv,
3051 2910 3138 2975 32,
3168 2908 3283 2981 55).

1701 3009 1928 3079 Propter
1973 3008 2117 3080 quod
2170 3006 2263 3064 ille
2301 3006 2584 3070 clamabat,
2629 3003 2819 3058 Iudica
2866 3020 2965 3070 me,
3015 3002 3151 3057 Deus
3188 3019 3208 3057 :
3236 3011 3292 3058 et

1703 3100 1828 3172 quid
1854 3100 2061 3156 dixerat
2078 3098 2223 3155 velut
2250 3112 2544 3169 exponens,
2573 3093 2644 3149 Et
2665 3094 2913 3161 discerne,
2944 3093 3133 3164 inquit,
3164 3109 3289 3147 cau-

1704 3209 1814 3249 sam
1828 3209 1993 3247 meam
2011 3192 2075 3246 de
2098 3198 2242 3264 gente
2265 3206 2367 3245 non
2390 3197 2567 3244 sancta
2596 3186 2769 3260 (Psal.
2792 3200 2921 3253 xui,
2950 3185 3027 3257 1).

1777 3283 2001 3341 CAPUT
2044 3282 2378 3339 [Νι-15.
2418 3280 2497 3335 De
2535 3278 2735 3351 Spiritu
2769 3287 2947 3332 sancto
2976 3286 3024 3332 et
3061 3275 3294 3332 Ecclesia

1706 3388 1841 3436 recto
1869 3380 2045 3434 ordine
2071 3378 2261 3431 dictum
2294 3376 2348 3430 in
2375 3373 2641 3446 Symbolo.
2684 3370 2918 3426 Ecclesia
2955 3369 3165 3425 «scelestis
3190 3378 3294 3423 ter-

1709 3488 1844 3527 reum
1871 3469 2170 3542 opitulatur.
2192 3465 2328 3522 Cum
2355 3474 2539 3521 autem
2561 3464 2629 3520 de
2652 3462 2782 3519 Iesu
2805 3460 3017 3518 Christo
3045 3460 3181 3517 Filio
3202 3459 3295 3515 Dei

1710 3565 1869 3620 unico
1894 3561 2120 3618 Domino
2144 3567 2350 3627 nostro,
2380 3556 2523 3628 quod
2552 3556 2619 3612 ad
2644 3554 2962 3613 brevitatem
2989 3551 3296 3608 Confessio-

1712 3655 1796 3711 nis
1816 3655 2065 3726 pertinet,
2094 3652 2409 3719 dixerimus,
2438 3649 2776 3720 adjungimns
2800 3646 2880 3702 sic
2914 3645 3137 3702 credere
3160 3658 3258 3700 nos
3277 3643 3296 3676 ί

1713 3755 1770 3803 et
1796 3746 1848 3801 in
1875 3744 2129 3817 Spiritum
2173 3751 2439 3809 sanctum,
2463 3751 2522 3798 ut
2547 3742 2639 3797 illa
2680 3740 2914 3796 Trinitas
2940 3738 3294 3809 compleatur,

1715 3855 1835 3912 quae
1860 3840 1999 3895 Dens
2035 3846 2119 3894 est
2148 3856 2161 3893 :
2184 3834 2381 3893 deinde
2408 3842 2593 3890 sancta
2629 3838 3079 3889 commemoratur
3104 3828 3298 3885 Eccle-

1715 3932 1816 3987 sia.
1858 3929 2013 3987 Uude
2062 3928 2219 3984 datur
2262 3927 2489 3998 intelligi
2530 3925 2846 4002 rationalem
2889 3930 3189 3980 creaturam
3232 3921 3301 3978 ad

1716 4024 2013 4081 Ierusalem
2042 4022 2265 4078 liberam
2308 4019 2664 4090 pertinentem
2692 4016 2888 4089 (Colat.
2929 4032 3001 4083 ιν,
3028 4015 3147 4086 26),
3180 4021 3303 4085 post

1719 4117 2283 4177 commemorationem
2334 4112 2623 4176 Creatoris,
2669 4111 2724 4166 id
2771 4118 2855 4166 est
2899 4123 3123 4165 summa:
3157 4107 3304 4163 illius

1720 4210 2019 4276 Trinitatis,
2050 4207 2214 4262 fuisse
2254 4203 2605 4262 subdendam.
2647 4201 2908 4269 Quoniam
2937 4197 3193 4269 quidquid
3233 4196 3304 4253 de

1723 4301 1941 4358 homine
1981 4299 2195 4356 Christo
2235 4296 2435 4351 dictum
2480 4302 2585 4360 est,
2631 4291 2698 4348 ad
2754 4290 3013 4349 unitatem
3057 4304 3305 4362 personat

1726 4390 1994 4464 Ilnigeniti
2034 4389 2285 4461 pertinet.
2328 4388 2524 4443 Rectus
2554 4385 2733 4456 itaque
2771 4381 3136 4440 Contessionis
3170 4379 3306 4437 ordo

1726 4483 1998 4557 poscebat,
2041 4490 2103 4538 ut
2139 4479 2385 4536 Trinitati
2427 4477 2836 4549 subjungeretur
2877 4473 3136 4538 Ecclesia,
3188 4480 3305 4527 tan-

1726 4592 1885 4649 quam
1916 4574 2199 4632 habitatori
2227 4572 2420 4628 domus
2448 4585 2567 4637 sua,
2597 4577 2652 4625 et
2689 4569 2801 4624 Deo
2846 4566 3098 4636 templum
3127 4577 3304 4631 suum,

1727 4679 1783 4726 et
1801 4667 2063 4725 conditori
2091 4665 2279 4721 civitas
2302 4677 2418 4719 sua.
2451 4662 2583 4729 Quae
2598 4667 2715 4716 tota
2742 4658 2830 4713 hic
2865 4654 3172 4727 accipienda
3198 4663 3303 4722 est,

1730 4777 1839 4817 non
1871 4761 2045 4815 solum
2085 4773 2151 4814 ex
2194 4764 2343 4827 parte
2380 4755 2516 4824 qua’
2548 4750 2913 4822 peregrinatur
2962 4748 3017 4803 in
3056 4747 3232 4813 terris,
3273 4761 3308 4803 a

1732 4855 1862 4911 solis
1889 4863 2009 4909 ortu
2038 4864 2205 4920 usque
2232 4847 2300 4903 ad
2328 4860 2578 4902 occasum
2614 4842 2833 4898 laudans
2870 4854 3065 4897 nomen
3096 4837 3312 4895 Domini

1735 4949 1909 5020 (Psal.
1936 4962 2078 5012 cxu,
2109 4944 2189 5012 ὅ),
2234 4951 2287 4997 et
2325 4949 2442 5011 post
2482 4937 2839 5008 captivitatem
2870 4932 3151 4989 vetustatis
3184 4946 3315 4987 can-

1735 5052 1857 5097 tans
1886 5039 2151 5096 canticum
2187 5048 2429 5099 novum;
2468 5046 2653 5087 verum
2691 5029 2853 5084 etiam
2882 5043 2948 5085 ex
2994 5026 3084 5082 illa
3110 5040 3230 5097 quae
3256 5024 3315 5079 in

1736 5135 1887 5192 caelis
1914 5144 2150 5201 semper,
2177 5143 2243 5185 ex
2270 5141 2375 5199 quo
2416 5123 2632 5181 condita
2669 5129 2772 5189 est,
2800 5117 3023 5175 cohaesit
3051 5117 3182 5183 Deo,
3214 5128 3318 5171 nec

1737 5227 1905 5285 ullum
1940 5223 2141 5280 malum
2171 5220 2255 5278 sui
2282 5233 2439 5276 casus
2475 5222 2694 5286 experta
2732 5219 2835 5268 est.
2865 5209 2993 5267 Haec
3030 5207 3085 5264 in
3119 5206 3320 5263 sanctis

1738 5318 1956 5391 Angelis
2000 5316 2157 5372 beata
2205 5312 2461 5384 persistit,
2509 5314 2564 5363 et
2608 5321 2721 5362 suae
2771 5304 2907 5375 parti
2955 5295 3317 5374 peregrinanti

1740 5390 1878 5470 sicut
1909 5416 2121 5481 Oportet
2149 5404 2467 5477 Opitulatur;
2504 5399 2628 5471 quia
2658 5405 2882 5468 utraque
2912 5408 3019 5450 una
3056 5390 3159 5447 erit
3183 5402 3319 5444 cou-

1806 5614 1825 5647 ί
1850 5611 2017 5662 Plures
2034 5616 2162 5669 Mss.,
2176 5600 2484 5669 adjwigimus
2505 5595 2582 5649 his
2602 5595 2802 5669 credere
2824 5585 3322 5669 nos_._!§ounuuiyero,

2516 5648 3319 5739 aedere.r°s.293dsufeniq“°'

2093 5712 2146 5783 ui
2166 5712 2502 5791 acii-credere
2524 5735 2608 5772 nos
2635 5732 2652 5770 :
2675 5733 2771 5770 non
2794 5717 2950 5766 minus
2970 5712 3119 5762 bene.

1810 5802 1833 5833 ²
1856 5808 1957 5850 Am.
1979 5803 2054 5847 Er.
2079 5802 2194 5845 Dan.
2222 5798 2273 5842 et
2293 5789 2461 5854 plures
2481 5792 2609 5845 Mss,
2635 5794 2761 5845 quae.
