3874 6404
96 350 185 410 211
1472 332 1674 397 LIBER
1714 308 1919 399 UNUS.‘

93 461 318 518 fuerimus
354 456 406 511 in
428 454 616 527 tinem,
648 452 709 510 ad
737 452 895 509 simul
923 449 1222 508 habendam
1250 449 1636 508 beatitudinem

93 552 455 624 sempiternam.
496 547 605 603 Ista
649 561 775 604 vero
804 561 921 618 quae
963 546 1031 602 ab
1056 544 1145 600 illa
1176 545 1554 618 peregrinatur
1580 544 1633 599 in

94 648 240 714 terris,
281 659 342 701 eo
366 641 520 700 nobis
550 641 725 698 notior
763 649 865 707 est,
910 639 1052 712 quod
1099 639 1155 696 in
1204 641 1292 696 illa
1341 654 1548 708 sumus,
1581 648 1636 696 et

91 739 191 810 quia
230 736 491 791 hominum
520 741 628 801 est,
673 731 812 805 quod
847 740 903 789 et
946 748 1046 789 nos
1084 746 1291 791 Sumus.
1344 732 1468 788 Ilzcc
1512 747 1637 789 san-

90 831 219 901 guine
240 825 534 885 Mediatoris
558 823 759 883 nullum
792 823 1038 880 habentis
1064 833 1367 899 peccatum,
1396 823 1462 881 ab
1489 822 1634 891 omni

92 922 325 995 redempta
367 928 447 976 est
474 928 713 992 peccato,
743 918 966 991 ejusque
996 935 1101 974 vox
1131 927 1233 987 est,
1281 919 1343 977 Si
1369 917 1508 975 Deus
1539 936 1633 990 pro

92 1017 227 1085 nobis,
247 1015 349 1087 quis
370 1023 545 1069 contra
572 1012 709 1068 nos?
737 1012 839 1080 Qui
860 1011 998 1067 Filio
1027 1012 1238 1087 proprio
1260 1028 1357 1066 non
1386 1013 1629 1087 pepercit,

92 1111 166 1166 sed
189 1126 270 1183 pro
296 1107 429 1168 nobis
458 1108 693 1163 omnibus
738 1106 949 1163 tradidit
986 1105 1137 1161 illum
1176 1106 1358 1180 (Rom.
1387 1124 1503 1175 vm,
1536 1106 1629 1177 51,

93 1205 187 1275 52).
237 1201 341 1259 Non
374 1200 516 1258 enim
560 1215 660 1274 pro
688 1198 908 1273 Angelis
950 1206 1193 1254 mortuus
1235 1206 1318 1254 est
1360 1195 1629 1256 Christus.

90 1297 177 1353 Sed
205 1294 312 1352 ideo
331 1294 484 1353 etiam
533 1309 633 1368 pro
662 1291 882 1365 Angelis
927 1291 1007 1362 iit,
1058 1289 1317 1365 quidquid
1348 1290 1628 1349 hominum

57 1368 62 1462 ξ
92 1407 174 1462 per
197 1390 298 1459 ejus
317 1396 535 1444 mortem
566 1384 846 1445 redimitur
874 1392 929 1441 et
955 1384 1213 1443 liberatur
1236 1400 1267 1439 a
1293 1385 1458 1454 malo,
1490 1398 1629 1459 quo-

96 1483 220 1537 niam
254 1495 359 1536 cum
381 1478 454 1535 eis
498 1475 899 1550 quodammodo
936 1474 1088 1535 redit'
1121 1475 1174 1534 in
1214 1476 1458 1548 gratiam,
1507 1483 1634 1551 post

94 1571 348 1631 inimicitias
387 1585 517 1645 quas
560 1571 705 1626 inter
743 1569 989 1627 homines
1036 1576 1093 1625 et
1136 1576 1349 1628 sanctos
1394 1567 1629 1646 Angelos

91 1675 266 1739 peccata
303 1664 555 1730 iecerunt,
600 1672 655 1722 et
681 1679 748 1719 ex
788 1662 903 1737 ipsa
951 1661 1227 1723 hominum
1255 1660 1628 1733 redemptione

90 1760 227 1817 ruinae
247 1758 373 1815 illius
394 1756 652 1833 angelica:
676 1754 998 1814 detrimenta
1028 1762 1366 1827 reparantur.

142 1849 334 1911 CAPUT
354 1846 513 1908 LXII.
541 1880 617 1891 —
646 1847 914 1915 Quomodo
948 1848 1002 1905 in
1041 1846 1241 1904 Christo
1280 1847 1629 1902 instaurantur

90 1946 239 2013 omina,
280 1954 322 2000 et
360 1943 718 2019 paciﬁcantur.
776 1942 843 1998 Et
889 1941 1071 2015 utique
1121 1950 1385 1998 noverunt
1437 1940 1627 2017 Angeli

90 2038 221 2092 sancti
252 2037 380 2093 docti
408 2037 471 2093 de
511 2037 647 2105 Deo,
679 2036 833 2108 cujus
872 2034 1111 2094 veritatis
1141 2042 1341 2093 aeterna
1382 2043 1627 2095 contem-

89 2129 277 2200 platione
308 2127 442 2185 beati
471 2135 621 2196 sunt,
652 2127 839 2198 quanti
868 2125 1075 2182 numeri
1102 2127 1530 2201 supplementum
1559 2125 1628 2185 tle

91 2236 244 2291 genere
280 2221 499 2279 humano
545 2220 827 2293 integritas
875 2219 1018 2277 illius
1054 2218 1285 2275 civitatis
1328 2227 1622 2293 exspectet.
1652 2218 1680 2303 ές

1669 2300 1680 2322 ⁵
1732 2300 1873 2355 unde
1901 2301 2084 2373 incipit
2112 2303 2342 2362 hominis
2371 2311 2667 2375 renovatio,
2694 2311 2747 2367 in
2775 2328 2878 2383 qua
2903 2315 3127 2372 solvitur
3154 2319 3329 2376 omnis

92 2314 269 2386 Propter
289 2312 381 2369 hoc
398 2316 472 2371 ait
497 2313 797 2385 Apostolus
819 2311 1097 2369 instaurari
1124 2313 1295 2367 omnia
1320 2312 1377 2368 in
1405 2310 1621 2380 Christo,

96 2408 237 2475 quain
258 2408 380 2463 catis
402 2416 540 2477 sunt,
592 2415 640 2464 et
675 2420 791 2478 qum
823 2404 878 2459 in
904 2403 1073 2474 terris,
1100 2403 1155 2458 in
1179 2403 1290 2477 ipso
1338 2401 1551 2476 (Ephes.
1584 2419 1623 2470 I,
1653 2401 1681 2417 ’⁷

100 2497 181 2570 iii).
224 2498 565 2555 lnstaurantur
604 2496 804 2571 quippe
831 2512 951 2570 qua:
976 2496 1029 2553 in
1056 2494 1207 2554 oculis
1247 2503 1391 2562 Stmt,
1424 2510 1545 2551 cum
1574 2494 1626 2551 id

102 2591 206 2663 quod
225 2592 324 2650 inde
344 2594 391 2649 in
414 2592 627 2669 angelis
648 2592 856 2666 lapsum
883 2599 983 2661 est,
1016 2605 1087 2648 ex
1117 2589 1423 2647 hominibus
1445 2588 1626 2645 reddi-
1647 2657 1661 2668 .

105 2694 171 2739 tur
192 2684 552 2744 :instaurantur
574 2694 757 2744 autem
782 2699 901 2757 quae
932 2684 985 2740 in
1017 2682 1176 2742 terris
1196 2693 1342 2753 sunt,
1371 2698 1493 2739 cum
1524 2680 1625 2757 ipsi
1660 2724 1687 2760 η
1707 2747 1711 2751 ,
1732 2680 1907 2777 galli
1921 2680 2249 2777 ηζξηγθξηυνο
2304 2680 2565 2777 Quoniam

1672 2757 1679 2777 '
1733 2756 1908 2814 taliter
1946 2759 2149 2827 vivunt,
2177 2776 2298 2816 cum
2328 2774 2499 2820 morte
2529 2765 2841 2838 confligunt.
2896 2772 2962 2825 Et
2990 2775 3234 2842 quamvis
3261 2776 3330 2832 de

110 2775 295 2835 homines
313 2780 381 2853 qui
410 2779 788 2854 praedestinati
826 2786 951 2836 sunt
992 2776 1061 2833 ad
1102 2786 1358 2833 aeternam
1385 2775 1568 2845 vitam,
1596 2791 1627 2833 a

112 2869 378 2942 corruptionis
412 2878 693 2930 vetustate
731 2877 1077 2930 renovantur.
1135 2868 1211 2924 Ac
1256 2868 1334 2926 sic
1362 2881 1459 2938 per
1497 2863 1685 2949 illud

108 2960 303 3034 singulare
335 2966 659 3025 sacriﬁcium
687 2963 743 3020 in
770 2979 877 3037 quo
902 2960 1161 3020 Mediator
1189 2972 1272 3019 est
1296 2959 1627 3029 immolatus,

103 3052 204 3122 quod
239 3072 376 3113 unum
414 3058 607 3114 multae
638 3056 695 3112 in
722 3053 865 3128 Lege
907 3054 1136 3112 victimae
1180 3051 1500 3127 ﬁgurahant,
1530 3067 1627 3126 pa-
1685 3126 1687 3129 τ

12 3210 19 3223 ιγ
100 3142 310 3202 dicantur
330 3147 569 3206 coelestia
591 3163 714 3204 cum
746 3144 1108 3215 terrestribus,
1132 3153 1186 3201 et
1208 3144 1479 3202 terrestria
1504 3159 1628 3201 cum

98 3234 356 3295 cdestibus.
408 3239 685 3312 Quoniam
718 3239 859 3295 sicut
885 3237 1027 3294 idem
1068 3237 1343 3308 apostolus
1382 3235 1531 3305 dicit,
1560 3233 1629 3291 In

97 3329 178 3398 ipso
208 3333 489 3406 contplacuit
533 3350 734 3389 omnem
778 3331 1141 3403 plenitudinem
1181 3331 1196 3362 '
1242 3329 1546 3397 inhabitare,
1583 3338 1631 3383 et

96 3439 161 3489 per
194 3441 288 3481 eum
309 3428 630 3484 reconciliari
668 3427 839 3482 omnia
888 3427 942 3481 in
979 3426 1169 3497 ipsum,
1218 3423 1497 3498 paciﬁcans
1539 3440 1631 3494 per

96 3517 329 3586 unguine»:
345 3519 515 3574 crucis
538 3521 670 3590 ejus,
698 3518 801 3576 sive
821 3534 936 3590 qua:
964 3518 1015 3573 in
1043 3519 1187 3573 terris
1210 3525 1345 3583 sunt,
1394 3516 1497 3573 sive
1514 3530 1630 3589 qua

96 3604 131 3657 iu
151 3609 258 3664 catis
271 3610 485 3682 (Coloss.
514 3627 551 3680 ι,
584 3610 651 3667 19
666 3620 711 3665 et
727 3609 842 3683 20).
1582 3628 1589 3631 ’

146 3696 331 3758 CAPUT
380 3702 571 3759 LXIII.
613 3733 686 3744 —
737 3701 856 3758 Pax
902 3702 1045 3774 regni
1098 3701 1329 3769 cmlestis,
1378 3700 1631 3773 quomodo

95 3792 285 3857 praedii
304 3811 499 3852 onlnem
522 3793 1047 3850 intellectum—Pax
1073 3795 1171 3850 ista
1200 3793 1461 3866 praecellit,
1495 3796 1633 3852 sicut

95 3989 226 4046 neqoe
249 3979 359 4036 sciri
378 3996 408 4037 a
429 3980 607 4049 nobis,
642 3979 743 4039 nisi
769 3996 891 4038 cum
912 3979 979 4036 ad
998 3995 1062 4036 ea
1082 3980 1404 4047 venerimus,
1434 3988 1630 4052 potest.

93 4068 318 4135 Quomodo
360 4076 504 4133 enim
533 4074 880 4148 pacilicantur
917 4072 1157 4133 cmlestia
1189 4071 1290 4128 nisi
1332 4072 1484 4131 nobis
1507 4073 1548 4139 ²,
1578 4069 1635 4131 id

93 4172 169 4229 εει.
208 4168 566 4227 concordando
610 4168 928 4227 nobiscum?
984 4167 1119 4225 Nam
1168 4168 1242 4224 ibi
1289 4182 1503 4240 semper
1548 4174 1634 4226 est

95 4268 188 4323 pax,
212 4268 259 4315 et
290 4260 426 4319 inter
452 4276 513 4317 se
562 4260 826 4318 universis
865 4259 1314 4319 intellectualibus
1346 4259 1631 4329 creaturis,

95 4359 134 4403 el
165 4364 267 4410 etim
292 4368 384 4411 suo
417 4355 693 4412 Creatore.
743 4353 875 4423 Qua:
900 4370 1009 4424 pax
1041 4353 1315 4427 prtecettit,
1348 4361 1407 4409 ut
1430 4351 1633 4411 dictum

97 4453 173 4513 εει,
208 4464 413 4517 omnem
432 4450 790 4517 intellectum;
838 4448 933 4507 sed
984 4448 1167 4519 utique
1208 4457 1476 4517 nostrum,
1524 4462 1635 4505 non

96 4552 240 4599 eorum
263 4545 342 4617 qui
370 4559 584 4617 semper
612 4544 794 4600 vident
818 4543 1009 4601 faciem
1036 4542 1229 4601 Patris.
1286 4541 1396 4601 Nos
1427 4549 1631 4611 autem,

98 4642 500 4710 quantuscumque
526 4638 598 4694 sit
638 4637 693 4693 in
721 4636 876 4693 nobis
912 4635 1220 4693 intellectus
1247 4634 1536 4702 humanus,
1566 4648 1636 4691 ex

99 4731 214 4786 Parte
228 4726 429 4794 scimus.
460 4736 515 4787 et
537 4727 778 4785 videmus
802 4742 945 4784 nunc
978 4741 1077 4798 per
1108 4726 1385 4797 speculum
1412 4726 1471 4782 in
1504 4724 1637 4781 aeni-

99 4825 392 4879 gmateteum
422 4836 553 4878 vero
580 4819 815 4894 aequales
840 4818 1060 4893 Angelis
1086 4818 1182 4875 Dei
1197 4817 1455 4875 fuerimus
1485 4815 1634 4890 (Luc.

101 4917 169 4971 ιι.
191 4908 304 4981 56);
333 4922 454 4971 tunc
473 4910 923 4983 quemadmodum
952 4917 1006 4966 ct
1026 4909 1153 4981 ipsi,
1176 4907 1475 4966 videbimus
1498 4907 1638 4966 facie

98 4994 149 5050 ad
177 4997 338 5059 faciem
368 5004 409 5079 (Ι
437 5004 555 5061 Cor.
588 5020 706 5071 xm,
738 5003 869 5075 12);
911 5011 1220 5073 tantamque
1248 5016 1435 5075 pacem
1467 5001 1635 5060 habe~

101 5084 238 5147 bimus
249 5109 358 5167 erga
378 5113 493 5166 eos,
515 5106 769 5170 quantam
785 5106 838 5152 et
856 5095 957 5166 ipsi
980 5109 1108 5167 erga
1127 5109 1228 5152 nos
1246 5110 1264 5161 ;
1284 5092 1408 5169 quia
1430 5102 1635 5151 tantum

101 5181 402 5248 eosdiiecturi
426 5204 641 5259 sumus,
662 5197 916 5262 quantum
944 5187 1014 5243 ab
1033 5187 1111 5244 eis
1132 5186 1424 5259 diligimur.
1455 5186 1639 5259 Itaque

101 5283 178 5338 lia!
217 5290 379 5337 eorum
412 5293 538 5341 nota
570 5282 727 5338 nobis
770 5282 890 5349 erit,
923 5280 1049 5354 quia
1096 5289 1151 5339 et
1193 5288 1376 5338 nostra
1428 5280 1549 5337 talis
1575 5294 1640 5339 ac

84 5370 217 5418 tanta
241 5371 341 5440 erit,
383 5389 483 5431 nec
506 5373 778 5446 praecellet
817 5381 944 5431 tunc
972 5372 1301 5431 intellectum
1344 5381 1591 5431 nostrum
1619 5391 1636 5428 :

104 5456 177 5515 Dei
200 5477 311 5522 vero
340 5483 441 5539 pax
468 5482 589 5539 qua:
636 5466 748 5522 illic
782 5474 869 5523 est
904 5480 1031 5538 erga
1056 5480 1170 5534 eos.
1213 5474 1268 5525 et
1308 5474 1554 5524 nostrum
1583 5474 1639 5526 et

104 5547 275 5611 illorum
310 5560 629 5617 intellectum
671 5559 792 5617 sine
836 5557 1171 5618 dubitatione
1220 5558 1512 5631 procella.
1562 5557 1640 5617 De

107 5700 170 5810 “3;
184 5674 593 5823 ῐξὲηοάδᾘὲἓῗηω,
619 5709 880 5764 divinitatis
893 5724 913 5775 ;
934 5713 1060 5775 quod
1094 5712 1318 5779 plerique
1342 5724 1398 5763 ac
1424 5712 1639 5773 poturos

155 5825 657 5891 λῖάἰιὶηήάἰηηοωδ.
683 5835 1114 5903 Μία,ιῶ

3239 352 3348 412 262

1745 449 1862 520 ipso
1890 449 2086 523 quippe
2122 450 2275 508 beata
2318 460 2402 509 est
2442 455 2718 512 rationalis
2767 467 3032 531 creatura,
3062 480 3341 537 quaecum-

1742 557 1846 613 que
1876 543 2028 600 beata
2055 552 2158 610 est,
2193 560 2297 601 non
2327 546 2442 617 ipse
2470 547 2537 604 de
2562 549 2670 605 illa.
2726 549 2883 610 Unde
2910 558 3205 617 secundum
3234 560 3339 618 hoe

1745 635 1935 691 melius
1978 637 2236 707 accipitur
2279 639 2421 711 quod
2464 642 2723 713 scriptum
2772 652 2876 714 est,
2926 643 3048 703 Pam
3087 648 3182 705 Dei
3229 667 3343 724 qua

1743 727 1989 796 pra’celiit
2034 745 2232 784 omnem
2275 730 2586 788 intellectum
2625 750 2647 791 :
2690 744 2748 791 ut
2796 737 2849 793 In
2895 752 2962 795 eo
3009 743 3152 813 quod
3199 743 3341 804 dixit

1742 833 1959 885 omnem,
2002 834 2102 876 nec
2139 821 2254 891 ipse
2306 823 2609 883 intellectus
2651 837 2961 887 sanctorum
3009 833 3340 906 Angelurum

1741 926 1862 967 esse
1891 914 2058 983 possit
2099 926 2353 987 exceptus
2385 920 2403 951 ⁸
2430 936 2445 985 ;
2474 921 2571 976 sed
2611 922 2704 978 Dei
2739 924 2907 981 solius
2939 941 2954 981 :
2987 941 3163 999 neque
3192 930 3339 988 enim

1739 1013 1791 1059 et
1822 1005 1986 1075 ipsius
2017 1006 2344 1066 intellectum
2372 1024 2474 1082 pax
2501 1013 2619 1084 ejus
2645 1016 2879 1073 excellit.

1809 1096 2040 1155 CAPUT
2063 1099 2247 1157 LXIV.
2270 1132 2341 1143 -—-
2358 1104 2446 1159 1⁵1.
2478 1106 2728 1162 Reniissio
2750 1118 3069 1178 peccatorum
3095 1130 3338 1187 expressa

1737 1190 1791 1244 in
1818 1189 2083 1263 Symboto.
2109 1193 2415 1251 Sanctorum
2431 1199 2533 1253 vita
2557 1200 2666 1256 sine
2686 1203 2917 1272 crimine,
2946 1221 3049 1261 non
3078 1208 3188 1266 sine
3214 1227 3337 1284 pec-

1736 1294 1868 1341 cato.
1896 1284 2237 1345 Concordant
2259 1299 2437 1349 autem
2459 1292 2738 1352 nobiscum
2763 1299 2954 1370 Angell
2976 1302 3137 1359 etiam
3164 1320 3329 1376 nunc,

1735 1391 1856 1431 cum
1890 1377 2237 1437 remittuntur
2264 1392 2448 1440 nostra
2478 1395 2713 1456 peccata.
2767 1388 2893 1446 Ideo
2940 1401 3062 1464 post
3085 1409 3333 1455 comme-

1735 1472 2088 1529 morationem
2134 1486 2334 1532 sanctae
2374 1478 2627 1537 Ecclesia:
2653 1481 2706 1539 in
2732 1483 2924 1541 ordine
2965 1485 3332 1548 Confessionls

1737 1564 1951 1634 ponitur
1990 1565 2239 1625 remissio
2288 1580 2652 1641 peccatorum.
2707 1576 2813 1633 Per
2853 1576 2992 1635 hanc
3036 1580 3177 1638 enim
3226 1591 3335 1640 stat

1734 1654 1974 1715 Ecclesia
2002 1673 2120 1736 quae
2162 1660 2217 1716 in
2247 1663 2404 1718 terris
2429 1672 2513 1720 est
2542 1682 2555 1721 :
2582 1681 2680 1738 per
2707 1666 2846 1725 hanc
2874 1684 2982 1727 non
3011 1674 3150 1745 perit
3190 1674 3333 1745 quod

1734 1746 1968 1817 perierat
2011 1757 2066 1805 et
2108 1749 2383 1808 Inventum
2443 1762 2525 1811 est
2574 1755 2726 1831 (Lac.
2768 1774 2862 1827 xv,
2911 1760 3031 1835 24).
3085 1763 3327 1837 Excepto

1732 1839 1933 1912 quippe
1963 1838 2307 1912 Baptismatis
2350 1858 2593 1913 munere,
2643 1848 2786 1920 quod
2828 1860 3017 1909 contra
3065 1855 3328 1927 originale

1732 1940 2009 2001 peccatum
2032 1932 2288 1991 donatum
2310 1944 2412 2003 est,
2438 1947 2494 1995 ut
2513 1940 2655 2012 quod
2677 1946 3021 2014 generatione
3046 1955 3333 2007 attractum

1732 2030 1832 2089 est,
1865 2027 2268 2095 regeneratione
2313 2027 2662 2099 detrahatur;
2713 2042 2767 2090 et
2795 2043 2969 2092 tamen
3002 2039 3173 2094 activa
3200 2054 3331 2110 quo-

1732 2130 1834 2184 que
1864 2126 2103 2187 peccata,
2126 2135 2480 2193 quaecumque
2499 2125 2682 2193 corde,
2707 2141 2822 2196 ore,
2846 2143 3011 2200 opere
3039 2133 3329 2191 commissa

1733 2208 2013 2279 invenerit,
2042 2212 2214 2268 tollit:
2246 2212 2344 2271 hac
2365 2230 2493 2287 ergo
2514 2228 2735 2291 excepta
2762 2236 2951 2293 magna
2975 2224 3327 2299 Indulgentia,

1731 2401 1910 2448 reatus
1955 2402 2010 2450 et
2056 2396 2397 2466 ingeneratus
2441 2408 2496 2455 et
2538 2400 2793 2469 additus;
2844 2404 2958 2476 ipsa
3010 2409 3169 2463 etiam
3217 2410 3330 2468 vita

1731 2490 1922 2537 caetera
1966 2483 2076 2555 jam
2104 2487 2313 2542 ratione
2357 2490 2557 2546 utentis
2584 2494 2779 2562 aetatis,
2822 2497 3152 2565 quantalibet
3184 2515 3328 2572 prae-

1668 2584 1682 2592 "
1731 2573 1928 2643 polleat
1968 2574 2291 2635 fecunditate
2316 2579 2558 2650 iustitiae,
2606 2583 2723 2640 sine
2750 2598 3090 2657 peccatorum
3130 2592 3328 2649 remis-

1732 2665 1882 2723 sione
1921 2682 2028 2725 non
2058 2671 2249 2742 agitur.
2304 2671 2565 2739 Quoniam
2611 2674 2704 2731 iilii
2748 2679 2842 2735 Dei
2879 2682 3131 2751 quamdiu
3176 2700 3327 2742 mor-

1734 2846 1839 2904 illis
1864 2850 1935 2905 sit
1974 2852 2237 2908 veraciter
2260 2852 2483 2923 dictum,
2518 2856 2775 2929 Quotquot
2805 2858 3004 2932 Spiritu
3034 2861 3131 2918 Dei
3163 2881 3330 2937 agun-

1697 2945 1836 3002 ‘tur.
1893 2940 1949 2996 hi
1986 2942 2082 3012 (itii
2129 2953 2249 2999 sunt
2296 2942 2392 2999 Dei
2445 2945 2621 3019 (Rom.
2670 2964 2785 3017 vm,
2837 2950 2967 3024 Ii);
3017 2952 3095 3008 sic
3148 2964 3329 3015 tamen

1735 3029 1936 3102 Spiritu
1966 3033 2061 3091 Dei
2081 3037 2402 3105 excitantur,
2431 3049 2485 3094 et
2514 3048 2766 3113 tanquam
2798 3042 2893 3100 ﬁlii
2920 3045 3013 3102 Del
3040 3048 3326 3119 proficiunt

1734 3128 1801 3185 ad
1831 3128 2021 3196 Deum,
2066 3136 2125 3185 ut
2149 3130 2308 3185 etiam
2339 3132 2530 3202 spiritu
2561 3148 2679 3202 suo,
2721 3138 2955 3195 maxime
3003 3151 3328 3212 aggravante

1733 3219 2064 3295 corruptibili
2106 3238 2332 3295 corpore
2371 3224 2525 3300 (Sap.
2559 3243 2631 3293 rx,
2661 3228 2771 3301 15),
2802 3238 3055 3303 tanquam
3100 3234 3194 3290 ﬁlii
3224 3235 3328 3292 bo-

1734 3315 1938 3369 minum
1967 3312 2283 3386 quihusdam
2307 3317 2332 3348 ¹
2362 3315 2609 3375 humanis
2638 3319 2869 3378 motibus
2893 3321 3145 3381 deﬁciant
3168 3325 3235 3382 ad
3266 3342 3328 3385 se

1735 3407 1900 3478 ipsos,
1947 3415 2003 3463 et
2032 3405 2154 3462 ideo
2194 3416 2434 3478 peccent.
2486 3409 2716 3467 Interest
2758 3412 2976 3484 quidem
3021 3428 3325 3487 quantum:

1735 3513 1910 3572 neque
1948 3498 2090 3555 enim
2132 3499 2256 3571 quia
2294 3510 2569 3572 peccatum
2612 3510 2694 3559 est
2732 3518 2893 3562 omne
2935 3508 3158 3578 crimen,
3206 3510 3332 3569 idco

1646 3604 1655 3659 ε
1736 3595 1939 3651 crimen
1966 3604 2049 3650 est
2075 3594 2234 3651 etiam
2262 3608 2420 3653 omne
2452 3604 2751 3669 peccatum.
2805 3599 2991 3673 Itaque
3017 3611 3329 3662 sanctorum

1738 3686 2016 3742 hominum
2058 3686 2222 3743 vitain
2266 3688 2521 3759 quamdiu
2564 3687 2621 3745 in
2665 3693 2766 3749 hac
2802 3693 3016 3750 mortali
3046 3694 3330 3773 ’vivitur,

1738 3777 1962 3834 inveniri
1988 3792 2145 3851 posse
2165 3777 2393 3835 dicimus
2412 3783 2528 3837 sine
2553 3781 2777 3840 crimine
2806 3800 2820 3838 :
2850 3782 3128 3841 Peccatum
3149 3795 3329 3845 autem

95 3883 295 3955 scriptum
334 3898 432 3957 est,
487 3905 688 3944 omnem
735 3888 1041 3944 intellectum
1088 3887 1352 3961 (Philipp.
1404 3903 1479 3959 tv,
1529 3887 1629 3964 7);
1676 3926 1700 3952 ,
1739 3873 1780 3927 si
1810 3872 2087 3929 dixerimus
2122 3873 2242 3944 quia
2270 3888 2372 3929 non
2402 3875 2675 3946 habemus,
2709 3885 2768 3933 ut
2800 3878 2874 3933 ait
2904 3887 3082 3936 tantus
3120 3890 3337 3954 aposto-

1739 3967 1821 4022 lus
1842 3966 1884 4035 ‘,
1914 3968 2243 4039 nosmetipsos
2272 3968 2582 4040 sedacimus,
2612 3980 2659 4026 et
2686 3974 2869 4030 veritas
2886 3974 2942 4029 in
2972 3974 3115 4031 nobis
3140 3992 3243 4031 non
3262 3985 3338 4034 est

1744 4056 1787 4131 (I
1815 4056 1973 4112 Joan.
2003 4073 2044 4126 I,
2073 4057 2151 4133 8).

1811 4153 2039 4213 CAPUT
2093 4155 2253 4211 LXV.
2306 4188 2377 4197 —
2424 4157 2651 4214 Crimina
2716 4160 2948 4231 quretibet
2993 4164 3047 4217 in
3100 4164 3337 4222 Ecclesia

1740 4247 1926 4301 remitti
1954 4264 2043 4318 per
2072 4249 2435 4318 paenitentiam.
2489 4250 2653 4304 Extra
2704 4250 2987 4308 Ecrlesiam
3026 4272 3125 4311 non
3154 4259 3334 4312 remit-

1741 4346 1917 4392 tuntur
1941 4329 2187 4409 peccatm
2219 4339 2327 4396 Sed
2356 4356 2530 4413 neque
2556 4341 2623 4397 de
2650 4342 2778 4415 ipsis
2807 4344 3122 4405 criminibus
3151 4365 3338 4421 quam-

1741 4431 1870 4487 libet
1927 4434 2133 4503 magnis
2194 4434 2527 4490 remittendis
2578 4436 2631 4491 in
2684 4446 2869 4492 sancta
2924 4439 3186 4509 Ecclesia,
3238 4442 3336 4499 Dei

1742 4522 2106 4601 misericordia
2145 4524 2477 4596 deSperanda
2516 4536 2600 4585 est
2642 4529 2920 4600 agentibus
2966 4531 3337 4601 paenitentiam

1742 4595 2035 4675 secundum
2074 4619 2287 4675 modum
2326 4622 2407 4676 sui
2443 4622 2700 4695 cujusque
2744 4625 2967 4695 peccati.
3029 4625 3091 4680 In
3121 4626 3336 4686 actione

1743 4720 1921 4767 autem
1965 4713 2313 4783 pcenitentiaa,
2360 4715 2448 4770 ubi
2496 4716 2600 4771 tale
2626 4717 2971 4773 commissum
2997 4726 3081 4777 est
3104 4720 3148 4789 ⁸,
3187 4730 3244 4781 ut
3291 4723 3339 4785 is

1742 4804 1834 4876 qui
1864 4804 2136 4862 commisit
2163 4820 2193 4861 a
2223 4806 2419 4863 Christi
2450 4808 2610 4864 etiam
2638 4824 2863 4881 corpore
2890 4824 3190 4887 separetur,
3228 4833 3339 4875 non

1744 4902 1854 4953 tam
1875 4899 2257 4957 consideranda
2281 4910 2362 4956 est
2383 4917 2627 4957 mensura
2655 4904 2909 4978 temporis
2929 4922 3089 4981 quam
3112 4907 3336 4971 doloris.

1744 4986 1852 5044 Cor
1875 4991 2018 5046 enim
2045 4993 2332 5047 contritum
2373 5002 2427 5049 et
2453 4993 2788 5055 humiliatum
2818 4995 2962 5055 Deus
2997 5017 3102 5056 non
3135 5004 3341 5075 spernit

1747 5077 1921 5155 (Psai.
1967 5097 2019 5149 ι,
2054 5083 2167 5155 19).
2222 5083 2418 5139 Verum
2450 5086 2572 5157 quia
2598 5086 2912 5161 plerumque
2941 5089 3097 5149 dolor
3119 5092 3341 5153 alterius

1745 5172 1922 5229 cordis
1945 5174 2185 5231 occultus
2213 5185 2295 5231 est
2323 5176 2497 5242 alteri,
2531 5194 2703 5249 neque
2729 5179 2783 5234 in
2814 5179 3042 5239 aliorum
3088 5187 3340 5244 notitiam

1745 5280 1844 5339 per
1868 5266 2028 5322 verba
2055 5268 2140 5324 vel
2180 5284 2527 5345 quaecumque
2564 5271 2666 5332 alia
2713 5273 2863 5349 signa
2886 5276 3165 5353 procedit;
3218 5297 3341 5339 cum

1807 5404 1830 5482 ξ
1853 5404 1991 5482 eam,
2009 5405 2467 5482 ςπεηψωεμμβᾙιιδ
2483 5414 2615 5482 tes-.-
2643 5415 2888 5482 επςρτκςο

1745 5467 1845 5646 αἱ
1862 5467 2641 5597 ῗὲῗιὶζῗιἪαὙωέι-λῧ.¹¹ἕὲ⁷²²ἰί¹ἔῖ³
2661 5471 3117 5591 tms‘a
3139 5536 3342 5605 ωρμο.

1808 5629 2499 5725 ῗῖῖωῃ,εωεειωφοσιοιυι
2538 5657 2631 5710 Sed
2669 5657 3328 5725 ωιμίιωιάωωαω

1800 5780 2290 5891 :itneditismbitale
2314 5780 2493 5835 crimen
2516 5780 3329 5851 murimmatJbosga’im

1751 5855 1780 5893 ι
1838 5857 1903 5893 ss.
