3882 6286
537 381 644 440 265

540 499 610 556 sit
635 508 814 554 coram
848 489 940 547 illo
968 488 1052 544 cui
1084 485 1294 552 dicitur,
1337 482 1560 538 Gemitus
1597 493 1735 534 meus
1764 485 1866 530 ate
1901 489 2003 528 non
2028 475 2102 526 est

541 588 861 649 absconditus
899 582 1069 654 (Psal.
1114 594 1322 644 xxxvn,
1356 576 1490 647 l0):
1537 582 1682 630 recte
1721 569 2115 627 constituuntur

541 686 610 742 ab
642 684 706 740 iis
749 679 838 750 qui
875 673 1129 732 Ecclesiis
1159 675 1176 704 ί
1218 679 1457 743 praesunt
1482 677 1722 738 tempora
1761 659 2118 735 pmnitentiaz,

541 784 602 832 ut
639 773 728 828 fiat
753 769 884 827 satis
909 768 1068 824 etiam
1098 764 1373 828 Ecclesiae,
1402 763 1458 817 in
1485 775 1586 832 qua
1612 757 1957 814 remittuntur
2002 751 2119 821 ipsa

542 872 790 938 peccata;
845 868 994 916 extra
1027 872 1146 915 eam
1192 855 1387 927 quippe
1428 867 1536 908 non
1580 850 1945 906 remittuntur.
2003 842 2123 938 Ipsa

543 935 773 1028 namque
829 953 1041 1025 proprie
1081 950 1334 1021 Spiritum
1387 953 1630 1002 sanctum
1680 943 1872 1014 pignus
1921 935 2126 1006 accepit

547 1052 612 1124 (Il
631 1051 748 1107 Cor.
766 1066 804 1117 ι,
820 1045 938 1120 22),
953 1047 1067 1102 sine
1084 1059 1189 1116 quo
1200 1058 1306 1099 non
1321 1041 1660 1097 remittuntur
1679 1035 1785 1092 ulla
1803 1040 2038 1105 peccata,
2052 1033 2125 1084 ita

545 1155 604 1200 ut
629 1143 820 1215 quibus
846 1138 1203 1202 remittuntur,
1233 1138 1630 1204 consequantur
1656 1129 1817 1184 vitam
1847 1134 2122 1181 aeternam.

614 1233 841 1292 CAPUT
863 1230 1047 1287 LXVI.
1085 1257 1158 1270 ——
1190 1226 1440 1282 Remissio
1465 1231 1785 1295 peccatorum
1826 1218 1883 1287 ﬁt
1925 1221 2128 1286 propter

546 1330 772 1398 futurum
787 1321 1060 1394 judicium.
1110 1318 1275 1389 Magis
1300 1315 1441 1373 enim
1480 1319 1696 1386 propter
1735 1310 1964 1365 futurum
1988 1303 2129 1398 judi-

545 1394 686 1473 cium
730 1413 789 1470 ﬁt
837 1411 1084 1469 remissio
1131 1416 1490 1481 peccatorum.
1548 1405 1605 1459 In
1649 1401 1750 1456 hac
1791 1407 1969 1454 autem
2019 1394 2128 1450 vita

543 1523 714 1579 usque
757 1505 891 1562 adeo
925 1504 1064 1560 valet
1103 1500 1244 1574 quod
1289 1498 1545 1568 scriptum
1590 1502 1694 1560 est,
1742 1490 1905 1546 Grave
1939 1489 2128 1559 jugum

545 1614 696 1671 super
723 1597 855 1668 ﬁlios
883 1595 1066 1658 Adam,
1097 1610 1129 1648 a
1157 1593 1238 1646 die
1263 1591 1423 1646 avitus
1449 1588 1511 1642 de
1538 1594 1712 1640 uentre
1741 1581 1918 1636 matris
1947 1593 2121 1671 eorum

545 1669 704 1762 usque
725 1689 780 1743 in
807 1688 940 1742 diem
969 1685 1240 1758 sepultura
1262 1683 1315 1736 in
1338 1689 1549 1734 matrem
1573 1675 1795 1732 omnium
1824 1669 2011 1746 (Eccli.
2038 1684 2127 1734 ιι,

548 1781 645 1854 l);
691 1791 750 1836 ut
790 1781 948 1836 etiam
977 1775 1233 1847 parvulos
1259 1773 1531 1829 videamus
1571 1778 1692 1841 post
1730 1769 1999 1822 lavacrum
2041 1778 2129 1818 re-

547 1870 903 1943 generationis
921 1869 1252 1924 diversorum
1273 1864 1534 1919 malorum
1556 1859 1845 1915 afflictione
1868 1855 2126 1912 cruciari:

548 1972 607 2020 ut
635 1962 1006 2031 intelligamus,
1036 1965 1204 2012 totum
1231 1954 1373 2026 quod
1397 1951 1719 2009 salutaribus
1743 1949 1915 2017 agitur
1941 1946 2131 2003 Sacra-

549 2053 764 2119 mentis,
806 2051 974 2123 magis
1001 2049 1069 2105 ad
1097 2064 1246 2120 spem
1273 2055 1616 2102 venturorum
1651 2044 1937 2105 bonorum,
1970 2051 2129 2109 quam

548 2147 617 2203 ad
641 2145 992 2202 retentionem
1010 2143 1095 2198 vel
1115 2141 1452 2211 adeptionem
1475 2135 1816 2209 prmeentium
1837 2131 2125 2203 pertinere.

548 2238 711 2294 Multa
751 2235 912 2292 etiam
941 2235 1025 2291 hic
1043 2233 1290 2289 videntur
1331 2229 1532 2301 ignosci
1578 2235 1632 2284 et
1673 2225 1831 2281 nullis
1854 2220 2131 2293 suppliciis

547 2330 845 2396 vindicari;
871 2327 966 2384 sed
986 2341 1170 2383 eorum
1193 2338 1364 2395 paenae
1389 2326 1731 2377 reservantur
1750 2317 1803 2372 in
1832 2323 2128 2385 posterum.

549 2424 732 2496 Neque
769 2422 912 2479 enim
936 2420 1132 2476 frustra
1174 2417 1266 2474 ille
1294 2415 1507 2488 proprie
1546 2412 1740 2467 dicitur
1777 2409 1892 2464 dies
1917 2405 2124 2477 judicii,

550 2515 761 2587 quando
780 2522 1034 2570 venturus
1051 2520 1135 2568 est
1148 2509 1309 2581 judex
1329 2508 1569 2562 vivorum
1592 2513 1751 2574 atque
1773 2507 2124 2556 mortuorum.

548 2607 699 2665 Sicut
720 2621 752 2663 e
775 2604 1042 2661 contrario
1073 2601 1408 2657 vindicantur
1445 2598 1533 2652 hic
1559 2597 1754 2667 aliqua,
1786 2602 1840 2650 et
1869 2601 2046 2648 tamen
2079 2590 2123 2646 si

547 2698 912 2764 remittuntur,
943 2693 1187 2766 profecto
1206 2692 1260 2747 in
1282 2689 1460 2746 futuro
1479 2688 1676 2746 saeculo
1702 2701 1806 2742 non
1835 2685 2125 2741 nocebunt.

546 2789 832 2860 Propterea
874 2786 942 2842 de
979 2784 1293 2856 quibusdam
1337 2780 1720 2852 temporalibus
1766 2779 1960 2849 pinnis,
2009 2791 2129 2846 quae

546 2883 602 2939 in
627 2883 726 2936 hac
751 2881 858 2936 vita
903 2877 1241 2949 peccantibus
1269 2877 1590 2946 irrogantur,
1618 2874 1698 2929 eis
1738 2887 1962 2942 quorum
1999 2884 2128 2940 pec-

547 2979 667 3028 cata
686 2971 952 3034 delentur,
975 2983 1042 3022 ne
1060 2974 1400 3024 reserventur
1421 2965 1473 3020 in
1497 2965 1680 3032 finem,
1702 2962 1777 3018 ait
1796 2961 2123 3033 Apostolus:

548 3062 613 3118 Si
635 3061 766 3118 enim
805 3076 898 3114 nos
930 3059 1066 3130 ipsos
1095 3058 1461 3132 judicaremus,
1487 3073 1520 3110 a
1542 3054 1763 3110 Domino
1791 3070 1892 3108 non
1923 3053 2131 3124 judica-

547 3171 714 3210 remur
736 3169 756 3210 :
782 3169 898 3210 cum
932 3151 1228 3223 iudicamur
1275 3158 1442 3204 autent
1470 3165 1503 3202 a
1539 3147 1759 3201 Domino
1803 3145 2124 3215 corripimur,

547 3263 612 3302 ne
637 3263 752 3302 cum
781 3244 876 3299 Itoc
902 3241 1090 3297 mundo
1111 3241 1408 3296 damnemur
1430 3238 1476 3311 (I
1495 3238 1612 3295 Cor.
1647 3239 1806 3304 xt,3l
1824 3247 1871 3292 et
1887 3236 1997 3306 52).

617 3335 844 3393 CAPUT
889 3333 1096 3390 LXVII.
1140 3361 1214 3375 --
1254 3333 1342 3388 l8.
1388 3330 1707 3400 Refelluntur
1751 3330 1837 3400 qui
1889 3329 2130 3400 putabant

547 3428 722 3501 ﬁdeles
791 3443 985 3494 omnes,
1028 3422 1388 3497 quantumlibet
1441 3423 1678 3478 scelerate
1717 3423 1976 3488 vixissent,
2020 3422 2128 3476 sal-

549 3520 741 3576 candos
767 3534 856 3590 per
880 3519 1069 3591 ignem.
1087 3515 1388 3572 Creduntur
1413 3521 1589 3570 autem
1618 3528 1649 3568 a
1677 3512 1988 3583 quibusdam
2009 3513 2030 3544 ³
2053 3511 2128 3584 (a)

548 3611 710 3669 etiam
749 3610 788 3666 ii
826 3609 918 3681 qui
957 3623 1152 3664 nomen
1188 3605 1383 3664 Christi
1412 3621 1518 3662 non
1558 3605 1885 3677 relinquunt,
1924 3613 1979 3660 et
2012 3605 2129 3675 ejus

549 3705 761 3762 lavacro
784 3703 840 3759 in
864 3701 1102 3759 Ecclesia
1126 3702 1480 3772 baptizantur,
1511 3716 1611 3758 nec
1637 3701 1704 3756 ab
1731 3716 1796 3760 ea
1828 3701 1934 3756 ullo
1983 3699 2129 3757 schi-

548 3806 722 3855 smate
765 3796 852 3854 vel
893 3795 1083 3852 haeresi
1109 3795 1484 3866 princiduntur,
1529 3795 1584 3850 in
1624 3794 1969 3866 quantislibet
2010 3809 2130 3850 sce-

548 3890 750 3949 leribus
804 3891 1002 3959 vivant,
1057 3905 1176 3962 quas
1227 3903 1328 3945 nec
1375 3889 1579 3944 diluant
1632 3887 1965 3959 paenitendo,
2026 3903 2125 3944 nec

551 3982 907 4055 eleemosynis
934 3980 1214 4048 redimant,
1237 3979 1330 4036 sed
1355 3981 1409 4036 in
1437 3980 1518 4036 eis
1541 3993 1710 4050 usque
1739 3978 1804 4033 ad
1831 3977 1984 4049 hujus
2007 3979 2130 4035 vitae

550 4078 793 4134 ultimum
817 4075 958 4132 diem
981 4073 1401 4146 pertinacissime
1426 4081 1791 4145 perseverent,
1815 4072 1946 4128 salvi
1966 4071 2128 4128 futuri

549 4184 647 4240 per
671 4167 881 4240 ignem;
909 4167 1032 4223 licet
1058 4181 1157 4238 pro
1179 4165 1540 4238 magnitudine
1569 4165 1864 4221 facinorum
1894 4162 2126 4237 ﬂagitio—

550 4276 775 4331 rumque
811 4259 1076 4324 diuturno,
1128 4273 1234 4313 non
1276 4267 1450 4314 tamen
1493 4265 1698 4314 aeterno
1723 4258 1847 4330 igne
1876 4257 2120 4329 puniri‘.

550 4353 657 4412 Sed
680 4354 768 4425 qui
788 4353 890 4408 hoc
914 4351 1158 4417 credunt,
1185 4360 1238 4407 et
1263 4360 1438 4407 tamen
1459 4352 1704 4407 catholici
1729 4360 1872 4416 sunt,
1897 4351 2129 4406 humana

551 4448 778 4520 quadam
806 4447 1169 4505 benevolentia
1200 4446 1327 4501 mihi
1356 4447 1464 4501 falli
1504 4446 1749 4502 videntur
1775 4466 1789 4501 :
1819 4462 1942 4502 nam
1987 4446 2131 4502 Scri-

553 4551 708 4613 ptura
737 4541 913 4596 divina
939 4539 1083 4596 aliud
1111 4539 1348 4596 consulta
1374 4539 1676 4610 respondet.
1711 4539 1928 4594 Librum
1948 4546 2127 4592 autem

551 4632 620 4688 de
644 4633 742 4688 hac
785 4633 1079 4704 quaestione
1125 4630 1438 4701 conscripsi,
1487 4630 1638 4700 cujus
1686 4630 1867 4697 titulus
1909 4638 2012 4695 est,
2061 4628 2128 4685 de

551 4722 682 4778 Fide
707 4732 762 4779 et
788 4724 1044 4796 Operibus
1070 4742 1085 4789 ;
1116 4723 1207 4780 ubi
1234 4723 1524 4779 secundum
1561 4723 1863 4794 Scripturas
1894 4731 2124 4791 sanctas,

551 4823 810 4888 quantum
859 4817 971 4872 Deo
1020 4817 1304 4887 adjuvante
1359 4817 1524 4888 potui,
1575 4816 1956 4884 demonstravi,
2007 4831 2126 4871 eam

553 4905 713 4961 fidem
755 4906 930 4961 salvos
963 4905 1155 4970 facere,
1199 4923 1356 4978 quam
1385 4907 1513 4962 satis
1562 4906 1836 4963 evidenter
1865 4908 2126 4977 expressit

552 4998 748 5055 Paulus
777 4999 1066 5069 apostolus,
1097 4998 1276 5055 dicens
1306 5019 1318 5056 :
1348 4999 1414 5054 In
1441 5000 1638 5056 Christo
1662 5003 1792 5056 enim
1823 5003 1948 5057 Jesu
1971 5019 2129 5074 neque

552 5091 864 5146 circumcisio
887 5089 1159 5162 quidquam
1178 5089 1326 5157 ualet,
1356 5109 1511 5165 neque
1533 5094 1855 5166 praputium,
1883 5095 1972 5151 sed
1998 5095 2127 5167 ﬁdes

617 5205 635 5236 ί
660 5203 733 5253 sic
751 5209 858 5254 Mss.
878 5202 998 5265 Editi
1015 5215 1154 5265 vero,
1178 5201 1418 5265 Ecclesiae.

619 5266 791 5332 fusa,
809 5264 1072 5332 creduntur
1095 5278 1127 5313 a
1140 5263 1449 5332 quibusdam,
1473 5270 1666 5332 omisso,
1687 5277 1860 5322 mitem.

612 5329 634 5361 ³
655 5325 876 5377 Nonnulli
913 5326 1107 5398 codices
1122 5363 1138 5388 ,
1436 5325 1582 5382 'Forte
1628 5325 1961 5396 reponendum
1981 5371 1997 5397 ,
2041 5347 2128 5399 pu-

545 5387 636 5441 niti
649 5403 668 5441 :
689 5388 788 5441 vel.
811 5387 1058 5441 manendi.

611 5401 906 5515 ἷᾶἧέἐόωω
929 5401 1126 5525 ιιοιιῖίιιί,
1147 5464 1269 5562 auos
1289 5450 1543 5516 aliquoties
1574 5456 1890 5518 reprehendit
1911 5459 2130 5562 Augusti-

611 5527 658 5562 s.
681 5513 775 5562 nod
798 5521 984 5562 tantum
1004 5512 1130 5562 hbro
1187 5527 1216 5562 e
1235 5514 1347 5562 Fide
1360 5517 1671 5562 etOneribus.
1693 5518 1780 5562 sed
1805 5519 1950 5562 etiam
1990 5522 2053 5562 ιιι-
2068 5520 2120 5562 2|

547 5512 775 5579 nus,_'nod
798 5521 984 5579 tantum
1004 5512 1216 5579 librqde
1235 5514 1347 5565 Fide
1360 5512 1671 5579 étOperibus,
1693 5518 1780 5567 sed
1805 5519 1950 5567 etiam
1970 5512 2053 5570 lib.
2068 5520 2120 5570 2|

546 5575 612 5643 de
625 5577 828 5626 Civitate
843 5577 947 5636 Dei,
980 5589 1084 5643 cap.
1108 5577 1185 5636 17,
1219 5583 1274 5643 et
1305 5575 1642 5643 sequentibus,
1658 5575 1896 5640 pepercit
1910 5593 2125 5643 semper.

546 5642 658 5704 Haec
679 5650 798 5688 vero
819 5651 929 5688 cum
951 5639 1208 5704 scriberet,
1232 5639 1499 5704 intendisse
1521 5641 1591 5704 in,
1610 5639 1947 5704 Hieronymum
1968 5639 2126 5693 credi-

547 5703 888 5773 turantoanne
901 5701 1216 5773 .Garnerioin
1229 5700 1503 5773 Appendice
1526 5703 1690 5773 prima,
1713 5702 1779 5773 ad.
1790 5700 1999 5773 priorem
2020 5718 2128 5773 par-

547 5763 1093 5833 teminercatoﬁgpag.
1124 5761 1236 5833 117.
1264 5761 1382 5811 Vide
1416 5761 1560 5825 supra
1589 5761 1964 5816 Admonitionem
1986 5761 2036 5815 in'
2068 5766 2124 5818 li-

544 5819 688 5872 brum
709 5819 775 5870 de
789 5821 900 5871 Fide
924 5819 975 5872 et
985 5819 1244 5884 'Operibus.

1031 363 1488 435 ENCHIRIDION,
1529 361 1682 420 srva
1722 359 1809 417 nn
1847 348 2031 424 FIDE,
2073 348 2200 411 sps
2229 351 2320 408 nr
2357 344 2776 421 CHARITATE,
2808 351 2865 408 s.
2906 348 3278 410 AUGUSTINI
3662 360 3746 420 set

2227 482 2340 538 quae
2371 483 2459 538 per
2496 466 2812 522 dilectionem
2852 477 3087 539 operatur
3115 467 3311 542 (Galat.
3342 485 3399 539 v,
3425 470 3500 542 6).
3541 472 3596 531 Si
3619 486 3757 536 autem

2226 560 2364 616 male
2389 569 2444 617 et
2485 576 2588 617 non
2614 561 2754 618 bene
2781 571 3050 634 operatur,
3081 565 3262 636 procul
3290 565 3473 633 dubio,
3514 573 3756 630 secundum

2226 653 2523 722 apostolum
2567 653 2841 720 Jacobum,
2899 663 3100 710 mortua
3145 665 3216 712 est
3256 657 3312 712 in
3363 659 3636 732 semetipsa.
3679 664 3754 731 Qui

2229 761 2412 802 rursus
2436 747 2510 802 ait
2535 765 2546 800 :
2577 746 2637 803 Si
2666 747 2819 817 ﬁdem
2839 747 2976 802 dicat
3004 765 3057 804 se
3079 750 3192 822 quis
3222 749 3427 818 habere,
3457 767 3602 822 opera
3632 767 3759 812 autem

2229 852 2332 892 non
2358 838 2558 906 habeat,
2591 840 2834 911 numquid
2857 841 3040 913 poterit
3079 842 3208 911 ﬁdes
3231 843 3432 898 salvere
3459 860 3565 899 eum
3601 845 3761 917 (Jacobi

2229 945 2288 995 ιι,
2314 931 2400 997 17,
2434 929 2566 1002 li)?
2615 932 2784 988 Porro
2809 942 2988 990 autem
3014 934 3060 990 si
3091 935 3252 992 homo
3280 937 3569 994 sceleratus
3593 953 3762 1012 propter

2231 1021 2391 1077 ﬁdem
2412 1023 2579 1079 solam
2609 1041 2701 1095 per
2726 1025 2900 1097 ignem
2926 1028 3234 1095 salvabitur,
3258 1038 3313 1086 et
3339 1030 3420 1086 sic
3439 1042 3519 1087 est
3542 1035 3759 1104 accipien-

2231 1113 2356 1168 dum
2398 1115 2538 1185 quod
2582 1116 2656 1170 ait
2683 1116 2869 1172 beatus
2898 1117 3112 1187 Paulus,
3144 1118 3269 1190 Ipse
3305 1132 3477 1176 autem
3503 1123 3654 1179 salvus
3678 1128 3760 1195 erit,

2231 1203 2302 1258 sic
2329 1215 2494 1259 tamen
2523 1207 2668 1275 quasi
2693 1224 2782 1279 per
2809 1209 3010 1279 ignem;
3059 1211 3255 1281 poterit
3293 1227 3426 1283 ergo
3457 1215 3648 1271 salvare
3680 1217 3765 1272 sine

2232 1297 2481 1368 Operibus
2518 1299 2669 1366 fides,
2701 1308 2755 1356 et
2783 1300 2972 1356 falsum
3002 1302 3105 1358 erit
3141 1303 3280 1374 quod
3313 1305 3449 1361 dixit
3478 1307 3585 1377 ejus
3608 1323 3764 1379 coapo.

2232 1387 2402 1443 st01us
2428 1388 2659 1446 Iacobus
2689 1409 2702 1446 :
2732 1391 2925 1448 falsum
2963 1395 3064 1449 erit
3103 1403 3160 1450 et
3187 1396 3490 1467 illud-quod
3533 1399 3657 1455 idem
3685 1403 3766 1472 ipse

2232 1480 2427 1537 Paulus
2477 1483 2628 1552 dixit,
2689 1483 2884 1554 Nolite,
2934 1488 3123 1559 inquit,
3181 1506 3393 1558 errare;
3457 1509 3607 1564 neque
3645 1495 3768 1565 forni-

2233 1580 2444 1641 catores,
2473 1592 2628 1646 neque
2664 1577 2815 1632 idolis
2855 1580 3138 1647 servientes,
3176 1599 3336 1653 neque
3383 1584 3615 1651 adulteri,
3641 1603 3760 1656 neque

2232 1668 2429 1735 molles,
2476 1687 2634 1740 neque
2665 1673 3007 1726 masculorum
3045 1675 3410 1745 concubitores,
3457 1695 3607 1748 neque
3643 1684 3761 1750 fures,

2233 1777 2389 1829 neque
2412 1763 2573 1826 avari,
2618 1780 2774 1829 neque
2809 1765 3010 1835 ebriosi,
3040 1784 3198 1839 neque
3236 1771 3490 1838 maledici,
3533 1790 3674 1844 neque
3703 1792 3764 1827 ra-

2234 1869 2381 1922 paces
2407 1871 2616 1924 regnum
2651 1853 2752 1909 Dei
2778 1857 3100 1926 possidebunt
3143 1860 3190 1931 (I
3233 1860 3355 1918 Cor.
3401 1880 3475 1933 v1,
3518 1865 3569 1932 9,
3598 1866 3690 1938 10).
3724 1867 3764 1924 Si

2234 1946 2373 2001 enim
2405 1949 2562 2002 etiam
2594 1949 2644 2003 in
2690 1950 2805 2005 istis
2829 1963 3230 2021 perseverantes
3259 1956 3588 2027 criminibus,
3629 1969 3765 2016 tamen

2232 2049 2452 2110 propter
2480 2040 2638 2095 fidem
2666 2040 2864 2098 Christi
2893 2045 3026 2100 salvi
3067 2054 3242 2115 erunt,
3270 2049 3541 2119 quomodo
3569 2051 3614 2106 in
3642 2067 3764 2124 regno

2234 2133 2328 2188 Dei
2355 2149 2457 2187 non
2490 2137 2682 2189 erunt?

2303 2224 2530 2280 CAPUT
2569 2225 2797 2281 LXVIII.
2819 2257 2892 2268 --
2917 2227 3084 2283 Locus
3104 2228 3337 2300 Apostoli
3371 2233 3435 2288 de
3461 2235 3688 2290 solvendis
3703 2253 3766 2307 per

2233 2316 2398 2387 ignem
2435 2326 2490 2370 ut
2526 2317 2902 2389 intelligendus.
2934 2318 3079 2390 Ignis
3107 2323 3316 2392 quidam
3350 2323 3405 2377 in
3440 2325 3532 2379 hac
3567 2328 3681 2395 vita,
3703 2345 3766 2397 per

2233 2426 2378 2480 quem
2412 2410 2673 2488 salvantur
2711 2411 3020 2480 aediﬁcantes
3062 2413 3218 2485 ligna.
3251 2414 3359 2471 Sed
3387 2417 3509 2486 quia
3545 2419 3646 2473 haec
3667 2433 3764 2488 apo-

2233 2487 2418 2554 stolica
2448 2499 2881 2557 manifestissima
2912 2512 2966 2558 et
2993 2507 3331 2574 apertissima
3363 2508 3647 2562 testimonia
3669 2487 3762 2563 falsa

2232 2605 2352 2646 esse
2390 2607 2494 2646 non
2522 2601 2781 2662 possunt;
2809 2594 2939 2649 illud
2966 2595 3109 2666 quod
3149 2597 3383 2655 obscure
3408 2599 3600 2655 dictum
3630 2608 3697 2657 est
3717 2601 3762 2658 de

2232 2685 2297 2739 iis
2320 2685 2409 2755 qui
2446 2686 2872 2756 superaedificant
2901 2703 3063 2759 super
3101 2690 3535 2761 fundamentum,
3563 2694 3685 2764 quod
3705 2702 3763 2749 est

2231 2777 2509 2847 Christus,
2553 2796 2658 2835 non
2686 2796 2895 2847 aurum,
2925 2791 3234 2853 argentum,
3282 2786 3488 2856 lapides
3531 2787 3761 2857 pretiosos,

2233 2869 2327 2925 sed
2362 2871 2499 2941 ligna
2525 2913 2539 2938 ,
2573 2870 2750 2927 fenum
2773 2915 2788 2941 ,
2817 2874 3063 2944 stipulam
3097 2873 3187 2948 (de
3213 2875 3297 2930 bis
3332 2878 3474 2932 enim
3505 2878 3681 2934 dictum
3705 2885 3762 2933 est

2231 2963 2374 3033 quod
2418 2978 2513 3033 per
2561 2965 2736 3035 ignem
2782 2967 2914 3021 salvi
2956 2976 3148 3036 erunt,
3191 2971 3446 3040 quoniam
3489 2969 3762 3027 fundamenti

2232 3055 2424 3110 merito
2450 3070 2553 3111 non
2585 3057 2893 3131 peribunt),
2924 3061 3001 3117 sic
3031 3060 3437 3134 intelligendum
3481 3075 3588 3133 est,
3628 3075 3676 3121 ut
3703 3065 3762 3119 his

2231 3147 2525 3204 manifestis
2568 3165 2675 3206 non
2739 3151 3036 3208 inveniatur
3081 3169 3200 3211 esse
3255 3159 3596 3214 contrarium.
3640 3158 3762 3228 Ligna

2232 3239 2426 3311 quippe
2469 3250 2523 3296 et
2564 3240 2745 3297 fenum
2785 3253 2840 3298 et
2876 3245 3066 3316 stipula
3098 3262 3204 3302 non
3244 3249 3477 3306 absurde
3500 3249 3650 3321 accipi
3671 3265 3762 3320 pos-

2231 3340 2358 3387 sunt
2380 3349 2557 3388 rerum
2585 3336 2945 3400 saecularium,
2973 3339 3214 3408 quamvis
3241 3340 3389 3396 licite
3409 3356 3760 3402 concessurum,

2233 3423 2365 3478 tales
2393 3425 2711 3495 cupiditates
2740 3467 2756 3494 ,
2797 3435 2856 3482 ut
2899 3429 3069 3483 amitti
3100 3429 3215 3485 sine
3262 3433 3430 3487 animi
3479 3433 3645 3488 dolore
3684 3445 3760 3486 non
3849 3433 3851 3436 ‘

2232 3516 2456 3585 possint.
2509 3516 2639 3572 Cum
2669 3526 2847 3574 autem
2878 3519 2978 3574 iste
3011 3519 3165 3576 dolor
3206 3523 3348 3591 urit,
3383 3524 3427 3580 si
3475 3524 3689 3580 Christus
3724 3523 3760 3575 in

2231 3608 2394 3664 corde
2414 3608 2744 3666 fundamenti
2769 3611 2931 3667 habet
2955 3611 3159 3680 locum,
3189 3614 3241 3670 id
3269 3625 3388 3686 est,
3421 3627 3477 3672 ut
3499 3617 3544 3673 ei
3567 3615 3678 3672 nihil
3694 3631 3761 3668 an-

2233 3709 2533 3770 teponatur,
2556 3709 2611 3757 et
2639 3703 2787 3758 malit
2805 3702 2966 3758 homo
2995 3705 3083 3776 qui
3105 3706 3195 3760 tali
3221 3705 3409 3764 dolore
3432 3710 3612 3774 uritur,
3640 3707 3758 3762 rebus

2231 3807 2363 3863 quas
2398 3793 2469 3848 ita
2495 3793 2666 3866 diligit
2693 3797 2860 3866 magis
2881 3811 3063 3852 carere
3092 3813 3250 3868 quam
3267 3799 3500 3869 Christo;
3526 3817 3610 3872 per
3626 3800 3758 3870 ignem
3849 3785 3851 3818 ³

2232 3882 2293 3938 ﬁt
2321 3884 2518 3940 salvus.
2552 3885 2608 3942 Si
2633 3895 2808 3943 autem
2834 3903 2922 3945 res
2959 3887 3258 3959 hujusmodi
3288 3893 3596 3966 temporales
3616 3906 3667 3947 ac
3686 3905 3758 3944 εω-
3849 3889 3851 3942 ἱ

2232 3977 2440 4034 cnlares
2485 3987 2722 4049 tempore
2780 3982 3086 4038 tentationis
3131 3985 3384 4042 maluerit
3435 3995 3603 4042 tenere
3637 3996 3756 4055 quam

2231 4067 2531 4136 Christum,
2564 4083 2686 4125 eum
2715 4069 2770 4124 in
2800 4071 3148 4129 fundamento
3176 4089 3284 4128 non
3313 4075 3524 4142 habuit;
3549 4074 3654 4146 quia
3674 4072 3756 4126 hac

2232 4159 2411 4230 priore
2441 4159 2556 4215 loco
2576 4161 2791 4231 habuit,
2824 4176 2945 4217 cum
2986 4163 3039 4218 in
3067 4164 3290 4220 aedificio
3320 4166 3465 4237 prius
3490 4181 3586 4222 non
3610 4160 3753 4219 sitali-

2231 4251 2359 4322 quid
2396 4250 2759 4308 fundamento.
2784 4252 2925 4324 Ignis
2945 4255 3085 4310 enim
3110 4298 3124 4322 ,
3153 4255 3219 4311 de
3246 4273 3354 4328 quo
3392 4273 3457 4314 eo
3481 4258 3589 4312 loco
3610 4263 3677 4311 est
3698 4253 3754 4306 lo-

2231 4352 2383 4400 cutus
2412 4344 2734 4415 Apostolus,
2765 4346 2888 4401 talis
2915 4346 3074 4402 debet
3115 4348 3377 4419 intelligi,
3419 4359 3477 4405 nt
3519 4349 3656 4404 ambo
3688 4357 3756 4414 per

2231 4452 2351 4492 eum
2385 4447 2687 4503 transeant;
2733 4438 2787 4494 id
2812 4448 2893 4495 est
2911 4482 2926 4507 ,
2956 4448 3009 4495 et
3037 4441 3124 4510 qui
3147 4429 3366 4512 cediﬁcat
3393 4449 3538 4515 suﬂr
3563 4443 3643 4496 hoc
3665 4443 3752 4508 fun-

2233 4531 2548 4599 damentum,
2580 4548 2761 4610 aurum
2779 4574 2794 4599 ,
2821 4543 3110 4604 argentum,
3139 4535 3334 4604 lapides
3363 4536 3608 4605 pretiosos,
3628 4541 3670 4588 et
3691 4527 3752 4600 qui

2231 4622 2450 4691 aediﬁcat
2469 4623 2627 4693 ligna,
2657 4625 2828 4695 fenum
2849 4633 2894 4677 et
2916 4624 3176 4694 stipulam.
3203 4625 3336 4680 Cum
3357 4626 3495 4682 enim
3516 4625 3608 4680 hoc
3631 4619 3752 4676 dixis-

2231 4723 2343 4779 set,
2370 4713 2610 4784 adjunxit
2633 4733 2646 4768 :
2679 4714 3082 4788 Uniuscujusque
3105 4735 3230 4788 opus
3248 4717 3398 4790 quale
3413 4720 3505 4788 sit,
3528 4716 3642 4789 ignis
3665 4727 3752 4784 pro-

2233 4805 2383 4862 babit.
2409 4806 2472 4863 Si
2494 4809 2640 4880 cujus
2660 4825 2786 4878 opus
2815 4811 3170 4878 permanserit,
3193 4813 3326 4883 quod
3352 4805 3722 4883 supersedi/itali“
3736 4843 3748 4871 ν

2231 4900 2506 4956 mercedem
2529 4902 2760 4972 accipiet.
2793 4901 2856 4957 Si
2879 4905 3024 4974 cujus
3043 4920 3168 4974 opus
3192 4915 3360 4959 autem
3383 4915 3598 4960 exustum
3617 4897 3746 4973 Interii,

2233 4994 2472 5046 damnum
2499 4994 2719 5064 patietur
2762 5011 2780 5049 :
2822 4995 2932 5064 ipse
2976 5005 3139 5049 autem
3167 4997 3332 5051 salvus
3377 4998 3466 5051 erit
3486 5038 3500 5063 ,
3530 4997 3596 5050 sic
3626 5002 3747 5045 tantm

2232 5086 2376 5154 quasi
2414 5102 2502 5155 per
2527 5086 2694 5156 ignem
2727 5083 2834 5158 (Id.
2867 5101 2962 5152 ιιι,
2993 5086 3196 5159 11-15).
3225 5087 3340 5144 Non
3369 5103 3491 5160 ergo
3527 5086 3660 5140 unius
3680 5093 3747 5134 eo-

2232 5193 2371 5246 rum,
2395 5177 2490 5234 sed
2517 5179 2792 5249 utriusque
2811 5194 2943 5248 opus
2972 5181 3106 5251 ignis
3138 5182 3394 5251 probabit.
3425 5182 3513 5236 Est
3539 5170 3743 5249 quidam'

2231 5268 2368 5342 ignis
2406 5272 2628 5326 tentatio
2659 5271 3046 5337 tribulationis,
3090 5273 3158 5328 de
3195 5289 3301 5345 quo
3338 5283 3512 5345 aperte
3549 5270 3638 5324 alio
3660 5264 3746 5318 loco

2233 5362 2486 5432 scriptum
2511 5371 2594 5418 est
2625 5380 2638 5416 :
2677 5361 2813 5418 Vasa
2855 5363 2999 5435 ﬁguli
3037 5364 3212 5435 probat
3253 5369 3434 5437 fornae:
3453 5407 3468 5432 ,
3497 5372 3542 5418 et
3570 5355 3744 5413 homines

2225 5453 2392 5524 justas
2421 5455 2626 5510 tentatio
2653 5455 2989 5510 tribulationis
3015 5454 3202 5526 (Eccli.
3227 5472 3400 5522 xxvn,
3431 5453 3503 5526 6).
3531 5452 3622 5508 Iste
3640 5443 3743 5518 ignis

2231 5545 2287 5600 in
2308 5545 2407 5602 hac
2433 5546 2643 5602 interim
2671 5548 2776 5603 vita
2795 5547 2918 5603 facit
2945 5549 3083 5616 quod
3112 5550 3396 5620 Apostolus
3417 5545 3557 5612 dixit,
3583 5541 3622 5598 si
3635 5530 3740 5630 acti:

2232 5637 2322 5693 dat
2345 5639 2366 5670 ³
2394 5638 2600 5695 duobus
2629 5638 2872 5696 fidelibus
2891 5682 2905 5709 ,
2935 5640 3027 5695 uni
3055 5641 3258 5699 scilicet
3285 5637 3524 5714 cogitanti
3553 5645 3654 5707 qua:
3675 5626 3740 5680 Dei

2297 5773 2311 5837 ξ
2338 5773 2411 5821 sic
2437 5779 2544 5822 Mss.
2569 5771 2688 5822 Editi
2712 5785 2846 5837 vero,
2871 5774 3080 5837 quidem.

2297 5835 2315 5863 ι
2338 5813 3247 5904 ἰῖνῗῐίἷῖιῖζάὶὶὶῖἰαῖ.”ῖῇ”ὣιιίοεε,
3271 5835 3467 5892 accidat.
