3882 6286
122 330 201 388 265
541 332 547 375 ἰ
840 328 847 329 ⁷
1500 332 1645 392 LIBE

1754 335 1944 400 UNUS.

116 452 233 510 sunt,
252 441 501 514 quomodo
526 442 732 513 placeat
754 444 867 500 Deo
886 486 903 511 ,
935 442 1035 499 hoc
1059 452 1161 507 est,
1185 444 1469 503 aediﬁcanti
1498 463 1658 518 super

114 538 340 596 Christum
364 536 779 601 fundamentum,
818 580 835 606 ,
866 554 1054 593 aurum
1101 553 1385 609 argentum
1406 582 1420 606 ,
1454 541 1656 611 lapides

112 638 353 703 pretiosos;
377 629 531 685 alteri
556 640 735 685 autem
761 630 1014 699 cogitanti
1039 645 1102 685 ea
1132 645 1251 700 quae
1280 639 1405 685 sunt
1430 648 1612 687 munut
1637 674 1650 698 ,

109 720 335 795 quomodo
357 722 565 792 placeat
596 720 746 776 uxori
780 719 824 793 (Ι
850 721 969 777 Cor.
995 738 1100 788 vn,
1134 722 1238 791 '52,
1270 723 1362 792 55)
1383 765 1398 792 ,
1446 723 1501 779 id
1540 734 1655 793 cst,

108 813 349 872 aedificanti
389 828 550 884 super
578 811 722 869 idem
768 812 1173 871 fundamentum
1212 814 1354 885 ligna
1380 856 1395 883 ,
1433 816 1613 872 fenum
1636 858 1654 887 ,

105 906 312 978 stipulam
340 924 354 960 :
379 904 521 961 illius
546 906 693 960 enim
718 920 852 976 opus
882 922 987 962 non
1013 908 1280 975 exuritur,
1309 909 1431 979 quia
1457 925 1563 965 non
1592 926 1655 966 ea

105 997 255 1052 dilexit
278 1011 496 1067 quorum
528 996 825 1053 amissione
863 997 1161 1066 crucietur;
1193 1001 1436 1056 exuritur
1475 1010 1655 1058 autem

105 1088 260 1160 hujus,
290 1087 531 1159 quoniam
573 1088 692 1144 sine
716 1089 905 1144 dolore
947 1104 1052 1145 non
1092 1098 1359 1160 pereunt,
1388 1108 1508 1162 quae
1532 1108 1655 1150 cum

104 1195 253 1236 amore
295 1194 535 1249 possessa
580 1187 725 1234 sunt.
753 1178 860 1236 Sed
887 1179 1136 1251 quoniam
1180 1182 1436 1238 alterutra
1472 1184 1656 1239 condi-

104 1273 221 1329 tione
243 1272 498 1343 proposita
518 1313 534 1337 ,
568 1273 652 1327 eis
675 1273 851 1343 potius
875 1288 1061 1331 carere
1090 1275 1273 1331 mallet
1300 1291 1458 1347 quam
1498 1277 1651 1333 Chri-

104 1374 201 1430 sto,
240 1377 327 1420 nec
368 1362 566 1419 timore
611 1363 895 1421 amittendi
940 1365 1064 1421 talia
1115 1364 1318 1422 deserit
1343 1366 1614 1423 Christum
1634 1410 1650 1437 ,

107 1457 304 1528 quamvis
325 1454 500 1512 doleat
519 1471 649 1513 cum
676 1458 892 1523 amittit,
918 1458 1089 1513 salvus
1112 1467 1187 1514 est
1207 1458 1453 1530 quidem,
1483 1463 1555 1516 sic
1576 1470 1655 1516 ta-

108 1567 200 1605 men
231 1550 351 1618 quasi
390 1566 482 1621 per
524 1552 699 1622 ignem
726 1567 746 1606 :
770 1552 895 1622 quia
932 1552 1039 1607 urit
1079 1568 1202 1609 eum
1249 1569 1431 1610 rerum
1460 1556 1650 1627 dolor,

101 1655 208 1713 quas
232 1640 507 1710 dilexerat,
541 1642 903 1710 amissarum;
931 1644 1027 1700 sed
1055 1660 1161 1701 non
1192 1646 1452 1703 subvertit
1480 1664 1653 1721 neque

99 1735 320 1793 consumit
350 1733 692 1793 fundamenti
718 1735 1007 1794 stabilitate
1047 1746 1207 1810 atque
1250 1738 1653 1812 incorruptione

96 1828 333 1885 munitum.
1606 1862 1607 1865 η

148 1918 345 1975 CAPUT
381 1917 575 1977 LXIX.
600 1950 677 1963 —-
699 1918 849 1991 Ignis
885 1920 1039 1975 etiam
1077 1922 1406 1993 purgatorius
1441 1924 1650 1995 quidam

96 2011 317 2083 posthmtc
334 2012 509 2066 citant.
542 2011 680 2068 Tale
721 2010 923 2083 aliquid
952 2011 1116 2068 etiam
1154 2021 1277 2084 post
1315 2015 1452 2070 hanc
1488 2015 1651 2071 vitam

96 2102 211 2169 ﬁeri,
236 2103 539 2161 incredibile
563 2118 675 2159 non
697 2111 779 2158 est
800 2145 816 2171 ,
843 2110 899 2159 et
921 2111 1099 2159 utrum
1127 2105 1197 2159 ita
1224 2105 1326 2171 sit,
1356 2106 1524 2175 queri
1552 2121 1648 2177 po-

95 2203 173 2250 test
194 2213 207 2249 :
230 2206 279 2250 et
300 2204 387 2250 aut
411 2196 668 2262 inveniri,
697 2205 790 2251 aut
808 2195 978 2253 latere
997 2238 1011 2264 ,
1038 2197 1323 2252 nonnullos
1348 2198 1534 2254 ﬁdeles
1557 2214 1654 2269 per

93 2290 234 2359 ignem
257 2288 538 2360 quemdam
562 2289 956 2361 purgatorium,
979 2296 1181 2361 quanto
1207 2290 1378 2361 magis
1407 2291 1651 2348 minusve

91 2380 196 2436 bona
213 2382 470 2452 pereuntia
494 2382 830 2449 dilexerunt,
854 2390 1003 2438 tanto
1029 2381 1231 2438 tardius
1249 2383 1512 2454 citiusque
1536 2384 1646 2439 sal-

92 2474 207 2539 vari;
233 2489 328 2529 non
356 2483 551 2529 tamen
582 2473 717 2530 tales
745 2474 812 2529 de
851 2473 1045 2545 quibus
1085 2473 1287 2531 dictum
1335 2485 1455 2543 est,
1506 2476 1649 2546 quod

92 2582 259 2638 regnum
278 2566 371 2623 Dei
393 2585 499 2623 non
547 2565 871 2638 possidebunt
888 2607 906 2634 ,
938 2566 1041 2622 nisi
1066 2568 1449 2624 convenienter
1476 2570 1651 2641 poeni-

95 2659 278 2715 tentibus
317 2658 505 2716 eadem
569 2659 794 2714 crimina
840 2658 1203 2715 remittantur.
1258 2659 1651 2717 Convenienter

90 2755 229 2804 autem
252 2749 387 2818 dixi,
417 2759 480 2806 ut
505 2750 732 2806 steriles
760 2750 813 2805 in
840 2750 1201 2823 eleemosynis
1228 2766 1336 2807 non
1361 2752 1501 2820 sint,
1526 2753 1647 2824 qui-

92 2838 167 2894 bus
196 2849 379 2897 tantum
420 2840 622 2898 tribuit
648 2839 924 2912 Scriptura
963 2841 1143 2897 divina
1168 2883 1184 2910 ,
1227 2851 1289 2897 ut
1316 2858 1498 2899 earum
1531 2851 1650 2901 tau-

91 2934 319 2990 tummodo
337 2936 582 2992 fructum
618 2949 680 2991 se
703 2934 1088 3005 imputaturum
1114 2936 1436 3006 praenuntiat
1462 2936 1647 2993 Dorm-

92 3039 169 3080 nus
187 3024 369 3083 dextris
387 3068 404 3094 ,
436 3036 496 3084 et
544 3041 733 3082 earum
761 3025 1133 3083 tantummodo
1159 3028 1495 3083 sterilitatem
1525 3028 1650 3085 sini-

93 3116 205 3182 stris;
223 3117 420 3187 quando
448 3118 547 3174 his
574 3118 814 3175 dicturus
841 3125 945 3186 est,
985 3117 1182 3184 Venite,
1204 3117 1449 3174 benedicti
1474 3119 1649 3176 Patris

93 3208 182 3276 mei,
205 3211 427 3281 pacipite
445 3227 672 3283 regnum
694 3228 713 3267 :
738 3211 842 3267 illis
864 3217 1042 3268 autem
1064 3253 1080 3279 ,
1113 3209 1196 3268 Ite
1217 3212 1271 3267 in
1308 3212 1477 3283 ignem
1501 3223 1650 3270 ater-

94 3315 187 3353 num
206 3303 223 3332 ’
252 3301 452 3373 (Matth.
490 3319 625 3367 xxv,
649 3304 752 3368 34,
780 3302 894 3375 4i).

146 3391 339 3450 CAPUT
373 3393 554 3450 LXX.
580 3423 647 3435 --
678 3394 767 3451 i9.
810 3394 1037 3450 Crimina
1069 3395 1397 3467 eleemosynis
1423 3412 1523 3452 non
1562 3414 1645 3452 re-

95 3484 216 3550 dimi,
243 3488 329 3541 nisi
356 3488 458 3541 vita
488 3496 737 3541 mutetur.
767 3486 905 3543 Sane
933 3487 1228 3543 cavendum
1270 3496 1352 3544 est
1392 3503 1461 3544 ne
1498 3488 1646 3559 quis-

95 3591 216 3646 quam
237 3580 502 3637 existimet
526 3579 737 3635 inl‘anda
765 3580 852 3635 illa
872 3580 1117 3648 crimina,
1143 3582 1320 3652 qualia
1346 3583 1438 3652 qui
1458 3592 1638 3651 agunt,

97 3683 274 3739 regnum
302 3674 388 3729 Dei
416 3690 534 3729 non
574 3673 958 3743 possidebunt,
987 3673 1225 3743 quotidie
1256 3674 1608 3744 perpetranda
1626 3716 1642 3743 ,

95 3769 137 3816 et
155 3763 485 3839 eleemosynis
516 3766 753 3837 quotidie
778 3766 1107 3823 redimenda.
1153 3766 1209 3822 In
1235 3768 1425 3825 melius
1447 3769 1645 3840 quippe

95 3856 260 3912 estvita
278 3859 555 3925 mutanda,
576 3868 630 3914 et
656 3874 753 3929 per
778 3860 1149 3935 eleemosynas
1172 3860 1240 3917 de
1261 3862 1494 3931 peccatis
1510 3878 1646 3934 prte-

96 3948 231 4006 teritis
255 3961 329 4008 est
354 3951 732 4025 propitiandus
770 3953 947 4020 Deus;
986 3969 1093 4008 non
1131 3953 1199 4010 ad
1239 3953 1345 4011 hoc
1382 3956 1645 4013 emendus

93 4041 279 4109 quodam
305 4046 472 4102 modo
490 4086 506 4113 ,
546 4053 605 4100 ut
636 4060 699 4101 ea
725 4060 942 4117 semper
966 4045 1126 4102 liceat
1158 4047 1374 4119 impune
1398 4049 1645 4105 commit-

93 4137 196 4187 tere.
222 4132 422 4190 Nemini
450 4136 595 4191 enim
618 4136 757 4191 dedit
792 4137 1131 4193 laxantentum
1171 4139 1413 4209 peccandi
1452 4139 1641 4211 (Eccli.

93 4236 167 4289 xv,
184 4224 263 4297 2t)
286 4246 298 4281 :
319 4228 570 4300 quamvis
590 4228 898 4285 miserando
922 4228 1096 4286 deleat
1112 4228 1224 4301 jam
1242 4230 1379 4286 facta
1404 4240 1640 4303 peccata,

96 4315 231 4374 sinon
252 4321 542 4378 satisfactio
570 4335 805 4392 congrua
835 4322 1149 4393 negligatur.

147 4408 344 4470 CAPUT
377 4412 580 4484 LXXI.
616 4411 860 4469 Oratione
894 4412 1166 4490 Dominica
1214 4416 1415 4486 expiari
1455 4416 1643 4472 leviora

99 4511 278 4566 peccata.
322 4504 399 4562 De
446 4503 770 4575 quotidianis
809 4513 990 4562 autem
1035 4506 1286 4564 brevibus
1330 4507 1642 4580 levibusque

99 4596 303 4664 peccatis,
324 4598 442 4653 sine
460 4597 657 4669 quibus
681 4595 796 4653 haec
814 4597 922 4653 vita
951 4612 1058 4653 non
1084 4598 1313 4665 ducitur,
1336 4600 1641 4671 quotidiana

102 4680 292 4743 ﬁdelium
339 4689 513 4745 oratio
565 4687 844 4744 satisfacit.
896 4688 1097 4745 Eorum
1136 4700 1219 4746 est
1256 4692 1397 4746 enim
1426 4691 1639 4760 dicere,

106 4770 228 4830 Ραλσ
242 4790 397 4839 noster
422 4782 579 4852 quies
600 4782 652 4836 in
674 4782 812 4836 catis
833 4820 849 4848 ,
874 4781 964 4853 qui
986 4781 1096 4851 jam
1124 4781 1265 4837 Patri
1298 4782 1391 4837 tali
1417 4798 1641 4854 regene-

105 4865 182 4917 rati
201 4880 386 4928 suntex
414 4888 552 4944 aqua
580 4881 634 4927 et
660 4872 862 4943 Spiritu
888 4872 909 4904 ³
934 4871 1115 4943 (Joan.
1140 4889 1217 4941 nl,
1240 4874 1319 4945 5).
1351 4874 1501 4931 Delet
1520 4891 1639 4930 om-

105 4952 204 5011 nino
223 4958 323 5017 hzec
348 4964 517 5019 oratio
562 4964 782 5019 minima
808 4973 863 5021 et
887 4964 1191 5035 quotidiana
1218 4977 1455 5036 peccata.
1488 4967 1643 5023 Delet

104 5055 145 5099 et
180 5049 252 5106 illa
278 5070 305 5109 a
337 5056 527 5126 quibus
556 5056 666 5112 vita
706 5055 941 5112 fidelium
981 5058 1140 5113 etiam
1168 5059 1426 5115 scelerate
1448 5071 1596 5131 gesta
1620 5104 1637 5131 ,

105 5141 178 5197 Sed
196 5148 478 5215 pmnitendo
500 5150 553 5206 in
575 5148 769 5206 melius
794 5158 994 5205 mutata
1022 5149 1246 5206 discedit
1273 5170 1287 5205 ε
1313 5151 1357 5206 si
1386 5153 1639 5222 quemad-

104 5236 280 5296 modum
301 5245 558 5301 veraciter
586 5243 812 5311 dicitur,
839 5242 1050 5299 Dimitte
1070 5245 1211 5299 nobis
1240 5244 1406 5299 debita
1431 5254 1602 5300 nostra
1621 5288 1636 5312 ,

105 5332 310 5397 quoniam
348 5352 450 5392 non
481 5336 676 5391 desunt
702 5351 822 5407 quae
850 5335 1220 5401 dimittantur;
1262 5337 1332 5391 ita
1377 5337 1639 5393 veraciter

536 5448 1264 5524 superchristifwtdgmentton.
1540 5511 1551 5522 .
1606 5511 1617 5523 .

330 5484 559 5585 ρεγαρὸιε
807 5522 895 5585 ne;
913 5510 1045 5585 ςριιιε
1063 5520 1344 5585 metm/te.
1368 5510 1633 5585 τιιαιεριιεειε

106 5573 587 5682 iugum
636 5573 815 5637 Voces,
862 5573 986 5635 Dei,
1027 5582 1109 5636 et,
1154 5573 1426 5635 maledicti,
1464 5574 1640 5625 absunt

155 5691 173 5723 ⁸
198 5697 299 5747 Euiti
316 5700 386 5751 hic
410 5708 460 5752 et
493 5699 638 5752 simili
676 5699 782 5751 Ioco
803 5699 943 5761 infra,
964 5713 1070 5764 cap.
1094 5701 1157 5750 75
1172 5739 1185 5761 ,
1214 5700 1408 5764 addunt,
1427 5703 1590 5764 sancto
1619 5710 1637 5749 .'

98 5762 284 5827 Ψξοξ
302 5775 325 5811 a
346 5770 454 5814 Mss.
479 5765 623 5813 abest.
644 5770 697 5814 et
716 5775 746 5812 a
760 5774 937 5827 grano
968 5762 1109 5813 textu
1132 5762 1374 5825 Evangelii
1411 5762 1602 5811 Joannis
1618 5794 1635 5825 ,

92 5821 171 5878 ap.
190 5816 232 5878 3,
249 5818 304 5885 ἃ.
325 5826 373 5888 5,
394 5828 446 5876 in
465 5838 614 5891 quem
635 5816 933 5889 respiciebat
954 5816 1259 5888 Augustinus.

372 5909 596 5973 Stuc'r.
628 5911 911 5972 Ausus'r.
946 5909 1056 5971 VI.

3256 368 3360 426 266

1769 450 2007 519 dicatur,
2059 455 2205 510 Sicut
2251 468 2297 512 et
2345 476 2435 516 nos
2478 464 2778 521 dimittimus
2825 470 3131 531 debitoribus
3173 486 3360 538 nostris

1765 563 1977 633 (Matth.
2006 583 2080 635 vr,
2116 569 2169 637 9,
2205 570 2292 645 l2)
2328 574 2417 629 :id
2448 585 2548 643 est,
2580 577 2623 632 si
2657 579 2672 609 ¹
2696 578 2788 633 ﬁat
2814 582 2953 651 quod
2979 584 3202 656 dicitur;
3228 593 3354 661 quia

1763 668 1817 713 et
1845 660 1960 730 ipsa
1982 664 2323 738 elecmosyna
2352 679 2463 737 est,
2503 675 2713 729 veniam
2740 679 2942 746 petenti
2977 680 3180 738 homini
3202 687 3357 756 igno-

1763 765 1933 808 scere.

1833 843 2061 903 CAPUT
2099 850 2309 907 LXXII.
2351 884 2423 895 —
2460 855 2913 930 Eleemosynarum
2950 880 3136 935 genera
3175 871 3355 925 multa.

1761 935 1839 992 Ac
1867 953 1963 1006 per
2006 940 2110 997 hoc
2152 943 2219 999 ad
2266 947 2446 1001 omnia
2491 964 2610 1018 qua:
2644 950 2756 1005 utili
2788 954 3152 1012 misericordia
3182 961 3354 1030 fiunt,

1761 1030 1899 1086 valet
1930 1034 2072 1103 quod
2114 1035 2371 1093 Dominus
2400 1040 2508 1105 ait,
2550 1040 2685 1097 Date
2717 1044 3083 1118 eleemosynam
3104 1092 3119 1115 ,
3153 1062 3202 1107 et
3244 1072 3359 1109 ecce

1762 1124 1933 1177 omnia
1976 1127 2167 1181 munda
2207 1139 2323 1184 sunt
2364 1131 2503 1186 vobis
2550 1131 2702 1205 (Luc.
2748 1152 2837 1203 xx,
2880 1140 2990 1210 4i).
3022 1140 3137 1196 Non
3183 1148 3355 1203 solum

1760 1227 1887 1284 ergo
1916 1217 1936 1247 ²
1959 1218 2047 1286 qui
2078 1219 2444 1279 datesurienti
2468 1226 2646 1282 cibum
2666 1269 2681 1293 ,
2719 1228 2921 1286 sitienti
2961 1242 3176 1304 potum,
3209 1239 3357 1297 nudo

1759 1307 2173 1395 vestimentum,
2206 1318 2566 1386 peregrinanti
2610 1318 2935 1390 hospitium,
2966 1323 3183 1395 fugienti
3232 1331 3355 1385 lati-

1757 1394 1976 1465 bulum,
2018 1412 2219 1471 mgroto
2246 1406 2330 1459 vel
2368 1407 2575 1463 incluso
2601 1410 2987 1479 visitationem,
3030 1394 3239 1487 eaptivo
3270 1437 3355 1476 re-
3416 1442 3423 1453 ·

1757 1487 2116 1559 demptionem
2143 1536 2155 1557 ,
2210 1493 2370 1549 debili
2415 1499 2839 1567 subvectionem,
2884 1520 3027 1560 croco
3069 1507 3351 1566 deductio-

1758 1594 1906 1644 ncm,
1948 1582 2087 1637 tristi
2112 1587 2565 1658 consolationem,
2599 1608 2707 1648 non
2755 1610 2887 1650 sano
2924 1599 3219 1669 medelam,
3266 1622 3353 1660 er-
3441 1607 3444 1610 ’

1756 1671 1896 1725 ranti
1924 1672 2099 1742 viam,
2132 1676 2450 1735 deliberanti
2477 1684 2789 1753 consilium,
2823 1695 2877 1741 et
2913 1691 3054 1758 quod
3095 1697 3286 1764 cuique
3329 1696 3352 1729 ³

1757 1764 2118 1820 necessarium
2146 1777 2230 1823 est
2269 1770 2564 1841 indigenti;
2614 1790 2802 1829 verum
2832 1778 2993 1833 etiam
3021 1782 3109 1851 qui
3141 1783 3231 1838 dat
3256 1802 3348 1841 vc-

1756 1853 1898 1909 niam
1920 1858 2183 1926 peccanti,
2204 1861 2599 1935 eleemosynam
2620 1865 2738 1931 dat;
2764 1878 2820 1922 et
2847 1870 2935 1938 qui
2956 1873 3206 1928 emendat
3230 1892 3350 1932 ver-

1756 1943 1885 2001 bere
1910 1946 1964 2001 in
1986 1964 2145 2019 quem
2176 1959 2411 2020 potestas
2431 1954 2605 2019 datur,
2634 1958 2718 2013 vel
2745 1970 2959 2015 coercet
2984 1963 3159 2034 aliqua
3187 1967 3349 2024 disci-

1756 2036 1900 2106 plina
1918 2080 1933 2105 ,
1962 2048 2016 2095 et
2042 2050 2218 2098 tamen
2249 2056 2527 2114 peccatum
2553 2048 2669 2117 ejus
2692 2091 2706 2112 ,
2739 2066 2845 2121 quo
2864 2053 2932 2107 ab
2962 2053 3055 2109 illo
3084 2056 3241 2113 laesus
3262 2072 3351 2117 aut

1754 2126 1989 2185 oli‘ensus
2014 2140 2116 2198 est,
2150 2133 2369 2189 dimittit
2393 2151 2457 2191 ex
2488 2139 2673 2207 corde,
2702 2142 2785 2196 vel
2812 2154 2928 2198 orat
2956 2154 3011 2199 ut
3036 2147 3084 2201 ei
3109 2148 3348 2205 dimitta-

1756 2231 1871 2292 tur,
1903 2241 2007 2282 non
2039 2228 2212 2283 solum
2240 2231 2291 2284 in
2318 2246 2383 2287 eo
2408 2234 2548 2301 quod
2574 2233 2794 2290 dimittit
2819 2246 2979 2307 atque
3006 2251 3146 2309 orat,
3168 2259 3351 2300 verum

1754 2318 1917 2373 etiam
1944 2320 1997 2373 in
2026 2335 2092 2376 eo
2111 2322 2253 2392 quod
2273 2324 2515 2393 corripit,
2535 2334 2591 2380 ct
2609 2327 2786 2399 aliqua
2812 2330 3174 2388 emendatoria
3193 2350 3350 2404 poena

1754 2410 2397 2487 plectit,-eleemosynam
2442 2418 2565 2485 dat;
2610 2421 2733 2490 quia
2763 2423 3182 2481 misericordiam
3215 2444 3351 2498 prae-

1754 2511 1877 2559 stat.
1907 2505 2067 2562 Multa
2098 2509 2241 2564 enim
2272 2510 2409 2566 bona
2436 2522 2760 2582 prmstantur
2790 2516 2989 2586 invitis,
3016 2522 3230 2590 quando
3258 2538 3349 2580 eo—

1751 2613 1871 2653 rum
1899 2602 2199 2657 consulitur
2224 2604 2471 2671 utilitati,
2501 2620 2607 2661 non
2634 2609 2892 2663 voluntati
2922 2628 2938 2665 :
2967 2613 3089 2681 quia
3119 2613 3220 2685 ipsi
3248 2617 3349 2671 sibi

1752 2689 2091 2748 inveniuntur
2116 2709 2237 2750 esse
2254 2696 2479 2762 inimici,
2520 2697 2677 2752 amici
2699 2714 2827 2753 vero
2856 2716 3040 2755 eorum
3071 2706 3246 2773 potius
3270 2707 3348 2761 illi

1750 2796 1885 2852 quos
1930 2782 2173 2840 inimicos
2201 2793 2419 2855 putant;
2451 2796 2506 2842 et
2546 2787 2776 2843 reddunt
2812 2792 3043 2847 errando
3087 2796 3221 2848 main
3252 2813 3348 2866 pro

1752 2872 1928 2941 bonis,
1959 2890 2079 2931 cum
2104 2877 2330 2933 reddere
2358 2879 2498 2934 mala
2524 2879 2845 2936 christianus
2874 2899 2980 2938 non
3019 2885 3211 2943 debeat
3241 2906 3344 2946 nec

1752 2984 1851 3039 pro
1873 2970 2046 3053 malis.
2080 2972 2238 3026 Multa
2267 2972 2444 3044 itaque
2467 2988 2661 3043 genera
2687 2986 2813 3030 sunt
2844 2978 3303 3053 eleemosynarum
3329 3026 3346 3052 ,

1750 3075 1870 3131 qua:
1895 3052 2017 3117 cum
2062 3062 2319 3132 facimus,
2349 3064 2663 3135 adjuvamur
2688 3075 2742 3121 ut
2787 3066 3122 3126 dimittantur
3166 3084 3349 3133 nostra

1751 3164 1989 3225 peccata.

1822 3249 2048 3307 CAPUT
2090 3251 2322 3307 LXXIII.
2359 3282 2432 3293 —
2468 3252 2822 3325 Eleemosgme
2845 3271 3005 3327 genus
3032 3258 3343 3330 maximum,

1751 3356 1958 3413 parcere
1979 3341 2217 3395 inimicis.
2237 3339 2343 3397 Sed
2367 3357 2431 3397 ea
2462 3340 2592 3397 nihil
2622 3352 2707 3400 est
2733 3344 2936 3414 majus,
2960 3360 3062 3417 qua
3090 3363 3155 3403 ex
3184 3351 3347 3407 corde

1750 3432 2084 3499 dimittimus,
2103 3433 2244 3505 quod
2272 3435 2322 3489 in
2351 3450 2450 3491 nos
2477 3436 2702 3507 quisque
2722 3439 2981 3507 peccavit.
3004 3439 3176 3497 Minus
3201 3446 3344 3499 enim

1749 3540 2001 3596 magnum
2027 3534 2109 3581 est
2128 3542 2254 3598 erga
2273 3542 2395 3583 eum
2422 3542 2544 3584 esse
2568 3528 2910 3597 benevolum,
2934 3533 3047 3588 sive
3068 3534 3229 3589 etiam
3252 3536 3345 3591 be-

1749 3618 2000 3688 neﬁcum,
2019 3620 2109 3690 qui
2140 3621 2234 3675 tibi
2264 3620 2389 3675 mali
2414 3621 2543 3676 nihil
2569 3619 2759 3678 fecerit
2783 3639 2799 3678 :
2828 3623 2958 3679 illud
2985 3625 3151 3681 multo
3178 3642 3342 3696 gran-

1748 3712 1867 3770 dius
1887 3722 1942 3769 et
1969 3712 2509 3784 magnificentissimae
2534 3713 2790 3771 bonitatis
2815 3724 2928 3783 est,
2950 3726 3009 3771 ut
3036 3726 3182 3773 tuum
3205 3734 3341 3790 quo-

1746 3822 1851 3878 que
1876 3808 2147 3863 inimicum
2175 3806 2385 3878 diligas,
2412 3814 2469 3862 et
2486 3806 2537 3862 ei
2565 3806 2656 3877 qui
2685 3807 2778 3862 tibi
2807 3806 3008 3863 malum
3037 3810 3186 3878 vult,
3214 3820 3269 3865 et
3296 3812 3342 3867 si

1747 3907 1927 3970 potest
1940 3900 2082 3965 facit,
2099 3907 2155 3954 tu
2171 3900 2369 3954 bonum
2395 3912 2609 3969 semper
2627 3898 2782 3964 velis,
2796 3898 3067 3969 faciasque
3081 3917 3201 3956 cum
3221 3918 3341 3972 pos-

1747 3994 1821 4048 sis
1841 3992 1881 4057 ",
1905 3991 2126 4047 audiens
2145 3990 2412 4046 dicentem
2437 3990 2624 4058 Deum,
2647 3989 2858 4061 Diligite
2878 3991 3105 4047 inimicos
3128 4004 3337 4063 vestros,

1746 4082 1869 4140 bene
1888 4085 2036 4149 facite
2050 4084 2122 4138 eis
2141 4084 2228 4148 qui
2247 4099 2333 4137 vos
2352 4081 2565 4136 oderunt
2576 4122 2591 4147 ,
2605 4090 2653 4136 et
2668 4091 2810 4135 orate
2824 4097 2918 4151 pro
2935 4082 3104 4152 eisqui
3117 4099 3203 4139 vos
3218 4101 3333 4154 per-

1745 4188 2021 4247 sequuntur
2058 4175 2269 4247 (Matth.
2299 4190 2363 4241 v,
2405 4173 2519 4244 44).
2563 4172 2673 4229 Sed
2702 4174 2951 4243 quoniam
2982 4172 3338 4243 perfecturum

1746 4280 1871 4328 sunt
1889 4271 1991 4326 ista
2018 4269 2249 4323 llliorum
2274 4266 2399 4335 Dei,
2428 4279 2535 4337 quo
2561 4263 2778 4335 quidem
2809 4280 2869 4320 se
2887 4265 3046 4322 debet
3069 4267 3244 4322 omnis
3271 4268 3337 4323 ti-

1745 4363 1883 4419 delis
1907 4359 2196 4418 extendere
2218 4400 2235 4427 ,
2262 4366 2319 4415 et
2345 4357 2636 4413 humanum
2674 4357 2911 4412 animum
2937 4356 3006 4413 ad
3038 4357 3179 4413 hunc
3202 4358 3337 4416 affe-

1746 4465 1920 4522 ctum,
1952 4452 2156 4508 orando
2196 4452 2363 4508 Deum
2384 4493 2399 4520 ,
2427 4464 2718 4535 secumque
2745 4448 2952 4519 agendo
2977 4448 3336 4521 luctantiaque

1746 4548 2071 4620 perducere:
2096 4556 2270 4616 tamen
2292 4545 2414 4616 quia
2431 4543 2534 4598 hoc
2559 4553 2664 4598 tam
2682 4556 2931 4613 magnum
2950 4541 3149 4597 bonum
3176 4552 3334 4602 tantas

1744 4638 2098 4697 multitudinis
2143 4652 2249 4693 non
2295 4644 2414 4702 est,
2464 4642 2713 4707 quantam
2743 4632 3012 4689 credimus
3055 4634 3333 4705 exaudiri,

1745 4750 1867 4793 cum
1895 4736 1948 4788 in
1984 4732 2225 4789 oratione
2251 4730 2447 4786 dicitur
2470 4771 2485 4795 ,
2518 4727 2729 4783 Dimitte
2755 4728 2898 4782 nobis
2922 4725 3091 4783 debita
3118 4739 3297 4785 nostra
3315 4772 3333 4800 ,

1744 4830 1871 4884 sicut
1899 4836 1949 4882 et
1972 4843 2062 4882 nos
2082 4824 2379 4879 dimittimus
2400 4818 2703 4875 debitoribus
2728 4820 2933 4886 nostris;
2960 4821 3144 4891 procul
3168 4822 3333 4879 dubio

1744 4919 1907 4976 verba
1932 4917 2237 4990 sponsionis
2268 4915 2424 4983 hujus
2454 4910 2741 4981 implentur
2758 4952 2772 4978 ,
2814 4910 2861 4967 si
2887 4910 3051 4969 homo
3071 4911 3165 4984 qui
3188 4928 3329 4970 non-

1744 5012 1872 5068 dum
1901 5010 1977 5066 ita
2002 5006 2227 5078 profecit
2249 5047 2265 5071 ,
2291 5012 2348 5059 ut
2378 5002 2488 5073 jam
2517 5002 2539 5035 ⁸
2565 5001 2751 5073 diligat
2795 5004 3069 5061 inimicum
3092 5047 3107 5073 ,
3145 5013 3333 5063 tamen

1745 5101 1959 5173 quando
1982 5104 2199 5169 rogatur
2224 5096 2291 5150 ab
2320 5094 2533 5149 homine
2561 5094 2651 5164 qui
2676 5095 2916 5163 peccavit
2939 5097 2995 5153 in
3022 5113 3169 5165 eum,
3198 5106 3255 5153 ut
3280 5098 3332 5154 ei

1810 5260 1827 5291 ι
1862 5252 2811 5317 Abest,si,ai§ss.etabA_m.Er.Dan.

1804 5322 1826 5353 ³
1859 5326 1928 5369 tta
1944 5312 2051 5368 Mss.
2077 5312 2131 5367 A't
2153 5314 2288 5375 editi,
2311 5326 2406 5364 non
2427 5312 2582 5365 solum
2601 5320 2778 5366 autem.

1806 5383 1829 5416 ⁸
1855 5381 2028 5449 Plu?“
2049 5387 2175 5437 MSS"
2198 5375 2563 5449 συοφαπηιιυες,
3024 5442 3035 5449 ,
3216 5435 3247 5449 ,.

1790 5443 2045 5509 ἔριθιίῳιθ
2060 5435 2187 5500 Mss»,
2202 5435 2328 5509 quod
2523 5444 2729 5509 Moxque
2742 5442 3118 5509 prosequuntur,

1742 5499 1980 5571 diametri
2004 5499 2186 5564 Deum;
2208 5499 2307 5571 vel,
2333 5499 2533 5550 audiens
2565 5499 3021 5571 gemmeam,
3045 5499 3328 5571 qute__etiam

1742 5569 1889 5620 lectio
1913 5572 1990 5616 est
2008 5575 2108 5614 Am.
2132 5560 2206 5613 Er.
2222 5560 2338 5613 Dan.
2356 5574 2547 5632 necnon
2567 5563 2599 5611 5
2619 5568 2772 5621 Sent.,
2788 5560 2999 5632 dist._30,
3015 5560 3234 5632 cupatrio
3255 5572 3332 5632 so-

1744 5632 1822 5691 let.
1848 5637 1902 5681 At
1922 5636 2029 5679 Lov.
2054 5634 2107 5678 et
2126 5634 2233 5675 Arn.
2260 5631 2369 5691 post
2390 5626 2559 5691 verba,
2584 5636 2693 5673 cum
2710 5620 2877 5691 possis,
2902 5622 3007 5671 haec
3027 5620 3287 5689 subjiciunt
3309 5635 3323 5691 ξ

1745 5688 1880 5744 Illius
1900 5703 2079 5754 memor
2104 5682 2333 5753 exempti,
2367 5682 2449 5754 qui
2467 5683 2521 5736 in
2541 5682 3329 5754 crucependensprosuisexorat

1742 5750 2141 5823 persecutoribus,
2158 5746 2361 5822 suosque
2374 5746 2620 5820 admonuit
2642 5746 2804 5796 dicens
2828 5759 2840 5794 :
2869 5746 3079 5811 Diligitc.
3107 5752 3201 5796 etc.

1810 5820 1828 5852 ί
1865 5824 1966 5866 Duo
1986 5828 2017 5864 e
2034 5815 2271 5863 Vaticanis
2292 5817 2421 5866 Mss,
2440 5814 2491 5859 ut
2505 5815 2663 5859 etiam.

2386 5842 2421 5871 θ’
2443 5842 2490 5859 uo
2505 5842 2663 5859 ιιιιυηο

2558 5894 2816 5967 {Neuﬂ}
