  <div class='ocr_page' id='page_1' title='image "/cluster/home/n/w/nwhite01/storage/ocr_20150623/40/uva.x000669811/141.png"; bbox 0 0 3882 6286; ppageno 0'>
   <div class='ocr_carea' id='block_1_1' title="bbox 511 437 2109 516">
    <p class='ocr_par' dir='ltr' id='par_1_1' title="bbox 511 437 2109 516">
     <span class='ocr_line' id='line_1_1' title="bbox 511 437 2109 516; baseline -0.015 0"><span class='ocrx_word' id='word_1_1' title='bbox 511 451 785 516; x_wconf 80' lang='lat' dir='ltr'><strong>dimittat,</strong></span> <span class='ocrx_word' id='word_1_2' title='bbox 813 445 1032 507; x_wconf 82' lang='lat' dir='ltr'><strong>dimittit</strong></span> <span class='ocrx_word' id='word_1_3' title='bbox 1073 459 1140 501; x_wconf 85' lang='lat' dir='ltr'><strong>ex</strong></span> <span class='ocrx_word' id='word_1_4' title='bbox 1165 443 1327 504; x_wconf 80' lang='lat' dir='ltr'><strong>corde</strong></span> <span class='ocrx_word' id='word_1_5' title='bbox 1365 461 1379 497; x_wconf 93' lang='lat'><strong>:</strong></span> <span class='ocrx_word' id='word_1_6' title='bbox 1409 440 1535 512; x_wconf 84' lang='lat' dir='ltr'><strong>quia</strong></span> <span class='ocrx_word' id='word_1_7' title='bbox 1561 439 1725 498; x_wconf 75' lang='lat' dir='ltr'><strong>et&#39;mn</strong></span> <span class='ocrx_word' id='word_1_8' title='bbox 1755 438 1860 496; x_wconf 92' lang='lat' dir='ltr'><strong>sibi</strong></span> <span class='ocrx_word' id='word_1_9' title='bbox 1897 437 2109 509; x_wconf 75' lang='lat' dir='ltr'><strong>roganti</strong></span> 
     </span>
    </p>
   </div>
   <div class='ocr_carea' id='block_1_2' title="bbox 511 529 2110 615">
    <p class='ocr_par' dir='ltr' id='par_1_2' title="bbox 511 529 2110 615">
     <span class='ocr_line' id='line_1_2' title="bbox 511 529 2110 615; baseline -0.011 -14"><span class='ocrx_word' id='word_1_10' title='bbox 511 547 698 615; x_wconf 84' lang='lat' dir='ltr'><strong>utique</strong></span> <span class='ocrx_word' id='word_1_11' title='bbox 725 541 834 602; x_wconf 79' lang='lat' dir='ltr'><strong>vult</strong></span> <span class='ocrx_word' id='word_1_12' title='bbox 858 538 1076 604; x_wconf 89' lang='lat' dir='ltr'><strong>dimitti,</strong></span> <span class='ocrx_word' id='word_1_13' title='bbox 1103 553 1225 596; x_wconf 84' lang='lat' dir='ltr'><strong>cum</strong></span> <span class='ocrx_word' id='word_1_14' title='bbox 1245 544 1364 592; x_wconf 85' lang='lat' dir='ltr'><strong>orat</strong></span> <span class='ocrx_word' id='word_1_15' title='bbox 1387 543 1442 591; x_wconf 90' lang='lat' dir='ltr'><strong>et</strong></span> <span class='ocrx_word' id='word_1_16' title='bbox 1462 532 1622 600; x_wconf 87' lang='lat' dir='ltr'><strong>dicit,</strong></span> <span class='ocrx_word' id='word_1_17' title='bbox 1665 532 1812 590; x_wconf 81' lang='lat' dir='ltr'><strong>Sicut</strong></span> <span class='ocrx_word' id='word_1_18' title='bbox 1840 540 1888 590; x_wconf 87' lang='lat' dir='ltr'><strong>et</strong></span> <span class='ocrx_word' id='word_1_19' title='bbox 1917 547 2012 592; x_wconf 77' lang='lat' dir='ltr'><strong>nos</strong></span> <span class='ocrx_word' id='word_1_20' title='bbox 2037 529 2110 586; x_wconf 79' lang='lat' dir='ltr'><strong>di-</strong></span> 
     </span>
    </p>
   </div>
   <div class='ocr_carea' id='block_1_3' title="bbox 515 622 2106 697">
    <p class='ocr_par' dir='ltr' id='par_1_3' title="bbox 515 622 2106 697">
     <span class='ocr_line' id='line_1_3' title="bbox 515 622 2106 697; baseline -0.011 -3"><span class='ocrx_word' id='word_1_21' title='bbox 515 639 759 694; x_wconf 73' lang='lat' dir='ltr'><strong>mittimus</strong></span> <span class='ocrx_word' id='word_1_22' title='bbox 787 631 1091 690; x_wconf 74' lang='lat' dir='ltr'><strong>debitoribus</strong></span> <span class='ocrx_word' id='word_1_23' title='bbox 1119 629 1340 694; x_wconf 86' lang='lat' dir='ltr'><strong>nostris;</strong></span> <span class='ocrx_word' id='word_1_24' title='bbox 1365 627 1420 684; x_wconf 89' lang='lat' dir='ltr'><strong>id</strong></span> <span class='ocrx_word' id='word_1_25' title='bbox 1440 634 1561 697; x_wconf 87' lang='lat' dir='ltr'><strong>est,</strong></span> <span class='ocrx_word' id='word_1_26' title='bbox 1590 624 1679 684; x_wconf 89' lang='lat' dir='ltr'><strong>Sic</strong></span> <span class='ocrx_word' id='word_1_27' title='bbox 1698 622 1912 684; x_wconf 86' lang='lat' dir='ltr'><strong>dimitte</strong></span> <span class='ocrx_word' id='word_1_28' title='bbox 1931 622 2106 679; x_wconf 88' lang='lat' dir='ltr'><strong>debita</strong></span> 
     </span>
    </p>
   </div>
   <div class='ocr_carea' id='block_1_4' title="bbox 517 715 2109 799">
    <p class='ocr_par' dir='ltr' id='par_1_4' title="bbox 517 715 2109 799">
     <span class='ocr_line' id='line_1_4' title="bbox 517 715 2109 799; baseline -0.011 -12"><span class='ocrx_word' id='word_1_29' title='bbox 517 739 703 788; x_wconf 88' lang='lat' dir='ltr'><strong>nostra</strong></span> <span class='ocrx_word' id='word_1_30' title='bbox 748 725 1057 799; x_wconf 81' lang='lat' dir='ltr'><strong>rogantibus</strong></span> <span class='ocrx_word' id='word_1_31' title='bbox 1077 722 1230 778; x_wconf 91' lang='lat' dir='ltr'><strong>nobis</strong></span> <span class='ocrx_word' id='word_1_32' title='bbox 1248 763 1263 790; x_wconf 94' lang='lat'><strong>,</strong></span> <span class='ocrx_word' id='word_1_33' title='bbox 1291 720 1429 776; x_wconf 87' lang='lat' dir='ltr'><strong>sicut</strong></span> <span class='ocrx_word' id='word_1_34' title='bbox 1463 725 1520 775; x_wconf 90' lang='lat' dir='ltr'><strong>et</strong></span> <span class='ocrx_word' id='word_1_35' title='bbox 1545 731 1646 774; x_wconf 89' lang='lat' dir='ltr'><strong>nos</strong></span> <span class='ocrx_word' id='word_1_36' title='bbox 1669 715 1989 773; x_wconf 81' lang='lat' dir='ltr'><strong>dimittimus</strong></span> <span class='ocrx_word' id='word_1_37' title='bbox 2017 728 2109 770; x_wconf 85' lang='lat' dir='ltr'><strong>ro-</strong></span> 
     </span>
    </p>
   </div>
   <div class='ocr_carea' id='block_1_5' title="bbox 517 815 1362 896">
    <p class='ocr_par' dir='ltr' id='par_1_5' title="bbox 517 815 1362 896">
     <span class='ocr_line' id='line_1_5' title="bbox 517 815 1362 896; baseline -0.013 -17"><span class='ocrx_word' id='word_1_38' title='bbox 517 822 766 896; x_wconf 71' lang='lat' dir='ltr'><strong>gantibus</strong></span> <span class='ocrx_word' id='word_1_39' title='bbox 784 817 1118 882; x_wconf 82' lang='lat' dir='ltr'><strong>debitoribus</strong></span> <span class='ocrx_word' id='word_1_40' title='bbox 1142 815 1362 882; x_wconf 82' lang='lat' dir='ltr'><strong>nostris,</strong></span> 
     </span>
    </p>
   </div>
   <div class='ocr_carea' id='block_1_6' title="bbox 589 900 2110 971">
    <p class='ocr_par' dir='ltr' id='par_1_6' title="bbox 589 900 2110 971">
     <span class='ocr_line' id='line_1_6' title="bbox 589 900 2110 971; baseline -0.012 0"><span class='ocrx_word' id='word_1_41' title='bbox 589 911 817 971; x_wconf 87' lang='lat' dir='ltr'><strong>CAPUT</strong></span> <span class='ocrx_word' id='word_1_42' title='bbox 856 907 1091 968; x_wconf 78' lang='lat' dir='ltr'><strong>LXXIV.</strong></span> <span class='ocrx_word' id='word_1_43' title='bbox 1114 937 1188 962; x_wconf 89' lang='lat'><strong>-.—</strong></span> <span class='ocrx_word' id='word_1_44' title='bbox 1208 905 1429 962; x_wconf 87' lang='lat' dir='ltr'><strong>Peccata</strong></span> <span class='ocrx_word' id='word_1_45' title='bbox 1465 921 1568 966; x_wconf 83' lang='lat' dir='ltr'><strong>non</strong></span> <span class='ocrx_word' id='word_1_46' title='bbox 1597 903 1867 962; x_wconf 76' lang='lat' dir='ltr'><strong>dimittenti</strong></span> <span class='ocrx_word' id='word_1_47' title='bbox 1895 917 1996 958; x_wconf 85' lang='lat' dir='ltr'><strong>non</strong></span> <span class='ocrx_word' id='word_1_48' title='bbox 2025 900 2110 956; x_wconf 90' lang='lat' dir='ltr'><strong>di-</strong></span> 
     </span>
    </p>
   </div>
   <div class='ocr_carea' id='block_1_7' title="bbox 521 994 2108 1070">
    <p class='ocr_par' dir='ltr' id='par_1_7' title="bbox 521 994 2108 1070">
     <span class='ocr_line' id='line_1_7' title="bbox 521 994 2108 1070; baseline -0.009 -8"><span class='ocrx_word' id='word_1_49' title='bbox 521 1009 785 1062; x_wconf 84' lang='lat' dir='ltr'><strong>mittuntur</strong></span> <span class='ocrx_word' id='word_1_50' title='bbox 809 1020 840 1056; x_wconf 91' lang='lat' dir='ltr'><strong>a</strong></span> <span class='ocrx_word' id='word_1_51' title='bbox 867 1001 994 1057; x_wconf 66' lang='lat' dir='ltr'><strong>Deo.</strong></span> <span class='ocrx_word' id='word_1_52' title='bbox 1013 1000 1132 1060; x_wconf 74' lang='lat' dir='ltr'><strong>iam</strong></span> <span class='ocrx_word' id='word_1_53' title='bbox 1155 1015 1281 1055; x_wconf 89' lang='lat' dir='ltr'><strong>vero</strong></span> <span class='ocrx_word' id='word_1_54' title='bbox 1302 998 1392 1070; x_wconf 86' lang='lat' dir='ltr'><strong>qui</strong></span> <span class='ocrx_word' id='word_1_55' title='bbox 1413 1013 1560 1068; x_wconf 90' lang='lat' dir='ltr'><strong>eum,</strong></span> <span class='ocrx_word' id='word_1_56' title='bbox 1588 997 1643 1054; x_wconf 89' lang='lat' dir='ltr'><strong>in</strong></span> <span class='ocrx_word' id='word_1_57' title='bbox 1665 1011 1823 1068; x_wconf 83' lang='lat' dir='ltr'><strong>quem</strong></span> <span class='ocrx_word' id='word_1_58' title='bbox 1850 994 2108 1070; x_wconf 79' lang='lat' dir='ltr'><strong>peccavit,</strong></span> 
     </span>
    </p>
   </div>
   <div class='ocr_carea' id='block_1_8' title="bbox 521 1093 2109 1165">
    <p class='ocr_par' dir='ltr' id='par_1_8' title="bbox 521 1093 2109 1165">
     <span class='ocr_line' id='line_1_8' title="bbox 521 1093 2109 1165; baseline -0.009 -9"><span class='ocrx_word' id='word_1_59' title='bbox 521 1100 794 1157; x_wconf 86' lang='lat' dir='ltr'><strong>hominem</strong></span> <span class='ocrx_word' id='word_1_60' title='bbox 818 1104 989 1165; x_wconf 75' lang='lat' dir='ltr'><strong>rogat,</strong></span> <span class='ocrx_word' id='word_1_61' title='bbox 1013 1093 1058 1148; x_wconf 88' lang='lat' dir='ltr'><strong>si</strong></span> <span class='ocrx_word' id='word_1_62' title='bbox 1090 1099 1308 1162; x_wconf 88' lang='lat' dir='ltr'><strong>peccato</strong></span> <span class='ocrx_word' id='word_1_63' title='bbox 1335 1107 1432 1148; x_wconf 91' lang='lat' dir='ltr'><strong>suo</strong></span> <span class='ocrx_word' id='word_1_64' title='bbox 1463 1098 1706 1148; x_wconf 83' lang='lat' dir='ltr'><strong>movetur</strong></span> <span class='ocrx_word' id='word_1_65' title='bbox 1725 1097 1782 1145; x_wconf 90' lang='lat' dir='ltr'><strong>ut</strong></span> <span class='ocrx_word' id='word_1_66' title='bbox 1804 1095 1975 1160; x_wconf 75' lang='lat' dir='ltr'><strong>roget,</strong></span> <span class='ocrx_word' id='word_1_67' title='bbox 2003 1103 2109 1144; x_wconf 88' lang='lat' dir='ltr'><strong>non</strong></span> 
     </span>
    </p>
   </div>
   <div class='ocr_carea' id='block_1_9' title="bbox 519 1181 2114 1258">
    <p class='ocr_par' dir='ltr' id='par_1_9' title="bbox 519 1181 2114 1258">
     <span class='ocr_line' id='line_1_9' title="bbox 519 1181 2114 1258; baseline -0.009 -9"><span class='ocrx_word' id='word_1_68' title='bbox 519 1204 603 1249; x_wconf 86' lang='lat' dir='ltr'><strong>est</strong></span> <span class='ocrx_word' id='word_1_69' title='bbox 641 1191 815 1246; x_wconf 89' lang='lat' dir='ltr'><strong>adhuc</strong></span> <span class='ocrx_word' id='word_1_70' title='bbox 849 1185 1188 1258; x_wconf 87' lang='lat' dir='ltr'><strong>deputandus</strong></span> <span class='ocrx_word' id='word_1_71' title='bbox 1215 1185 1497 1256; x_wconf 83' lang='lat' dir='ltr'><strong>inimicus,</strong></span> <span class='ocrx_word' id='word_1_72' title='bbox 1545 1194 1602 1242; x_wconf 88' lang='lat' dir='ltr'><strong>ut</strong></span> <span class='ocrx_word' id='word_1_73' title='bbox 1640 1199 1764 1240; x_wconf 87' lang='lat' dir='ltr'><strong>eum</strong></span> <span class='ocrx_word' id='word_1_74' title='bbox 1792 1183 2016 1253; x_wconf 70' lang='lat' dir='ltr'><strong>diligere</strong></span> <span class='ocrx_word' id='word_1_75' title='bbox 2042 1181 2114 1238; x_wconf 85' lang='lat' dir='ltr'><strong>sit</strong></span> 
     </span>
    </p>
   </div>
   <div class='ocr_carea' id='block_1_10' title="bbox 519 1275 2112 1350">
    <p class='ocr_par' dir='ltr' id='par_1_10' title="bbox 519 1275 2112 1350">
     <span class='ocr_line' id='line_1_10' title="bbox 519 1275 2112 1350; baseline -0.009 -6"><span class='ocrx_word' id='word_1_76' title='bbox 519 1285 767 1350; x_wconf 83' lang='lat' dir='ltr'><strong>diﬂicile,</strong></span> <span class='ocrx_word' id='word_1_77' title='bbox 796 1281 934 1338; x_wconf 88' lang='lat' dir='ltr'><strong>sicut</strong></span> <span class='ocrx_word' id='word_1_78' title='bbox 967 1278 1185 1338; x_wconf 81' lang='lat' dir='ltr'><strong>diﬂicile</strong></span> <span class='ocrx_word' id='word_1_79' title='bbox 1217 1288 1334 1335; x_wconf 88' lang='lat' dir='ltr'><strong>erat</strong></span> <span class='ocrx_word' id='word_1_80' title='bbox 1371 1276 1583 1348; x_wconf 80' lang='lat' dir='ltr'><strong>quando</strong></span> <span class='ocrx_word' id='word_1_81' title='bbox 1615 1275 1919 1334; x_wconf 80' lang='lat' dir='ltr'><strong>inimicitias</strong></span> <span class='ocrx_word' id='word_1_82' title='bbox 1953 1289 2112 1330; x_wconf 90' lang='lat' dir='ltr'><strong>exer-</strong></span> 
     </span>
    </p>
   </div>
   <div class='ocr_carea' id='block_1_11' title="bbox 518 1365 2111 1446">
    <p class='ocr_par' dir='ltr' id='par_1_11' title="bbox 518 1365 2111 1446">
     <span class='ocr_line' id='line_1_11' title="bbox 518 1365 2111 1446; baseline -0.009 -12"><span class='ocrx_word' id='word_1_83' title='bbox 518 1379 690 1434; x_wconf 89' lang='lat' dir='ltr'><strong>cebat.</strong></span> <span class='ocrx_word' id='word_1_84' title='bbox 723 1374 974 1446; x_wconf 85' lang='lat' dir='ltr'><strong>Quisquis</strong></span> <span class='ocrx_word' id='word_1_85' title='bbox 1013 1380 1196 1430; x_wconf 87' lang='lat' dir='ltr'><strong>autem</strong></span> <span class='ocrx_word' id='word_1_86' title='bbox 1237 1370 1446 1444; x_wconf 82' lang='lat' dir='ltr'><strong>roganti</strong></span> <span class='ocrx_word' id='word_1_87' title='bbox 1489 1378 1542 1428; x_wconf 85' lang='lat' dir='ltr'><strong>et</strong></span> <span class='ocrx_word' id='word_1_88' title='bbox 1583 1369 1786 1439; x_wconf 78' lang='lat' dir='ltr'><strong>peccati</strong></span> <span class='ocrx_word' id='word_1_89' title='bbox 1824 1367 1906 1430; x_wconf 85' lang='lat' dir='ltr'><strong>sui</strong></span> <span class='ocrx_word' id='word_1_90' title='bbox 1935 1365 2111 1439; x_wconf 71' lang='lat' dir='ltr'><strong>pinni-</strong></span> 
     </span>
    </p>
   </div>
   <div class='ocr_carea' id='block_1_12' title="bbox 517 1460 2112 1539">
    <p class='ocr_par' dir='ltr' id='par_1_12' title="bbox 517 1460 2112 1539">
     <span class='ocr_line' id='line_1_12' title="bbox 517 1460 2112 1539; baseline -0.007 -13"><span class='ocrx_word' id='word_1_91' title='bbox 517 1470 651 1527; x_wconf 85' lang='lat' dir='ltr'><strong>tenti</strong></span> <span class='ocrx_word' id='word_1_92' title='bbox 680 1483 787 1525; x_wconf 90' lang='lat' dir='ltr'><strong>non</strong></span> <span class='ocrx_word' id='word_1_93' title='bbox 813 1481 882 1522; x_wconf 89' lang='lat' dir='ltr'><strong>ex</strong></span> <span class='ocrx_word' id='word_1_94' title='bbox 905 1464 1069 1521; x_wconf 86' lang='lat' dir='ltr'><strong>corde</strong></span> <span class='ocrx_word' id='word_1_95' title='bbox 1106 1463 1364 1539; x_wconf 83' lang='lat' dir='ltr'><strong>dimittit,</strong></span> <span class='ocrx_word' id='word_1_96' title='bbox 1408 1461 1558 1519; x_wconf 85' lang='lat' dir='ltr'><strong>nullo</strong></span> <span class='ocrx_word' id='word_1_97' title='bbox 1595 1461 1760 1517; x_wconf 90' lang='lat' dir='ltr'><strong>modo</strong></span> <span class='ocrx_word' id='word_1_98' title='bbox 1789 1460 2056 1526; x_wconf 77' lang='lat' dir='ltr'><strong>existimet</strong></span> <span class='ocrx_word' id='word_1_99' title='bbox 2080 1475 2112 1514; x_wconf 92' lang='lat' dir='ltr'><strong>a</strong></span> 
     </span>
    </p>
   </div>
   <div class='ocr_carea' id='block_1_13' title="bbox 517 1553 2113 1630">
    <p class='ocr_par' dir='ltr' id='par_1_13' title="bbox 517 1553 2113 1630">
     <span class='ocr_line' id='line_1_13' title="bbox 517 1553 2113 1630; baseline -0.008 -11"><span class='ocrx_word' id='word_1_100' title='bbox 517 1561 746 1619; x_wconf 90' lang='lat' dir='ltr'><strong>Domino</strong></span> <span class='ocrx_word' id='word_1_101' title='bbox 773 1574 870 1618; x_wconf 85' lang='lat' dir='ltr'><strong>sua</strong></span> <span class='ocrx_word' id='word_1_102' title='bbox 891 1565 1107 1630; x_wconf 84' lang='lat' dir='ltr'><strong>peccata</strong></span> <span class='ocrx_word' id='word_1_103' title='bbox 1137 1555 1359 1622; x_wconf 82' lang='lat' dir='ltr'><strong>dimitti;</strong></span> <span class='ocrx_word' id='word_1_104' title='bbox 1393 1555 1644 1626; x_wconf 85' lang='lat' dir='ltr'><strong>quoniam</strong></span> <span class='ocrx_word' id='word_1_105' title='bbox 1678 1554 1894 1614; x_wconf 87' lang='lat' dir='ltr'><strong>mentiri</strong></span> <span class='ocrx_word' id='word_1_106' title='bbox 1915 1553 2113 1610; x_wconf 86' lang='lat' dir='ltr'><strong>veritas</strong></span> 
     </span>
    </p>
   </div>
   <div class='ocr_carea' id='block_1_14' title="bbox 516 1648 2112 1728">
    <p class='ocr_par' dir='ltr' id='par_1_14' title="bbox 516 1648 2112 1728">
     <span class='ocr_line' id='line_1_14' title="bbox 516 1648 2112 1728; baseline -0.006 -14"><span class='ocrx_word' id='word_1_107' title='bbox 516 1672 627 1716; x_wconf 90' lang='lat' dir='ltr'><strong>non</strong></span> <span class='ocrx_word' id='word_1_108' title='bbox 674 1660 868 1728; x_wconf 86' lang='lat' dir='ltr'><strong>potest.</strong></span> <span class='ocrx_word' id='word_1_109' title='bbox 919 1650 1090 1718; x_wconf 83' lang='lat' dir='ltr'><strong>Quem</strong></span> <span class='ocrx_word' id='word_1_110' title='bbox 1131 1664 1258 1714; x_wconf 81' lang='lat' dir='ltr'><strong>vero</strong></span> <span class='ocrx_word' id='word_1_111' title='bbox 1288 1648 1451 1710; x_wconf 80' lang='lat' dir='ltr'><strong>lateat</strong></span> <span class='ocrx_word' id='word_1_112' title='bbox 1493 1648 1767 1720; x_wconf 72' lang='lat' dir='ltr'><strong>Evangelii</strong></span> <span class='ocrx_word' id='word_1_113' title='bbox 1811 1648 2112 1711; x_wconf 77' lang='lat' dir='ltr'><strong>auditorem</strong></span> 
     </span>
    </p>
   </div>
   <div class='ocr_carea' id='block_1_15' title="bbox 515 1738 2108 1814">
    <p class='ocr_par' dir='ltr' id='par_1_15' title="bbox 515 1738 2108 1814">
     <span class='ocr_line' id='line_1_15' title="bbox 515 1738 2108 1814; baseline -0.008 -8"><span class='ocrx_word' id='word_1_114' title='bbox 515 1751 632 1806; x_wconf 89' lang='lat' dir='ltr'><strong>sive</strong></span> <span class='ocrx_word' id='word_1_115' title='bbox 662 1748 917 1802; x_wconf 88' lang='lat' dir='ltr'><strong>lectorem</strong></span> <span class='ocrx_word' id='word_1_116' title='bbox 941 1785 957 1812; x_wconf 97' lang='lat'><strong>,</strong></span> <span class='ocrx_word' id='word_1_117' title='bbox 995 1744 1118 1814; x_wconf 84' lang='lat' dir='ltr'><strong>quis</strong></span> <span class='ocrx_word' id='word_1_118' title='bbox 1141 1741 1374 1805; x_wconf 86' lang='lat' dir='ltr'><strong>dixerit,</strong></span> <span class='ocrx_word' id='word_1_119' title='bbox 1407 1738 1520 1811; x_wconf 85' lang='lat' dir='ltr'><strong>Ego</strong></span> <span class='ocrx_word' id='word_1_120' title='bbox 1550 1757 1666 1802; x_wconf 80' lang='lat' dir='ltr'><strong>sunt</strong></span> <span class='ocrx_word' id='word_1_121' title='bbox 1707 1740 1890 1798; x_wconf 72' lang='lat' dir='ltr'><strong>veritas</strong></span> <span class='ocrx_word' id='word_1_122' title='bbox 1930 1738 2108 1812; x_wconf 68' lang='lat' dir='ltr'><strong>(han.</strong></span> 
     </span>
    </p>
   </div>
   <div class='ocr_carea' id='block_1_16' title="bbox 514 1831 2111 1911">
    <p class='ocr_par' dir='ltr' id='par_1_16' title="bbox 514 1831 2111 1911">
     <span class='ocr_line' id='line_1_16' title="bbox 514 1831 2111 1911; baseline -0.016 -14"><span class='ocrx_word' id='word_1_123' title='bbox 514 1857 628 1906; x_wconf 78' lang='lat' dir='ltr'><strong>xiv,</strong></span> <span class='ocrx_word' id='word_1_124' title='bbox 653 1839 750 1911; x_wconf 85' lang='lat'><strong>6)?</strong></span> <span class='ocrx_word' id='word_1_125' title='bbox 776 1837 875 1910; x_wconf 83' lang='lat' dir='ltr'><strong>Qui</strong></span> <span class='ocrx_word' id='word_1_126' title='bbox 900 1850 1023 1890; x_wconf 90' lang='lat' dir='ltr'><strong>cum</strong></span> <span class='ocrx_word' id='word_1_127' title='bbox 1048 1833 1321 1889; x_wconf 86' lang='lat' dir='ltr'><strong>docuisset</strong></span> <span class='ocrx_word' id='word_1_128' title='bbox 1343 1833 1661 1900; x_wconf 79' lang='lat' dir='ltr'><strong>orationem,</strong></span> <span class='ocrx_word' id='word_1_129' title='bbox 1692 1831 1828 1896; x_wconf 70' lang='lat' dir='ltr'><strong>hanc</strong></span> <span class='ocrx_word' id='word_1_130' title='bbox 1852 1832 1904 1888; x_wconf 81' lang='grc' dir='ltr'><strong>ίη</strong></span> <span class='ocrx_word' id='word_1_131' title='bbox 1926 1846 1990 1887; x_wconf 71' lang='grc' dir='ltr'><strong>εει</strong></span> <span class='ocrx_word' id='word_1_132' title='bbox 2013 1846 2111 1901; x_wconf 64' lang='grc' dir='ltr'><strong>ρο-</strong></span> 
     </span>
    </p>
   </div>
   <div class='ocr_carea' id='block_1_17' title="bbox 514 1923 2110 1998">
    <p class='ocr_par' dir='ltr' id='par_1_17' title="bbox 514 1923 2110 1998">
     <span class='ocr_line' id='line_1_17' title="bbox 514 1923 2110 1998; baseline -0.006 -11"><span class='ocrx_word' id='word_1_133' title='bbox 514 1935 674 1998; x_wconf 79' lang='lat' dir='ltr'><strong>sitam</strong></span> <span class='ocrx_word' id='word_1_134' title='bbox 705 1929 1021 1994; x_wconf 79' lang='lat' dir='ltr'><strong>sententiam</strong></span> <span class='ocrx_word' id='word_1_135' title='bbox 1042 1926 1391 1988; x_wconf 80' lang='lat' dir='ltr'><strong>vehementer</strong></span> <span class='ocrx_word' id='word_1_136' title='bbox 1415 1924 1848 1991; x_wconf 82' lang='lat' dir='ltr'><strong>commendavit,</strong></span> <span class='ocrx_word' id='word_1_137' title='bbox 1880 1923 2066 1984; x_wconf 83' lang='lat' dir='ltr'><strong>dicens</strong></span> <span class='ocrx_word' id='word_1_138' title='bbox 2095 1941 2110 1978; x_wconf 90' lang='lat'><strong>:</strong></span> 
     </span>
    </p>
   </div>
   <div class='ocr_carea' id='block_1_18' title="bbox 517 2016 2110 2089">
    <p class='ocr_par' dir='ltr' id='par_1_18' title="bbox 517 2016 2110 2089">
     <span class='ocr_line' id='line_1_18' title="bbox 517 2016 2110 2089; baseline -0.008 -8"><span class='ocrx_word' id='word_1_139' title='bbox 517 2025 579 2081; x_wconf 88' lang='lat' dir='ltr'><strong>Si</strong></span> <span class='ocrx_word' id='word_1_140' title='bbox 609 2024 740 2078; x_wconf 88' lang='lat' dir='ltr'><strong>enim</strong></span> <span class='ocrx_word' id='word_1_141' title='bbox 761 2020 1052 2084; x_wconf 82' lang='lat' dir='ltr'><strong>dimiseritis</strong></span> <span class='ocrx_word' id='word_1_142' title='bbox 1068 2017 1354 2078; x_wconf 76' lang='lat' dir='ltr'><strong>hominibus</strong></span> <span class='ocrx_word' id='word_1_143' title='bbox 1369 2026 1578 2089; x_wconf 77' lang='lat' dir='ltr'><strong>peccata</strong></span> <span class='ocrx_word' id='word_1_144' title='bbox 1603 2033 1798 2084; x_wconf 80' lang='lat' dir='ltr'><strong>eorum,</strong></span> <span class='ocrx_word' id='word_1_145' title='bbox 1827 2016 2045 2077; x_wconf 78' lang='lat' dir='ltr'><strong>dimittet</strong></span> <span class='ocrx_word' id='word_1_146' title='bbox 2065 2026 2110 2069; x_wconf 82' lang='lat' dir='ltr'><strong>et</strong></span> 
     </span>
    </p>
   </div>
   <div class='ocr_carea' id='block_1_19' title="bbox 514 2108 2109 2182">
    <p class='ocr_par' dir='ltr' id='par_1_19' title="bbox 514 2108 2109 2182">
     <span class='ocr_line' id='line_1_19' title="bbox 514 2108 2109 2182; baseline -0.008 -8"><span class='ocrx_word' id='word_1_147' title='bbox 514 2117 654 2182; x_wconf 76' lang='lat' dir='ltr'><strong>vobis</strong></span> <span class='ocrx_word' id='word_1_148' title='bbox 677 2114 835 2172; x_wconf 85' lang='lat' dir='ltr'><strong>Pater</strong></span> <span class='ocrx_word' id='word_1_149' title='bbox 858 2121 1014 2178; x_wconf 70' lang='lat' dir='ltr'><strong>uester</strong></span> <span class='ocrx_word' id='word_1_150' title='bbox 1046 2111 1261 2170; x_wconf 73' lang='lat' dir='ltr'><strong>cmlestis</strong></span> <span class='ocrx_word' id='word_1_151' title='bbox 1292 2118 1497 2181; x_wconf 71' lang='lat' dir='ltr'><strong>peccata</strong></span> <span class='ocrx_word' id='word_1_152' title='bbox 1520 2118 1702 2174; x_wconf 70' lang='lat' dir='ltr'><strong>uestra.</strong></span> <span class='ocrx_word' id='word_1_153' title='bbox 1737 2108 1799 2164; x_wconf 93' lang='lat' dir='ltr'><strong>Si</strong></span> <span class='ocrx_word' id='word_1_154' title='bbox 1823 2117 1990 2164; x_wconf 85' lang='lat' dir='ltr'><strong>autem</strong></span> <span class='ocrx_word' id='word_1_155' title='bbox 2009 2123 2109 2167; x_wconf 75' lang='lat' dir='ltr'><strong>nan</strong></span> 
     </span>
    </p>
   </div>
   <div class='ocr_carea' id='block_1_20' title="bbox 513 2200 2112 2273">
    <p class='ocr_par' dir='ltr' id='par_1_20' title="bbox 513 2200 2112 2273">
     <span class='ocr_line' id='line_1_20' title="bbox 513 2200 2112 2273; baseline -0.009 -4"><span class='ocrx_word' id='word_1_156' title='bbox 513 2208 802 2270; x_wconf 70' lang='lat' dir='ltr'><strong>dimissi-itis</strong></span> <span class='ocrx_word' id='word_1_157' title='bbox 829 2204 1114 2264; x_wconf 83' lang='lat' dir='ltr'><strong>hominibus</strong></span> <span class='ocrx_word' id='word_1_158' title='bbox 1131 2245 1147 2273; x_wconf 94' lang='lat'><strong>,</strong></span> <span class='ocrx_word' id='word_1_159' title='bbox 1171 2220 1262 2262; x_wconf 76' lang='lat' dir='ltr'><strong>nec</strong></span> <span class='ocrx_word' id='word_1_160' title='bbox 1286 2200 1445 2260; x_wconf 86' lang='lat' dir='ltr'><strong>Pater</strong></span> <span class='ocrx_word' id='word_1_161' title='bbox 1464 2211 1625 2262; x_wconf 76' lang='lat' dir='ltr'><strong>uester</strong></span> <span class='ocrx_word' id='word_1_162' title='bbox 1653 2202 1868 2258; x_wconf 83' lang='lat' dir='ltr'><strong>dimittet</strong></span> <span class='ocrx_word' id='word_1_163' title='bbox 1905 2210 2112 2272; x_wconf 77' lang='lat' dir='ltr'><strong>peccata</strong></span> 
     </span>
    </p>
   </div>
   <div class='ocr_carea' id='block_1_21' title="bbox 514 2293 2108 2371">
    <p class='ocr_par' dir='ltr' id='par_1_21' title="bbox 514 2293 2108 2371">
     <span class='ocr_line' id='line_1_21' title="bbox 514 2293 2108 2371; baseline -0.004 -13"><span class='ocrx_word' id='word_1_164' title='bbox 514 2311 681 2366; x_wconf 79' lang='lat' dir='ltr'><strong>uestra</strong></span> <span class='ocrx_word' id='word_1_165' title='bbox 701 2298 920 2371; x_wconf 74' lang='lat' dir='ltr'><strong>(Matth.</strong></span> <span class='ocrx_word' id='word_1_166' title='bbox 941 2313 1018 2366; x_wconf 71' lang='lat' dir='ltr'><strong>vr,</strong></span> <span class='ocrx_word' id='word_1_167' title='bbox 1042 2297 1131 2369; x_wconf 71' lang='grc' dir='ltr'><strong>ιι.</strong></span> <span class='ocrx_word' id='word_1_168' title='bbox 1165 2293 1278 2369; x_wconf 71' lang='grc'><strong>15).</strong></span> <span class='ocrx_word' id='word_1_169' title='bbox 1299 2295 1378 2356; x_wconf 85' lang='lat' dir='ltr'><strong>Ad</strong></span> <span class='ocrx_word' id='word_1_170' title='bbox 1405 2304 1512 2354; x_wconf 74' lang='lat' dir='ltr'><strong>tam</strong></span> <span class='ocrx_word' id='word_1_171' title='bbox 1540 2310 1789 2366; x_wconf 71' lang='lat' dir='ltr'><strong>magnum</strong></span> <span class='ocrx_word' id='word_1_172' title='bbox 1818 2294 2108 2356; x_wconf 81' lang='lat' dir='ltr'><strong>tonitruum</strong></span> 
     </span>
    </p>
   </div>
   <div class='ocr_carea' id='block_1_22' title="bbox 513 2386 2108 2472">
    <p class='ocr_par' dir='ltr' id='par_1_22' title="bbox 513 2386 2108 2472">
     <span class='ocr_line' id='line_1_22' title="bbox 513 2386 2108 2472; baseline -0.005 -22"><span class='ocrx_word' id='word_1_173' title='bbox 513 2395 606 2472; x_wconf 82' lang='lat' dir='ltr'><strong>qui</strong></span> <span class='ocrx_word' id='word_1_174' title='bbox 639 2407 744 2447; x_wconf 87' lang='lat' dir='ltr'><strong>non</strong></span> <span class='ocrx_word' id='word_1_175' title='bbox 768 2390 1174 2462; x_wconf 74' lang='lat' dir='ltr'><strong>expergiscitur,</strong></span> <span class='ocrx_word' id='word_1_176' title='bbox 1205 2403 1312 2446; x_wconf 89' lang='lat' dir='ltr'><strong>non</strong></span> <span class='ocrx_word' id='word_1_177' title='bbox 1343 2387 1559 2456; x_wconf 79' lang='lat' dir='ltr'><strong>dormit,</strong></span> <span class='ocrx_word' id='word_1_178' title='bbox 1596 2386 1691 2444; x_wconf 88' lang='lat' dir='ltr'><strong>sed</strong></span> <span class='ocrx_word' id='word_1_179' title='bbox 1717 2394 1957 2450; x_wconf 77' lang='lat' dir='ltr'><strong>mortuus</strong></span> <span class='ocrx_word' id='word_1_180' title='bbox 1978 2394 2061 2443; x_wconf 87' lang='lat' dir='ltr'><strong>est</strong></span> <span class='ocrx_word' id='word_1_181' title='bbox 2093 2403 2108 2442; x_wconf 91' lang='lat'><strong>:</strong></span> 
     </span>
    </p>
   </div>
   <div class='ocr_carea' id='block_1_23' title="bbox 513 2480 2000 2556">
    <p class='ocr_par' dir='ltr' id='par_1_23' title="bbox 513 2480 2000 2556">
     <span class='ocr_line' id='line_1_23' title="bbox 513 2480 2000 2556; baseline -0.005 -14"><span class='ocrx_word' id='word_1_182' title='bbox 513 2496 569 2542; x_wconf 90' lang='lat' dir='ltr'><strong>et</strong></span> <span class='ocrx_word' id='word_1_183' title='bbox 601 2495 774 2544; x_wconf 84' lang='lat' dir='ltr'><strong>tamen</strong></span> <span class='ocrx_word' id='word_1_184' title='bbox 805 2492 996 2556; x_wconf 83' lang='lat' dir='ltr'><strong>potens</strong></span> <span class='ocrx_word' id='word_1_185' title='bbox 1027 2491 1109 2540; x_wconf 76' lang='lat' dir='ltr'><strong>eet</strong></span> <span class='ocrx_word' id='word_1_186' title='bbox 1133 2480 1223 2538; x_wconf 91' lang='lat' dir='ltr'><strong>ille</strong></span> <span class='ocrx_word' id='word_1_187' title='bbox 1252 2481 1412 2540; x_wconf 84' lang='lat' dir='ltr'><strong>etiam</strong></span> <span class='ocrx_word' id='word_1_188' title='bbox 1449 2487 1692 2538; x_wconf 86' lang='lat' dir='ltr'><strong>mortuos</strong></span> <span class='ocrx_word' id='word_1_189' title='bbox 1713 2481 2000 2538; x_wconf 84' lang='lat' dir='ltr'><strong>suscitare.</strong></span> 
     </span>
    </p>
   </div>
   <div class='ocr_carea' id='block_1_24' title="bbox 585 2571 2110 2644">
    <p class='ocr_par' dir='ltr' id='par_1_24' title="bbox 585 2571 2110 2644">
     <span class='ocr_line' id='line_1_24' title="bbox 585 2571 2110 2644; baseline -0.004 -10"><span class='ocrx_word' id='word_1_190' title='bbox 585 2575 808 2640; x_wconf 73' lang='lat' dir='ltr'><strong>CAPUT</strong></span> <span class='ocrx_word' id='word_1_191' title='bbox 845 2572 1058 2632; x_wconf 82' lang='lat' dir='ltr'><strong>LXXV.</strong></span> <span class='ocrx_word' id='word_1_192' title='bbox 1084 2603 1157 2614; x_wconf 91' lang='lat'><em>—</em></span> <span class='ocrx_word' id='word_1_193' title='bbox 1174 2572 1266 2631; x_wconf 70' lang='lat'><strong>20.</strong></span> <span class='ocrx_word' id='word_1_194' title='bbox 1295 2571 1634 2644; x_wconf 73' lang='lat' dir='ltr'><strong>Eleeinosyna</strong></span> <span class='ocrx_word' id='word_1_195' title='bbox 1653 2572 1921 2630; x_wconf 76' lang='lat' dir='ltr'><strong>sceleratas</strong></span> <span class='ocrx_word' id='word_1_196' title='bbox 1956 2582 2004 2630; x_wconf 86' lang='lat' dir='ltr'><strong>et</strong></span> <span class='ocrx_word' id='word_1_197' title='bbox 2023 2573 2110 2636; x_wconf 49' lang='lat' dir='ltr'><strong>in;</strong></span> 
     </span>
    </p>
   </div>
   <div class='ocr_carea' id='block_1_25' title="bbox 509 2662 2107 2742">
    <p class='ocr_par' dir='ltr' id='par_1_25' title="bbox 509 2662 2107 2742">
     <span class='ocr_line' id='line_1_25' title="bbox 509 2662 2107 2742; baseline 0.001 -20"><span class='ocrx_word' id='word_1_198' title='bbox 509 2667 686 2742; x_wconf 78' lang='lat' dir='ltr'><strong>ﬁdeles</strong></span> <span class='ocrx_word' id='word_1_199' title='bbox 724 2682 824 2722; x_wconf 86' lang='lat' dir='ltr'><strong>non</strong></span> <span class='ocrx_word' id='word_1_200' title='bbox 849 2662 1096 2730; x_wconf 86' lang='lat' dir='ltr'><strong>mundat,</strong></span> <span class='ocrx_word' id='word_1_201' title='bbox 1137 2665 1236 2728; x_wconf 80' lang='lat' dir='ltr'><strong>nisi</strong></span> <span class='ocrx_word' id='word_1_202' title='bbox 1263 2672 1536 2722; x_wconf 82' lang='lat' dir='ltr'><strong>mutentur.</strong></span> <span class='ocrx_word' id='word_1_203' title='bbox 1566 2662 1709 2722; x_wconf 83' lang='lat' dir='ltr'><strong>Sane</strong></span> <span class='ocrx_word' id='word_1_204' title='bbox 1751 2664 1840 2735; x_wconf 86' lang='lat' dir='ltr'><strong>qui</strong></span> <span class='ocrx_word' id='word_1_205' title='bbox 1868 2663 2107 2724; x_wconf 81' lang='lat' dir='ltr'><strong>scelera-</strong></span> 
     </span>
    </p>
   </div>
   <div class='ocr_carea' id='block_1_26' title="bbox 509 2755 2108 2826">
    <p class='ocr_par' dir='ltr' id='par_1_26' title="bbox 509 2755 2108 2826">
     <span class='ocr_line' id='line_1_26' title="bbox 509 2755 2108 2826; baseline -0.002 -12"><span class='ocrx_word' id='word_1_206' title='bbox 509 2759 715 2817; x_wconf 87' lang='lat' dir='ltr'><strong>tissime</strong></span> <span class='ocrx_word' id='word_1_207' title='bbox 760 2759 977 2823; x_wconf 89' lang='lat' dir='ltr'><strong>vivunt,</strong></span> <span class='ocrx_word' id='word_1_208' title='bbox 1029 2771 1131 2812; x_wconf 89' lang='lat' dir='ltr'><strong>nec</strong></span> <span class='ocrx_word' id='word_1_209' title='bbox 1157 2764 1350 2816; x_wconf 88' lang='lat' dir='ltr'><strong>curant</strong></span> <span class='ocrx_word' id='word_1_210' title='bbox 1401 2756 1560 2812; x_wconf 85' lang='lat' dir='ltr'><strong>talem</strong></span> <span class='ocrx_word' id='word_1_211' title='bbox 1606 2755 1768 2815; x_wconf 86' lang='lat' dir='ltr'><strong>vitam</strong></span> <span class='ocrx_word' id='word_1_212' title='bbox 1824 2769 2108 2826; x_wconf 82' lang='lat' dir='ltr'><strong>moresque</strong></span> 
     </span>
    </p>
   </div>
   <div class='ocr_carea' id='block_1_27' title="bbox 507 2846 2108 2922">
    <p class='ocr_par' dir='ltr' id='par_1_27' title="bbox 507 2846 2108 2922">
     <span class='ocr_line' id='line_1_27' title="bbox 507 2846 2108 2922; baseline -0.002 -14"><span class='ocrx_word' id='word_1_213' title='bbox 507 2851 815 2922; x_wconf 76' lang='lat' dir='ltr'><strong>corrigere,</strong></span> <span class='ocrx_word' id='word_1_214' title='bbox 844 2859 899 2908; x_wconf 90' lang='lat' dir='ltr'><strong>et</strong></span> <span class='ocrx_word' id='word_1_215' title='bbox 927 2849 1065 2905; x_wconf 88' lang='lat' dir='ltr'><strong>inter</strong></span> <span class='ocrx_word' id='word_1_216' title='bbox 1093 2847 1207 2920; x_wconf 87' lang='lat' dir='ltr'><strong>ipsa</strong></span> <span class='ocrx_word' id='word_1_217' title='bbox 1253 2847 1486 2908; x_wconf 71' lang='lat' dir='ltr'><strong>facinora</strong></span> <span class='ocrx_word' id='word_1_218' title='bbox 1519 2854 1576 2904; x_wconf 89' lang='lat' dir='ltr'><strong>et</strong></span> <span class='ocrx_word' id='word_1_219' title='bbox 1613 2846 1811 2918; x_wconf 74' lang='lat' dir='ltr'><strong>ﬂagitia</strong></span> <span class='ocrx_word' id='word_1_220' title='bbox 1841 2861 1938 2908; x_wconf 85' lang='lat' dir='ltr'><strong>sua</strong></span> <span class='ocrx_word' id='word_1_221' title='bbox 1961 2847 2108 2904; x_wconf 79' lang='lat' dir='ltr'><strong>elec-</strong></span> 
     </span>
    </p>
   </div>
   <div class='ocr_carea' id='block_1_28' title="bbox 506 2938 2106 3013">
    <p class='ocr_par' dir='ltr' id='par_1_28' title="bbox 506 2938 2106 3013">
     <span class='ocr_line' id='line_1_28' title="bbox 506 2938 2106 3013; baseline -0.003 -15"><span class='ocrx_word' id='word_1_222' title='bbox 506 2955 764 3013; x_wconf 80' lang='lat' dir='ltr'><strong>mosynas</strong></span> <span class='ocrx_word' id='word_1_223' title='bbox 793 2939 1134 3011; x_wconf 84' lang='lat' dir='ltr'><strong>frequentare</strong></span> <span class='ocrx_word' id='word_1_224' title='bbox 1159 2953 1268 2994; x_wconf 89' lang='lat' dir='ltr'><strong>non</strong></span> <span class='ocrx_word' id='word_1_225' title='bbox 1309 2949 1553 3006; x_wconf 87' lang='lat' dir='ltr'><strong>cessant,</strong></span> <span class='ocrx_word' id='word_1_226' title='bbox 1601 2938 1801 3000; x_wconf 80' lang='lat' dir='ltr'><strong>frustra</strong></span> <span class='ocrx_word' id='word_1_227' title='bbox 1839 2938 1962 2995; x_wconf 90' lang='lat' dir='ltr'><strong>ideo</strong></span> <span class='ocrx_word' id='word_1_228' title='bbox 2001 2939 2106 2996; x_wconf 86' lang='lat' dir='ltr'><strong>sibi</strong></span> 
     </span>
    </p>
   </div>
   <div class='ocr_carea' id='block_1_29' title="bbox 505 3030 2107 3108">
    <p class='ocr_par' dir='ltr' id='par_1_29' title="bbox 505 3030 2107 3108">
     <span class='ocr_line' id='line_1_29' title="bbox 505 3030 2107 3108; baseline -0.004 -16"><span class='ocrx_word' id='word_1_229' title='bbox 505 3032 891 3100; x_wconf 81' lang='lat' dir='ltr'><strong>blandiuntur,</strong></span> <span class='ocrx_word' id='word_1_230' title='bbox 935 3031 1190 3104; x_wconf 88' lang='lat' dir='ltr'><strong>quoniam</strong></span> <span class='ocrx_word' id='word_1_231' title='bbox 1221 3030 1478 3092; x_wconf 87' lang='lat' dir='ltr'><strong>Dominus</strong></span> <span class='ocrx_word' id='word_1_232' title='bbox 1519 3031 1626 3098; x_wconf 86' lang='lat' dir='ltr'><strong>ait,</strong></span> <span class='ocrx_word' id='word_1_233' title='bbox 1658 3031 1793 3088; x_wconf 85' lang='lat' dir='ltr'><strong>Date</strong></span> <span class='ocrx_word' id='word_1_234' title='bbox 1835 3032 2107 3108; x_wconf 74' lang='lat' dir='ltr'><strong>eleemosy-</strong></span> 
     </span>
    </p>
   </div>
   <div class='ocr_carea' id='block_1_30' title="bbox 506 3121 2102 3196">
    <p class='ocr_par' dir='ltr' id='par_1_30' title="bbox 506 3121 2102 3196">
     <span class='ocr_line' id='line_1_30' title="bbox 506 3121 2102 3196; baseline 0.002 -17"><span class='ocrx_word' id='word_1_235' title='bbox 506 3140 658 3189; x_wconf 87' lang='lat' dir='ltr'><strong>nam,</strong></span> <span class='ocrx_word' id='word_1_236' title='bbox 682 3133 727 3177; x_wconf 90' lang='lat' dir='ltr'><strong>et</strong></span> <span class='ocrx_word' id='word_1_237' title='bbox 749 3137 863 3179; x_wconf 86' lang='lat' dir='ltr'><strong>ecce</strong></span> <span class='ocrx_word' id='word_1_238' title='bbox 887 3121 1056 3176; x_wconf 87' lang='lat' dir='ltr'><strong>omnia</strong></span> <span class='ocrx_word' id='word_1_239' title='bbox 1077 3121 1266 3175; x_wconf 88' lang='lat' dir='ltr'><strong>munda</strong></span> <span class='ocrx_word' id='word_1_240' title='bbox 1288 3131 1407 3175; x_wconf 85' lang='lat' dir='ltr'><strong>sunt</strong></span> <span class='ocrx_word' id='word_1_241' title='bbox 1438 3123 1592 3176; x_wconf 87' lang='lat' dir='ltr'><strong>vobis.</strong></span> <span class='ocrx_word' id='word_1_242' title='bbox 1627 3121 1741 3177; x_wconf 86' lang='lat' dir='ltr'><strong>Hoc</strong></span> <span class='ocrx_word' id='word_1_243' title='bbox 1770 3123 1912 3182; x_wconf 82' lang='lat' dir='ltr'><strong>cuitu</strong></span> <span class='ocrx_word' id='word_1_244' title='bbox 1944 3141 2102 3196; x_wconf 89' lang='lat' dir='ltr'><strong>quam</strong></span> 
     </span>
    </p>
   </div>
   <div class='ocr_carea' id='block_1_31' title="bbox 506 3213 2105 3290">
    <p class='ocr_par' dir='ltr' id='par_1_31' title="bbox 506 3213 2105 3290">
     <span class='ocr_line' id='line_1_31' title="bbox 506 3213 2105 3290; baseline 0 -18"><span class='ocrx_word' id='word_1_245' title='bbox 506 3216 617 3280; x_wconf 85' lang='lat' dir='ltr'><strong>late</strong></span> <span class='ocrx_word' id='word_1_246' title='bbox 641 3222 848 3290; x_wconf 84' lang='lat' dir='ltr'><strong>pateat,</strong></span> <span class='ocrx_word' id='word_1_247' title='bbox 873 3229 981 3278; x_wconf 83' lang='lat' dir='ltr'><strong>non</strong></span> <span class='ocrx_word' id='word_1_248' title='bbox 1008 3213 1329 3290; x_wconf 69' lang='lat' dir='ltr'><strong>intelligunt.</strong></span> <span class='ocrx_word' id='word_1_249' title='bbox 1354 3214 1460 3270; x_wconf 88' lang='lat' dir='ltr'><strong>Sed</strong></span> <span class='ocrx_word' id='word_1_250' title='bbox 1487 3223 1543 3270; x_wconf 89' lang='lat' dir='ltr'><strong>ut</strong></span> <span class='ocrx_word' id='word_1_251' title='bbox 1570 3215 1902 3286; x_wconf 79' lang='lat' dir='ltr'><strong>intelligant,</strong></span> <span class='ocrx_word' id='word_1_252' title='bbox 1933 3228 2105 3274; x_wconf 90' lang='lat' dir='ltr'><strong>atten-</strong></span> 
     </span>
    </p>
   </div>
   <div class='ocr_carea' id='block_1_32' title="bbox 504 3305 2102 3382">
    <p class='ocr_par' dir='ltr' id='par_1_32' title="bbox 504 3305 2102 3382">
     <span class='ocr_line' id='line_1_32' title="bbox 504 3305 2102 3382; baseline 0.001 -18"><span class='ocrx_word' id='word_1_253' title='bbox 504 3306 636 3374; x_wconf 87' lang='lat' dir='ltr'><strong>dant</strong></span> <span class='ocrx_word' id='word_1_254' title='bbox 664 3308 858 3380; x_wconf 86' lang='lat' dir='ltr'><strong>quibus</strong></span> <span class='ocrx_word' id='word_1_255' title='bbox 885 3305 1100 3366; x_wconf 80' lang='lat' dir='ltr'><strong>dixerit.</strong></span> <span class='ocrx_word' id='word_1_256' title='bbox 1127 3305 1330 3378; x_wconf 79' lang='lat' dir='ltr'><strong>Nempe</strong></span> <span class='ocrx_word' id='word_1_257' title='bbox 1353 3306 1406 3362; x_wconf 88' lang='lat' dir='ltr'><strong>in</strong></span> <span class='ocrx_word' id='word_1_258' title='bbox 1438 3307 1730 3379; x_wconf 81' lang='lat' dir='ltr'><strong>Evangelia</strong></span> <span class='ocrx_word' id='word_1_259' title='bbox 1751 3311 1828 3366; x_wconf 90' lang='lat' dir='ltr'><strong>sic</strong></span> <span class='ocrx_word' id='word_1_260' title='bbox 1847 3311 2102 3382; x_wconf 88' lang='lat' dir='ltr'><strong>scriptum</strong></span> 
     </span>
    </p>
   </div>
   <div class='ocr_carea' id='block_1_33' title="bbox 504 3395 2105 3473">
    <p class='ocr_par' dir='ltr' id='par_1_33' title="bbox 504 3395 2105 3473">
     <span class='ocr_line' id='line_1_33' title="bbox 504 3395 2105 3473; baseline 0.004 -19"><span class='ocrx_word' id='word_1_261' title='bbox 504 3407 592 3466; x_wconf 84' lang='lat' dir='ltr'><strong>est</strong></span> <span class='ocrx_word' id='word_1_262' title='bbox 620 3417 634 3453; x_wconf 89' lang='lat'><strong>:</strong></span> <span class='ocrx_word' id='word_1_263' title='bbox 664 3395 792 3454; x_wconf 86' lang='lat' dir='ltr'><strong>Cum</strong></span> <span class='ocrx_word' id='word_1_264' title='bbox 830 3396 1137 3472; x_wconf 79' lang='lat' dir='ltr'><strong>loqueretur,</strong></span> <span class='ocrx_word' id='word_1_265' title='bbox 1177 3400 1368 3470; x_wconf 83' lang='lat' dir='ltr'><strong>rogavit</strong></span> <span class='ocrx_word' id='word_1_266' title='bbox 1409 3399 1552 3456; x_wconf 78' lang='lat' dir='ltr'><strong>illum</strong></span> <span class='ocrx_word' id='word_1_267' title='bbox 1575 3400 1780 3473; x_wconf 86' lang='lat' dir='ltr'><strong>quidam</strong></span> <span class='ocrx_word' id='word_1_268' title='bbox 1809 3400 2105 3460; x_wconf 74' lang='lat' dir='ltr'><strong>Pharistcus</strong></span> 
     </span>
    </p>
   </div>
   <div class='ocr_carea' id='block_1_34' title="bbox 503 3488 2105 3562">
    <p class='ocr_par' dir='ltr' id='par_1_34' title="bbox 503 3488 2105 3562">
     <span class='ocr_line' id='line_1_34' title="bbox 503 3488 2105 3562; baseline 0.004 -18"><span class='ocrx_word' id='word_1_269' title='bbox 503 3501 560 3544; x_wconf 84' lang='lat' dir='ltr'><strong>ut</strong></span> <span class='ocrx_word' id='word_1_270' title='bbox 592 3489 859 3562; x_wconf 76' lang='lat' dir='ltr'><strong>pranderet</strong></span> <span class='ocrx_word' id='word_1_271' title='bbox 889 3488 1029 3561; x_wconf 82' lang='lat' dir='ltr'><strong>apud</strong></span> <span class='ocrx_word' id='word_1_272' title='bbox 1064 3504 1148 3553; x_wconf 86' lang='lat' dir='ltr'><strong>se;</strong></span> <span class='ocrx_word' id='word_1_273' title='bbox 1172 3498 1220 3546; x_wconf 87' lang='lat' dir='ltr'><strong>et</strong></span> <span class='ocrx_word' id='word_1_274' title='bbox 1249 3490 1504 3562; x_wconf 78' lang='lat' dir='ltr'><strong>ingressus</strong></span> <span class='ocrx_word' id='word_1_275' title='bbox 1532 3493 1776 3548; x_wconf 84' lang='lat' dir='ltr'><strong>recubuit.</strong></span> <span class='ocrx_word' id='word_1_276' title='bbox 1806 3491 2105 3552; x_wconf 75' lang='lat' dir='ltr'><strong>Pharist</strong></span> 
     </span>
    </p>
   </div>
   <div class='ocr_carea' id='block_1_35' title="bbox 503 3584 2106 3662">
    <p class='ocr_par' dir='ltr' id='par_1_35' title="bbox 503 3584 2106 3662">
     <span class='ocr_line' id='line_1_35' title="bbox 503 3584 2106 3662; baseline 0.002 -22"><span class='ocrx_word' id='word_1_277' title='bbox 503 3593 674 3642; x_wconf 84' lang='lat' dir='ltr'><strong>autem</strong></span> <span class='ocrx_word' id='word_1_278' title='bbox 700 3585 845 3656; x_wconf 73' lang='lat' dir='ltr'><strong>coepit</strong></span> <span class='ocrx_word' id='word_1_279' title='bbox 869 3584 1008 3646; x_wconf 85' lang='lat' dir='ltr'><strong>intra</strong></span> <span class='ocrx_word' id='word_1_280' title='bbox 1026 3599 1080 3642; x_wconf 85' lang='lat' dir='ltr'><strong>se</strong></span> <span class='ocrx_word' id='word_1_281' title='bbox 1103 3592 1341 3657; x_wconf 83' lang='lat' dir='ltr'><strong>reputans</strong></span> <span class='ocrx_word' id='word_1_282' title='bbox 1369 3584 1559 3652; x_wconf 80' lang='lat' dir='ltr'><strong>dicere,</strong></span> <span class='ocrx_word' id='word_1_283' title='bbox 1582 3601 1736 3656; x_wconf 85' lang='lat' dir='ltr'><strong>quare</strong></span> <span class='ocrx_word' id='word_1_284' title='bbox 1761 3603 1861 3644; x_wconf 85' lang='lat' dir='ltr'><strong>non</strong></span> <span class='ocrx_word' id='word_1_285' title='bbox 1878 3588 2106 3662; x_wconf 73' lang='lat' dir='ltr'><strong>baptiza-</strong></span> 
     </span>
    </p>
   </div>
   <div class='ocr_carea' id='block_1_36' title="bbox 506 3676 2098 3752">
    <p class='ocr_par' dir='ltr' id='par_1_36' title="bbox 506 3676 2098 3752">
     <span class='ocr_line' id='line_1_36' title="bbox 506 3676 2098 3752; baseline 0.003 -19"><span class='ocrx_word' id='word_1_286' title='bbox 506 3687 587 3736; x_wconf 89' lang='lat' dir='ltr'><strong>tus</strong></span> <span class='ocrx_word' id='word_1_287' title='bbox 631 3687 756 3738; x_wconf 86' lang='lat' dir='ltr'><strong>esset</strong></span> <span class='ocrx_word' id='word_1_288' title='bbox 800 3686 916 3734; x_wconf 85' lang='lat' dir='ltr'><strong>ante</strong></span> <span class='ocrx_word' id='word_1_289' title='bbox 957 3677 1248 3752; x_wconf 81' lang='lat' dir='ltr'><strong>prandium.</strong></span> <span class='ocrx_word' id='word_1_290' title='bbox 1297 3676 1365 3733; x_wconf 86' lang='lat' dir='ltr'><strong>Et</strong></span> <span class='ocrx_word' id='word_1_291' title='bbox 1403 3679 1475 3740; x_wconf 82' lang='lat' dir='ltr'><strong>ait</strong></span> <span class='ocrx_word' id='word_1_292' title='bbox 1519 3677 1769 3740; x_wconf 81' lang='lat' dir='ltr'><strong>Dominus</strong></span> <span class='ocrx_word' id='word_1_293' title='bbox 1809 3680 1876 3738; x_wconf 87' lang='lat' dir='ltr'><strong>ad</strong></span> <span class='ocrx_word' id='word_1_294' title='bbox 1912 3682 2098 3740; x_wconf 80' lang='lat' dir='ltr'><strong>illum:</strong></span> 
     </span>
    </p>
   </div>
   <div class='ocr_carea' id='block_1_37' title="bbox 504 3767 2099 3846">
    <p class='ocr_par' dir='ltr' id='par_1_37' title="bbox 504 3767 2099 3846">
     <span class='ocr_line' id='line_1_37' title="bbox 504 3767 2099 3846; baseline 0.005 -18"><span class='ocrx_word' id='word_1_295' title='bbox 504 3768 664 3828; x_wconf 87' lang='lat' dir='ltr'><strong>Nunc</strong></span> <span class='ocrx_word' id='word_1_296' title='bbox 686 3786 773 3826; x_wconf 84' lang='lat' dir='ltr'><strong>uos</strong></span> <span class='ocrx_word' id='word_1_297' title='bbox 791 3812 805 3835; x_wconf 89' lang='lat'><strong>,</strong></span> <span class='ocrx_word' id='word_1_298' title='bbox 830 3767 1086 3830; x_wconf 75' lang='lat' dir='ltr'><strong>Pharisaii</strong></span> <span class='ocrx_word' id='word_1_299' title='bbox 1105 3813 1118 3836; x_wconf 91' lang='lat'><strong>,</strong></span> <span class='ocrx_word' id='word_1_300' title='bbox 1147 3769 1283 3839; x_wconf 86' lang='lat' dir='ltr'><strong>quod</strong></span> <span class='ocrx_word' id='word_1_301' title='bbox 1307 3770 1498 3846; x_wconf 78' lang='lat' dir='ltr'><strong>deforis</strong></span> <span class='ocrx_word' id='word_1_302' title='bbox 1526 3781 1599 3828; x_wconf 85' lang='lat' dir='ltr'><strong>est</strong></span> <span class='ocrx_word' id='word_1_303' title='bbox 1627 3771 1801 3828; x_wconf 80' lang='lat' dir='ltr'><strong>colicis</strong></span> <span class='ocrx_word' id='word_1_304' title='bbox 1835 3783 1884 3829; x_wconf 86' lang='lat' dir='ltr'><strong>et</strong></span> <span class='ocrx_word' id='word_1_305' title='bbox 1910 3776 2065 3836; x_wconf 80' lang='lat' dir='ltr'><strong>catini</strong></span> <span class='ocrx_word' id='word_1_306' title='bbox 2083 3817 2099 3842; x_wconf 87' lang='grc'><strong><em>,</em></strong></span> 
     </span>
    </p>
   </div>
   <div class='ocr_carea' id='block_1_38' title="bbox 502 3861 2105 3938">
    <p class='ocr_par' dir='ltr' id='par_1_38' title="bbox 502 3861 2105 3938">
     <span class='ocr_line' id='line_1_38' title="bbox 502 3861 2105 3938; baseline 0.004 -18"><span class='ocrx_word' id='word_1_307' title='bbox 502 3861 786 3930; x_wconf 82' lang='lat' dir='ltr'><strong>mundatis;</strong></span> <span class='ocrx_word' id='word_1_308' title='bbox 803 3863 939 3936; x_wconf 87' lang='lat' dir='ltr'><strong>quod</strong></span> <span class='ocrx_word' id='word_1_309' title='bbox 967 3873 1135 3930; x_wconf 83' lang='lat' dir='ltr'><strong>autem</strong></span> <span class='ocrx_word' id='word_1_310' title='bbox 1158 3865 1294 3928; x_wconf 78' lang='lat' dir='ltr'><strong>intus</strong></span> <span class='ocrx_word' id='word_1_311' title='bbox 1322 3873 1394 3920; x_wconf 91' lang='lat' dir='ltr'><strong>est</strong></span> <span class='ocrx_word' id='word_1_312' title='bbox 1414 3874 1662 3934; x_wconf 81' lang='lat' dir='ltr'><strong>vestrum,</strong></span> <span class='ocrx_word' id='word_1_313' title='bbox 1691 3865 1897 3938; x_wconf 79' lang='lat' dir='ltr'><strong>plenum</strong></span> <span class='ocrx_word' id='word_1_314' title='bbox 1918 3878 1992 3924; x_wconf 83' lang='lat' dir='ltr'><strong>est</strong></span> <span class='ocrx_word' id='word_1_315' title='bbox 2019 3886 2105 3926; x_wconf 89' lang='lat' dir='ltr'><strong>ra-</strong></span> 
     </span>
    </p>
   </div>
   <div class='ocr_carea' id='block_1_39' title="bbox 503 3953 2103 4031">
    <p class='ocr_par' dir='ltr' id='par_1_39' title="bbox 503 3953 2103 4031">
     <span class='ocr_line' id='line_1_39' title="bbox 503 3953 2103 4031; baseline 0.006 -23"><span class='ocrx_word' id='word_1_316' title='bbox 503 3955 628 4029; x_wconf 78' lang='lat' dir='ltr'><strong>pina</strong></span> <span class='ocrx_word' id='word_1_317' title='bbox 651 3963 697 4016; x_wconf 87' lang='lat' dir='ltr'><strong>et</strong></span> <span class='ocrx_word' id='word_1_318' title='bbox 717 3953 995 4026; x_wconf 76' lang='lat' dir='ltr'><strong>iniquitate.</strong></span> <span class='ocrx_word' id='word_1_319' title='bbox 1022 3953 1203 4021; x_wconf 78' lang='lat' dir='ltr'><strong>Stulti,</strong></span> <span class='ocrx_word' id='word_1_320' title='bbox 1229 3971 1395 4014; x_wconf 80' lang='lat' dir='ltr'><strong>nonne</strong></span> <span class='ocrx_word' id='word_1_321' title='bbox 1413 3956 1500 4028; x_wconf 90' lang='lat' dir='ltr'><strong>qui</strong></span> <span class='ocrx_word' id='word_1_322' title='bbox 1523 3960 1642 4028; x_wconf 77' lang='lat' dir='ltr'><strong>fecit</strong></span> <span class='ocrx_word' id='word_1_323' title='bbox 1668 3957 1724 4012; x_wconf 88' lang='lat' dir='ltr'><strong>id</strong></span> <span class='ocrx_word' id='word_1_324' title='bbox 1751 3959 1886 4028; x_wconf 83' lang='lat' dir='ltr'><strong>quod</strong></span> <span class='ocrx_word' id='word_1_325' title='bbox 1913 3961 2103 4031; x_wconf 78' lang='lat' dir='ltr'><strong>deforis</strong></span> 
     </span>
    </p>
   </div>
   <div class='ocr_carea' id='block_1_40' title="bbox 502 4046 2103 4125">
    <p class='ocr_par' dir='ltr' id='par_1_40' title="bbox 502 4046 2103 4125">
     <span class='ocr_line' id='line_1_40' title="bbox 502 4046 2103 4125; baseline 0.004 -24"><span class='ocrx_word' id='word_1_326' title='bbox 502 4055 614 4116; x_wconf 83' lang='lat' dir='ltr'><strong>est,</strong></span> <span class='ocrx_word' id='word_1_327' title='bbox 647 4047 798 4116; x_wconf 78' lang='lat' dir='ltr'><strong>etiam</strong></span> <span class='ocrx_word' id='word_1_328' title='bbox 826 4046 880 4107; x_wconf 87' lang='lat' dir='ltr'><strong>id</strong></span> <span class='ocrx_word' id='word_1_329' title='bbox 905 4047 1040 4118; x_wconf 87' lang='lat' dir='ltr'><strong>quod</strong></span> <span class='ocrx_word' id='word_1_330' title='bbox 1065 4048 1202 4110; x_wconf 83' lang='lat' dir='ltr'><strong>intus</strong></span> <span class='ocrx_word' id='word_1_331' title='bbox 1240 4057 1312 4110; x_wconf 83' lang='lat' dir='ltr'><strong>est</strong></span> <span class='ocrx_word' id='word_1_332' title='bbox 1337 4048 1456 4122; x_wconf 72' lang='lat' dir='ltr'><strong>fecit</strong></span> <span class='ocrx_word' id='word_1_333' title='bbox 1494 4050 1509 4080; x_wconf 78' lang='grc'>⁸</span> <span class='ocrx_word' id='word_1_334' title='bbox 1528 4049 1554 4103; x_wconf 78' lang='grc'><em>2</em></span> <span class='ocrx_word' id='word_1_335' title='bbox 1587 4047 1944 4111; x_wconf 79' lang='lat' dir='ltr'><strong>Verumtamen</strong></span> <span class='ocrx_word' id='word_1_336' title='bbox 1967 4055 2103 4125; x_wconf 82' lang='lat' dir='ltr'><strong>quod</strong></span> 
     </span>
    </p>
   </div>
   <div class='ocr_carea' id='block_1_41' title="bbox 499 4140 2100 4213">
    <p class='ocr_par' dir='ltr' id='par_1_41' title="bbox 499 4140 2100 4213">
     <span class='ocr_line' id='line_1_41' title="bbox 499 4140 2100 4213; baseline 0.004 -15"><span class='ocrx_word' id='word_1_337' title='bbox 499 4150 757 4212; x_wconf 83' lang='lat' dir='ltr'><strong>superest,</strong></span> <span class='ocrx_word' id='word_1_338' title='bbox 788 4140 906 4198; x_wconf 88' lang='lat' dir='ltr'><strong>date</strong></span> <span class='ocrx_word' id='word_1_339' title='bbox 929 4142 1295 4213; x_wconf 81' lang='lat' dir='ltr'><strong>cieeutosynam</strong></span> <span class='ocrx_word' id='word_1_340' title='bbox 1315 4186 1329 4212; x_wconf 95' lang='lat'><strong>,</strong></span> <span class='ocrx_word' id='word_1_341' title='bbox 1361 4153 1410 4208; x_wconf 75' lang='lat' dir='ltr'><strong>et</strong></span> <span class='ocrx_word' id='word_1_342' title='bbox 1434 4160 1546 4198; x_wconf 85' lang='lat' dir='ltr'><strong>ecce</strong></span> <span class='ocrx_word' id='word_1_343' title='bbox 1573 4147 1742 4208; x_wconf 79' lang='lat' dir='ltr'><strong>omnia</strong></span> <span class='ocrx_word' id='word_1_344' title='bbox 1766 4147 1959 4211; x_wconf 80' lang='lat' dir='ltr'><strong>munda</strong></span> <span class='ocrx_word' id='word_1_345' title='bbox 1983 4163 2100 4210; x_wconf 76' lang='lat' dir='ltr'><strong>sunt</strong></span> 
     </span>
    </p>
   </div>
   <div class='ocr_carea' id='block_1_42' title="bbox 499 4233 2094 4314">
    <p class='ocr_par' dir='ltr' id='par_1_42' title="bbox 499 4233 2094 4314">
     <span class='ocr_line' id='line_1_42' title="bbox 499 4233 2094 4314; baseline 0.009 -26"><span class='ocrx_word' id='word_1_346' title='bbox 499 4233 639 4290; x_wconf 79' lang='lat' dir='ltr'><strong>vobis</strong></span> <span class='ocrx_word' id='word_1_347' title='bbox 663 4233 816 4309; x_wconf 88' lang='lat' dir='ltr'><strong>(Luc.</strong></span> <span class='ocrx_word' id='word_1_348' title='bbox 848 4251 904 4292; x_wconf 83' lang='lat' dir='ltr'><strong>xi</strong></span> <span class='ocrx_word' id='word_1_349' title='bbox 923 4277 938 4301; x_wconf 90' lang='lat'><strong>,</strong></span> <span class='ocrx_word' id='word_1_350' title='bbox 963 4236 1125 4292; x_wconf 72' lang='lat'><strong>57-41</strong></span> <span class='ocrx_word' id='word_1_351' title='bbox 1160 4236 1201 4309; x_wconf 88' lang='lat'><strong>).</strong></span> <span class='ocrx_word' id='word_1_352' title='bbox 1225 4236 1378 4301; x_wconf 85' lang='lat' dir='ltr'><strong>itane</strong></span> <span class='ocrx_word' id='word_1_353' title='bbox 1396 4237 1501 4293; x_wconf 84' lang='lat' dir='ltr'><strong>hoc</strong></span> <span class='ocrx_word' id='word_1_354' title='bbox 1532 4240 1851 4300; x_wconf 85' lang='lat' dir='ltr'><strong>intellecturi</strong></span> <span class='ocrx_word' id='word_1_355' title='bbox 1875 4259 2094 4314; x_wconf 87' lang='lat' dir='ltr'><strong>sumus,</strong></span> 
     </span>
    </p>
   </div>
   <div class='ocr_carea' id='block_1_43' title="bbox 499 4325 2098 4402">
    <p class='ocr_par' dir='ltr' id='par_1_43' title="bbox 499 4325 2098 4402">
     <span class='ocr_line' id='line_1_43' title="bbox 499 4325 2098 4402; baseline 0.008 -22"><span class='ocrx_word' id='word_1_356' title='bbox 499 4331 561 4380; x_wconf 91' lang='lat' dir='ltr'><strong>ut</strong></span> <span class='ocrx_word' id='word_1_357' title='bbox 595 4325 881 4380; x_wconf 66' lang='lat' dir='ltr'><strong>Pbarismis</strong></span> <span class='ocrx_word' id='word_1_358' title='bbox 921 4339 1026 4380; x_wconf 88' lang='lat' dir='ltr'><strong>nou</strong></span> <span class='ocrx_word' id='word_1_359' title='bbox 1073 4326 1392 4390; x_wconf 82' lang='lat' dir='ltr'><strong>habentibus</strong></span> <span class='ocrx_word' id='word_1_360' title='bbox 1435 4328 1591 4388; x_wconf 80' lang='lat' dir='ltr'><strong>fidem</strong></span> <span class='ocrx_word' id='word_1_361' title='bbox 1619 4331 1854 4402; x_wconf 85' lang='lat' dir='ltr'><strong>Christi,</strong></span> <span class='ocrx_word' id='word_1_362' title='bbox 1887 4337 2098 4396; x_wconf 85' lang='lat' dir='ltr'><strong>etiamsi</strong></span> 
     </span>
    </p>
   </div>
   <div class='ocr_carea' id='block_1_44' title="bbox 498 4417 2098 4500">
    <p class='ocr_par' dir='ltr' id='par_1_44' title="bbox 498 4417 2098 4500">
     <span class='ocr_line' id='line_1_44' title="bbox 498 4417 2098 4500; baseline 0.008 -26"><span class='ocrx_word' id='word_1_363' title='bbox 498 4433 609 4476; x_wconf 88' lang='lat' dir='ltr'><strong>non</strong></span> <span class='ocrx_word' id='word_1_364' title='bbox 635 4417 688 4474; x_wconf 90' lang='lat' dir='ltr'><strong>in</strong></span> <span class='ocrx_word' id='word_1_365' title='bbox 707 4433 830 4474; x_wconf 86' lang='lat' dir='ltr'><strong>eunt</strong></span> <span class='ocrx_word' id='word_1_366' title='bbox 848 4417 1205 4487; x_wconf 80' lang='lat' dir='ltr'><strong>crediderint,</strong></span> <span class='ocrx_word' id='word_1_367' title='bbox 1233 4435 1336 4482; x_wconf 84' lang='lat' dir='ltr'><strong>nec</strong></span> <span class='ocrx_word' id='word_1_368' title='bbox 1361 4423 1534 4484; x_wconf 84' lang='lat' dir='ltr'><strong>renati</strong></span> <span class='ocrx_word' id='word_1_369' title='bbox 1555 4422 1750 4486; x_wconf 80' lang='lat' dir='ltr'><strong>fuerint</strong></span> <span class='ocrx_word' id='word_1_370' title='bbox 1778 4443 1846 4488; x_wconf 83' lang='lat' dir='ltr'><strong>ex</strong></span> <span class='ocrx_word' id='word_1_371' title='bbox 1878 4444 2013 4500; x_wconf 85' lang='lat' dir='ltr'><strong>aqua</strong></span> <span class='ocrx_word' id='word_1_372' title='bbox 2041 4440 2098 4486; x_wconf 90' lang='lat' dir='ltr'><strong>et</strong></span> 
     </span>
    </p>
   </div>
   <div class='ocr_carea' id='block_1_45' title="bbox 499 4507 2098 4592">
    <p class='ocr_par' dir='ltr' id='par_1_45' title="bbox 499 4507 2098 4592">
     <span class='ocr_line' id='line_1_45' title="bbox 499 4507 2098 4592; baseline 0.009 -29"><span class='ocrx_word' id='word_1_373' title='bbox 499 4507 739 4581; x_wconf 84' lang='lat' dir='ltr'><strong>Spiritu,</strong></span> <span class='ocrx_word' id='word_1_374' title='bbox 775 4508 974 4564; x_wconf 90' lang='lat' dir='ltr'><strong>munda</strong></span> <span class='ocrx_word' id='word_1_375' title='bbox 1014 4510 1124 4566; x_wconf 86' lang='lat' dir='ltr'><strong>sint</strong></span> <span class='ocrx_word' id='word_1_376' title='bbox 1146 4510 1360 4576; x_wconf 85' lang='lat' dir='ltr'><strong>omnia,</strong></span> <span class='ocrx_word' id='word_1_377' title='bbox 1393 4520 1595 4570; x_wconf 88' lang='lat' dir='ltr'><strong>tantum</strong></span> <span class='ocrx_word' id='word_1_378' title='bbox 1639 4516 1688 4570; x_wconf 88' lang='lat' dir='ltr'><strong>si</strong></span> <span class='ocrx_word' id='word_1_379' title='bbox 1728 4517 2098 4592; x_wconf 80' lang='lat' dir='ltr'><strong>cleemosynas</strong></span> 
     </span>
    </p>
   </div>
   <div class='ocr_carea' id='block_1_46' title="bbox 499 4600 2093 4677">
    <p class='ocr_par' dir='ltr' id='par_1_46' title="bbox 499 4600 2093 4677">
     <span class='ocr_line' id='line_1_46' title="bbox 499 4600 2093 4677; baseline 0.004 -22"><span class='ocrx_word' id='word_1_380' title='bbox 499 4600 786 4671; x_wconf 87' lang='lat' dir='ltr'><strong>dederint,</strong></span> <span class='ocrx_word' id='word_1_381' title='bbox 817 4603 955 4666; x_wconf 81' lang='lat' dir='ltr'><strong>sicut</strong></span> <span class='ocrx_word' id='word_1_382' title='bbox 992 4603 1079 4660; x_wconf 87' lang='lat' dir='ltr'><strong>isti</strong></span> <span class='ocrx_word' id='word_1_383' title='bbox 1103 4618 1195 4660; x_wconf 87' lang='lat' dir='ltr'><strong>eas</strong></span> <span class='ocrx_word' id='word_1_384' title='bbox 1217 4602 1422 4660; x_wconf 86' lang='lat' dir='ltr'><strong>dandas</strong></span> <span class='ocrx_word' id='word_1_385' title='bbox 1447 4607 1680 4677; x_wconf 82' lang='lat' dir='ltr'><strong>putant?</strong></span> <span class='ocrx_word' id='word_1_386' title='bbox 1709 4624 1828 4668; x_wconf 90' lang='lat' dir='ltr'><strong>cum</strong></span> <span class='ocrx_word' id='word_1_387' title='bbox 1857 4612 1964 4670; x_wconf 85' lang='lat' dir='ltr'><strong>sint</strong></span> <span class='ocrx_word' id='word_1_388' title='bbox 1991 4615 2093 4676; x_wconf 79' lang='lat' dir='ltr'><strong>im.</strong></span> 
     </span>
    </p>
   </div>
   <div class='ocr_carea' id='block_1_47' title="bbox 499 4693 2095 4779">
    <p class='ocr_par' dir='ltr' id='par_1_47' title="bbox 499 4693 2095 4779">
     <span class='ocr_line' id='line_1_47' title="bbox 499 4693 2095 4779; baseline 0.01 -31"><span class='ocrx_word' id='word_1_389' title='bbox 499 4693 687 4754; x_wconf 86' lang='lat' dir='ltr'><strong>mundi</strong></span> <span class='ocrx_word' id='word_1_390' title='bbox 713 4709 900 4754; x_wconf 81' lang='lat' dir='ltr'><strong>omnes</strong></span> <span class='ocrx_word' id='word_1_391' title='bbox 927 4711 1061 4767; x_wconf 89' lang='lat' dir='ltr'><strong>quos</strong></span> <span class='ocrx_word' id='word_1_392' title='bbox 1095 4711 1203 4754; x_wconf 88' lang='lat' dir='ltr'><strong>non</strong></span> <span class='ocrx_word' id='word_1_393' title='bbox 1231 4696 1454 4759; x_wconf 88' lang='lat' dir='ltr'><strong>mundat</strong></span> <span class='ocrx_word' id='word_1_394' title='bbox 1479 4698 1611 4754; x_wconf 86' lang='lat' dir='ltr'><strong>tides</strong></span> <span class='ocrx_word' id='word_1_395' title='bbox 1639 4699 1871 4771; x_wconf 82' lang='lat' dir='ltr'><strong>Christi,</strong></span> <span class='ocrx_word' id='word_1_396' title='bbox 1903 4705 1974 4762; x_wconf 90' lang='lat' dir='ltr'><strong>de</strong></span> <span class='ocrx_word' id='word_1_397' title='bbox 1991 4724 2095 4779; x_wconf 82' lang='lat' dir='ltr'><strong>qua</strong></span> 
     </span>
    </p>
   </div>
   <div class='ocr_carea' id='block_1_48' title="bbox 499 4786 2092 4877">
    <p class='ocr_par' dir='ltr' id='par_1_48' title="bbox 499 4786 2092 4877">
     <span class='ocr_line' id='line_1_48' title="bbox 499 4786 2092 4877; baseline 0.018 -35"><span class='ocrx_word' id='word_1_398' title='bbox 499 4786 761 4877; x_wconf 79' lang='lat' dir='ltr'><strong>scriptum</strong></span> <span class='ocrx_word' id='word_1_399' title='bbox 788 4798 899 4853; x_wconf 89' lang='lat' dir='ltr'><strong>est,</strong></span> <span class='ocrx_word' id='word_1_400' title='bbox 925 4789 1183 4850; x_wconf 74' lang='lat' dir='ltr'><strong>Mundam</strong></span> <span class='ocrx_word' id='word_1_401' title='bbox 1201 4791 1306 4862; x_wconf 76' lang='lat' dir='ltr'><strong>ﬁde</strong></span> <span class='ocrx_word' id='word_1_402' title='bbox 1327 4793 1486 4850; x_wconf 78' lang='lat' dir='ltr'><strong>corda</strong></span> <span class='ocrx_word' id='word_1_403' title='bbox 1504 4812 1680 4860; x_wconf 73' lang='lat' dir='ltr'><strong>eorum</strong></span> <span class='ocrx_word' id='word_1_404' title='bbox 1707 4796 1844 4869; x_wconf 67' lang='lat' dir='ltr'><strong>(Act.</strong></span> <span class='ocrx_word' id='word_1_405' title='bbox 1864 4815 1967 4866; x_wconf 67' lang='lat' dir='ltr'><strong>xvi</strong></span> <span class='ocrx_word' id='word_1_406' title='bbox 1998 4803 2092 4877; x_wconf 83' lang='lat'><strong>9);</strong></span> 
     </span>
    </p>
   </div>
   <div class='ocr_carea' id='block_1_49' title="bbox 497 4875 2094 4957">
    <p class='ocr_par' dir='ltr' id='par_1_49' title="bbox 497 4875 2094 4957">
     <span class='ocr_line' id='line_1_49' title="bbox 497 4875 2094 4957; baseline 0.011 -25"><span class='ocrx_word' id='word_1_407' title='bbox 497 4884 556 4932; x_wconf 89' lang='lat' dir='ltr'><strong>et</strong></span> <span class='ocrx_word' id='word_1_408' title='bbox 580 4875 724 4936; x_wconf 85' lang='lat' dir='ltr'><strong>dicat</strong></span> <span class='ocrx_word' id='word_1_409' title='bbox 751 4877 1054 4949; x_wconf 80' lang='lat' dir='ltr'><strong>Aposwlus,</strong></span> <span class='ocrx_word' id='word_1_410' title='bbox 1078 4880 1368 4940; x_wconf 83' lang='lat' dir='ltr'><strong>lmmundis</strong></span> <span class='ocrx_word' id='word_1_411' title='bbox 1397 4894 1568 4942; x_wconf 81' lang='lat' dir='ltr'><strong>autem</strong></span> <span class='ocrx_word' id='word_1_412' title='bbox 1590 4895 1636 4944; x_wconf 81' lang='lat' dir='ltr'><strong>st</strong></span> <span class='ocrx_word' id='word_1_413' title='bbox 1653 4889 1946 4957; x_wconf 69' lang='lat' dir='ltr'><strong>inﬁdelibus</strong></span> <span class='ocrx_word' id='word_1_414' title='bbox 1962 4875 2094 4954; x_wconf 72' lang='lat' dir='ltr'><strong>nihil</strong></span> 
     </span>
    </p>
   </div>
   <div class='ocr_carea' id='block_1_50' title="bbox 498 4971 2094 5047">
    <p class='ocr_par' dir='ltr' id='par_1_50' title="bbox 498 4971 2094 5047">
     <span class='ocr_line' id='line_1_50' title="bbox 498 4971 2094 5047; baseline 0.009 -15"><span class='ocrx_word' id='word_1_415' title='bbox 498 4980 573 5032; x_wconf 76' lang='lat' dir='ltr'><strong>est</strong></span> <span class='ocrx_word' id='word_1_416' title='bbox 598 4971 877 5038; x_wconf 82' lang='lat' dir='ltr'><strong>mundum,</strong></span> <span class='ocrx_word' id='word_1_417' title='bbox 903 4976 991 5032; x_wconf 78' lang='lat' dir='ltr'><strong>sed</strong></span> <span class='ocrx_word' id='word_1_418' title='bbox 1020 4975 1218 5047; x_wconf 80' lang='lat' dir='ltr'><strong>polluta</strong></span> <span class='ocrx_word' id='word_1_419' title='bbox 1239 4988 1358 5034; x_wconf 85' lang='lat' dir='ltr'><strong>sunt</strong></span> <span class='ocrx_word' id='word_1_420' title='bbox 1399 4995 1575 5044; x_wconf 84' lang='lat' dir='ltr'><strong>eorum</strong></span> <span class='ocrx_word' id='word_1_421' title='bbox 1615 4992 1663 5037; x_wconf 80' lang='lat' dir='ltr'><strong>et</strong></span> <span class='ocrx_word' id='word_1_422' title='bbox 1705 4999 1845 5040; x_wconf 76' lang='lat' dir='ltr'><strong>nscas</strong></span> <span class='ocrx_word' id='word_1_423' title='bbox 1888 4995 1936 5044; x_wconf 82' lang='lat' dir='ltr'><strong>et</strong></span> <span class='ocrx_word' id='word_1_424' title='bbox 1977 5004 2094 5044; x_wconf 60' lang='lat' dir='ltr'><strong>eam</strong></span> 
     </span>
    </p>
   </div>
   <div class='ocr_carea' id='block_1_51' title="bbox 495 5067 2094 5147">
    <p class='ocr_par' dir='ltr' id='par_1_51' title="bbox 495 5067 2094 5147">
     <span class='ocr_line' id='line_1_51' title="bbox 495 5067 2094 5147; baseline 0.013 -28"><span class='ocrx_word' id='word_1_425' title='bbox 495 5067 710 5134; x_wconf 72' lang='lat' dir='ltr'><strong>scientia</strong></span> <span class='ocrx_word' id='word_1_426' title='bbox 741 5067 872 5140; x_wconf 78' lang='lat' dir='ltr'><strong>(Tit,</strong></span> <span class='ocrx_word' id='word_1_427' title='bbox 912 5084 962 5137; x_wconf 86' lang='grc' dir='ltr'><strong>ι,</strong></span> <span class='ocrx_word' id='word_1_428' title='bbox 996 5068 1106 5140; x_wconf 79' lang='lat' dir='ltr'><strong>i5).</strong></span> <span class='ocrx_word' id='word_1_429' title='bbox 1143 5071 1422 5141; x_wconf 75' lang='lat' dir='ltr'><strong>Quomodo</strong></span> <span class='ocrx_word' id='word_1_430' title='bbox 1445 5090 1575 5147; x_wconf 77' lang='lat' dir='ltr'><strong>ergo</strong></span> <span class='ocrx_word' id='word_1_431' title='bbox 1602 5076 1888 5140; x_wconf 74' lang='lat' dir='ltr'><strong>Pharismis</strong></span> <span class='ocrx_word' id='word_1_432' title='bbox 1914 5083 2094 5142; x_wconf 81' lang='lat' dir='ltr'><strong>omnia</strong></span> 
     </span>
    </p>
   </div>
   <div class='ocr_carea' id='block_1_52' title="bbox 499 5158 2092 5236">
    <p class='ocr_par' dir='ltr' id='par_1_52' title="bbox 499 5158 2092 5236">
     <span class='ocr_line' id='line_1_52' title="bbox 499 5158 2092 5236; baseline 0.011 -23"><span class='ocrx_word' id='word_1_433' title='bbox 499 5158 700 5214; x_wconf 83' lang='lat' dir='ltr'><strong>munda</strong></span> <span class='ocrx_word' id='word_1_434' title='bbox 721 5167 935 5227; x_wconf 90' lang='lat' dir='ltr'><strong>essent,</strong></span> <span class='ocrx_word' id='word_1_435' title='bbox 964 5159 1008 5213; x_wconf 91' lang='lat' dir='ltr'><strong>si</strong></span> <span class='ocrx_word' id='word_1_436' title='bbox 1029 5159 1398 5234; x_wconf 87' lang='lat' dir='ltr'><strong>eleemosynas</strong></span> <span class='ocrx_word' id='word_1_437' title='bbox 1415 5209 1431 5236; x_wconf 97' lang='lat'><strong>,</strong></span> <span class='ocrx_word' id='word_1_438' title='bbox 1454 5169 1643 5226; x_wconf 82' lang='lat' dir='ltr'><strong>darent</strong></span> <span class='ocrx_word' id='word_1_439' title='bbox 1675 5179 1731 5229; x_wconf 89' lang='lat' dir='ltr'><strong>et</strong></span> <span class='ocrx_word' id='word_1_440' title='bbox 1777 5172 1964 5230; x_wconf 83' lang='lat' dir='ltr'><strong>ﬁdeles</strong></span> <span class='ocrx_word' id='word_1_441' title='bbox 1984 5190 2092 5231; x_wconf 91' lang='lat' dir='ltr'><strong>non</strong></span> 
     </span>
    </p>
   </div>
   <div class='ocr_carea' id='block_1_53' title="bbox 496 5249 2090 5330">
    <p class='ocr_par' dir='ltr' id='par_1_53' title="bbox 496 5249 2090 5330">
     <span class='ocr_line' id='line_1_53' title="bbox 496 5249 2090 5330; baseline 0.011 -25"><span class='ocrx_word' id='word_1_442' title='bbox 496 5250 720 5306; x_wconf 83' lang='lat' dir='ltr'><strong>essent?</strong></span> <span class='ocrx_word' id='word_1_443' title='bbox 751 5249 856 5304; x_wconf 84' lang='lat' dir='ltr'><strong>Aut</strong></span> <span class='ocrx_word' id='word_1_444' title='bbox 893 5249 1162 5322; x_wconf 89' lang='lat' dir='ltr'><strong>quomodo</strong></span> <span class='ocrx_word' id='word_1_445' title='bbox 1202 5251 1386 5312; x_wconf 73' lang='lat' dir='ltr'><strong>fideles</strong></span> <span class='ocrx_word' id='word_1_446' title='bbox 1411 5267 1625 5326; x_wconf 82' lang='lat' dir='ltr'><strong>essent,</strong></span> <span class='ocrx_word' id='word_1_447' title='bbox 1669 5263 1712 5318; x_wconf 88' lang='lat' dir='ltr'><strong>si</strong></span> <span class='ocrx_word' id='word_1_448' title='bbox 1740 5263 1793 5318; x_wconf 89' lang='lat' dir='ltr'><strong>in</strong></span> <span class='ocrx_word' id='word_1_449' title='bbox 1819 5265 2090 5330; x_wconf 83' lang='lat' dir='ltr'><strong>Clu-istum</strong></span> 
     </span>
    </p>
   </div>
   <div class='ocr_carea' id='block_1_54' title="bbox 494 5343 2093 5422">
    <p class='ocr_par' dir='ltr' id='par_1_54' title="bbox 494 5343 2093 5422">
     <span class='ocr_line' id='line_1_54' title="bbox 494 5343 2093 5422; baseline 0.011 -24"><span class='ocrx_word' id='word_1_450' title='bbox 494 5343 718 5400; x_wconf 86' lang='lat' dir='ltr'><strong>credere</strong></span> <span class='ocrx_word' id='word_1_451' title='bbox 764 5353 922 5414; x_wconf 89' lang='lat' dir='ltr'><strong>atque</strong></span> <span class='ocrx_word' id='word_1_452' title='bbox 968 5344 1024 5399; x_wconf 87' lang='lat' dir='ltr'><strong>in</strong></span> <span class='ocrx_word' id='word_1_453' title='bbox 1072 5343 1189 5416; x_wconf 88' lang='lat' dir='ltr'><strong>ejus</strong></span> <span class='ocrx_word' id='word_1_454' title='bbox 1226 5349 1435 5412; x_wconf 78' lang='lat' dir='ltr'><strong>renasci</strong></span> <span class='ocrx_word' id='word_1_455' title='bbox 1461 5353 1630 5422; x_wconf 69' lang='lat' dir='ltr'><strong>gratia</strong></span> <span class='ocrx_word' id='word_1_456' title='bbox 1657 5355 1992 5418; x_wconf 77' lang='lat' dir='ltr'><strong>noluissent?</strong></span> <span class='ocrx_word' id='word_1_457' title='bbox 2022 5359 2093 5415; x_wconf 89' lang='lat' dir='ltr'><strong>Et</strong></span> 
     </span>
    </p>
   </div>
   <div class='ocr_carea' id='block_1_55' title="bbox 495 5437 2086 5523">
    <p class='ocr_par' dir='ltr' id='par_1_55' title="bbox 495 5437 2086 5523">
     <span class='ocr_line' id='line_1_55' title="bbox 495 5437 2086 5523; baseline 0.012 -34"><span class='ocrx_word' id='word_1_458' title='bbox 495 5442 674 5491; x_wconf 88' lang='lat' dir='ltr'><strong>tamen</strong></span> <span class='ocrx_word' id='word_1_459' title='bbox 696 5450 883 5491; x_wconf 88' lang='lat' dir='ltr'><strong>verum</strong></span> <span class='ocrx_word' id='word_1_460' title='bbox 913 5447 996 5493; x_wconf 87' lang='lat' dir='ltr'><strong>est</strong></span> <span class='ocrx_word' id='word_1_461' title='bbox 1016 5437 1158 5509; x_wconf 89' lang='lat' dir='ltr'><strong>quod</strong></span> <span class='ocrx_word' id='word_1_462' title='bbox 1184 5438 1498 5512; x_wconf 78' lang='lat' dir='ltr'><strong>audierunt,</strong></span> <span class='ocrx_word' id='word_1_463' title='bbox 1529 5443 1660 5510; x_wconf 69' lang='lat' dir='ltr'><strong>Date</strong></span> <span class='ocrx_word' id='word_1_464' title='bbox 1682 5445 2086 5523; x_wconf 76' lang='lat' dir='ltr'><strong>elemosynam,</strong></span> 
     </span>
    </p>
   </div>
   <div class='ocr_carea' id='block_1_56' title="bbox 492 5529 1411 5595">
    <p class='ocr_par' dir='ltr' id='par_1_56' title="bbox 492 5529 1411 5595">
     <span class='ocr_line' id='line_1_56' title="bbox 492 5529 1411 5595; baseline 0.011 -14"><span class='ocrx_word' id='word_1_465' title='bbox 492 5535 542 5584; x_wconf 88' lang='lat' dir='ltr'><strong>et</strong></span> <span class='ocrx_word' id='word_1_466' title='bbox 567 5544 678 5586; x_wconf 76' lang='lat' dir='ltr'><strong>ecce</strong></span> <span class='ocrx_word' id='word_1_467' title='bbox 705 5529 875 5594; x_wconf 69' lang='lat' dir='ltr'><strong>omnia</strong></span> <span class='ocrx_word' id='word_1_468' title='bbox 899 5531 1088 5595; x_wconf 82' lang='lat' dir='ltr'><strong>munda</strong></span> <span class='ocrx_word' id='word_1_469' title='bbox 1113 5541 1229 5590; x_wconf 80' lang='lat' dir='ltr'><strong>sunt</strong></span> <span class='ocrx_word' id='word_1_470' title='bbox 1255 5533 1411 5592; x_wconf 81' lang='lat' dir='ltr'><strong>vobis.</strong></span> 
     </span>
    </p>
   </div>
   <div class='ocr_carea' id='block_1_57' title="bbox 555 5643 2089 5726">
    <p class='ocr_par' dir='ltr' id='par_1_57' title="bbox 555 5643 2089 5726">
     <span class='ocr_line' id='line_1_57' title="bbox 555 5643 2089 5726; baseline 0.018 -34"><span class='ocrx_word' id='word_1_471' title='bbox 555 5643 698 5726; x_wconf 37' lang='lat' dir='ltr'><strong>tuis</strong></span> <span class='ocrx_word' id='word_1_472' title='bbox 709 5645 963 5726; x_wconf 39' lang='lat' dir='ltr'><strong>ﬁnger:</strong></span> <span class='ocrx_word' id='word_1_473' title='bbox 993 5646 1239 5726; x_wconf 70' lang='lat' dir='ltr'><strong>additum:</strong></span> <span class='ocrx_word' id='word_1_474' title='bbox 1459 5662 1511 5707; x_wconf 88' lang='lat' dir='ltr'><strong>ut</strong></span> <span class='ocrx_word' id='word_1_475' title='bbox 1540 5655 1687 5710; x_wconf 83' lang='lat' dir='ltr'><strong>etiam</strong></span> <span class='ocrx_word' id='word_1_476' title='bbox 1719 5659 1772 5712; x_wconf 89' lang='lat' dir='ltr'><strong>ia&#39;</strong></span> <span class='ocrx_word' id='word_1_477' title='bbox 1802 5663 1931 5726; x_wconf 80' lang='lat' dir='ltr'><strong>quod</strong></span> <span class='ocrx_word' id='word_1_478' title='bbox 1959 5663 2089 5720; x_wconf 75' lang='lat' dir='ltr'><strong>intus</strong></span> 
     </span>
    </p>
   </div>
   <div class='ocr_carea' id='block_1_58' title="bbox 493 5704 2087 5792">
    <p class='ocr_par' dir='ltr' id='par_1_58' title="bbox 493 5704 2087 5792">
     <span class='ocr_line' id='line_1_58' title="bbox 493 5704 2087 5792; baseline 0.019 -40"><span class='ocrx_word' id='word_1_479' title='bbox 493 5706 567 5792; x_wconf 50' lang='grc' dir='ltr'><em>ἓ</em></span> <span class='ocrx_word' id='word_1_480' title='bbox 989 5713 1118 5792; x_wconf 46' lang='lat' dir='ltr'><strong>quod</strong></span> <span class='ocrx_word' id='word_1_481' title='bbox 1139 5717 1202 5764; x_wconf 80' lang='lat' dir='ltr'><strong>ab</strong></span> <span class='ocrx_word' id='word_1_482' title='bbox 1230 5704 1374 5768; x_wconf 61' lang='lat' dir='ltr'><strong>editis</strong></span> <span class='ocrx_word' id='word_1_483' title='bbox 1389 5704 1937 5792; x_wconf 38' lang='grc' dir='ltr'><strong>’Ᾰιιιξξιίἶῗὺξιῖιιίῖιείῖῖέὲ</strong></span> 
     </span>
    </p>
   </div>
   <div class='ocr_carea' id='block_1_59' title="bbox 487 5772 2086 5880">
    <p class='ocr_par' dir='ltr' id='par_1_59' title="bbox 487 5772 2086 5880">
     <span class='ocr_line' id='line_1_59' title="bbox 487 5772 2086 5880; baseline 0.019 -67"><span class='ocrx_word' id='word_1_484' title='bbox 487 5775 598 5880; x_wconf 48' lang='grc' dir='ltr'><strong>ευ</strong></span> <span class='ocrx_word' id='word_1_485' title='bbox 584 5772 852 5828; x_wconf 85' lang='lat' dir='ltr'><strong>potioribus</strong></span> <span class='ocrx_word' id='word_1_486' title='bbox 893 5772 1020 5821; x_wconf 35' lang='lat' dir='ltr'><strong>MSS;</strong></span> <span class='ocrx_word' id='word_1_487' title='bbox 1041 5774 1209 5839; x_wconf 59' lang='lat' dir='ltr'><strong>abem,</strong></span> <span class='ocrx_word' id='word_1_488' title='bbox 1234 5793 1424 5830; x_wconf 61' lang='lat' dir='ltr'><strong>ttucnuzl</strong></span> <span class='ocrx_word' id='word_1_489' title='bbox 1466 5785 1529 5836; x_wconf 79' lang='lat' dir='ltr'><strong>ab</strong></span> <span class='ocrx_word' id='word_1_490' title='bbox 1561 5772 2086 5852; x_wconf 46' lang='grc' dir='ltr'><strong>Εγωιέψιιῶἳίῶἒιᾶῖ</strong></span> 
     </span>
    </p>
   </div>
   <div class='ocr_carea' id='block_1_60' title="bbox 1013 310 3302 390">
    <p class='ocr_par' dir='ltr' id='par_1_60' title="bbox 1013 310 3302 390">
     <span class='ocr_line' id='line_1_60' title="bbox 1013 310 3302 390; baseline -0.003 -9"><span class='ocrx_word' id='word_1_491' title='bbox 1013 321 1469 390; x_wconf 80' lang='lat' dir='ltr'><strong>ENCHIRIDION,</strong></span> <span class='ocrx_word' id='word_1_492' title='bbox 1511 318 1667 378; x_wconf 84' lang='lat' dir='ltr'><strong>SlVE</strong></span> <span class='ocrx_word' id='word_1_493' title='bbox 1699 318 1790 377; x_wconf 87' lang='lat' dir='ltr'><strong>DE</strong></span> <span class='ocrx_word' id='word_1_494' title='bbox 1837 317 2036 386; x_wconf 79' lang='lat' dir='ltr'><strong>FIDE,</strong></span> <span class='ocrx_word' id='word_1_495' title='bbox 2075 313 2207 376; x_wconf 79' lang='lat' dir='ltr'><strong>SPE</strong></span> <span class='ocrx_word' id='word_1_496' title='bbox 2245 312 2334 372; x_wconf 83' lang='lat' dir='ltr'><strong>ET</strong></span> <span class='ocrx_word' id='word_1_497' title='bbox 2371 310 2791 385; x_wconf 81' lang='lat' dir='ltr'><strong>CHARITATE,</strong></span> <span class='ocrx_word' id='word_1_498' title='bbox 2832 311 2889 371; x_wconf 77' lang='grc' dir='ltr'><strong>Β.</strong></span> <span class='ocrx_word' id='word_1_499' title='bbox 2930 312 3302 376; x_wconf 79' lang='lat' dir='ltr'><strong>AUGUSTINI</strong></span> 
     </span>
    </p>
   </div>
   <div class='ocr_carea' id='block_1_61' title="bbox 3696 325 3788 389">
    <p class='ocr_par' dir='ltr' id='par_1_61' title="bbox 3696 325 3788 389">
     <span class='ocr_line' id='line_1_61' title="bbox 3696 325 3788 389; baseline 0 -6"><span class='ocrx_word' id='word_1_500' title='bbox 3696 325 3788 389; x_wconf 69' lang='grc'><strong>268</strong></span> 
     </span>
    </p>
   </div>
   <div class='ocr_carea' id='block_1_62' title="bbox 2289 433 3788 511">
    <p class='ocr_par' dir='ltr' id='par_1_62' title="bbox 2289 433 3788 511">
     <span class='ocr_line' id='line_1_62' title="bbox 2289 433 3788 511; baseline 0.009 -21"><span class='ocrx_word' id='word_1_501' title='bbox 2289 433 2518 492; x_wconf 79' lang='lat' dir='ltr'><strong>CAPUT</strong></span> <span class='ocrx_word' id='word_1_502' title='bbox 2545 433 2780 492; x_wconf 75' lang='lat' dir='ltr'><strong>LXXVI.</strong></span> <span class='ocrx_word' id='word_1_503' title='bbox 2803 465 2874 478; x_wconf 88' lang='grc'><strong><em>--</em></strong></span> <span class='ocrx_word' id='word_1_504' title='bbox 2893 434 3076 492; x_wconf 62' lang='lat' dir='ltr'><strong>om</strong></span> <span class='ocrx_word' id='word_1_505' title='bbox 3102 437 3451 511; x_wconf 66' lang='grc' dir='ltr'><strong>ειεαιιοεςηι,</strong></span> <span class='ocrx_word' id='word_1_506' title='bbox 3488 443 3676 500; x_wconf 66' lang='lat' dir='ltr'><strong>aisne</strong></span> <span class='ocrx_word' id='word_1_507' title='bbox 3699 465 3788 505; x_wconf 65' lang='lat' dir='ltr'><strong>sua</strong></span> 
     </span>
    </p>
   </div>
   <div class='ocr_carea' id='block_1_63' title="bbox 2215 527 3882 600">
    <p class='ocr_par' dir='ltr' id='par_1_63' title="bbox 2215 527 3882 600">
     <span class='ocr_line' id='line_1_63' title="bbox 2215 527 3882 600; baseline 0.01 -16"><span class='ocrx_word' id='word_1_508' title='bbox 2215 527 2438 584; x_wconf 80' lang='lat' dir='ltr'><strong>misereri</strong></span> <span class='ocrx_word' id='word_1_509' title='bbox 2462 535 2509 584; x_wconf 84' lang='lat' dir='ltr'><strong>et</strong></span> <span class='ocrx_word' id='word_1_510' title='bbox 2531 536 2665 586; x_wconf 76' lang='lat' dir='ltr'><strong>rests</strong></span> <span class='ocrx_word' id='word_1_511' title='bbox 2687 529 2866 584; x_wconf 75' lang='lat' dir='ltr'><strong>sisere.</strong></span> <span class='ocrx_word' id='word_1_512' title='bbox 2906 529 3011 596; x_wconf 83' lang='lat' dir='ltr'><strong>Qui</strong></span> <span class='ocrx_word' id='word_1_513' title='bbox 3048 531 3192 586; x_wconf 88' lang='lat' dir='ltr'><strong>enim</strong></span> <span class='ocrx_word' id='word_1_514' title='bbox 3214 532 3233 564; x_wconf 77' lang='grc'>⁸</span> <span class='ocrx_word' id='word_1_515' title='bbox 3263 533 3376 588; x_wconf 67' lang='lat' dir='ltr'><strong>ruit</strong></span> <span class='ocrx_word' id='word_1_516' title='bbox 3412 535 3658 594; x_wconf 86' lang='lat' dir='ltr'><strong>ordinate</strong></span> <span class='ocrx_word' id='word_1_517' title='bbox 3679 540 3788 600; x_wconf 82' lang='lat' dir='ltr'><strong>dare</strong></span> <span class='ocrx_word' id='word_1_518' title='bbox 3880 529 3882 544; x_wconf 67' lang='grc'>¹</span> 
     </span>
    </p>
   </div>
   <div class='ocr_carea' id='block_1_64' title="bbox 2215 619 3882 696">
    <p class='ocr_par' dir='ltr' id='par_1_64' title="bbox 2215 619 3882 696">
     <span class='ocr_line' id='line_1_64' title="bbox 2215 619 3882 696; baseline 0.01 -20"><span class='ocrx_word' id='word_1_519' title='bbox 2215 619 2650 690; x_wconf 72' lang='lat' dir='ltr'><strong>oieemosynam,</strong></span> <span class='ocrx_word' id='word_1_520' title='bbox 2682 635 2714 674; x_wconf 88' lang='lat' dir='ltr'><strong>a</strong></span> <span class='ocrx_word' id='word_1_521' title='bbox 2737 633 2800 676; x_wconf 84' lang='lat' dir='ltr'><strong>se</strong></span> <span class='ocrx_word' id='word_1_522' title='bbox 2828 621 2945 692; x_wconf 86' lang='lat' dir='ltr'><strong>ipso</strong></span> <span class='ocrx_word' id='word_1_523' title='bbox 2983 622 3144 679; x_wconf 86' lang='lat' dir='ltr'><strong>debet</strong></span> <span class='ocrx_word' id='word_1_524' title='bbox 3170 624 3406 696; x_wconf 81' lang='lat' dir='ltr'><strong>incipere</strong></span> <span class='ocrx_word' id='word_1_525' title='bbox 3425 668 3440 694; x_wconf 90' lang='lat'><strong>,</strong></span> <span class='ocrx_word' id='word_1_526' title='bbox 3471 636 3527 683; x_wconf 89' lang='lat' dir='ltr'><strong>et</strong></span> <span class='ocrx_word' id='word_1_527' title='bbox 3551 646 3669 686; x_wconf 84' lang='lat' dir='ltr'><strong>eam</strong></span> <span class='ocrx_word' id='word_1_528' title='bbox 3708 636 3790 692; x_wconf 86' lang='lat' dir='ltr'><strong>sibi</strong></span> <span class='ocrx_word' id='word_1_529' title='bbox 3880 623 3882 694; x_wconf 67' lang='grc' dir='ltr'>ζ</span> 
     </span>
    </p>
   </div>
   <div class='ocr_carea' id='block_1_65' title="bbox 2217 710 3790 788">
    <p class='ocr_par' dir='ltr' id='par_1_65' title="bbox 2217 710 3790 788">
     <span class='ocr_line' id='line_1_65' title="bbox 2217 710 3790 788; baseline 0.009 -22"><span class='ocrx_word' id='word_1_530' title='bbox 2217 711 2447 781; x_wconf 86' lang='lat' dir='ltr'><strong>primum</strong></span> <span class='ocrx_word' id='word_1_531' title='bbox 2484 710 2636 767; x_wconf 90' lang='lat' dir='ltr'><strong>dare.</strong></span> <span class='ocrx_word' id='word_1_532' title='bbox 2663 711 2762 768; x_wconf 87' lang='lat' dir='ltr'><strong>Est</strong></span> <span class='ocrx_word' id='word_1_533' title='bbox 2785 713 2929 768; x_wconf 88' lang='lat' dir='ltr'><strong>enim</strong></span> <span class='ocrx_word' id='word_1_534' title='bbox 2965 714 3308 788; x_wconf 79' lang='lat' dir='ltr'><strong>eieemosyua</strong></span> <span class='ocrx_word' id='word_1_535' title='bbox 3333 732 3470 788; x_wconf 90' lang='lat' dir='ltr'><strong>opus</strong></span> <span class='ocrx_word' id='word_1_536' title='bbox 3505 721 3790 780; x_wconf 85' lang='lat' dir='ltr'><strong>misericor-</strong></span> 
     </span>
    </p>
   </div>
   <div class='ocr_carea' id='block_1_66' title="bbox 2217 803 3792 875">
    <p class='ocr_par' dir='ltr' id='par_1_66' title="bbox 2217 803 3792 875">
     <span class='ocr_line' id='line_1_66' title="bbox 2217 803 3792 875; baseline 0.007 -15"><span class='ocrx_word' id='word_1_537' title='bbox 2217 803 2353 870; x_wconf 73' lang='lat' dir='ltr'><strong>diae;</strong></span> <span class='ocrx_word' id='word_1_538' title='bbox 2399 804 2784 875; x_wconf 85' lang='lat' dir='ltr'><strong>verissimeque</strong></span> <span class='ocrx_word' id='word_1_539' title='bbox 2811 804 3016 861; x_wconf 88' lang='lat' dir='ltr'><strong>dictum</strong></span> <span class='ocrx_word' id='word_1_540' title='bbox 3059 817 3175 872; x_wconf 87' lang='lat' dir='ltr'><strong>est,</strong></span> <span class='ocrx_word' id='word_1_541' title='bbox 3223 807 3465 865; x_wconf 75' lang='lat' dir='ltr'><strong>Miserere</strong></span> <span class='ocrx_word' id='word_1_542' title='bbox 3502 813 3792 873; x_wconf 65' lang='lat' dir='ltr'><strong>animatum</strong></span> 
     </span>
    </p>
   </div>
   <div class='ocr_carea' id='block_1_67' title="bbox 2217 895 3790 973">
    <p class='ocr_par' dir='ltr' id='par_1_67' title="bbox 2217 895 3790 973">
     <span class='ocr_line' id='line_1_67' title="bbox 2217 895 3790 973; baseline -0.001 -21"><span class='ocrx_word' id='word_1_543' title='bbox 2217 895 2427 968; x_wconf 74' lang='lat' dir='ltr'><strong>placens</strong></span> <span class='ocrx_word' id='word_1_544' title='bbox 2453 895 2563 952; x_wconf 84' lang='lat' dir='ltr'><strong>Deo</strong></span> <span class='ocrx_word' id='word_1_545' title='bbox 2589 895 2786 964; x_wconf 84' lang='lat' dir='ltr'><strong>(Eccii.</strong></span> <span class='ocrx_word' id='word_1_546' title='bbox 2815 914 2921 953; x_wconf 82' lang='lat' dir='ltr'><strong>xxx</strong></span> <span class='ocrx_word' id='word_1_547' title='bbox 2942 939 2958 966; x_wconf 93' lang='lat'><strong>,</strong></span> <span class='ocrx_word' id='word_1_548' title='bbox 3003 898 3118 972; x_wconf 68' lang='grc'><strong>26).</strong></span> <span class='ocrx_word' id='word_1_549' title='bbox 3170 900 3397 973; x_wconf 79' lang='lat' dir='ltr'><strong>Propter</strong></span> <span class='ocrx_word' id='word_1_550' title='bbox 3427 903 3533 960; x_wconf 83' lang='lat' dir='ltr'><strong>hoc</strong></span> <span class='ocrx_word' id='word_1_551' title='bbox 3573 911 3790 964; x_wconf 74' lang='lat' dir='ltr'><strong>ratasci-</strong></span> 
     </span>
    </p>
   </div>
   <div class='ocr_carea' id='block_1_68' title="bbox 2216 989 3791 1070">
    <p class='ocr_par' dir='ltr' id='par_1_68' title="bbox 2216 989 3791 1070">
     <span class='ocr_line' id='line_1_68' title="bbox 2216 989 3791 1070; baseline 0.005 -23"><span class='ocrx_word' id='word_1_552' title='bbox 2216 1005 2358 1055; x_wconf 84' lang='lat' dir='ltr'><strong>mur,</strong></span> <span class='ocrx_word' id='word_1_553' title='bbox 2381 998 2440 1045; x_wconf 90' lang='lat' dir='ltr'><strong>ut</strong></span> <span class='ocrx_word' id='word_1_554' title='bbox 2465 989 2575 1045; x_wconf 85' lang='lat' dir='ltr'><strong>Deo</strong></span> <span class='ocrx_word' id='word_1_555' title='bbox 2601 989 2925 1059; x_wconf 81' lang='lat' dir='ltr'><strong>placeamus,</strong></span> <span class='ocrx_word' id='word_1_556' title='bbox 2948 992 3034 1047; x_wconf 83' lang='lat' dir='ltr'><strong>cui</strong></span> <span class='ocrx_word' id='word_1_557' title='bbox 3059 993 3253 1049; x_wconf 81' lang='lat' dir='ltr'><strong>merito</strong></span> <span class='ocrx_word' id='word_1_558' title='bbox 3272 994 3523 1066; x_wconf 85' lang='lat' dir='ltr'><strong>displicet</strong></span> <span class='ocrx_word' id='word_1_559' title='bbox 3551 1001 3692 1070; x_wconf 87' lang='lat' dir='ltr'><strong>quod</strong></span> <span class='ocrx_word' id='word_1_560' title='bbox 3715 1017 3791 1057; x_wconf 88' lang='lat' dir='ltr'><strong>na-</strong></span> 
     </span>
    </p>
   </div>
   <div class='ocr_carea' id='block_1_69' title="bbox 2217 1081 3792 1163">
    <p class='ocr_par' dir='ltr' id='par_1_69' title="bbox 2217 1081 3792 1163">
     <span class='ocr_line' id='line_1_69' title="bbox 2217 1081 3792 1163; baseline 0.006 -25"><span class='ocrx_word' id='word_1_561' title='bbox 2217 1081 2419 1138; x_wconf 87' lang='lat' dir='ltr'><strong>scendo</strong></span> <span class='ocrx_word' id='word_1_562' title='bbox 2433 1084 2814 1140; x_wconf 76' lang='lat' dir='ltr'><strong>contraximus.</strong></span> <span class='ocrx_word' id='word_1_563' title='bbox 2835 1082 2959 1138; x_wconf 68' lang='lat' dir='ltr'><strong>Harc</strong></span> <span class='ocrx_word' id='word_1_564' title='bbox 2981 1095 3066 1138; x_wconf 82' lang='lat' dir='ltr'><strong>est</strong></span> <span class='ocrx_word' id='word_1_565' title='bbox 3082 1085 3252 1154; x_wconf 86' lang='lat' dir='ltr'><strong>prima</strong></span> <span class='ocrx_word' id='word_1_566' title='bbox 3273 1087 3638 1163; x_wconf 79' lang='lat' dir='ltr'><strong>eleemosyna,</strong></span> <span class='ocrx_word' id='word_1_567' title='bbox 3656 1109 3792 1163; x_wconf 83' lang='lat' dir='ltr'><strong>quam</strong></span> 
     </span>
    </p>
   </div>
   <div class='ocr_carea' id='block_1_70' title="bbox 2217 1171 3795 1253">
    <p class='ocr_par' dir='ltr' id='par_1_70' title="bbox 2217 1171 3795 1253">
     <span class='ocr_line' id='line_1_70' title="bbox 2217 1171 3795 1253; baseline 0.009 -26"><span class='ocrx_word' id='word_1_568' title='bbox 2217 1172 2375 1228; x_wconf 87' lang='lat' dir='ltr'><strong>nobis</strong></span> <span class='ocrx_word' id='word_1_569' title='bbox 2393 1171 2640 1227; x_wconf 86' lang='lat' dir='ltr'><strong>dedimus</strong></span> <span class='ocrx_word' id='word_1_570' title='bbox 2659 1214 2674 1236; x_wconf 89' lang='lat'><strong>,</strong></span> <span class='ocrx_word' id='word_1_571' title='bbox 2700 1173 2954 1243; x_wconf 78' lang='lat' dir='ltr'><strong>quouis</strong></span> <span class='ocrx_word' id='word_1_572' title='bbox 2978 1187 3080 1230; x_wconf 79' lang='lat' dir='ltr'><strong>nos</strong></span> <span class='ocrx_word' id='word_1_573' title='bbox 3115 1175 3264 1247; x_wconf 84' lang='lat' dir='ltr'><strong>ipsos</strong></span> <span class='ocrx_word' id='word_1_574' title='bbox 3293 1179 3523 1236; x_wconf 83' lang='lat' dir='ltr'><strong>miseros</strong></span> <span class='ocrx_word' id='word_1_575' title='bbox 3542 1184 3562 1213; x_wconf 87' lang='grc'><strong><em>²</em></strong></span> <span class='ocrx_word' id='word_1_576' title='bbox 3593 1197 3691 1253; x_wconf 89' lang='lat' dir='ltr'><strong>per</strong></span> <span class='ocrx_word' id='word_1_577' title='bbox 3716 1187 3795 1240; x_wconf 87' lang='lat' dir='ltr'><strong>mi-</strong></span> 
     </span>
    </p>
   </div>
   <div class='ocr_carea' id='block_1_71' title="bbox 2215 1261 3796 1347">
    <p class='ocr_par' dir='ltr' id='par_1_71' title="bbox 2215 1261 3796 1347">
     <span class='ocr_line' id='line_1_71' title="bbox 2215 1261 3796 1347; baseline 0.006 -26"><span class='ocrx_word' id='word_1_578' title='bbox 2215 1266 2449 1321; x_wconf 82' lang='lat' dir='ltr'><strong>serantis</strong></span> <span class='ocrx_word' id='word_1_579' title='bbox 2466 1262 2564 1320; x_wconf 85' lang='lat' dir='ltr'><strong>Dei</strong></span> <span class='ocrx_word' id='word_1_580' title='bbox 2591 1261 3018 1321; x_wconf 81' lang='lat' dir='ltr'><strong>misericordiam</strong></span> <span class='ocrx_word' id='word_1_581' title='bbox 3055 1267 3471 1339; x_wconf 85' lang='lat' dir='ltr'><strong>requisivimus,</strong></span> <span class='ocrx_word' id='word_1_582' title='bbox 3492 1271 3696 1342; x_wconf 88' lang='lat' dir='ltr'><strong>justum</strong></span> <span class='ocrx_word' id='word_1_583' title='bbox 3727 1275 3796 1347; x_wconf 88' lang='lat' dir='ltr'><strong>ju-</strong></span> 
     </span>
    </p>
   </div>
   <div class='ocr_carea' id='block_1_72' title="bbox 2218 1356 3792 1436">
    <p class='ocr_par' dir='ltr' id='par_1_72' title="bbox 2218 1356 3792 1436">
     <span class='ocr_line' id='line_1_72' title="bbox 2218 1356 3792 1436; baseline 0.008 -24"><span class='ocrx_word' id='word_1_584' title='bbox 2218 1356 2418 1413; x_wconf 83' lang='lat' dir='ltr'><strong>dicium</strong></span> <span class='ocrx_word' id='word_1_585' title='bbox 2444 1357 2562 1428; x_wconf 91' lang='lat' dir='ltr'><strong>ejus</strong></span> <span class='ocrx_word' id='word_1_586' title='bbox 2598 1358 2940 1424; x_wconf 80' lang='lat' dir='ltr'><strong>conﬁtentes,</strong></span> <span class='ocrx_word' id='word_1_587' title='bbox 2969 1374 3078 1430; x_wconf 80' lang='lat' dir='ltr'><strong>quo</strong></span> <span class='ocrx_word' id='word_1_588' title='bbox 3099 1361 3282 1418; x_wconf 83' lang='lat' dir='ltr'><strong>miseri</strong></span> <span class='ocrx_word' id='word_1_589' title='bbox 3309 1362 3484 1419; x_wconf 69' lang='lat' dir='ltr'><strong>etfecti</strong></span> <span class='ocrx_word' id='word_1_590' title='bbox 3511 1379 3716 1436; x_wconf 79' lang='lat' dir='ltr'><strong>sumus,</strong></span> <span class='ocrx_word' id='word_1_591' title='bbox 3740 1370 3792 1426; x_wconf 85' lang='lat' dir='ltr'><strong>de</strong></span> 
     </span>
    </p>
   </div>
   <div class='ocr_carea' id='block_1_73' title="bbox 2216 1448 3794 1522">
    <p class='ocr_par' dir='ltr' id='par_1_73' title="bbox 2216 1448 3794 1522">
     <span class='ocr_line' id='line_1_73' title="bbox 2216 1448 3794 1522; baseline 0.006 -18"><span class='ocrx_word' id='word_1_592' title='bbox 2216 1463 2325 1520; x_wconf 89' lang='lat' dir='ltr'><strong>quo</strong></span> <span class='ocrx_word' id='word_1_593' title='bbox 2363 1448 2496 1506; x_wconf 82' lang='lat' dir='ltr'><strong>dicit</strong></span> <span class='ocrx_word' id='word_1_594' title='bbox 2519 1449 2808 1520; x_wconf 76' lang='lat' dir='ltr'><strong>Apostolus</strong></span> <span class='ocrx_word' id='word_1_595' title='bbox 2825 1491 2843 1515; x_wconf 93' lang='lat'><strong>,</strong></span> <span class='ocrx_word' id='word_1_596' title='bbox 2869 1449 3134 1506; x_wconf 67' lang='lat' dir='ltr'><strong>Iudicium</strong></span> <span class='ocrx_word' id='word_1_597' title='bbox 3161 1453 3366 1522; x_wconf 75' lang='lat' dir='ltr'><strong>quidem</strong></span> <span class='ocrx_word' id='word_1_598' title='bbox 3391 1471 3456 1510; x_wconf 75' lang='lat' dir='ltr'><strong>ea:</strong></span> <span class='ocrx_word' id='word_1_599' title='bbox 3477 1472 3584 1512; x_wconf 68' lang='lat' dir='ltr'><strong>uno</strong></span> <span class='ocrx_word' id='word_1_600' title='bbox 3615 1459 3670 1512; x_wconf 78' lang='lat' dir='ltr'><strong>in</strong></span> <span class='ocrx_word' id='word_1_601' title='bbox 3691 1476 3794 1515; x_wconf 61' lang='lat' dir='ltr'><strong>seu.</strong></span> 
     </span>
    </p>
   </div>
   <div class='ocr_carea' id='block_1_74' title="bbox 2218 1538 3795 1620">
    <p class='ocr_par' dir='ltr' id='par_1_74' title="bbox 2218 1538 3795 1620">
     <span class='ocr_line' id='line_1_74' title="bbox 2218 1538 3795 1620; baseline 0.008 -28"><span class='ocrx_word' id='word_1_602' title='bbox 2218 1538 2588 1605; x_wconf 68' lang='lat' dir='ltr'><strong>destinationem</strong></span> <span class='ocrx_word' id='word_1_603' title='bbox 2619 1555 2640 1595; x_wconf 90' lang='lat'><strong><em>:</em></strong></span> <span class='ocrx_word' id='word_1_604' title='bbox 2663 1547 2720 1596; x_wconf 86' lang='lat' dir='ltr'><strong>et</strong></span> <span class='ocrx_word' id='word_1_605' title='bbox 2753 1556 2962 1612; x_wconf 68' lang='lat' dir='ltr'><strong>magna</strong></span> <span class='ocrx_word' id='word_1_606' title='bbox 2995 1542 3242 1606; x_wconf 84' lang='lat' dir='ltr'><strong>eharitau&#39;</strong></span> <span class='ocrx_word' id='word_1_607' title='bbox 3287 1545 3405 1616; x_wconf 85' lang='lat' dir='ltr'><strong>ejus</strong></span> <span class='ocrx_word' id='word_1_608' title='bbox 3430 1548 3635 1618; x_wconf 79' lang='lat' dir='ltr'><strong>gratias</strong></span> <span class='ocrx_word' id='word_1_609' title='bbox 3661 1563 3795 1620; x_wconf 73' lang='lat' dir='ltr'><strong>ages-</strong></span> 
     </span>
    </p>
   </div>
   <div class='ocr_carea' id='block_1_75' title="bbox 2219 1630 3792 1706">
    <p class='ocr_par' dir='ltr' id='par_1_75' title="bbox 2219 1630 3792 1706">
     <span class='ocr_line' id='line_1_75' title="bbox 2219 1630 3792 1706; baseline 0.005 -18"><span class='ocrx_word' id='word_1_610' title='bbox 2219 1638 2301 1688; x_wconf 85' lang='lat' dir='ltr'><strong>tes</strong></span> <span class='ocrx_word' id='word_1_611' title='bbox 2319 1672 2334 1696; x_wconf 91' lang='lat'><strong>,</strong></span> <span class='ocrx_word' id='word_1_612' title='bbox 2366 1630 2436 1690; x_wconf 83' lang='lat' dir='ltr'><strong>de</strong></span> <span class='ocrx_word' id='word_1_613' title='bbox 2455 1647 2562 1701; x_wconf 86' lang='lat' dir='ltr'><strong>qua</strong></span> <span class='ocrx_word' id='word_1_614' title='bbox 2589 1631 2732 1691; x_wconf 84' lang='lat' dir='ltr'><strong>idem</strong></span> <span class='ocrx_word' id='word_1_615' title='bbox 2754 1632 2872 1703; x_wconf 85' lang='lat' dir='ltr'><strong>ipse</strong></span> <span class='ocrx_word' id='word_1_616' title='bbox 2901 1632 3028 1690; x_wconf 80' lang='lat' dir='ltr'><strong>dicit</strong></span> <span class='ocrx_word' id='word_1_617' title='bbox 3050 1635 3238 1705; x_wconf 73' lang='lat' dir='ltr'><strong>gratiae</strong></span> <span class='ocrx_word' id='word_1_618' title='bbox 3274 1636 3633 1706; x_wconf 74' lang='lat' dir='ltr'><strong>praedicator,</strong></span> <span class='ocrx_word' id='word_1_619' title='bbox 3661 1640 3792 1696; x_wconf 79' lang='lat' dir='ltr'><strong>Cois-</strong></span> 
     </span>
    </p>
   </div>
   <div class='ocr_carea' id='block_1_76' title="bbox 2217 1723 3792 1806">
    <p class='ocr_par' dir='ltr' id='par_1_76' title="bbox 2217 1723 3792 1806">
     <span class='ocr_line' id='line_1_76' title="bbox 2217 1723 3792 1806; baseline 0.005 -22"><span class='ocrx_word' id='word_1_620' title='bbox 2217 1723 2425 1784; x_wconf 66' lang='lat' dir='ltr'><strong>Mldli</strong></span> <span class='ocrx_word' id='word_1_621' title='bbox 2449 1734 2620 1784; x_wconf 72' lang='lat' dir='ltr'><strong>autem</strong></span> <span class='ocrx_word' id='word_1_622' title='bbox 2645 1742 2792 1784; x_wconf 66' lang='lat' dir='ltr'><strong>stunt</strong></span> <span class='ocrx_word' id='word_1_623' title='bbox 2812 1726 3132 1782; x_wconf 70' lang='lat' dir='ltr'><strong>dilationem</strong></span> <span class='ocrx_word' id='word_1_624' title='bbox 3155 1727 3298 1784; x_wconf 79' lang='lat' dir='ltr'><strong>Deus</strong></span> <span class='ocrx_word' id='word_1_625' title='bbox 3318 1730 3375 1784; x_wconf 69' lang='grc' dir='ltr'><strong>ἀι</strong></span> <span class='ocrx_word' id='word_1_626' title='bbox 3396 1732 3561 1798; x_wconf 76' lang='lat' dir='ltr'><strong>nobis,</strong></span> <span class='ocrx_word' id='word_1_627' title='bbox 3578 1737 3792 1806; x_wconf 65' lang='lat' dir='ltr'><strong>qualine</strong></span> 
     </span>
    </p>
   </div>
   <div class='ocr_carea' id='block_1_77' title="bbox 2217 1816 3792 1894">
    <p class='ocr_par' dir='ltr' id='par_1_77' title="bbox 2217 1816 3792 1894">
     <span class='ocr_line' id='line_1_77' title="bbox 2217 1816 3792 1894; baseline 0.009 -25"><span class='ocrx_word' id='word_1_628' title='bbox 2217 1833 2333 1870; x_wconf 88' lang='lat' dir='ltr'><strong>cum</strong></span> <span class='ocrx_word' id='word_1_629' title='bbox 2359 1816 2526 1872; x_wconf 84' lang='lat' dir='ltr'><strong>adhuc</strong></span> <span class='ocrx_word' id='word_1_630' title='bbox 2553 1828 2837 1890; x_wconf 83' lang='lat' dir='ltr'><strong>peccatores</strong></span> <span class='ocrx_word' id='word_1_631' title='bbox 2861 1836 3101 1889; x_wconf 86' lang='lat' dir='ltr'><strong>essemus,</strong></span> <span class='ocrx_word' id='word_1_632' title='bbox 3129 1820 3362 1878; x_wconf 81' lang='lat' dir='ltr'><strong>Christus</strong></span> <span class='ocrx_word' id='word_1_633' title='bbox 3391 1841 3484 1894; x_wconf 86' lang='lat' dir='ltr'><strong>pro</strong></span> <span class='ocrx_word' id='word_1_634' title='bbox 3512 1827 3662 1882; x_wconf 69' lang='lat' dir='ltr'><strong>nobis</strong></span> <span class='ocrx_word' id='word_1_635' title='bbox 3677 1845 3792 1883; x_wconf 65' lang='lat' dir='ltr'><strong>mor-</strong></span> 
     </span>
    </p>
   </div>
   <div class='ocr_carea' id='block_1_78' title="bbox 2215 1907 3791 1982">
    <p class='ocr_par' dir='ltr' id='par_1_78' title="bbox 2215 1907 3791 1982">
     <span class='ocr_line' id='line_1_78' title="bbox 2215 1907 3791 1982; baseline 0.008 -16"><span class='ocrx_word' id='word_1_636' title='bbox 2215 1916 2335 1966; x_wconf 76' lang='lat' dir='ltr'><strong>tuus</strong></span> <span class='ocrx_word' id='word_1_637' title='bbox 2375 1918 2450 1966; x_wconf 78' lang='lat' dir='ltr'><strong>est</strong></span> <span class='ocrx_word' id='word_1_638' title='bbox 2477 1907 2656 1981; x_wconf 76' lang='lat' dir='ltr'><strong>(Ross.</strong></span> <span class='ocrx_word' id='word_1_639' title='bbox 2701 1926 2734 1964; x_wconf 71' lang='grc' dir='ltr'><strong>ν</strong></span> <span class='ocrx_word' id='word_1_640' title='bbox 2753 1951 2768 1976; x_wconf 87' lang='grc'><strong><em>,</em></strong></span> <span class='ocrx_word' id='word_1_641' title='bbox 2798 1910 2900 1978; x_wconf 76' lang='grc' dir='ltr'><strong>ιθ,</strong></span> <span class='ocrx_word' id='word_1_642' title='bbox 2931 1913 2964 1966; x_wconf 87' lang='lat'><strong><em>8</em></strong></span> <span class='ocrx_word' id='word_1_643' title='bbox 2983 1949 3000 1977; x_wconf 92' lang='lat'><strong>,</strong></span> <span class='ocrx_word' id='word_1_644' title='bbox 3027 1910 3123 1982; x_wconf 77' lang='lat'><strong>9);</strong></span> <span class='ocrx_word' id='word_1_645' title='bbox 3155 1923 3212 1966; x_wconf 76' lang='lat' dir='ltr'><strong>ut</strong></span> <span class='ocrx_word' id='word_1_646' title='bbox 3249 1922 3304 1968; x_wconf 88' lang='lat' dir='ltr'><strong>et</strong></span> <span class='ocrx_word' id='word_1_647' title='bbox 3327 1929 3431 1970; x_wconf 79' lang='lat' dir='ltr'><strong>nos</strong></span> <span class='ocrx_word' id='word_1_648' title='bbox 3459 1919 3717 1975; x_wconf 71' lang='lat' dir='ltr'><strong>veraciter</strong></span> <span class='ocrx_word' id='word_1_649' title='bbox 3740 1921 3791 1978; x_wconf 82' lang='lat' dir='ltr'><strong>de</strong></span> 
     </span>
    </p>
   </div>
   <div class='ocr_carea' id='block_1_79' title="bbox 2217 1998 3791 2084">
    <p class='ocr_par' dir='ltr' id='par_1_79' title="bbox 2217 1998 3791 2084">
     <span class='ocr_line' id='line_1_79' title="bbox 2217 1998 3791 2084; baseline 0.004 -25"><span class='ocrx_word' id='word_1_650' title='bbox 2217 2006 2402 2059; x_wconf 84' lang='lat' dir='ltr'><strong>nostra</strong></span> <span class='ocrx_word' id='word_1_651' title='bbox 2441 1998 2660 2057; x_wconf 83' lang='lat' dir='ltr'><strong>miseria</strong></span> <span class='ocrx_word' id='word_1_652' title='bbox 2681 1999 2983 2084; x_wconf 75' lang='lat' dir='ltr'><strong>iudicantes</strong></span> <span class='ocrx_word' id='word_1_653' title='bbox 3004 2041 3018 2072; x_wconf 92' lang='lat'><strong>,</strong></span> <span class='ocrx_word' id='word_1_654' title='bbox 3043 2012 3104 2058; x_wconf 81' lang='lat' dir='ltr'><strong>et</strong></span> <span class='ocrx_word' id='word_1_655' title='bbox 3121 2002 3290 2060; x_wconf 82' lang='lat' dir='ltr'><strong>Deum</strong></span> <span class='ocrx_word' id='word_1_656' title='bbox 3317 2006 3589 2064; x_wconf 69' lang='lat' dir='ltr'><strong>sitat-itam</strong></span> <span class='ocrx_word' id='word_1_657' title='bbox 3609 2009 3636 2046; x_wconf 80' lang='grc'><strong><em>³</em></strong></span> <span class='ocrx_word' id='word_1_658' title='bbox 3659 2025 3791 2082; x_wconf 79' lang='lat' dir='ltr'><strong>quam</strong></span> 
     </span>
    </p>
   </div>
   <div class='ocr_carea' id='block_1_80' title="bbox 2214 2088 3790 2173">
    <p class='ocr_par' dir='ltr' id='par_1_80' title="bbox 2214 2088 3790 2173">
     <span class='ocr_line' id='line_1_80' title="bbox 2214 2088 3790 2173; baseline 0.009 -27"><span class='ocrx_word' id='word_1_659' title='bbox 2214 2088 2434 2150; x_wconf 78' lang='lat' dir='ltr'><strong>donavit</strong></span> <span class='ocrx_word' id='word_1_660' title='bbox 2465 2090 2582 2160; x_wconf 85' lang='lat' dir='ltr'><strong>ipse</strong></span> <span class='ocrx_word' id='word_1_661' title='bbox 2607 2091 2890 2162; x_wconf 81' lang='lat' dir='ltr'><strong>diligentes</strong></span> <span class='ocrx_word' id='word_1_662' title='bbox 2912 2136 2926 2162; x_wconf 88' lang='lat'><strong>,</strong></span> <span class='ocrx_word' id='word_1_663' title='bbox 2961 2095 3046 2163; x_wconf 78' lang='lat' dir='ltr'><strong>pie</strong></span> <span class='ocrx_word' id='word_1_664' title='bbox 3073 2105 3326 2168; x_wconf 84' lang='lat' dir='ltr'><strong>recteque</strong></span> <span class='ocrx_word' id='word_1_665' title='bbox 3352 2100 3624 2158; x_wconf 79' lang='lat' dir='ltr'><strong>vivamus.</strong></span> <span class='ocrx_word' id='word_1_666' title='bbox 3665 2103 3790 2173; x_wconf 78' lang='lat' dir='ltr'><strong>Quod</strong></span> 
     </span>
    </p>
   </div>
   <div class='ocr_carea' id='block_1_81' title="bbox 2210 2173 3882 2266">
    <p class='ocr_par' dir='ltr' id='par_1_81' title="bbox 2210 2173 3882 2266">
     <span class='ocr_line' id='line_1_81' title="bbox 2210 2173 3882 2266; baseline 0.01 -27"><span class='ocrx_word' id='word_1_667' title='bbox 2210 2178 2474 2250; x_wconf 73' lang='lat' dir='ltr'><strong>judicium</strong></span> <span class='ocrx_word' id='word_1_668' title='bbox 2494 2189 2550 2237; x_wconf 80' lang='lat' dir='ltr'><strong>et</strong></span> <span class='ocrx_word' id='word_1_669' title='bbox 2573 2181 2887 2242; x_wconf 70' lang='lat' dir='ltr'><strong>claritatem</strong></span> <span class='ocrx_word' id='word_1_670' title='bbox 2913 2185 3008 2242; x_wconf 87' lang='lat' dir='ltr'><strong>Dei</strong></span> <span class='ocrx_word' id='word_1_671' title='bbox 3032 2200 3153 2243; x_wconf 87' lang='lat' dir='ltr'><strong>eum</strong></span> <span class='ocrx_word' id='word_1_672' title='bbox 3176 2188 3432 2248; x_wconf 60' lang='lat' dir='ltr'><strong>enim</strong></span> <span class='ocrx_word' id='word_1_673' title='bbox 3455 2195 3788 2266; x_wconf 67' lang='lat' dir='ltr'><strong>prata-irent,</strong></span> <span class='ocrx_word' id='word_1_674' title='bbox 3863 2173 3882 2266; x_wconf 79' lang='grc'><strong>1</strong></span> 
     </span>
    </p>
   </div>
   <div class='ocr_carea' id='block_1_82' title="bbox 2216 2270 3790 2358">
    <p class='ocr_par' dir='ltr' id='par_1_82' title="bbox 2216 2270 3790 2358">
     <span class='ocr_line' id='line_1_82' title="bbox 2216 2270 3790 2358; baseline 0.012 -28"><span class='ocrx_word' id='word_1_675' title='bbox 2216 2270 2559 2338; x_wconf 79' lang='lat' dir='ltr'><strong>decimahant</strong></span> <span class='ocrx_word' id='word_1_676' title='bbox 2601 2284 2779 2334; x_wconf 85' lang='lat' dir='ltr'><strong>tamen</strong></span> <span class='ocrx_word' id='word_1_677' title='bbox 2809 2289 3030 2349; x_wconf 77' lang='lat' dir='ltr'><strong>propter</strong></span> <span class='ocrx_word' id='word_1_678' title='bbox 3063 2281 3440 2357; x_wconf 77' lang='lat' dir='ltr'><strong>eleemosynas</strong></span> <span class='ocrx_word' id='word_1_679' title='bbox 3481 2303 3622 2358; x_wconf 82' lang='lat' dir='ltr'><strong>quas</strong></span> <span class='ocrx_word' id='word_1_680' title='bbox 3659 2291 3790 2348; x_wconf 80' lang='lat' dir='ltr'><strong>iacie-</strong></span> 
     </span>
    </p>
   </div>
   <div class='ocr_carea' id='block_1_83' title="bbox 2215 2361 3882 2446">
    <p class='ocr_par' dir='ltr' id='par_1_83' title="bbox 2215 2361 3882 2446">
     <span class='ocr_line' id='line_1_83' title="bbox 2215 2361 3882 2446; baseline 0.011 -21"><span class='ocrx_word' id='word_1_681' title='bbox 2215 2366 2345 2426; x_wconf 84' lang='lat' dir='ltr'><strong>bant</strong></span> <span class='ocrx_word' id='word_1_682' title='bbox 2367 2369 2529 2427; x_wconf 85' lang='lat' dir='ltr'><strong>etiam</strong></span> <span class='ocrx_word' id='word_1_683' title='bbox 2549 2385 2775 2442; x_wconf 65' lang='lat' dir='ltr'><strong>quaque</strong></span> <span class='ocrx_word' id='word_1_684' title='bbox 2801 2373 3158 2431; x_wconf 70' lang='lat' dir='ltr'><strong>minutissima</strong></span> <span class='ocrx_word' id='word_1_685' title='bbox 3178 2377 3445 2436; x_wconf 58' lang='lat' dir='ltr'><strong>ﬂuctum</strong></span> <span class='ocrx_word' id='word_1_686' title='bbox 3469 2395 3691 2442; x_wconf 84' lang='lat' dir='ltr'><strong>suorum</strong></span> <span class='ocrx_word' id='word_1_687' title='bbox 3711 2405 3727 2446; x_wconf 86' lang='lat'><strong>;</strong></span> <span class='ocrx_word' id='word_1_688' title='bbox 3748 2400 3790 2442; x_wconf 88' lang='lat' dir='ltr'><strong>et</strong></span> 
     </span>
    </p>
   </div>
   <div class='ocr_carea' id='block_1_84' title="bbox 2215 2458 3787 2542">
    <p class='ocr_par' dir='ltr' id='par_1_84' title="bbox 2215 2458 3787 2542">
     <span class='ocr_line' id='line_1_84' title="bbox 2215 2458 3787 2542; baseline 0.008 -25"><span class='ocrx_word' id='word_1_689' title='bbox 2215 2458 2338 2518; x_wconf 84' lang='lat' dir='ltr'><strong>ideo</strong></span> <span class='ocrx_word' id='word_1_690' title='bbox 2363 2475 2470 2518; x_wconf 83' lang='lat' dir='ltr'><strong>nos</strong></span> <span class='ocrx_word' id='word_1_691' title='bbox 2487 2460 2689 2520; x_wconf 76' lang='lat' dir='ltr'><strong>dabant</strong></span> <span class='ocrx_word' id='word_1_692' title='bbox 2708 2462 3079 2538; x_wconf 72' lang='lat' dir='ltr'><strong>elemosynas</strong></span> <span class='ocrx_word' id='word_1_693' title='bbox 3107 2481 3136 2522; x_wconf 89' lang='lat' dir='ltr'><strong>a</strong></span> <span class='ocrx_word' id='word_1_694' title='bbox 3164 2482 3225 2524; x_wconf 85' lang='lat' dir='ltr'><strong>se</strong></span> <span class='ocrx_word' id='word_1_695' title='bbox 3247 2469 3587 2542; x_wconf 80' lang='lat' dir='ltr'><strong>incipientes,</strong></span> <span class='ocrx_word' id='word_1_696' title='bbox 3607 2491 3787 2533; x_wconf 81' lang='lat' dir='ltr'><strong>secunt-</strong></span> 
     </span>
    </p>
   </div>
   <div class='ocr_carea' id='block_1_85' title="bbox 2213 2555 3787 2640">
    <p class='ocr_par' dir='ltr' id='par_1_85' title="bbox 2213 2555 3787 2640">
     <span class='ocr_line' id='line_1_85' title="bbox 2213 2555 3787 2640; baseline 0.006 -28"><span class='ocrx_word' id='word_1_697' title='bbox 2213 2567 2320 2623; x_wconf 80' lang='lat' dir='ltr'><strong>quo</strong></span> <span class='ocrx_word' id='word_1_698' title='bbox 2340 2555 2488 2626; x_wconf 86' lang='lat' dir='ltr'><strong>prius</strong></span> <span class='ocrx_word' id='word_1_699' title='bbox 2509 2557 2932 2613; x_wconf 74' lang='lat' dir='ltr'><strong>misericordiam</strong></span> <span class='ocrx_word' id='word_1_700' title='bbox 2958 2557 3215 2618; x_wconf 81' lang='lat' dir='ltr'><strong>facientes</strong></span> <span class='ocrx_word' id='word_1_701' title='bbox 3235 2561 3279 2618; x_wconf 72' lang='grc'><strong>⁸.</strong></span> <span class='ocrx_word' id='word_1_702' title='bbox 3305 2563 3535 2636; x_wconf 79' lang='lat' dir='ltr'><strong>Propter</strong></span> <span class='ocrx_word' id='word_1_703' title='bbox 3555 2583 3710 2640; x_wconf 79' lang='lat' dir='ltr'><strong>quem</strong></span> <span class='ocrx_word' id='word_1_704' title='bbox 3724 2571 3787 2626; x_wconf 70' lang='lat' dir='ltr'><strong>di.</strong></span> 
     </span>
    </p>
   </div>
   <div class='ocr_carea' id='block_1_86' title="bbox 2211 2645 3874 2732">
    <p class='ocr_par' dir='ltr' id='par_1_86' title="bbox 2211 2645 3874 2732">
     <span class='ocr_line' id='line_1_86' title="bbox 2211 2645 3874 2732; baseline 0.005 -28"><span class='ocrx_word' id='word_1_705' title='bbox 2211 2645 2460 2704; x_wconf 78' lang='lat' dir='ltr'><strong>lectionis</strong></span> <span class='ocrx_word' id='word_1_706' title='bbox 2487 2649 2732 2706; x_wconf 78' lang='lat' dir='ltr'><strong>ordinem</strong></span> <span class='ocrx_word' id='word_1_707' title='bbox 2759 2651 2958 2708; x_wconf 85' lang='lat' dir='ltr'><strong>dictum</strong></span> <span class='ocrx_word' id='word_1_708' title='bbox 2981 2664 3068 2710; x_wconf 90' lang='lat' dir='ltr'><strong>est</strong></span> <span class='ocrx_word' id='word_1_709' title='bbox 3085 2695 3103 2723; x_wconf 93' lang='lat'><strong>,</strong></span> <span class='ocrx_word' id='word_1_710' title='bbox 3131 2654 3328 2730; x_wconf 79' lang='lat' dir='ltr'><strong>Diiiges</strong></span> <span class='ocrx_word' id='word_1_711' title='bbox 3352 2663 3648 2732; x_wconf 67' lang='grc' dir='ltr'><strong>ροιοείηωηι</strong></span> <span class='ocrx_word' id='word_1_712' title='bbox 3673 2677 3786 2722; x_wconf 65' lang='lat' dir='ltr'><strong>Mm</strong></span> 
     </span>
    </p>
   </div>
   <div class='ocr_carea' id='block_1_87' title="bbox 2213 2743 3874 2838">
    <p class='ocr_par' dir='ltr' id='par_1_87' title="bbox 2213 2743 3874 2838">
     <span class='ocr_line' id='line_1_87' title="bbox 2213 2743 3874 2838; baseline 0.013 -42"><span class='ocrx_word' id='word_1_713' title='bbox 2213 2747 2454 2814; x_wconf 83' lang='lat' dir='ltr'><strong>tanquam</strong></span> <span class='ocrx_word' id='word_1_714' title='bbox 2479 2752 2528 2797; x_wconf 85' lang='lat' dir='ltr'><strong>ts</strong></span> <span class='ocrx_word' id='word_1_715' title='bbox 2551 2743 2720 2814; x_wconf 70' lang='lat' dir='ltr'><strong>ipsum</strong></span> <span class='ocrx_word' id='word_1_716' title='bbox 2741 2744 2890 2817; x_wconf 75' lang='lat' dir='ltr'><strong>(Luc.</strong></span> <span class='ocrx_word' id='word_1_717' title='bbox 2919 2763 2953 2802; x_wconf 79' lang='grc' dir='ltr'><strong>ι</strong></span> <span class='ocrx_word' id='word_1_718' title='bbox 2976 2789 2990 2814; x_wconf 94' lang='grc'><em>,</em></span> <span class='ocrx_word' id='word_1_719' title='bbox 3018 2744 3135 2822; x_wconf 68' lang='lat'><strong>27).</strong></span> <span class='ocrx_word' id='word_1_720' title='bbox 3160 2749 3292 2806; x_wconf 84' lang='lat' dir='ltr'><strong>Cum</strong></span> <span class='ocrx_word' id='word_1_721' title='bbox 3322 2768 3453 2824; x_wconf 76' lang='lat' dir='ltr'><strong>ergo</strong></span> <span class='ocrx_word' id='word_1_722' title='bbox 3481 2756 3787 2831; x_wconf 61' lang='lat' dir='ltr'><strong>increpasse</strong></span> <span class='ocrx_word' id='word_1_723' title='bbox 3865 2771 3874 2838; x_wconf 71' lang='grc' dir='ltr'><strong><em>ξ</em></strong></span> 
     </span>
    </p>
   </div>
   <div class='ocr_carea' id='block_1_88' title="bbox 2211 2833 3874 2928">
    <p class='ocr_par' dir='ltr' id='par_1_88' title="bbox 2211 2833 3874 2928">
     <span class='ocr_line' id='line_1_88' title="bbox 2211 2833 3874 2928; baseline 0.013 -41"><span class='ocrx_word' id='word_1_724' title='bbox 2211 2847 2308 2888; x_wconf 85' lang='lat' dir='ltr'><strong>eos</strong></span> <span class='ocrx_word' id='word_1_725' title='bbox 2333 2833 2475 2905; x_wconf 88' lang='lat' dir='ltr'><strong>quod</strong></span> <span class='ocrx_word' id='word_1_726' title='bbox 2515 2834 2813 2893; x_wconf 79' lang='lat' dir='ltr'><strong>forinsecus</strong></span> <span class='ocrx_word' id='word_1_727' title='bbox 2836 2853 2896 2894; x_wconf 85' lang='lat' dir='ltr'><strong>se</strong></span> <span class='ocrx_word' id='word_1_728' title='bbox 2923 2839 3206 2909; x_wconf 77' lang='lat' dir='ltr'><strong>lavabant,</strong></span> <span class='ocrx_word' id='word_1_729' title='bbox 3235 2843 3378 2902; x_wconf 86' lang='lat' dir='ltr'><strong>intus</strong></span> <span class='ocrx_word' id='word_1_730' title='bbox 3403 2857 3587 2906; x_wconf 88' lang='lat' dir='ltr'><strong>autem</strong></span> <span class='ocrx_word' id='word_1_731' title='bbox 3627 2854 3784 2924; x_wconf 82' lang='lat' dir='ltr'><strong>rapina</strong></span> 
     </span>
    </p>
   </div>
   <div class='ocr_carea' id='block_1_89' title="bbox 2211 2924 3874 3024">
    <p class='ocr_par' dir='ltr' id='par_1_89' title="bbox 2211 2924 3874 3024">
     <span class='ocr_line' id='line_1_89' title="bbox 2211 2924 3874 3024; baseline 0.011 -43"><span class='ocrx_word' id='word_1_732' title='bbox 2211 2932 2268 2981; x_wconf 84' lang='lat' dir='ltr'><strong>et</strong></span> <span class='ocrx_word' id='word_1_733' title='bbox 2292 2924 2570 2996; x_wconf 85' lang='lat' dir='ltr'><strong>iniquitate</strong></span> <span class='ocrx_word' id='word_1_734' title='bbox 2597 2928 2740 2999; x_wconf 87' lang='lat' dir='ltr'><strong>pleni</strong></span> <span class='ocrx_word' id='word_1_735' title='bbox 2767 2939 2921 2986; x_wconf 83' lang='lat' dir='ltr'><strong>erant</strong></span> <span class='ocrx_word' id='word_1_736' title='bbox 2938 2973 2954 2999; x_wconf 94' lang='lat'><strong>,</strong></span> <span class='ocrx_word' id='word_1_737' title='bbox 2983 2933 3282 2993; x_wconf 86' lang='lat' dir='ltr'><strong>admonens</strong></span> <span class='ocrx_word' id='word_1_738' title='bbox 3307 2939 3538 3009; x_wconf 85' lang='lat' dir='ltr'><strong>quadam</strong></span> <span class='ocrx_word' id='word_1_739' title='bbox 3572 2944 3784 3002; x_wconf 80' lang='lat' dir='ltr'><strong>eleemo-</strong></span> 
     </span>
    </p>
   </div>
   <div class='ocr_carea' id='block_1_90' title="bbox 2209 3017 3866 3104">
    <p class='ocr_par' dir='ltr' id='par_1_90' title="bbox 2209 3017 3866 3104">
     <span class='ocr_line' id='line_1_90' title="bbox 2209 3017 3866 3104; baseline 0.013 -30"><span class='ocrx_word' id='word_1_740' title='bbox 2209 3031 2345 3090; x_wconf 85' lang='lat' dir='ltr'><strong>syna</strong></span> <span class='ocrx_word' id='word_1_741' title='bbox 2366 3017 2424 3086; x_wconf 87' lang='grc'><strong>⁸,</strong></span> <span class='ocrx_word' id='word_1_742' title='bbox 2455 3035 2616 3090; x_wconf 90' lang='lat' dir='ltr'><strong>quam</strong></span> <span class='ocrx_word' id='word_1_743' title='bbox 2654 3021 2759 3076; x_wconf 88' lang='lat' dir='ltr'><strong>sibi</strong></span> <span class='ocrx_word' id='word_1_744' title='bbox 2790 3023 2951 3080; x_wconf 89' lang='lat' dir='ltr'><strong>homo</strong></span> <span class='ocrx_word' id='word_1_745' title='bbox 2975 3025 3135 3083; x_wconf 80' lang='lat' dir='ltr'><strong>debet</strong></span> <span class='ocrx_word' id='word_1_746' title='bbox 3180 3030 3428 3099; x_wconf 86' lang='lat' dir='ltr'><strong>primitus</strong></span> <span class='ocrx_word' id='word_1_747' title='bbox 3457 3034 3624 3104; x_wconf 86' lang='lat' dir='ltr'><strong>dare,</strong></span> <span class='ocrx_word' id='word_1_748' title='bbox 3670 3039 3785 3095; x_wconf 82' lang='lat' dir='ltr'><strong>inte—</strong></span> 
     </span>
    </p>
   </div>
   <div class='ocr_carea' id='block_1_91' title="bbox 2211 3112 3782 3202">
    <p class='ocr_par' dir='ltr' id='par_1_91' title="bbox 2211 3112 3782 3202">
     <span class='ocr_line' id='line_1_91' title="bbox 2211 3112 3782 3202; baseline 0.011 -36"><span class='ocrx_word' id='word_1_749' title='bbox 2211 3112 2356 3167; x_wconf 89' lang='lat' dir='ltr'><strong>riora</strong></span> <span class='ocrx_word' id='word_1_750' title='bbox 2379 3113 2626 3170; x_wconf 77' lang='lat' dir='ltr'><strong>mundari</strong></span> <span class='ocrx_word' id='word_1_751' title='bbox 2655 3129 2673 3170; x_wconf 89' lang='lat'><strong>:</strong></span> <span class='ocrx_word' id='word_1_752' title='bbox 2713 3113 3098 3189; x_wconf 70' lang='lat' dir='ltr'><strong>Verumtamen,</strong></span> <span class='ocrx_word' id='word_1_753' title='bbox 3143 3120 3316 3194; x_wconf 84' lang='lat' dir='ltr'><strong>inquit</strong></span> <span class='ocrx_word' id='word_1_754' title='bbox 3335 3166 3350 3190; x_wconf 95' lang='lat'><strong>,</strong></span> <span class='ocrx_word' id='word_1_755' title='bbox 3381 3128 3521 3196; x_wconf 81' lang='lat' dir='ltr'><strong>quod</strong></span> <span class='ocrx_word' id='word_1_756' title='bbox 3543 3141 3782 3202; x_wconf 81' lang='lat' dir='ltr'><strong>superest,</strong></span> 
     </span>
    </p>
   </div>
   <div class='ocr_carea' id='block_1_92' title="bbox 2211 3205 3882 3280">
    <p class='ocr_par' dir='ltr' id='par_1_92' title="bbox 2211 3205 3882 3280">
     <span class='ocr_line' id='line_1_92' title="bbox 2211 3205 3882 3280; baseline 0.011 -19"><span class='ocrx_word' id='word_1_757' title='bbox 2211 3205 2332 3262; x_wconf 79' lang='lat' dir='ltr'><strong>dats</strong></span> <span class='ocrx_word' id='word_1_758' title='bbox 2375 3207 2744 3280; x_wconf 64' lang='lat' dir='ltr'><strong>elemosynam</strong></span> <span class='ocrx_word' id='word_1_759' title='bbox 2761 3248 2780 3278; x_wconf 89' lang='lat'><strong>,</strong></span> <span class='ocrx_word' id='word_1_760' title='bbox 2809 3218 2858 3266; x_wconf 82' lang='lat' dir='ltr'><strong>et</strong></span> <span class='ocrx_word' id='word_1_761' title='bbox 2900 3227 3013 3268; x_wconf 78' lang='lat' dir='ltr'><strong>secs</strong></span> <span class='ocrx_word' id='word_1_762' title='bbox 3055 3215 3227 3270; x_wconf 81' lang='lat' dir='ltr'><strong>omnia</strong></span> <span class='ocrx_word' id='word_1_763' title='bbox 3253 3217 3447 3273; x_wconf 75' lang='lat' dir='ltr'><strong>munda</strong></span> <span class='ocrx_word' id='word_1_764' title='bbox 3486 3231 3606 3276; x_wconf 81' lang='lat' dir='ltr'><strong>sant</strong></span> <span class='ocrx_word' id='word_1_765' title='bbox 3651 3224 3780 3278; x_wconf 68' lang='lat' dir='ltr'><strong>vobis.</strong></span> <span class='ocrx_word' id='word_1_766' title='bbox 3859 3205 3882 3280; x_wconf 62' lang='grc' dir='ltr'><strong>ἶ·</strong></span> 
     </span>
    </p>
   </div>
   <div class='ocr_carea' id='block_1_93' title="bbox 2210 3301 3868 3390">
    <p class='ocr_par' dir='ltr' id='par_1_93' title="bbox 2210 3301 3868 3390">
     <span class='ocr_line' id='line_1_93' title="bbox 2210 3301 3868 3390; baseline 0.01 -30"><span class='ocrx_word' id='word_1_767' title='bbox 2210 3304 2416 3363; x_wconf 87' lang='lat' dir='ltr'><strong>Deinde</strong></span> <span class='ocrx_word' id='word_1_768' title='bbox 2443 3315 2502 3362; x_wconf 90' lang='lat' dir='ltr'><strong>ut</strong></span> <span class='ocrx_word' id='word_1_769' title='bbox 2538 3307 2849 3365; x_wconf 89' lang='lat' dir='ltr'><strong>ostenderet</strong></span> <span class='ocrx_word' id='word_1_770' title='bbox 2874 3310 3001 3380; x_wconf 91' lang='lat' dir='ltr'><strong>quid</strong></span> <span class='ocrx_word' id='word_1_771' title='bbox 3025 3311 3426 3384; x_wconf 84' lang='lat' dir='ltr'><strong>admonuisset,</strong></span> <span class='ocrx_word' id='word_1_772' title='bbox 3466 3324 3526 3372; x_wconf 86' lang='lat' dir='ltr'><strong>et</strong></span> <span class='ocrx_word' id='word_1_773' title='bbox 3551 3318 3678 3390; x_wconf 89' lang='lat' dir='ltr'><strong>quid</strong></span> <span class='ocrx_word' id='word_1_774' title='bbox 3704 3319 3782 3389; x_wconf 82' lang='lat' dir='ltr'><strong>ipsi</strong></span> 
     </span>
    </p>
   </div>
   <div class='ocr_carea' id='block_1_94' title="bbox 2209 3397 3778 3475">
    <p class='ocr_par' dir='ltr' id='par_1_94' title="bbox 2209 3397 3778 3475">
     <span class='ocr_line' id='line_1_94' title="bbox 2209 3397 3778 3475; baseline 0.009 -22"><span class='ocrx_word' id='word_1_775' title='bbox 2209 3397 2390 3456; x_wconf 78' lang='lat' dir='ltr'><strong>facere</strong></span> <span class='ocrx_word' id='word_1_776' title='bbox 2426 3415 2534 3455; x_wconf 90' lang='lat' dir='ltr'><strong>non</strong></span> <span class='ocrx_word' id='word_1_777' title='bbox 2562 3409 2850 3468; x_wconf 79' lang='lat' dir='ltr'><strong>curarent,</strong></span> <span class='ocrx_word' id='word_1_778' title='bbox 2881 3417 2952 3459; x_wconf 90' lang='lat' dir='ltr'><strong>ne</strong></span> <span class='ocrx_word' id='word_1_779' title='bbox 2973 3403 3122 3459; x_wconf 85' lang='lat' dir='ltr'><strong>illum</strong></span> <span class='ocrx_word' id='word_1_780' title='bbox 3152 3413 3403 3475; x_wconf 88' lang='lat' dir='ltr'><strong>putarent</strong></span> <span class='ocrx_word' id='word_1_781' title='bbox 3444 3423 3633 3466; x_wconf 86' lang='lat' dir='ltr'><strong>eorum</strong></span> <span class='ocrx_word' id='word_1_782' title='bbox 3659 3411 3778 3467; x_wconf 82' lang='lat' dir='ltr'><strong>elec-</strong></span> 
     </span>
    </p>
   </div>
   <div class='ocr_carea' id='block_1_95' title="bbox 2209 3491 3778 3569">
    <p class='ocr_par' dir='ltr' id='par_1_95' title="bbox 2209 3491 3778 3569">
     <span class='ocr_line' id='line_1_95' title="bbox 2209 3491 3778 3569; baseline 0.006 -24"><span class='ocrx_word' id='word_1_783' title='bbox 2209 3504 2466 3562; x_wconf 78' lang='lat' dir='ltr'><strong>mosynas</strong></span> <span class='ocrx_word' id='word_1_784' title='bbox 2504 3491 2756 3564; x_wconf 76' lang='lat' dir='ltr'><strong>ignorare</strong></span> <span class='ocrx_word' id='word_1_785' title='bbox 2785 3509 2800 3548; x_wconf 88' lang='lat'><strong>:</strong></span> <span class='ocrx_word' id='word_1_786' title='bbox 2834 3493 2944 3550; x_wconf 84' lang='lat' dir='ltr'><strong>Sed</strong></span> <span class='ocrx_word' id='word_1_787' title='bbox 2969 3510 3045 3550; x_wconf 76' lang='lat' dir='ltr'><strong>eae</strong></span> <span class='ocrx_word' id='word_1_788' title='bbox 3084 3494 3257 3565; x_wconf 72' lang='lat' dir='ltr'><strong>vobis,</strong></span> <span class='ocrx_word' id='word_1_789' title='bbox 3285 3497 3455 3569; x_wconf 89' lang='lat' dir='ltr'><strong>inquit</strong></span> <span class='ocrx_word' id='word_1_790' title='bbox 3481 3497 3778 3557; x_wconf 61' lang='lat' dir='ltr'><strong>Plias-imis:</strong></span> 
     </span>
    </p>
   </div>
   <div class='ocr_carea' id='block_1_96' title="bbox 2208 3584 3882 3660">
    <p class='ocr_par' dir='ltr' id='par_1_96' title="bbox 2208 3584 3882 3660">
     <span class='ocr_line' id='line_1_96' title="bbox 2208 3584 3882 3660; baseline 0.014 -23"><span class='ocrx_word' id='word_1_791' title='bbox 2208 3589 2462 3654; x_wconf 85' lang='lat' dir='ltr'><strong>tanquam</strong></span> <span class='ocrx_word' id='word_1_792' title='bbox 2491 3584 2730 3654; x_wconf 86' lang='lat' dir='ltr'><strong>diceret,</strong></span> <span class='ocrx_word' id='word_1_793' title='bbox 2779 3586 2895 3660; x_wconf 76' lang='lat' dir='ltr'><strong>Ego</strong></span> <span class='ocrx_word' id='word_1_794' title='bbox 2932 3587 3146 3660; x_wconf 85' lang='lat' dir='ltr'><strong>quidem</strong></span> <span class='ocrx_word' id='word_1_795' title='bbox 3184 3595 3490 3650; x_wconf 89' lang='lat' dir='ltr'><strong>commonul</strong></span> <span class='ocrx_word' id='word_1_796' title='bbox 3537 3611 3632 3652; x_wconf 82' lang='lat' dir='ltr'><strong>vos</strong></span> <span class='ocrx_word' id='word_1_797' title='bbox 3659 3598 3778 3654; x_wconf 84' lang='lat' dir='ltr'><strong>eiee-</strong></span> <span class='ocrx_word' id='word_1_798' title='bbox 3859 3584 3882 3660; x_wconf 82' lang='lat' dir='ltr'><strong>i&#39;</strong></span> 
     </span>
    </p>
   </div>
   <div class='ocr_carea' id='block_1_97' title="bbox 2207 3678 3780 3754">
    <p class='ocr_par' dir='ltr' id='par_1_97' title="bbox 2207 3678 3780 3754">
     <span class='ocr_line' id='line_1_97' title="bbox 2207 3678 3780 3754; baseline 0.011 -24"><span class='ocrx_word' id='word_1_799' title='bbox 2207 3689 2489 3750; x_wconf 67' lang='lat' dir='ltr'><strong>nesynam</strong></span> <span class='ocrx_word' id='word_1_800' title='bbox 2517 3678 2749 3735; x_wconf 89' lang='lat' dir='ltr'><strong>dandam</strong></span> <span class='ocrx_word' id='word_1_801' title='bbox 2768 3721 2783 3747; x_wconf 91' lang='lat'><strong>,</strong></span> <span class='ocrx_word' id='word_1_802' title='bbox 2831 3696 2929 3752; x_wconf 86' lang='lat' dir='ltr'><strong>per</strong></span> <span class='ocrx_word' id='word_1_803' title='bbox 2949 3697 3107 3754; x_wconf 86' lang='lat' dir='ltr'><strong>quam</strong></span> <span class='ocrx_word' id='word_1_804' title='bbox 3133 3684 3289 3741; x_wconf 86' lang='lat' dir='ltr'><strong>vobis</strong></span> <span class='ocrx_word' id='word_1_805' title='bbox 3331 3689 3529 3744; x_wconf 91' lang='lat' dir='ltr'><strong>munda</strong></span> <span class='ocrx_word' id='word_1_806' title='bbox 3559 3691 3665 3746; x_wconf 87' lang='lat' dir='ltr'><strong>sint</strong></span> <span class='ocrx_word' id='word_1_807' title='bbox 3687 3706 3780 3746; x_wconf 90' lang='lat' dir='ltr'><strong>om-</strong></span> 
     </span>
    </p>
   </div>
   <div class='ocr_carea' id='block_1_98' title="bbox 2207 3768 3882 3844">
    <p class='ocr_par' dir='ltr' id='par_1_98' title="bbox 2207 3768 3882 3844">
     <span class='ocr_line' id='line_1_98' title="bbox 2207 3768 3882 3844; baseline 0.006 -18"><span class='ocrx_word' id='word_1_808' title='bbox 2207 3769 2333 3836; x_wconf 88' lang='lat' dir='ltr'><strong>nia;</strong></span> <span class='ocrx_word' id='word_1_809' title='bbox 2367 3768 2474 3826; x_wconf 85' lang='lat' dir='ltr'><strong>Sed</strong></span> <span class='ocrx_word' id='word_1_810' title='bbox 2517 3785 2593 3826; x_wconf 75' lang='lat' dir='ltr'><strong>eat</strong></span> <span class='ocrx_word' id='word_1_811' title='bbox 2619 3771 2758 3827; x_wconf 74' lang='lat' dir='ltr'><strong>vobis</strong></span> <span class='ocrx_word' id='word_1_812' title='bbox 2781 3773 2869 3844; x_wconf 79' lang='lat' dir='ltr'><strong>qui</strong></span> <span class='ocrx_word' id='word_1_813' title='bbox 2914 3773 3175 3830; x_wconf 82' lang='lat' dir='ltr'><strong>decimatis</strong></span> <span class='ocrx_word' id='word_1_814' title='bbox 3201 3787 3420 3831; x_wconf 76' lang='lat' dir='ltr'><strong>mentum</strong></span> <span class='ocrx_word' id='word_1_815' title='bbox 3465 3787 3512 3833; x_wconf 87' lang='lat' dir='ltr'><strong>et</strong></span> <span class='ocrx_word' id='word_1_816' title='bbox 3551 3790 3711 3835; x_wconf 83' lang='lat' dir='ltr'><strong>rutam</strong></span> <span class='ocrx_word' id='word_1_817' title='bbox 3744 3789 3780 3834; x_wconf 84' lang='lat' dir='ltr'><strong>et</strong></span> <span class='ocrx_word' id='word_1_818' title='bbox 3857 3768 3882 3844; x_wconf 67' lang='grc' dir='ltr'><strong>ι</strong></span> 
     </span>
    </p>
   </div>
   <div class='ocr_carea' id='block_1_99' title="bbox 2209 3861 3882 3941">
    <p class='ocr_par' dir='ltr' id='par_1_99' title="bbox 2209 3861 3882 3941">
     <span class='ocr_line' id='line_1_99' title="bbox 2209 3861 3882 3941; baseline 0.007 -26"><span class='ocrx_word' id='word_1_819' title='bbox 2209 3876 2359 3916; x_wconf 76' lang='lat' dir='ltr'><strong>omne</strong></span> <span class='ocrx_word' id='word_1_820' title='bbox 2387 3862 2540 3930; x_wconf 83' lang='lat' dir='ltr'><strong>eius;</strong></span> <span class='ocrx_word' id='word_1_821' title='bbox 2569 3861 2666 3918; x_wconf 85' lang='lat' dir='ltr'><strong>has</strong></span> <span class='ocrx_word' id='word_1_822' title='bbox 2703 3865 2848 3922; x_wconf 77' lang='lat' dir='ltr'><strong>enim</strong></span> <span class='ocrx_word' id='word_1_823' title='bbox 2878 3865 3002 3920; x_wconf 88' lang='lat' dir='ltr'><strong>novi</strong></span> <span class='ocrx_word' id='word_1_824' title='bbox 3043 3866 3416 3940; x_wconf 82' lang='lat' dir='ltr'><strong>eleemosynas</strong></span> <span class='ocrx_word' id='word_1_825' title='bbox 3443 3880 3681 3941; x_wconf 83' lang='lat' dir='ltr'><strong>vestras,</strong></span> <span class='ocrx_word' id='word_1_826' title='bbox 3725 3887 3777 3926; x_wconf 85' lang='lat' dir='ltr'><strong>ne</strong></span> <span class='ocrx_word' id='word_1_827' title='bbox 3859 3861 3882 3941; x_wconf 81' lang='grc' dir='ltr'>Ι.</span> 
     </span>
    </p>
   </div>
   <div class='ocr_carea' id='block_1_100' title="bbox 2205 3952 3775 4036">
    <p class='ocr_par' dir='ltr' id='par_1_100' title="bbox 2205 3952 3775 4036">
     <span class='ocr_line' id='line_1_100' title="bbox 2205 3952 3775 4036; baseline 0.006 -27"><span class='ocrx_word' id='word_1_828' title='bbox 2205 3952 2277 4009; x_wconf 83' lang='lat' dir='ltr'><strong>de</strong></span> <span class='ocrx_word' id='word_1_829' title='bbox 2301 3953 2410 4010; x_wconf 88' lang='lat' dir='ltr'><strong>illis</strong></span> <span class='ocrx_word' id='word_1_830' title='bbox 2435 3968 2522 4010; x_wconf 88' lang='lat' dir='ltr'><strong>me</strong></span> <span class='ocrx_word' id='word_1_831' title='bbox 2547 3969 2693 4011; x_wconf 78' lang='lat' dir='ltr'><strong>nunc</strong></span> <span class='ocrx_word' id='word_1_832' title='bbox 2711 3971 2807 4012; x_wconf 85' lang='lat' dir='ltr'><strong>vos</strong></span> <span class='ocrx_word' id='word_1_833' title='bbox 2828 3956 3168 4015; x_wconf 84' lang='lat' dir='ltr'><strong>admonuisse</strong></span> <span class='ocrx_word' id='word_1_834' title='bbox 3188 3960 3522 4018; x_wconf 84' lang='lat' dir='ltr'><strong>arbitremini</strong></span> <span class='ocrx_word' id='word_1_835' title='bbox 3551 3981 3567 4018; x_wconf 92' lang='lat'><strong>:</strong></span> <span class='ocrx_word' id='word_1_836' title='bbox 3596 3973 3643 4018; x_wconf 84' lang='lat' dir='ltr'><strong>et</strong></span> <span class='ocrx_word' id='word_1_837' title='bbox 3658 3977 3775 4036; x_wconf 70' lang='lat' dir='ltr'><strong>pre-</strong></span> 
     </span>
    </p>
   </div>
   <div class='ocr_carea' id='block_1_101' title="bbox 2207 4046 3882 4130">
    <p class='ocr_par' dir='ltr' id='par_1_101' title="bbox 2207 4046 3882 4130">
     <span class='ocr_line' id='line_1_101' title="bbox 2207 4046 3882 4130; baseline 0.007 -30"><span class='ocrx_word' id='word_1_838' title='bbox 2207 4046 2369 4101; x_wconf 65' lang='lat' dir='ltr'><strong>teritis</strong></span> <span class='ocrx_word' id='word_1_839' title='bbox 2383 4046 2641 4118; x_wconf 71' lang='lat' dir='ltr'><strong>judicium</strong></span> <span class='ocrx_word' id='word_1_840' title='bbox 2662 4055 2711 4102; x_wconf 86' lang='lat' dir='ltr'><strong>et</strong></span> <span class='ocrx_word' id='word_1_841' title='bbox 2729 4048 3022 4104; x_wconf 68' lang='lat' dir='ltr'><strong>alacritatem</strong></span> <span class='ocrx_word' id='word_1_842' title='bbox 3048 4050 3174 4118; x_wconf 81' lang='lat' dir='ltr'><strong>Dei;</strong></span> <span class='ocrx_word' id='word_1_843' title='bbox 3194 4067 3296 4123; x_wconf 90' lang='lat' dir='ltr'><strong>qua</strong></span> <span class='ocrx_word' id='word_1_844' title='bbox 3318 4053 3659 4130; x_wconf 77' lang='lat' dir='ltr'><strong>eleemosyna</strong></span> <span class='ocrx_word' id='word_1_845' title='bbox 3675 4067 3777 4128; x_wconf 72' lang='grc' dir='ltr'><strong>νοε-</strong></span> 
     </span>
    </p>
   </div>
   <div class='ocr_carea' id='block_1_102' title="bbox 2203 4140 3876 4236">
    <p class='ocr_par' dir='ltr' id='par_1_102' title="bbox 2203 4140 3876 4236">
     <span class='ocr_line' id='line_1_102' title="bbox 2203 4140 3876 4236; baseline 0.005 -40"><span class='ocrx_word' id='word_1_846' title='bbox 2203 4140 2338 4196; x_wconf 84' lang='lat' dir='ltr'><strong>setis</strong></span> <span class='ocrx_word' id='word_1_847' title='bbox 2367 4140 2437 4196; x_wconf 88' lang='lat' dir='ltr'><strong>ab</strong></span> <span class='ocrx_word' id='word_1_848' title='bbox 2461 4141 2610 4196; x_wconf 84' lang='lat' dir='ltr'><strong>omni</strong></span> <span class='ocrx_word' id='word_1_849' title='bbox 2638 4141 3043 4214; x_wconf 83' lang='lat' dir='ltr'><strong>inquinamento</strong></span> <span class='ocrx_word' id='word_1_850' title='bbox 3072 4144 3309 4201; x_wconf 88' lang='lat' dir='ltr'><strong>interiori</strong></span> <span class='ocrx_word' id='word_1_851' title='bbox 3341 4147 3606 4217; x_wconf 80' lang='lat' dir='ltr'><strong>mandari,</strong></span> <span class='ocrx_word' id='word_1_852' title='bbox 3626 4159 3678 4205; x_wconf 90' lang='lat' dir='ltr'><strong>ut</strong></span> <span class='ocrx_word' id='word_1_853' title='bbox 3702 4164 3775 4204; x_wconf 78' lang='lat' dir='ltr'><strong>vo-</strong></span> 
     </span>
    </p>
   </div>
   <div class='ocr_carea' id='block_1_103' title="bbox 2205 4232 3882 4310">
    <p class='ocr_par' dir='ltr' id='par_1_103' title="bbox 2205 4232 3882 4310">
     <span class='ocr_line' id='line_1_103' title="bbox 2205 4232 3882 4310; baseline 0.004 -22"><span class='ocrx_word' id='word_1_854' title='bbox 2205 4232 2291 4289; x_wconf 83' lang='lat' dir='ltr'><strong>bis</strong></span> <span class='ocrx_word' id='word_1_855' title='bbox 2311 4233 2509 4290; x_wconf 85' lang='lat' dir='ltr'><strong>munda</strong></span> <span class='ocrx_word' id='word_1_856' title='bbox 2527 4243 2710 4292; x_wconf 86' lang='lat' dir='ltr'><strong>essent</strong></span> <span class='ocrx_word' id='word_1_857' title='bbox 2728 4245 2782 4292; x_wconf 84' lang='lat' dir='ltr'><strong>et</strong></span> <span class='ocrx_word' id='word_1_858' title='bbox 2805 4251 3030 4309; x_wconf 86' lang='lat' dir='ltr'><strong>corpora</strong></span> <span class='ocrx_word' id='word_1_859' title='bbox 3053 4254 3171 4310; x_wconf 71' lang='lat' dir='ltr'><strong>quae</strong></span> <span class='ocrx_word' id='word_1_860' title='bbox 3191 4239 3410 4297; x_wconf 74' lang='lat' dir='ltr'><strong>levatis:</strong></span> <span class='ocrx_word' id='word_1_861' title='bbox 3433 4243 3535 4298; x_wconf 89' lang='lat' dir='ltr'><strong>hoc</strong></span> <span class='ocrx_word' id='word_1_862' title='bbox 3558 4253 3636 4299; x_wconf 85' lang='lat' dir='ltr'><strong>est</strong></span> <span class='ocrx_word' id='word_1_863' title='bbox 3659 4243 3773 4298; x_wconf 82' lang='lat' dir='ltr'><strong>ini</strong></span> <span class='ocrx_word' id='word_1_864' title='bbox 3863 4232 3882 4310; x_wconf 65' lang='lat' dir='ltr'><strong>ii</strong></span> 
     </span>
    </p>
   </div>
   <div class='ocr_carea' id='block_1_104' title="bbox 2205 4326 3773 4422">
    <p class='ocr_par' dir='ltr' id='par_1_104' title="bbox 2205 4326 3773 4401">
     <span class='ocr_line' id='line_1_104' title="bbox 2205 4326 3773 4401; baseline 0.004 -20"><span class='ocrx_word' id='word_1_865' title='bbox 2205 4327 2412 4392; x_wconf 88' lang='lat' dir='ltr'><strong>omnia,</strong></span> <span class='ocrx_word' id='word_1_866' title='bbox 2443 4334 2498 4382; x_wconf 91' lang='lat' dir='ltr'><strong>et</strong></span> <span class='ocrx_word' id='word_1_867' title='bbox 2535 4326 2788 4384; x_wconf 89' lang='lat' dir='ltr'><strong>interiora</strong></span> <span class='ocrx_word' id='word_1_868' title='bbox 2833 4329 3040 4386; x_wconf 80' lang='lat' dir='ltr'><strong>scilicet</strong></span> <span class='ocrx_word' id='word_1_869' title='bbox 3067 4340 3121 4386; x_wconf 88' lang='lat' dir='ltr'><strong>et</strong></span> <span class='ocrx_word' id='word_1_870' title='bbox 3159 4334 3460 4401; x_wconf 86' lang='lat' dir='ltr'><strong>exteriora;</strong></span> <span class='ocrx_word' id='word_1_871' title='bbox 3508 4335 3643 4391; x_wconf 86' lang='lat' dir='ltr'><strong>sicut</strong></span> <span class='ocrx_word' id='word_1_872' title='bbox 3666 4332 3773 4390; x_wconf 75' lang='lat' dir='ltr'><strong>alibi</strong></span> 
     </span>
    </p>
   </div>
   <div class='ocr_carea' id='block_1_105' title="bbox 2205 4417 3773 4503">
    <p class='ocr_par' dir='ltr' id='par_1_105' title="bbox 2205 4417 3773 4503">
     <span class='ocr_line' id='line_1_105' title="bbox 2205 4417 3773 4503; baseline 0.001 -29"><span class='ocrx_word' id='word_1_873' title='bbox 2205 4417 2420 4490; x_wconf 73' lang='lat' dir='ltr'><strong>legitur,</strong></span> <span class='ocrx_word' id='word_1_874' title='bbox 2441 4418 2690 4474; x_wconf 60' lang='lat' dir='ltr'><strong>Nuntiate</strong></span> <span class='ocrx_word' id='word_1_875' title='bbox 2701 4436 2817 4489; x_wconf 68' lang='lat' dir='ltr'><strong>qua</strong></span> <span class='ocrx_word' id='word_1_876' title='bbox 2836 4421 2972 4475; x_wconf 85' lang='lat' dir='ltr'><strong>intus</strong></span> <span class='ocrx_word' id='word_1_877' title='bbox 2987 4432 3123 4503; x_wconf 86' lang='lat' dir='ltr'><strong>sunt,</strong></span> <span class='ocrx_word' id='word_1_878' title='bbox 3143 4432 3188 4478; x_wconf 88' lang='lat' dir='ltr'><strong>et</strong></span> <span class='ocrx_word' id='word_1_879' title='bbox 3208 4440 3321 4496; x_wconf 73' lang='lat' dir='ltr'><strong>quo:</strong></span> <span class='ocrx_word' id='word_1_880' title='bbox 3335 4425 3462 4498; x_wconf 76' lang='lat' dir='ltr'><strong>foris</strong></span> <span class='ocrx_word' id='word_1_881' title='bbox 3477 4418 3604 4482; x_wconf 78' lang='lat' dir='ltr'><strong>sunt</strong></span> <span class='ocrx_word' id='word_1_882' title='bbox 3617 4425 3773 4482; x_wconf 79' lang='lat' dir='ltr'><strong>munda</strong></span> 
     </span>
    </p>
   </div>
   <div class='ocr_carea' id='block_1_106' title="bbox 2203 4509 3775 4592">
    <p class='ocr_par' dir='ltr' id='par_1_106' title="bbox 2203 4509 3775 4592">
     <span class='ocr_line' id='line_1_106' title="bbox 2203 4509 3775 4592; baseline 0.003 -23"><span class='ocrx_word' id='word_1_883' title='bbox 2203 4521 2353 4569; x_wconf 80' lang='lat' dir='ltr'><strong>erunt</strong></span> <span class='ocrx_word' id='word_1_884' title='bbox 2370 4509 2587 4584; x_wconf 71' lang='lat' dir='ltr'><strong>(Matth.</strong></span> <span class='ocrx_word' id='word_1_885' title='bbox 2604 4527 2754 4579; x_wconf 73' lang='lat' dir='ltr'><strong>uin,</strong></span> <span class='ocrx_word' id='word_1_886' title='bbox 2770 4510 2886 4586; x_wconf 74' lang='grc'><strong>26).</strong></span> <span class='ocrx_word' id='word_1_887' title='bbox 2904 4513 3010 4569; x_wconf 86' lang='lat' dir='ltr'><strong>Sed</strong></span> <span class='ocrx_word' id='word_1_888' title='bbox 3029 4529 3097 4569; x_wconf 87' lang='lat' dir='ltr'><strong>ne</strong></span> <span class='ocrx_word' id='word_1_889' title='bbox 3117 4515 3248 4571; x_wconf 82' lang='lat' dir='ltr'><strong>istas</strong></span> <span class='ocrx_word' id='word_1_890' title='bbox 3274 4517 3663 4592; x_wconf 83' lang='lat' dir='ltr'><strong>eleemosynas,</strong></span> <span class='ocrx_word' id='word_1_891' title='bbox 3678 4535 3775 4591; x_wconf 64' lang='lat' dir='ltr'><strong>qua</strong></span> 
     </span>
    </p>
   </div>
   <div class='ocr_carea' id='block_1_107' title="bbox 2205 4602 3874 4678">
    <p class='ocr_par' dir='ltr' id='par_1_107' title="bbox 2205 4602 3874 4678">
     <span class='ocr_line' id='line_1_107' title="bbox 2205 4602 3874 4678; baseline 0.002 -19"><span class='ocrx_word' id='word_1_892' title='bbox 2205 4603 2341 4659; x_wconf 81' lang='lat' dir='ltr'><strong>ﬁunt</strong></span> <span class='ocrx_word' id='word_1_893' title='bbox 2359 4603 2427 4660; x_wconf 80' lang='lat' dir='ltr'><strong>de</strong></span> <span class='ocrx_word' id='word_1_894' title='bbox 2446 4602 2704 4659; x_wconf 60' lang='lat' dir='ltr'><strong>ﬂuctibus</strong></span> <span class='ocrx_word' id='word_1_895' title='bbox 2726 4612 2900 4672; x_wconf 64' lang='lat' dir='ltr'><strong>terrae,</strong></span> <span class='ocrx_word' id='word_1_896' title='bbox 2927 4607 3200 4677; x_wconf 83' lang='lat' dir='ltr'><strong>respuisse</strong></span> <span class='ocrx_word' id='word_1_897' title='bbox 3220 4609 3494 4667; x_wconf 79' lang='lat' dir='ltr'><strong>videretur</strong></span> <span class='ocrx_word' id='word_1_898' title='bbox 3516 4629 3534 4666; x_wconf 92' lang='lat'><strong><em>:</em></strong></span> <span class='ocrx_word' id='word_1_899' title='bbox 3555 4611 3692 4678; x_wconf 64' lang='lat' dir='ltr'><strong>Hac,</strong></span> <span class='ocrx_word' id='word_1_900' title='bbox 3708 4612 3772 4665; x_wconf 86' lang='lat' dir='ltr'><strong>in-</strong></span> <span class='ocrx_word' id='word_1_901' title='bbox 3871 4602 3874 4678; x_wconf 60' lang='grc' dir='ltr'><em>ἦ</em></span> 
     </span>
    </p>
   </div>
   <div class='ocr_carea' id='block_1_108' title="bbox 2201 4696 3874 4770">
    <p class='ocr_par' dir='ltr' id='par_1_108' title="bbox 2201 4696 3874 4770">
     <span class='ocr_line' id='line_1_108' title="bbox 2201 4696 3874 4770; baseline 0.006 -19"><span class='ocrx_word' id='word_1_902' title='bbox 2201 4699 2338 4768; x_wconf 85' lang='lat' dir='ltr'><strong>quit,</strong></span> <span class='ocrx_word' id='word_1_903' title='bbox 2357 4697 2576 4768; x_wconf 67' lang='lat' dir='ltr'><strong>oportuit</strong></span> <span class='ocrx_word' id='word_1_904' title='bbox 2592 4701 2780 4769; x_wconf 81' lang='lat' dir='ltr'><strong>facere,</strong></span> <span class='ocrx_word' id='word_1_905' title='bbox 2798 4696 2852 4752; x_wconf 91' lang='lat' dir='ltr'><strong>id</strong></span> <span class='ocrx_word' id='word_1_906' title='bbox 2872 4708 2974 4766; x_wconf 84' lang='lat' dir='ltr'><strong>est,</strong></span> <span class='ocrx_word' id='word_1_907' title='bbox 2989 4699 3248 4770; x_wconf 85' lang='lat' dir='ltr'><strong>judicium</strong></span> <span class='ocrx_word' id='word_1_908' title='bbox 3266 4711 3319 4757; x_wconf 91' lang='lat' dir='ltr'><strong>et</strong></span> <span class='ocrx_word' id='word_1_909' title='bbox 3338 4699 3652 4759; x_wconf 84' lang='lat' dir='ltr'><strong>cbaritatem</strong></span> <span class='ocrx_word' id='word_1_910' title='bbox 3673 4701 3766 4760; x_wconf 85' lang='lat' dir='ltr'><strong>Dei;</strong></span> <span class='ocrx_word' id='word_1_911' title='bbox 3871 4696 3874 4770; x_wconf 82' lang='lat' dir='ltr'><strong>i</strong></span> 
     </span>
    </p>
   </div>
   <div class='ocr_carea' id='block_1_109' title="bbox 2203 4788 3763 4867">
    <p class='ocr_par' dir='ltr' id='par_1_109' title="bbox 2203 4788 3763 4867">
     <span class='ocr_line' id='line_1_109' title="bbox 2203 4788 3763 4867; baseline 0.003 -25"><span class='ocrx_word' id='word_1_912' title='bbox 2203 4797 2251 4843; x_wconf 87' lang='lat' dir='ltr'><strong>et</strong></span> <span class='ocrx_word' id='word_1_913' title='bbox 2273 4788 2367 4842; x_wconf 83' lang='lat' dir='ltr'><strong>illa</strong></span> <span class='ocrx_word' id='word_1_914' title='bbox 2393 4804 2496 4843; x_wconf 84' lang='lat' dir='ltr'><strong>non</strong></span> <span class='ocrx_word' id='word_1_915' title='bbox 2520 4788 2750 4844; x_wconf 83' lang='lat' dir='ltr'><strong>omittere</strong></span> <span class='ocrx_word' id='word_1_916' title='bbox 2772 4788 2928 4859; x_wconf 88' lang='lat' dir='ltr'><strong>(Luc.</strong></span> <span class='ocrx_word' id='word_1_917' title='bbox 2957 4806 3037 4860; x_wconf 73' lang='grc' dir='ltr'><strong>ιι,</strong></span> <span class='ocrx_word' id='word_1_918' title='bbox 3069 4791 3183 4866; x_wconf 68' lang='lat'><strong>4!),</strong></span> <span class='ocrx_word' id='word_1_919' title='bbox 3213 4791 3266 4848; x_wconf 90' lang='lat' dir='ltr'><strong>id</strong></span> <span class='ocrx_word' id='word_1_920' title='bbox 3293 4801 3396 4861; x_wconf 88' lang='lat' dir='ltr'><strong>est,</strong></span> <span class='ocrx_word' id='word_1_921' title='bbox 3424 4793 3763 4867; x_wconf 70' lang='lat' dir='ltr'><strong>elemosynas</strong></span> 
     </span>
    </p>
   </div>
   <div class='ocr_carea' id='block_1_110' title="bbox 2201 4878 2850 4938">
    <p class='ocr_par' dir='ltr' id='par_1_110' title="bbox 2201 4878 2850 4938">
     <span class='ocr_line' id='line_1_110' title="bbox 2201 4878 2850 4938; baseline -0.003 -2"><span class='ocrx_word' id='word_1_922' title='bbox 2201 4878 2470 4937; x_wconf 65' lang='lat' dir='ltr'><strong>tractuum</strong></span> <span class='ocrx_word' id='word_1_923' title='bbox 2493 4891 2850 4938; x_wconf 85' lang='lat' dir='ltr'><strong>terrenorum.</strong></span> 
     </span>
    </p>
   </div>
   <div class='ocr_carea' id='block_1_111' title="bbox 2271 4972 3762 5056">
    <p class='ocr_par' dir='ltr' id='par_1_111' title="bbox 2271 4972 3762 5056">
     <span class='ocr_line' id='line_1_111' title="bbox 2271 4972 3762 5056; baseline 0.002 -27"><span class='ocrx_word' id='word_1_924' title='bbox 2271 4972 2500 5031; x_wconf 80' lang='lat' dir='ltr'><strong>CAPUT</strong></span> <span class='ocrx_word' id='word_1_925' title='bbox 2529 4973 2790 5030; x_wconf 73' lang='lat' dir='ltr'><strong>LXXVII.</strong></span> <span class='ocrx_word' id='word_1_926' title='bbox 2813 5007 2882 5019; x_wconf 87' lang='lat'><strong>-—</strong></span> <span class='ocrx_word' id='word_1_927' title='bbox 2903 4975 3158 5056; x_wconf 80' lang='lat' dir='ltr'><strong>Iniquitas</strong></span> <span class='ocrx_word' id='word_1_928' title='bbox 3182 4979 3456 5036; x_wconf 82' lang='lat' dir='ltr'><strong>deserenda</strong></span> <span class='ocrx_word' id='word_1_929' title='bbox 3473 5023 3488 5048; x_wconf 95' lang='lat'><strong>,</strong></span> <span class='ocrx_word' id='word_1_930' title='bbox 3521 4989 3576 5036; x_wconf 81' lang='lat' dir='ltr'><strong>ut</strong></span> <span class='ocrx_word' id='word_1_931' title='bbox 3601 4977 3762 5053; x_wconf 81' lang='lat' dir='ltr'><strong>prosint</strong></span> 
     </span>
    </p>
   </div>
   <div class='ocr_carea' id='block_1_112' title="bbox 2199 5064 3761 5145">
    <p class='ocr_par' dir='ltr' id='par_1_112' title="bbox 2199 5064 3761 5145">
     <span class='ocr_line' id='line_1_112' title="bbox 2199 5064 3761 5145; baseline 0.002 -25"><span class='ocrx_word' id='word_1_932' title='bbox 2199 5064 2549 5137; x_wconf 70' lang='lat' dir='ltr'><strong>eieentosynw.</strong></span> <span class='ocrx_word' id='word_1_933' title='bbox 2578 5065 2696 5122; x_wconf 81' lang='lat' dir='ltr'><strong>Non</strong></span> <span class='ocrx_word' id='word_1_934' title='bbox 2722 5081 2852 5139; x_wconf 82' lang='lat' dir='ltr'><strong>ergo</strong></span> <span class='ocrx_word' id='word_1_935' title='bbox 2880 5084 2937 5125; x_wconf 88' lang='lat' dir='ltr'><strong>se</strong></span> <span class='ocrx_word' id='word_1_936' title='bbox 2962 5068 3167 5136; x_wconf 78' lang='lat' dir='ltr'><strong>fallant,</strong></span> <span class='ocrx_word' id='word_1_937' title='bbox 3191 5071 3280 5141; x_wconf 82' lang='lat' dir='ltr'><strong>qui</strong></span> <span class='ocrx_word' id='word_1_938' title='bbox 3307 5087 3404 5143; x_wconf 88' lang='lat' dir='ltr'><strong>per</strong></span> <span class='ocrx_word' id='word_1_939' title='bbox 3427 5073 3761 5145; x_wconf 81' lang='lat' dir='ltr'><strong>eleemosynas</strong></span> 
     </span>
    </p>
   </div>
   <div class='ocr_carea' id='block_1_113' title="bbox 2201 5158 3763 5237">
    <p class='ocr_par' dir='ltr' id='par_1_113' title="bbox 2201 5158 3763 5237">
     <span class='ocr_line' id='line_1_113' title="bbox 2201 5158 3763 5237; baseline 0.004 -25"><span class='ocrx_word' id='word_1_940' title='bbox 2201 5158 2466 5228; x_wconf 83' lang='lat' dir='ltr'><strong>quaslibet</strong></span> <span class='ocrx_word' id='word_1_941' title='bbox 2493 5159 2821 5230; x_wconf 76' lang='lat' dir='ltr'><strong>largissimas</strong></span> <span class='ocrx_word' id='word_1_942' title='bbox 2845 5161 3112 5218; x_wconf 75' lang='lat' dir='ltr'><strong>fructuum</strong></span> <span class='ocrx_word' id='word_1_943' title='bbox 3137 5177 3360 5219; x_wconf 86' lang='lat' dir='ltr'><strong>suorum</strong></span> <span class='ocrx_word' id='word_1_944' title='bbox 3383 5165 3470 5222; x_wconf 85' lang='lat' dir='ltr'><strong>vel</strong></span> <span class='ocrx_word' id='word_1_945' title='bbox 3500 5165 3763 5237; x_wconf 83' lang='lat' dir='ltr'><strong>cujuscum-</strong></span> 
     </span>
    </p>
   </div>
   <div class='ocr_carea' id='block_1_114' title="bbox 2197 5251 3759 5323">
    <p class='ocr_par' dir='ltr' id='par_1_114' title="bbox 2197 5251 3759 5323">
     <span class='ocr_line' id='line_1_114' title="bbox 2197 5251 3759 5323; baseline 0.004 -19"><span class='ocrx_word' id='word_1_946' title='bbox 2197 5263 2308 5321; x_wconf 85' lang='lat' dir='ltr'><strong>que</strong></span> <span class='ocrx_word' id='word_1_947' title='bbox 2337 5251 2598 5320; x_wconf 62' lang='lat' dir='ltr'><strong>pecuniae,</strong></span> <span class='ocrx_word' id='word_1_948' title='bbox 2623 5251 2992 5323; x_wconf 84' lang='lat' dir='ltr'><strong>impunitatem</strong></span> <span class='ocrx_word' id='word_1_949' title='bbox 3019 5270 3077 5311; x_wconf 90' lang='lat' dir='ltr'><strong>se</strong></span> <span class='ocrx_word' id='word_1_950' title='bbox 3101 5271 3284 5312; x_wconf 90' lang='lat' dir='ltr'><strong>emere</strong></span> <span class='ocrx_word' id='word_1_951' title='bbox 3309 5258 3609 5316; x_wconf 87' lang='lat' dir='ltr'><strong>existimant</strong></span> <span class='ocrx_word' id='word_1_952' title='bbox 3635 5259 3681 5314; x_wconf 89' lang='lat' dir='ltr'><strong>in</strong></span> <span class='ocrx_word' id='word_1_953' title='bbox 3699 5255 3759 5310; x_wconf 81' lang='lat' dir='ltr'><strong>ia-</strong></span> 
     </span>
    </p>
   </div>
   <div class='ocr_carea' id='block_1_115' title="bbox 2263 5363 3126 5441">
    <p class='ocr_par' dir='ltr' id='par_1_115' title="bbox 2263 5363 3126 5441">
     <span class='ocr_line' id='line_1_115' title="bbox 2263 5363 3126 5441; baseline 0.009 -29"><span class='ocrx_word' id='word_1_954' title='bbox 2263 5363 2284 5441; x_wconf 62' lang='grc' dir='ltr'><strong>ξ</strong></span> <span class='ocrx_word' id='word_1_955' title='bbox 2316 5363 2666 5441; x_wconf 49' lang='lat' dir='ltr'><strong>stetissemti</strong></span> <span class='ocrx_word' id='word_1_956' title='bbox 2687 5379 2828 5439; x_wconf 75' lang='lat' dir='ltr'><strong>vero,</strong></span> <span class='ocrx_word' id='word_1_957' title='bbox 2853 5367 2938 5432; x_wconf 85' lang='lat' dir='ltr'><strong>qui</strong></span> <span class='ocrx_word' id='word_1_958' title='bbox 2951 5374 3126 5441; x_wconf 58' lang='lat' dir='ltr'><strong>autem:</strong></span> 
     </span>
    </p>
   </div>
   <div class='ocr_carea' id='block_1_116' title="bbox 2261 5425 3269 5494">
    <p class='ocr_par' dir='ltr' id='par_1_116' title="bbox 2261 5425 3269 5494">
     <span class='ocr_line' id='line_1_116' title="bbox 2261 5425 3269 5494; baseline 0.012 -22"><span class='ocrx_word' id='word_1_959' title='bbox 2261 5425 2284 5494; x_wconf 67' lang='grc' dir='ltr'><strong>ξ</strong></span> <span class='ocrx_word' id='word_1_960' title='bbox 2316 5432 2439 5494; x_wconf 56' lang='lat' dir='ltr'><strong>gres</strong></span> <span class='ocrx_word' id='word_1_961' title='bbox 2458 5433 2586 5488; x_wconf 81' lang='lat' dir='ltr'><strong>Mss.,</strong></span> <span class='ocrx_word' id='word_1_962' title='bbox 2861 5425 3032 5487; x_wconf 69' lang='lat' dir='ltr'><strong>merito</strong></span> <span class='ocrx_word' id='word_1_963' title='bbox 3052 5431 3269 5486; x_wconf 66' lang='lat' dir='ltr'><strong>anseres.</strong></span> 
     </span>
    </p>
   </div>
   <div class='ocr_carea' id='block_1_117' title="bbox 2263 5487 3504 5570">
    <p class='ocr_par' dir='ltr' id='par_1_117' title="bbox 2263 5487 3504 5570">
     <span class='ocr_line' id='line_1_117' title="bbox 2263 5487 3504 5570; baseline 0.001 0"><span class='ocrx_word' id='word_1_964' title='bbox 2263 5487 2285 5570; x_wconf 71' lang='grc' dir='ltr'>ἰ</span> <span class='ocrx_word' id='word_1_965' title='bbox 2317 5487 2527 5570; x_wconf 51' lang='lat' dir='ltr'><strong>litim-ﬂ</strong></span> <span class='ocrx_word' id='word_1_966' title='bbox 2548 5487 2643 5570; x_wconf 63' lang='lat' dir='ltr'><strong>Rei</strong></span> <span class='ocrx_word' id='word_1_967' title='bbox 2987 5495 3289 5570; x_wconf 56' lang='lat' dir='ltr'><strong>minetur</strong></span> <span class='ocrx_word' id='word_1_968' title='bbox 3306 5509 3370 5570; x_wconf 70' lang='grc' dir='ltr'><strong>ως</strong></span> 
     </span>
    </p>
   </div>
   <div class='ocr_carea' id='block_1_118' title="bbox 2260 5547 3758 5619">
    <p class='ocr_par' dir='ltr' id='par_1_118' title="bbox 2260 5547 3758 5619">
     <span class='ocr_line' id='line_1_118' title="bbox 2260 5547 3758 5619; baseline 0.007 -20"><span class='ocrx_word' id='word_1_969' title='bbox 2260 5547 2283 5582; x_wconf 64' lang='grc' dir='ltr'><strong>ι</strong></span> <span class='ocrx_word' id='word_1_970' title='bbox 2317 5558 2418 5600; x_wconf 82' lang='grc' dir='ltr'><strong>Αω.</strong></span> <span class='ocrx_word' id='word_1_971' title='bbox 2443 5547 2520 5604; x_wconf 66' lang='lat' dir='ltr'><strong>Er.</strong></span> <span class='ocrx_word' id='word_1_972' title='bbox 2546 5559 2654 5619; x_wconf 60' lang='grc' dir='ltr'><strong>[εον.</strong></span> <span class='ocrx_word' id='word_1_973' title='bbox 2682 5562 2808 5616; x_wconf 87' lang='lat' dir='ltr'><strong>post,</strong></span> <span class='ocrx_word' id='word_1_974' title='bbox 2831 5547 3077 5619; x_wconf 79' lang='lat' dir='ltr'><strong>facientes,</strong></span> <span class='ocrx_word' id='word_1_975' title='bbox 3100 5547 3554 5619; x_wconf 53' lang='lat' dir='ltr'><strong>a‘Eidunt,</strong></span> <span class='ocrx_word' id='word_1_976' title='bbox 3572 5554 3758 5611; x_wconf 65' lang='grc' dir='ltr'><strong>δυόω-</strong></span> 
     </span>
    </p>
   </div>
   <div class='ocr_carea' id='block_1_119' title="bbox 2195 5608 3755 5726">
    <p class='ocr_par' dir='ltr' id='par_1_119' title="bbox 2195 5608 3755 5726">
     <span class='ocr_line' id='line_1_119' title="bbox 2195 5608 3755 5726; baseline 0.006 -63"><span class='ocrx_word' id='word_1_977' title='bbox 2195 5608 2294 5726; x_wconf 57' lang='grc' dir='ltr'><strong>ἰίιέ</strong></span> <span class='ocrx_word' id='word_1_978' title='bbox 2313 5620 2497 5678; x_wconf 82' lang='lat' dir='ltr'><strong>putant.</strong></span> <span class='ocrx_word' id='word_1_979' title='bbox 2520 5608 2810 5667; x_wconf 64' lang='lat' dir='ltr'><strong>Verba&#39;suui</strong></span> <span class='ocrx_word' id='word_1_980' title='bbox 2825 5608 2888 5666; x_wconf 75' lang='lat' dir='ltr'><strong>ex</strong></span> <span class='ocrx_word' id='word_1_981' title='bbox 2912 5608 3166 5681; x_wconf 68' lang='lat' dir='ltr'><strong>Sulieriorc</strong></span> <span class='ocrx_word' id='word_1_982' title='bbox 3189 5608 3755 5683; x_wconf 23' lang='lat' dir='ltr'><strong>cajii&#39;te&#39;maleviiuc‘m</strong></span> 
     </span>
     <span class='ocr_line' id='line_1_120' title="bbox 2217 5687 2314 5726; baseline -0.021 0"><span class='ocrx_word' id='word_1_983' title='bbox 2217 5687 2246 5726; x_wconf 86' lang='lat' dir='ltr'><strong>a</strong></span> <span class='ocrx_word' id='word_1_984' title='bbox 2302 5711 2314 5724; x_wconf 94' lang='lat'><strong>.</strong></span> 
     </span>
    </p>
   </div>
   <div class='ocr_carea' id='block_1_120' title="bbox 2260 5739 3756 5816">
    <p class='ocr_par' dir='ltr' id='par_1_120' title="bbox 2260 5739 3756 5816">
     <span class='ocr_line' id='line_1_121' title="bbox 2260 5739 3756 5816; baseline 0 -30"><span class='ocrx_word' id='word_1_985' title='bbox 2260 5739 2287 5808; x_wconf 57' lang='grc' dir='ltr'><strong>ἥ</strong></span> <span class='ocrx_word' id='word_1_986' title='bbox 2306 5747 2408 5816; x_wconf 40' lang='lat' dir='ltr'><strong>sum.</strong></span> <span class='ocrx_word' id='word_1_987' title='bbox 2425 5743 2626 5816; x_wconf 31' lang='lat' dir='ltr'><strong>ErxLko.</strong></span> <span class='ocrx_word' id='word_1_988' title='bbox 2640 5743 2695 5790; x_wconf 90' lang='lat' dir='ltr'><strong>et</strong></span> <span class='ocrx_word' id='word_1_989' title='bbox 2707 5747 2841 5816; x_wconf 47' lang='lat' dir='ltr'><strong>A‘ru‘&quot;</strong></span> <span class='ocrx_word' id='word_1_990' title='bbox 2853 5742 3114 5816; x_wconf 61' lang='lat' dir='ltr'><strong>(idinouens</strong></span> <span class='ocrx_word' id='word_1_991' title='bbox 3136 5743 3398 5816; x_wconf 66' lang='lat' dir='ltr'><strong>qumndam</strong></span> <span class='ocrx_word' id='word_1_992' title='bbox 3408 5743 3756 5816; x_wconf 50' lang='lat' dir='ltr'><strong>acerrim:</strong></span> 
     </span>
    </p>
   </div>
   <div class='ocr_carea' id='block_1_121' title="bbox 2196 5798 3762 5869">
    <p class='ocr_par' dir='ltr' id='par_1_121' title="bbox 2196 5798 3762 5869">
     <span class='ocr_line' id='line_1_122' title="bbox 2196 5798 3762 5869; baseline 0.009 -22"><span class='ocrx_word' id='word_1_993' title='bbox 2196 5803 2250 5869; x_wconf 70' lang='lat' dir='ltr'><strong>et</strong></span> <span class='ocrx_word' id='word_1_994' title='bbox 2274 5798 2534 5869; x_wconf 79' lang='lat' dir='ltr'><strong>inl‘ra_p_ost,</strong></span> <span class='ocrx_word' id='word_1_995' title='bbox 2561 5802 2681 5854; x_wconf 81' lang='lat' dir='ltr'><strong>dare</strong></span> <span class='ocrx_word' id='word_1_996' title='bbox 2695 5841 2708 5861; x_wconf 89' lang='lat'><strong>,</strong></span> <span class='ocrx_word' id='word_1_997' title='bbox 2737 5798 3001 5869; x_wconf 76' lang='lat' dir='ltr'><strong>habebant,</strong></span> <span class='ocrx_word' id='word_1_998' title='bbox 3021 5809 3070 5859; x_wconf 68' lang='lat' dir='ltr'><strong>et</strong></span> <span class='ocrx_word' id='word_1_999' title='bbox 3085 5798 3320 5862; x_wconf 67' lang='grc' dir='ltr'><strong>ἐιώάοῑα</strong></span> <span class='ocrx_word' id='word_1_1000' title='bbox 3340 5798 3762 5864; x_wconf 52' lang='grc' dir='ltr'><strong>σωθῇ.-</strong></span> 
     </span>
    </p>
   </div>
   <div class='ocr_carea' id='block_1_122' title="bbox 2194 5860 2702 5914">
    <p class='ocr_par' dir='ltr' id='par_1_122' title="bbox 2194 5860 2702 5914">
     <span class='ocr_line' id='line_1_123' title="bbox 2194 5860 2702 5914; baseline 0.002 -4"><span class='ocrx_word' id='word_1_1001' title='bbox 2194 5860 2370 5910; x_wconf 83' lang='lat' dir='ltr'><strong>dantur</strong></span> <span class='ocrx_word' id='word_1_1002' title='bbox 2403 5861 2481 5911; x_wconf 82' lang='lat' dir='ltr'><strong>hic</strong></span> <span class='ocrx_word' id='word_1_1003' title='bbox 2503 5876 2568 5911; x_wconf 82' lang='lat' dir='ltr'><strong>ex</strong></span> <span class='ocrx_word' id='word_1_1004' title='bbox 2595 5860 2702 5914; x_wconf 76' lang='lat' dir='ltr'><strong>Mss.</strong></span> 
     </span>
    </p>
   </div>
  </div>
