3882 6286
537 386 637 446 271

533 500 676 557 mala
695 539 714 568 ,
745 497 846 555 etsi
875 511 980 554 non
1012 496 1134 553 talia
1155 539 1170 563 ,
1199 497 1253 552 in
1279 504 1518 568 apertam
1542 491 1988 550 consuetudinem
2017 490 2126 563 iam

531 598 836 655 venerunt,
867 596 926 645 ut
953 603 1050 660 pro
1079 588 1162 643 his
1191 603 1298 643 non
1328 587 1503 642 solum
1533 583 2004 643 excommunicare
2028 581 2128 636 ali-

532 700 694 759 quem
738 683 932 739 laicum
966 696 1071 736 non
1117 680 1447 748 audeamus,
1477 678 1574 735 sed
1605 692 1705 735 nec
1749 677 2007 732 clericum
2036 672 2129 728 de-

531 776 778 850 gradarc.
796 772 951 830 Unde
971 787 1094 827 cum
1117 785 1442 843 exponerem
1459 779 1585 825 ante
1599 769 1799 841 aliquot
1826 779 1995 822 annos
2011 764 2130 835 Epi-

529 869 724 925 stolam
753 864 821 919 ad
848 862 1087 930 Galatas,
1119 863 1173 918 in
1203 877 1269 918 eo
1295 862 1411 932 ipso
1449 862 1568 917 loco
1595 859 1684 914 ubi
1711 859 1788 914 ait
1813 856 2124 930 Apostolus,

531 959 707 1016 Timeo
730 973 816 1011 vos
841 972 904 1010 ne
928 953 1061 1024 forte
1087 954 1198 1010 sine
1219 969 1376 1008 causa
1401 951 1736 1008 laboraverim
1765 951 1819 1004 in
1841 949 1980 1004 vobis
1994 965 2014 1014 ;
2036 963 2130 1004 ex-

530 1053 764 1110 clamare
804 1048 1114 1118 compulsus
1141 1062 1261 1103 sum
1295 1064 1310 1101 :
1348 1065 1368 1099 s
1397 1045 1491 1101 Vae
1535 1043 1768 1116 peccatis
1810 1043 2086 1097 hominum
2110 1082 2126 1108 ,

530 1157 650 1214 qua:
674 1140 787 1195 sola
824 1139 1072 1193 inusitata
1098 1137 1530 1193 exhorrescimus
1564 1152 1578 1188 :
1611 1135 1804 1190 usitata
1837 1148 1965 1188 vero
1986 1174 1998 1197 ,
2035 1145 2131 1201 pro

529 1234 725 1306 quibus
751 1230 1033 1287 abluendis
1062 1228 1186 1284 Filii
1213 1229 1310 1284 Dei
1339 1227 1557 1299 sanguis
1583 1224 1784 1281 effusus
1811 1234 1913 1292 est,
1943 1239 2129 1295 quam-

529 1326 616 1382 vis
647 1333 754 1379 tam
796 1336 988 1392 magna
1015 1322 1158 1387 sint,
1186 1328 1244 1374 ut
1267 1319 1489 1374 omnino
1514 1316 1693 1372 claudi
1734 1325 1921 1372 contra
1954 1330 2013 1370 se
2053 1313 2132 1368 fa-

527 1418 674 1475 ciant
715 1430 940 1488 regnum
989 1414 1088 1470 Dei
1109 1414 1164 1482 ¹,
1197 1428 1342 1484 saepe
1371 1411 1602 1468 videndo
1633 1410 1814 1466 omnia
1857 1411 2087 1466 tolerare
2110 1449 2125 1477 ,

529 1526 677 1582 saepe
703 1507 982 1566 tolerando
1003 1507 1259 1562 nonnulla
1285 1505 1447 1562 etiam
1475 1505 1655 1560 facere
1684 1505 1952 1576 cogimur!
1971 1511 2131 1573 atque

527 1604 757 1670 utinam,
790 1617 823 1657 o
849 1601 1096 1665 Domine,
1119 1613 1226 1655 non
1255 1598 1436 1653 omnia
1471 1612 1590 1667 quae
1616 1612 1722 1651 non
1753 1595 2088 1666 potuerimus
2109 1595 2130 1625 ³

526 1695 819 1768 prohibere
839 1733 854 1758 ,
898 1691 1156 1747 faciamus
1179 1709 1198 1742 ι
1222 1688 1442 1760 (Expos.
1463 1687 1634 1758 Epist.
1654 1687 1722 1740 ad
1743 1685 1914 1742 Galat.
1938 1703 1988 1739 η.
2013 1683 2128 1756 55)!

528 1787 640 1845 Sed
670 1785 854 1841 videro
882 1795 1062 1839 utrum
1098 1797 1186 1837 me
1209 1779 1596 1835 immoderatus
1616 1777 1773 1834 dolor
1801 1777 2012 1832 incaute
2034 1773 2132 1831 ali-

527 1878 660 1951 quid
688 1874 1008 1945 compulerit
1037 1872 1238 1928 dicere.

599 1965 830 2024 CAPUT
846 1960 1157 2020 LXXX|.—
1168 1961 1259 2018 22.
1280 1961 1485 2016 Peccati
1504 1976 1672 2016 causa:
1691 1961 1825 2025 duae,
1844 1961 2131 2032 ignorantia

529 2071 579 2118 et
611 2059 906 2130 inﬁrmitas,
951 2071 1079 2127 quas
1122 2071 1268 2110 nemo
1315 2055 1467 2110 vincit
1505 2054 1602 2108 nisi
1632 2053 1873 2108 divinitus
1899 2052 2128 2124 adjutus.

533 2154 649 2210 Hoc
689 2166 832 2207 nunc
860 2149 1058 2216 dicam,
1085 2145 1231 2218 quod
1257 2145 1474 2218 quidem
1523 2154 1577 2200 et
1607 2145 1658 2198 in
1689 2143 1810 2198 aliis
1839 2141 2129 2214 Opusculo-

530 2260 651 2302 rum
678 2257 920 2298 meorum
951 2241 1084 2296 locis
1108 2255 1253 2310 saepe
1283 2238 1394 2309 jam
1424 2237 1557 2292 dixi.
1602 2236 1820 2290 Duabus
1856 2250 1923 2290 ex
1953 2235 2131 2290 causis

531 2348 850 2408 peccamus;
897 2340 990 2388 aut
1022 2331 1262 2387 nondum
1287 2329 1520 2386 videndo
1568 2328 1696 2398 quid
1723 2328 1901 2384 facere
1931 2327 2132 2383 debea-

532 2443 672 2496 mus,
721 2434 818 2482 aut
863 2441 970 2481 non
1000 2423 1248 2480 faciendo
1275 2422 1416 2495 quod
1445 2421 1644 2477 debere
1685 2421 1806 2476 fieri
1845 2421 1954 2491 jam
1984 2419 2132 2476 vide-

530 2537 652 2577 mus
701 2534 716 2574 :
764 2533 992 2591 quorum
1013 2517 1238 2573 duorum
1266 2515 1396 2570 illud
1445 2513 1760 2585 ignorantiae
1801 2512 2000 2567 malum
2025 2521 2127 2581 est,

530 2615 635 2670 hoc
663 2611 1014 2668 infirmitatis.
1065 2609 1263 2665 Contra
1302 2624 1422 2679 qua:
1470 2606 1688 2678 quidem
1741 2620 1979 2677 pugnare
2032 2621 2131 2661 nos

527 2705 782 2764 convenit
811 2724 824 2759 :
873 2703 970 2760 sed
998 2701 1241 2774 profecto
1269 2702 1555 2769 vincimur,
1604 2701 1709 2756 nisi
1746 2700 2002 2756 divinitus
2030 2699 2129 2756 ad-

524 2799 795 2870 juvemur,
828 2806 886 2852 ut
910 2809 1018 2850 non
1042 2794 1216 2850 solum
1237 2793 1517 2849 videamus
1541 2791 1671 2865 quid
1697 2792 2000 2848 faciendum
2034 2790 2125 2859 sit,

527 2889 629 2947 sed
671 2889 834 2944 etiam
891 2885 1186 2942 accedente
1233 2883 1501 2939 sanitate'
1557 2881 1850 2938 delectatio
1907 2883 2129 2953 justitiae

529 2983 708 3037 vincat
734 2983 788 3034 in
819 2979 976 3034 nobis
1011 2993 1196 3033 earum
1220 2992 1404 3032 rerum
1429 2975 1840 3042 delectationes,
1877 2991 2011 3046 quas
2044 2975 2130 3032 vel

531 3073 734 3131 habere
757 3069 1044 3142 cupiendo,
1073 3069 1160 3126 vel
1181 3068 1430 3124 amittere
1457 3066 1774 3135 metuendo,
1800 3067 2033 3123 scientes
2053 3066 2132 3122 vi-

529 3167 826 3238 dentesque
877 3179 1200 3237 peccamus;
1239 3162 1351 3232 jam
1408 3176 1517 3218 non
1569 3162 1743 3218 solum
1793 3171 2125 3232 peccatores,

528 3260 676 3335 quod
715 3272 932 3315 eramus
967 3256 1130 3313 etiam
1173 3269 1296 3310 cum
1338 3269 1433 3326 per
1469 3254 1824 3326 ignorantiam
1867 3253 2129 3325 peccaba-

529 3367 674 3417 mus,
703 3363 890 3404 verum
921 3348 1080 3404 etiam
1122 3345 1256 3419 legis
1282 3346 1741 3417 praevaricatores,
1768 3361 1891 3401 cum
1933 3345 1986 3400 id
2021 3359 2128 3400 non

531 3444 757 3500 facimus
806 3441 950 3514 quod
999 3438 1297 3495 faciendum
1323 3479 1341 3507 ,
1385 3439 1472 3493 vel
1552 3438 1772 3494 facimus
1826 3437 1971 3510 quod
2022 3453 2129 3494 non

531 3536 833 3592 faciendum
858 3547 978 3590 esse
999 3532 1112 3604 jam
1133 3531 1351 3587 scimus.
1373 3531 1714 3602 Quaproptcr
1747 3546 1853 3586 non
1880 3531 2052 3587 solum
2079 3532 2126 3587 si

532 3627 874 3700 peccavimus
907 3635 966 3680 ut
1001 3625 1263 3695 ignoscat,
1290 3633 1514 3694 propter
1551 3623 1693 3693 quod
1734 3623 1985 3694 dicimus,
2026 3623 2128 3680 Di-

533 3721 674 3774 mitte
701 3718 844 3773 nobis
867 3717 1032 3772 debita
1062 3724 1256 3782 nostra,
1282 3715 1414 3770 sicut
1442 3723 1492 3770 et
1517 3730 1612 3770 nos
1650 3714 1953 3770 dimittimus
1987 3714 2129 3770 debi-

535 3812 726 3867 toribus
756 3809 974 3875 nostris;
1014 3823 1201 3864 verum
1229 3806 1391 3864 etiam
1434 3821 1502 3863 ne
1535 3822 1818 3878 peccemus
1857 3819 1917 3864 ut
1954 3817 2128 3879 regat,

534 3913 754 3980 propter
779 3903 918 3976 quod
947 3902 1200 3968 dicimus,
1242 3899 1325 3956 Ne
1352 3917 1446 3958 nos
1472 3902 1668 3974 inferas
1705 3903 1758 3957 in
1801 3903 2130 3958 tentationem

539 4000 752 4073 (Matth.
787 4015 860 4067 γι,
891 3995 975 4064 12,
1004 3994 1136 4069 15);
1167 3993 1262 4053 ille
1289 3993 1559 4068 rogandus
1589 4004 1689 4066 es’t,
1721 3995 1806 4055 cui
1846 3995 2042 4055 dicitur
2072 3996 2127 4059 in

534 4092 770 4158 Psalmo,
802 4089 1050 4146 Dominus
1075 4089 1380 4144 illuminatio
1415 4105 1529 4145 mea
1574 4101 1621 4144 et
1649 4090 1788 4147 salus
1811 4108 1923 4147 mea
1951 4091 2125 4166 (Psal.

532 4203 681 4255 xxvi,
718 4187 808 4259 l);
836 4194 894 4242 ut
921 4185 1242 4242 illuminatio
1275 4183 1527 4242 detrahat
1565 4184 1953 4258 ignorantiam,
1983 4189 2127 4246 salus

533 4282 922 4339 infirmitatem.

607 4369 832 4428 CAPUT
870 4366 1131 4424 LXXXII.
1169 4397 1243 4411 -—
1288 4367 1595 4425 Pasnitentia
1623 4369 1721 4425 Dei
1758 4371 1966 4426 donum.
1993 4371 2128 4430 Nam

535 4476 594 4525 et
615 4467 726 4538 ipsa
756 4462 1091 4536 poenitentia,
1114 4462 1328 4534 quando
1352 4462 1511 4535 digna
1533 4478 1695 4520 causa
1722 4473 1808 4521 est
1831 4465 2127 4523 secundum

534 4573 743 4617 morem
781 4555 1036 4612 Ecclesia:
1063 4569 1160 4611 cur
1205 4563 1411 4627 agatur,
1458 4557 1772 4627 plerumque
1819 4559 2130 4618 infirmitate

535 4668 647 4710 non
675 4651 878 4722 agitur;
916 4650 1039 4722 quia
1065 4657 1122 4706 et
1144 4648 1318 4720 pudor
1343 4649 1504 4704 timor
1523 4659 1606 4706 est
1635 4649 1972 4721 displicendi,
1998 4653 2126 4711 dum

535 4747 660 4819 plus
683 4744 916 4800 delectat
943 4743 1219 4798 hominum
1241 4741 1587 4809 exiStimatio,
1615 4757 1773 4812 quam
1795 4743 1998 4814 justitia
2024 4763 2127 4818 qua

535 4852 600 4895 se
625 4835 848 4906 quisque
876 4831 1119 4890 humiliat
1140 4832 1470 4904 paenitendo.
1501 4831 1653 4890 Undc
1679 4850 1784 4890 non
1813 4837 1987 4893 solum
2007 4854 2129 4896 cum

537 4930 716 5002 agitur
745 4925 1075 4998 paenitentia,
1122 4942 1306 4983 verum
1337 4927 1496 4983 etiam
1524 4937 1583 4984 ut
1605 4938 1810 5002 agatur,
1841 4932 1938 4990 Dei
1964 4936 2128 4993 mise-

537 5021 772 5081 ricordia
795 5021 1094 5076 necessaria
1138 5029 1243 5076 est.
1273 5019 1522 5093 Alioquin
1547 5038 1655 5078 non
1677 5023 1880 5082 diceret
1899 5028 2130 5099 Aposto-

536 5115 627 5172 lus
646 5112 714 5168 de
737 5109 1054 5183 quibusdam
1080 5127 1094 5166 :
1119 5108 1204 5164 Ne
1228 5114 1358 5182 forte
1383 5111 1464 5167 det
1489 5114 1593 5168 illis
1620 5114 1758 5172 Deus
1784 5120 2129 5190 paenitentiam

537 5204 750 5278 (IlTim.
767 5219 826 5273 ιι,
841 5201 1033 5274 25).Ει
1047 5208 1104 5258 ut
1117 5198 1308 5259 Petrus
1322 5216 1502 5258 amare
1517 5202 1688 5274 fleret,
1704 5212 1958 5280 praemisit
1973 5229 2130 5270 evan-

605 5366 624 5434 ξ
658 5357 1072 5434 Paulo-listed?
1093 5360 1735 5434 φαεινοείσοιιίειβμεαξιξε
1751 5366 1813 5416 ad
1825 5367 2033 5434 estates
2044 5371 2129 5434 ubi

535 5426 767 5499 δδδθίιὲτν
786 5438 840 5499 2ο
858 5423 948 5474 ⁵⁵³
969 5423 1404 5499 Wfﬁn”
1426 5423 1598 5499 σαίδῖιες
1627 5423 1886 5499 abluenda
2040 5433 2132 5499 0...;

536 5488 736 5555 sanguis
751 5482 936 5559 aqua;
958 5491 1046 5559 est,
1543 5487 1664 5550 sint,
1689 5496 1736 5540 et
1756 5488 1946 5543 οηιηὶηο
1963 5482 2128 5548 claudi

534 5549 707 5603 contra
725 5549 786 5602 se
798 5549 980 5612 faciant
999 5558 1204 5612 regnum
1223 5549 1331 5600 Dei.
1395 5549 1453 5599 It;
1652 5549 1655 5550 ⁷

537 5681 572 5690 _
608 5615 630 5646 ’
802 5607 1517 5690 2.R9€6C§Z¥E:_‘EE“E§._¥§§»
1563 5615 1875 5678 Ραυενίπηαδ·
1899 5625 2013 5670 Νωιι
2056 5621 2128 5672 δίε

536 5676 784 5738 Expositio
799 5671 945 5726 citata
961 5671 1184 5748 Epistolas
1201 5671 1262 5722 ad
1283 5673 1485 5748 Galatas.
1502 5671 1510 5674 ’
1563 5671 1574 5678 ’
2112 5671 2115 5672 ⁷

607 5739 629 5771 ³
662 5746 790 5788 unus
813 5752 843 5787 e
858 5737 1144 5787 (nlhertuns
1163 5743 1526 5788 veussussmus
1545 5737 1723 5794 codex.
1745 5742 2002 5794 accedente
2016 5758 2129 5794 sua-

607 5758 629 5771 σ
663 5758 790 5788 unus
813 5758 843 5787 υ
858 5758 1144 5787 υυωυι-ιιωδ
1167 5758 1526 5788 vultusuultus
1545 5758 1723 5802 uuex,
1745 5758 2002 5794 accedente
2016 5758 2128 5796 sua-

537 5799 717 5852 vitate:
740 5813 838 5848 non
858 5800 1045 5862 inepte.
1065 5799 1229 5860 Aptius
1252 5805 1412 5847 tamen
1436 5807 1541 5849 Mss.
1566 5804 1734 5852 caeteri
1754 5812 1805 5856 et
1829 5806 1963 5866 editi,
1989 5822 2128 5859 acce-

534 5857 899 5924 denteswtitate
923 5873 942 5913 :
963 5856 1258 5924 quascilicet
1277 5859 1486 5924 pellatur
1509 5861 1687 5919 malum
1709 5867 2010 5922 infirmitatis.

1039 377 1500 448 ENCHIRIDION,
1541 374 1698 435 SIVE
1738 373 1827 430 DE
1864 370 2050 442 FIDE,
2091 367 2222 428 SPE
2262 367 2350 428 ET
2388 367 2808 436 CHARITATE,
2849 368 2908 428 S.
2951 368 3323 428 AUGUSTINI
3712 373 3804 433 272

2238 484 2426 558 gelista
2443 495 2518 554 ,et
2535 485 2611 541 ait
2634 504 2648 542 :
2672 486 2913 558 Respexit
2938 503 3054 540 eum
3077 485 3323 542 Dominus
3366 485 3522 557 (Luc.
3554 502 3680 554 xxii,
3704 489 3802 562 BI).

2307 576 2533 636 CAPUT
2573 577 2856 634 LXXXIII.
2899 577 3174 634 Peccatum
3201 579 3256 633 in
3291 578 3548 649 Spiritum
3577 593 3800 642 sanctam

2236 670 2338 740 Qui
2368 686 2496 727 vero
2540 671 2596 726 in
2639 671 2880 726 Ecclesia
2934 672 3133 728 remitti
3178 680 3397 742 peccata
3444 686 3552 727 non
3581 674 3804 745 credens,
3872 698 3873 708 ι

2237 764 2530 819 contemnit
2579 772 2781 818 tantam
2825 763 2996 818 divini
3045 764 3283 820 muneris
3324 765 3646 836 largitatem,
3691 772 3807 824 etin

2238 852 2339 910 hac
2362 853 2721 909 obstinatione
2748 853 2941 908 mentis
2960 852 3104 908 diem
3133 853 3335 910 claudit
3358 866 3681 923 extremum,
3705 874 3808 915 reus

2237 953 2318 1000 est
2347 944 2439 999 illo
2470 944 2825 1000 irrcmissibili
2865 954 3086 1016 peccato
3112 946 3166 1000 in
3195 945 3450 1017 Spiritum
3483 958 3742 1013 sanctum,
3764 951 3807 1006 in

2237 1051 2346 1106 quo
2372 1033 2615 1092 Christus
2651 1046 2866 1107 peccata
2897 1037 3135 1094 dimittit.
3177 1038 3252 1094 De
3274 1054 3376 1109 qua
3402 1042 3700 1111 quaestione
3726 1043 3810 1097 dil-

2239 1126 2365 1182 ficili
2393 1127 2444 1180 in
2476 1126 2706 1198 quodam
2748 1140 2964 1198 propter
2990 1128 3092 1184 hoc
3111 1131 3287 1185 solum
3312 1132 3623 1202 conscripto
3657 1134 3810 1191 libello

2240 1219 2694 1284 enucleatissime,
2717 1230 2974 1292 quantum
3004 1211 3474 1292 potui,‘disputavi
3502 1223 3603 1296 (a).

2309 1311 2536 1368 CAPUT
2576 1311 2864 1368 LXXXIV.
2901 1343 2968 1352 -—
2997 1312 3087 1368 25.
3122 1311 3200 1367 De
3234 1314 3404 1368 carnis
3445 1320 3807 1371 resurrectione.

2237 1403 2354 1461 1am
2385 1418 2512 1460 vero
2537 1404 3027 1461 de—resurrectione
3061 1405 3261 1472 carnis,
3302 1421 3412 1462 non
3454 1407 3598 1463 sicut
3623 1409 3809 1480 quidam

2237 1497 2568 1564 revixerunt,
2616 1498 2915 1569 iterumque
2945 1506 3068 1553 sunt
3091 1499 3310 1566 mortui,
3341 1498 3436 1554 sed
3476 1499 3532 1554 in
3579 1509 3807 1556 aeternam

2237 1590 2422 1658 vitam,
2469 1590 2608 1645 sicut
2640 1589 2839 1646 Christi
2876 1591 3042 1662 ipsius
3093 1606 3220 1648 caro
3266 1592 3587 1658 resurrexit,
3649 1609 3808 1664 quem-

2237 1681 2526 1738 admodum
2575 1682 2772 1752 possim
2823 1675 3060 1738 breviter
3109 1682 3421 1754 disputare,
3474 1693 3529 1740 et
3587 1686 3808 1742 omnibus

2237 1775 2620 1847 quaestionibus
2658 1790 2778 1845 qua:
2809 1773 2877 1830 de
2918 1775 3017 1831 hac
3046 1791 3104 1830 re
3147 1776 3350 1831 moveri
3378 1775 3649 1844 assolent,
3682 1781 3809 1833 satis-

2237 1868 2414 1925 facere
2459 1883 2565 1924 non
2604 1868 2836 1924 invenio.
2877 1868 3331 1926 Resurrecturam
3395 1878 3580 1926 tamen
3623 1886 3807 1928 carnem

2237 1961 2476 2018 omnium
2500 1961 2820 2032 quicumque
2845 1960 2956 2015 nati
2981 1969 3106 2016 sunt
3127 1959 3404 2016 hominum
3422 1971 3588 2032 atque
3614 1977 3809 2017 nascen.

2238 2062 2342 2119 tur,
2371 2063 2426 2108 et
2451 2052 2648 2108 mortui
2677 2060 2801 2107 sunt
2824 2061 2985 2123 atque
3013 2053 3331 2121 morientur,
3362 2053 3512 2110 nullo
3545 2055 3714 2110 modo
3733 2055 3808 2110 du-

2235 2145 2410 2202 bitare
2437 2144 2598 2200 debet
2623 2144 2972 2200 christianus.

2307 2235 2534 2293 CAPUT
2573 2234 2836 2291 LXXXV.
2871 2234 3122 2291 —Fetus
3168 2235 3381 2291 abortivi
3432 2253 3501 2292 an
3551 2249 3805 2310 resurgant.

2237 2331 2390 2388 Unde
2421 2331 2592 2400 primo
2621 2329 2858 2386 occurrit
2881 2329 2948 2386 de
2964 2330 3221 2386 abortivis
3249 2330 3442 2386 fetibus
3468 2331 3720 2401 quaestio,
3740 2335 3807 2401 qui

2242 2373 2389 2388 Vl-uv
2421 2373 2470 2400 ΙΙ-
2486 2373 2590 2386 ,μιν
2622 2373 2858 2386 νννυισιυ
2882 2373 2948 2386 vv
2964 2373 3084 2385 νυνι
3101 2373 3220 2386 .I'I'
3249 2373 3442 2386 Iv-wuv
3741 2373 3807 2401 Ὶυι

2233 2423 2343 2495 jam
2371 2422 2586 2494 quidem
2615 2421 2732 2478 nati
2756 2431 2882 2478 sunt
2904 2422 2956 2476 in
2987 2423 3153 2478 uteris
3181 2431 3433 2490 matrum,
3469 2422 3567 2477 sed
3601 2423 3804 2478 nondum
3857 2373 3877 2542 ἲ

2238 2515 2305 2542 ξι..
2343 2525 2392 2542 ..ι
2419 2515 2520 2542 2η...
2550 2522 2764 2542 κου-μη...
2797 2517 3002 2542 ..Α-ιαηηῖ
3057 2514 3111 2542 αἶ
3141 2517 3279 2542 Ληεινι
3303 2527 3707 2542 -Αηιι--Αιιιη-,ιι
3740 2533 3802 2542 AX.

2237 2515 2309 2572 ita
2343 2525 2397 2570 ut
2413 2515 2521 2587 jam
2550 2522 2770 2586 possent
2797 2517 3025 2571 renasci.
3057 2514 3114 2572 Si
3139 2517 3282 2571 enim
3303 2527 3709 2572 resurrecturos
3736 2533 3805 2573 eos
3865 2514 3874 2586 ξ

2236 2609 2568 2676 dixerimus;
2610 2607 2678 2664 de
2703 2609 2767 2663 iis
2795 2609 2886 2680 qui
2920 2608 3031 2678 jam
3070 2607 3283 2663 formati
3308 2618 3456 2676 sunt,
3481 2609 3706 2664 tolerari
3729 2625 3804 2679 po-

2237 2710 2344 2760 test
2370 2711 2656 2772 utcumque
2681 2701 2824 2772 quod
2850 2701 3044 2756 dicitur
3075 2718 3089 2755 :
3123 2699 3381 2756 informes
3413 2715 3546 2756 vero
3575 2701 3803 2756 abortus1

2238 2796 2359 2867 quis
2411 2809 2519 2849 non
2558 2793 2850 2866 proclivius
2880 2795 3056 2864 perire
3100 2793 3406 2860 arbitretur,
3444 2795 3590 2849 sicut
3634 2795 3805 2850 semina
3871 2815 3874 2826 ι

2237 2904 2358 2960 quae
2393 2895 2650 2958 concepta
2682 2902 2790 2942 non
2830 2884 3065 2942 fuerint?
3105 2885 3214 2942 Sed
3244 2886 3368 2958 quis
3393 2901 3594 2958 negare
3622 2887 3803 2952 audeat.
3867 2897 3872 2902 ‘

2237 2978 2340 3036 etsi
2383 2977 2654 3034 afﬁrmare
2701 2993 2806 3033 non
2837 2976 3051 3045 audeat,
3101 2977 3154 3032 id
3189 2986 3427 3034 acturam
3475 2978 3804 3034 resurrectio-
3867 2975 3874 3038 Ξ

2236 3084 2380 3137 nem,
2411 3080 2469 3125 ut
2510 3069 2729 3140 quiquid
2767 3070 2952 3124 formae
2992 3067 3163 3126 defuit
3203 3069 3528 3140 impleatur?
3557 3071 3804 3141 Atqucin
3863 3047 3874 3232 ‘

2237 3177 2345 3218 non
2366 3161 2508 3218 desit
2565 3160 2856 3232 perfectio,
2905 3177 3050 3232 qua:
3083 3176 3362 3218 accessura
3420 3170 3540 3217 erat
3569 3170 3802 3232 tempore

2237 3177 2345 3218 non
2366 3161 2508 3218 desit
2565 3160 2856 3232 perfectio,
2905 3177 3050 3232 qua:
3083 3176 3362 3218 accessura
3420 3170 3540 3217 erat
3569 3170 3802 3233 tempore

2235 3253 2683 3326 quemadmodum
2710 3269 2817 3308 non
2847 3261 3005 3309 erunt
3030 3253 3157 3309 vitia
3186 3269 3305 3325 qua:
3329 3264 3681 3310 accesserant
3706 3264 3804 3309 ten-

2234 3363 2369 3420 pore
2401 3367 2416 3404 :
2445 3357 2503 3403 ut
2535 3363 2708 3419 neque
2736 3347 2788 3403 in
2815 3361 2881 3403 eo
2903 3347 3048 3418 quod
3083 3355 3264 3419 aptum
3302 3356 3359 3404 et
3379 3363 3684 3420 congruum
3718 3349 3804 3404 dies

2235 3440 2446 3496 allaturi
2474 3439 2706 3508 fuerant,
2735 3448 2925 3496 natura
2954 3440 3268 3506 fraudetur;
3295 3455 3469 3511 neque
3510 3441 3566 3496 in
3595 3457 3666 3497 eo
3694 3439 3804 3513 quod

2235 3532 2520 3590 adversum
2548 3542 2708 3604 atque
2751 3535 3079 3590 contrarium
3120 3532 3238 3589 dies
3284 3533 3614 3603 attulerant,
3646 3544 3804 3589 natura

2237 3619 2517 3698 turpetur;
2545 3627 2642 3684 sed
2664 3626 2956 3698 integretur
2975 3625 3118 3698 quod
3135 3625 3372 3682 nondum
3401 3635 3519 3682 erat
3537 3627 3803 3699 integrum,

2235 3721 2374 3777 sicut
2401 3720 2783 3776 instaurabitur
2809 3719 2954 3792 quod
2977 3719 3149 3776 fuerat
3177 3719 3418 3774 vitiatum
3443 3719 3546 3792 (ὸ).
3861 3733 3864 3736 ’

2307 3813 2534 3872 CAPUT
2571 3811 2860 3869 LXXXVI.
2910 3843 2983 3854 —
3030 3812 3188 3868 Fetus
3231 3813 3286 3867 in
3342 3822 3484 3868 utero
3508 3814 3712 3886 quando
3745 3813 3803 3867 ei-

2237 3922 2351 3962 cere
2378 3906 2607 3977 incipiat.
2636 3907 2712 3960 Ac
2733 3920 2829 3976 per
2850 3903 2954 3961 hoc
2982 3905 3446 3976 scrupulosissime
3485 3906 3702 3977 quidem
3743 3905 3806 3958 ἰιιο

2237 4009 2320 4061 ter
2349 3997 2689 4059 doctissimos
2715 4002 2884 4074 quazri
2907 4019 2969 4057 ac
2990 3998 3249 4074 disputari
3273 4008 3464 4074 potest,
3489 3998 3635 4068 quod
3656 4009 3801 4101 utrum

2236 4097 2306 4152 ab
2330 4095 2546 4151 homine
2587 4095 2818 4151 inveniri
2873 4096 3042 4167 possit
3091 4095 3297 4167 ignoro,
3345 4093 3563 4168 quando
3613 4090 3801 4168 incipiat

2236 4188 2401 4246 homo
2425 4189 2478 4244 in
2494 4198 2648 4245 utero
2671 4189 2880 4256 vivere;
2909 4199 3086 4245 utrum
3113 4189 3185 4245 sit
3207 4190 3452 4261 quaedam
3477 4192 3583 4246 vita
3611 4203 3667 4248 et
3691 4195 3709 4223 ³
3728 4207 3801 4247 oc-
3871 4183 3882 4261 ξ

2245 4229 2401 4246 ..νων
2497 4229 2647 4245 ...ων
2679 4229 2880 4256 ...μη
2911 4229 3086 4245 νην...
3113 4229 3185 4245 υ..
3207 4229 3452 4261 quas...
3485 4229 3583 4246 η...
3611 4229 3667 4248 υ.
3728 4229 3799 4247 νιν

2245 4283 2388 4341 culta
2406 4324 2422 4352 ,
2449 4298 2568 4354 qua:
2617 4281 2855 4339 nondum
2881 4282 3114 4339 motibus
3140 4283 3368 4339 viventis
3399 4294 3674 4355 appareat.
3694 4283 3798 4338 Nam
3869 4229 3882 4355 ξ

2235 4389 2433 4447 negare
2451 4374 2649 4430 vixisse
2684 4375 2986 4445 puerperia,
3023 4389 3142 4446 quae
3170 4383 3454 4446 propterea
3487 4376 3797 4431 membratim

2236 4476 2558 4524 exsecantur
2584 4475 2638 4522 et
2674 4465 2960 4537 ejiciuntur
2998 4481 3063 4524 ex
3109 4468 3279 4524 uteris
3319 4469 3721 4540 praegnantium,
3749 4483 3799 4555 ne
3875 4465 3882 4546 ξ

2234 4568 2436 4616 matres
2482 4573 2696 4630 quoque
2732 4557 2777 4614 si
2813 4568 3023 4614 mortua
3061 4559 3133 4615 ibi
3168 4559 3541 4631 relinquantur
3563 4553 3796 4622 occidant,

2236 4649 2564 4723 impudentia
2621 4649 2784 4707 nimia
2833 4649 3066 4706 videtur.
3126 4651 3205 4706 Ex
3246 4666 3356 4725 quo
3413 4664 3594 4708 autem
3640 4650 3793 4720 incipit
3877 4645 3882 4688 ἓ

2236 4744 2401 4800 homo
2436 4741 2636 4810 vivere,
2677 4757 2742 4799 ex
2769 4741 2863 4799 illo
2891 4742 3071 4814 utique
3117 4742 3225 4816 jam
3269 4744 3407 4801 mori
3453 4753 3648 4816 potest.
3686 4743 3795 4797 Mor-
3879 4743 3882 4754 '

2237 4845 2362 4892 tuus
2391 4821 2550 4904 vero,
2570 4834 2892 4906 ubicumque
2921 4835 2996 4890 illi
3023 4851 3169 4892 mors
3197 4837 3370 4908 potuit
3409 4837 3654 4902 evenire,
3683 4849 3791 4907 quo-
3877 4825 3882 4862 τ

2236 4929 2402 4986 modo
2441 4928 2509 4984 ad
2534 4927 2984 4984 resurrectionem
3016 4942 3123 4985 non
3163 4929 3434 5000 pertineat
3469 4940 3793 4991 mortuorum,

2237 5021 2475 5092 reperire
2503 5034 2610 5075 non
2636 5033 2876 5089 possum.
3879 5079 3882 5088 ι

2310 5110 2536 5167 CAPUT
2581 5109 2890 5166 LXXXVII.
2943 5141 3014 5152 —
3066 5110 3345 5167 Monstrosi
3397 5115 3530 5185 fetus
3577 5110 3793 5182 quomodo
3879 5157 3882 5166 .

2237 5203 2589 5260 resurrecturi.
2612 5203 2796 5274 Neque
2823 5203 2968 5259 enim
2994 5211 3049 5260 et
3094 5212 3337 5260 monstra
3377 5221 3499 5276 qua:
3537 5212 3793 5260 nascuntur

2238 5304 2294 5352 et
2325 5295 2536 5360 vivunt,
2586 5294 2880 5366 quamlibet
2929 5295 3036 5350 cito
3073 5296 3406 5361 moriantur,
3451 5306 3544 5353 aut
3583 5307 3790 5352 resurre-

2237 5397 2388 5445 ctura
2419 5387 2774 5459 negabuntnr,
2827 5397 2920 5444 aut
2965 5387 3038 5443 ita
3088 5388 3108 5420 ⁸
3139 5399 3513 5447 resurrectura
3557 5383 3788 5446 credenda

2300 5501 2319 5533 ί
2354 5506 2534 5550 Decem
2552 5507 2678 5562 Mss,
2701 5498 2953 5551 abortivos.

2299 5565 2321 5627 ξ
2357 5571 2456 5627 Am.
2479 5569 2556 5611 Er.
2575 5568 2694 5612 Dan.
2721 5571 2833 5612 Arn.
2861 5570 2913 5612 et
2935 5563 3076 5627 pauci
3098 5567 3464 5627 Mssgomitunt,
3488 5573 3550 5618 et.

2301 5625 2322 5658 ³
2354 5626 2438 5676 Hic
2475 5632 2576 5674 Am.
2615 5630 2690 5674 Er.
2728 5631 2780 5674 et
2796 5631 2911 5674 Dan.
2936 5623 3152 5688 addunt,
3179 5626 3375 5688 vitiata,
3414 5623 3524 5692 quin
3557 5639 3646 5678 vox
3675 5623 3789 5672 abest

2235 5693 2393 5739 aMss.

2299 5750 2372 5813 (a)
2389 5757 2494 5813 ,Non
2514 5749 2628 5813 alio,
2652 5749 2911 5813 credimus,
2935 5748 3122 5812 libello,
3142 5753 3233 5802 nisi
3248 5760 3481 5805 Sermone
3499 5766 3619 5803 nunc
3637 5749 3704 5809 7t,
3719 5756 3788 5808 qm

2235 5811 2434 5864 olim'de
2458 5812 2626 5862 Verbis
2645 5813 2828 5861 Domini
2845 5811 2934 5861 fuit
2951 5813 3025 5861 II.

2299 5875 2373 5938 (b)
2397 5873 2496 5924 vid.
2523 5874 2608 5926 lib.
2634 5873 2695 5924 22
2714 5874 2778 5926 de
2800 5876 2997 5926 Civitate
3030 5878 3136 5939 Dei,
3169 5891 3305 5943 app.
3335 5877 3407 5942 12,
3441 5878 3510 5930 l3.
