3882 6286
100 289 193 346 επ,
1481 275 1629 333 LIBE

1744 277 1925 336 JNUS.

96 414 222 470 sunt,
264 417 324 458 ac
350 415 459 457 non
498 399 668 470 potius
703 405 956 470 correcta
1001 395 1394 470 emendataque
1432 402 1646 450 natura.

96 468 227 535 Absit
249 476 383 531 enim
411 481 473 527 ut
501 468 643 525 illum
663 468 1035 533 bimembrem,
1058 468 1154 538 qui
1186 482 1358 537 nuper
1382 475 1540 521 natus
1566 476 1650 523 est

95 573 139 628 in
166 566 387 632 Oriente,
414 563 480 619 de
502 577 600 633 quo
642 568 697 617 et
740 560 933 616 fratres
984 558 1283 615 fidelissimi
1328 558 1474 630 quod
1518 574 1644 614 eum

93 659 292 715 viderint
325 656 639 723 retulerunt,
668 663 721 709 et
752 664 951 710 sanctae
988 655 1264 709 memoria
1285 653 1646 726 Hieronymus

93 752 343 826 presbyter
390 751 642 821 scriptum
682 748 897 820 reliquit
931 747 1005 821 (a)
1051 766 1064 803 :
1110 748 1269 813 absit,
1305 750 1543 819 inquam,
1587 757 1645 804 ut

93 862 227 902 unum
263 844 529 898 hominem
552 841 837 912 duplicem,
863 856 927 897 ac
966 858 1073 897 non
1100 844 1276 912 potius
1301 844 1460 908 duos,
1495 841 1643 914 quod

91 938 290 991 futurum
319 932 511 998 fuerat,
542 933 585 986 si
606 932 810 1003 gemini
847 942 1214 1001 nascerentur,
1241 944 1643 990 resurrecturos

90 1033 441 1086 existimemus.
474 1028 549 1084 Ita
595 1038 789 1084 caetera
840 1043 958 1099 quae
999 1026 1196 1098 singuli
1230 1029 1425 1098 quique
1459 1038 1644 1099 partus

89 1123 158 1179 vel
193 1121 404 1192 amplius
430 1120 515 1175 vel
558 1120 735 1176 minus
762 1120 966 1190 aliquid
1002 1120 1269 1186 habendo,
1304 1120 1388 1175 vel
1411 1121 1642 1191 quadam

90 1217 222 1273 nimia
254 1215 585 1270 deformitate
608 1222 849 1269 monstra
870 1212 1141 1279 dicuntur,
1166 1212 1230 1267 ad
1262 1214 1509 1269 humanm
1540 1229 1641 1269 na-

90 1324 199 1366 tune
224 1309 428 1381 ﬁguram
454 1306 855 1363 resurrectione
877 1306 1305 1371 revocabuntur;
1330 1306 1403 1363 ita
1442 1317 1499 1362 ut
1530 1308 1642 1363 sin-

92 1404 204 1475 gula:
221 1402 391 1456 anima:
414 1400 624 1471 singula
646 1414 742 1455 sua
763 1414 991 1470 corpora
1014 1399 1310 1467 obtineant,
1349 1401 1507 1456 nullis
1542 1416 1637 1457 co-

95 1493 367 1551 hterentibus
407 1492 575 1549 etiam
613 1507 965 1564 quaecumque
1004 1494 1330 1550 cohaerentia
1372 1506 1493 1551 nata
1522 1495 1639 1552 fue-

91 1595 217 1650 rant;
237 1584 319 1639 sed
340 1598 591 1639 seorsum
619 1583 720 1639 sibi
743 1584 966 1655 singulis
991 1598 1085 1642 sua
1112 1587 1350 1642 membra
1378 1588 1640 1658 gestanti-

87 1678 180 1743 bus,
204 1675 380 1746 quibus
405 1675 629 1731 humani
659 1678 902 1747 corporis
932 1679 1231 1748 completur
1260 1681 1556 1752 integritas.

139 1767 337 1824 CAPUT
373 1766 710 1825 LXXXVIII.
742 1799 815 1811 —
837 1768 1156 1827 Instauratio
1195 1774 1363 1829 carnis
1393 1791 1638 1845 quocum-

84 1877 158 1928 que
178 1859 312 1915 modo
337 1861 564 1933 perierit.
594 1861 713 1918 Non
750 1872 931 1919 autem
960 1865 1099 1934 perit
1142 1865 1253 1921 Deo
1285 1875 1495 1923 terrena
1524 1884 1637 1924 ma.

85 1953 212 2007 teries
237 1951 299 2008 de
317 1967 421 2023 qua
455 1953 768 2009 mortalium
797 1962 1011 2011 creatur
1031 1970 1158 2011 caro
1192 1976 1206 2013 ε
1240 1958 1334 2015 sed
1359 1960 1412 2014 in
1449 1977 1638 2031 quem-

84 2042 188 2097 libet
234 2043 504 2113 pulverem
552 2046 855 2102 cineremve
918 2047 1195 2117 solvatur,
1257 2051 1313 2105 in
1368 2053 1633 2123 quoslibet

86 2133 240 2189 halitus
279 2149 549 2206 aurasque
575 2135 838 2208 diffugiat,
870 2138 924 2193 in
964 2155 1355 2212 quamcumque
1404 2144 1633 2200 aliorum

84 2240 321 2297 corporum
359 2226 717 2283 substantiam
746 2230 833 2284 vel
858 2230 911 2284 in
942 2231 1053 2301 ipsa
1085 2232 1349 2288 elementa
1372 2246 1628 2305 vertatur,

84 2319 122 2372 in
145 2334 577 2390 quorumcumque
607 2322 918 2377 animalium
962 2324 1123 2379 etiam
1149 2325 1426 2381 hominum
1454 2329 1632 2383 cibum

84 2410 203 2466 cedat
228 2426 551 2483 carnemque
583 2422 839 2481 mutetur,
878 2415 951 2469 illi
983 2416 1178 2472 animae
1206 2417 1452 2475 humanae
1496 2437 1636 2491 pun-

87 2512 152 2557 cto
188 2504 423 2573 temporis
478 2503 622 2558 redit
646 2505 683 2570 ί,
733 2521 852 2576 quae
878 2507 1023 2561 illam
1048 2508 1317 2578 primitus,
1373 2518 1432 2565 ut
1470 2512 1634 2569 homo

87 2594 221 2663 ﬁeret,
252 2597 461 2662 viveret,
496 2608 787 2666 cresceret,
820 2601 1093 2657 animavit.

138 2690 332 2746 CAPUT
368 2692 664 2750 LXXXIX.
697 2725 769 2767 τ--
794 2695 1073 2768 Super/luo
1115 2702 1370 2770 quomodo
1402 2703 1633 2760 redibunt

86 2788 134 2838 ad
155 2804 330 2859 corpus.
378 2791 498 2863 Ipsa
534 2795 716 2867 itaque
745 2805 955 2852 terrena
1003 2800 1274 2868 materies,
1305 2817 1425 2871 qua:
1453 2800 1630 2858 disce-

88 2878 208 2935 dente
231 2884 394 2939 anima
426 2886 486 2940 fit
513 2887 765 2956 cadaver,
798 2904 904 2943 non
936 2890 1010 2945 ita
1040 2893 1437 2948 resurrectione
1477 2910 1631 2965 repa-

88 2972 261 3041 rabitur,
290 2986 347 3032 ut
372 2993 435 3033 ea
465 2996 590 3050 quae
618 2980 922 3037 dilabuntur
957 2992 1010 3039 et
1049 2984 1099 3038 in
1129 2986 1263 3042 alias
1293 3000 1454 3059 atque
1494 2990 1630 3047 alias

89 3063 262 3121 aliarum
286 3082 461 3126 rerum
490 3073 701 3141 Species
732 3074 1035 3145 formasque
1059 3086 1361 3145 vertuntur,
1380 3082 1626 3150 quamvis

90 3156 136 3210 ad
156 3174 321 3230 corpus
341 3164 571 3220 redeant
597 3164 738 3220 unde
763 3165 967 3237 dilapsa
998 3178 1142 3235 sunt,
1176 3170 1243 3225 ad
1266 3172 1484 3228 easdem
1504 3189 1628 3244 quo-

90 3264 166 3319 que
186 3256 403 3326 corporis
431 3265 619 3327 partes
662 3258 751 3313 ubi
796 3258 1031 3326 fuerunt,
1080 3262 1258 3319 redire
1284 3280 1506 3322 necesse
1536 3268 1626 3324 sit.

90 3340 287 3413 Alioquin
311 3348 353 3401 si
381 3349 595 3419 capillis
622 3350 917 3422 reditquod
945 3359 1052 3408 tam
1081 3356 1267 3411 crebra
1299 3365 1517 3413 tonsura
1534 3360 1629 3416 de-

92 3438 232 3502 traxit,
253 3440 291 3495 si
317 3442 583 3513 unguibus
607 3444 751 3515 quod
781 3446 939 3502 toties
963 3447 1195 3519 dempsit
1219 3452 1493 3517 exsectio;
1528 3453 1629 3508 im-

92 3528 315 3586 moderata
341 3543 393 3588 et
423 3533 685 3591 indecens
725 3538 1103 3608 cogitantibus,
1135 3549 1189 3597 et
1227 3541 1349 3598 ideo
1386 3558 1629 3601 resurre-

94 3620 273 3676 ctionem
307 3626 482 3680 carnis
525 3641 629 3681 non
657 3629 1001 3686 credentibus
1037 3634 1272 3689 occurrit
1302 3635 1623 3693 informitas.

95 3707 172 3765 Sed
190 3716 616 3783 quemadmodum
645 3722 690 3774 si
727 3730 903 3778 statua
933 3723 1219 3793 cujuslibet
1244 3727 1488 3784 solubilis
1514 3746 1629 3787 me-

97 3802 177 3857 talli
196 3817 272 3861 aut
308 3812 423 3880 igne
448 3811 793 3882 liquesceret,
829 3824 919 3869 aut
947 3824 1321 3875 contereretur
1364 3820 1417 3875 in
1441 3822 1628 3891 pulve-

95 3908 197 3962 rem,
220 3908 298 3954 aut
323 3903 739 3961 confunderetur
770 3906 821 3961 in
856 3922 1108 3976 massam,
1140 3918 1195 3965 et
1219 3927 1337 3966 eam
1367 3915 1525 3970 vellet
1548 3932 1628 3971 ar-

98 3988 192 4045 tifex
228 4009 396 4053 rursus
442 4014 512 4054 ex
565 3998 707 4054 illius
734 4002 972 4056 materia;
1002 4004 1297 4073 quantitate
1343 4021 1622 4077 reparare;

96 4080 197 4137 nihil
222 4083 489 4145 interesset
526 4089 592 4146 ad
632 4091 747 4161 ejus
775 4093 1131 4163 integritatem
1154 4137 1167 4161 ,
1202 4112 1321 4167 quae
1367 4100 1626 4169 particula

96 4178 287 4233 materiae
311 4182 387 4236 cui
412 4182 660 4239 membro
699 4193 887 4241 statuae
914 4187 1255 4254 redderetur,
1286 4191 1412 4247 dum
1447 4202 1625 4252 tamen

99 4271 227 4323 totum
250 4286 309 4327 ex
347 4290 449 4345 quo
478 4274 765 4332 constituta
788 4278 977 4348 fuerat,
1016 4282 1257 4336 restituta
1286 4295 1581 4341 resumeret
1608 4304 1621 4342 :

101 4354 153 4410 ita
176 4358 292 4418 Deus
313 4364 623 4423 mirabiliter
643 4378 803 4440 atque
826 4371 1162 4429 ineﬂ‘abiliter
1187 4375 1397 4443 artifex,
1424 4378 1491 4434 de
1515 4390 1625 4435 toto

102 4464 179 4517 quo
199 4469 306 4511 caro
348 4468 526 4516 nostra
571 4464 903 4531 constiterat,
938 4481 1056 4521 eam
1082 4469 1312 4524 mirabili
1358 4480 1412 4526 et
1438 4471 1625 4528 ineffa-

105 4538 169 4596 bili
189 4546 432 4607 celeritate
460 4555 743 4622 restituet;
777 4572 876 4612 nec
912 4558 1112 4630 aliquid
1141 4562 1391 4619 attinebit
1415 4564 1480 4619 ad
1508 4566 1624 4637 ejus

105 4629 563 4715 redintegratiOnem,
584 4654 761 4703 utrum
792 4650 967 4720 capilli
992 4629 1059 4707 ad
1086 4654 1307 4725 capillos
1333 4629 1624 4717 redeantet

109 4738 263 4795 Ungues
286 4734 345 4788 ad
383 4752 605 4808 ungues,
638 4754 705 4795 an
736 4741 990 4814 quidquid
1029 4760 1213 4802 eorum
1250 4749 1484 4819 perierat
1507 4767 1623 4811 mn-

111 4824 215 4876 tetur
246 4824 291 4881 in
316 4844 542 4900 carnem,
576 4843 630 4889 et
672 4835 727 4890 in
754 4848 934 4907 partes
974 4838 1107 4895 alias
1134 4844 1378 4912 corporis
1403 4861 1624 4903 revoce-

109 4916 187 5006 iur,
206 4929 395 4979 curante
429 4926 649 4983 artiﬁcis
694 4929 1025 5000 providentia
1080 4949 1149 4990 ne
1190 4936 1319 5006 quid
1369 4938 1623 4998 indecens

111 4999 177 5056 rm
199 5006 279 5079 (ὁ).

160 5095 345 5193 eaeor
380 5094 577 5166 χά..-
608 5112 678 5168 1η
702 5121 897 5172 statura
942 5126 992 5171 et
1020 5118 1179 5191 eﬂigie
1224 5125 1450 5193 corporis
1493 5127 1624 5183 nihil

111 5186 179 5237 crit
198 5190 466 5259 indecorum.
494 5203 607 5261 Nec
642 5204 772 5266 illud
800 5216 882 5264 est
919 5223 1273 5282 consequens,
1305 5224 1365 5271 ut
1397 5216 1517 5275 ideo
1541 5218 1624 5275 di-

161 5346 295 5409 '_Lov.,
316 5354 475 5409 reddit.

158 5404 539 5501 Lar)“
563 5425 841 5501 in_t!p_istola
862 5428 920 5501 ad
944 5430 1180 5482 vitalem:
1209 5441 1368 5501 «_Num
1403 5440 1514 5501 quia
1538 5454 1623 5492 no-

120 5475 572 5562 :Ii'flhqujt'itetate
595 5475 778 5550 duplex
796 5475 966 5554 Lyddae
978 5475 1623 5562 natus-est“

122 5544 139 5626 ξ
154 5540 535 5626 ξῌξιιξηίξι-ιξξᾳῳ·
546 5540 802 5626 χῃεηὶῃιημ,
819 5540 915 5603 uno
927 5540 1602 5626 veniié‘qi'diidﬁiié’p'eiﬁifus"

120 5602 290 5696 sum.“
318 5602 516 5681 litim-nes
546 5613 611 5661 ita
646 5615 777 5663 nasci
791 5602 1019 5667 necesse
1031 5602 1623 5679 Vest

143 5657 345 5717 epivuate
364 5673 455 5717 De].
476 5686 577 5717 mn-
603 5674 650 5717 8.

426 5686 529 5723 nea

180 5674 345 5712 uvuate
364 5674 455 5731 Dei,
476 5686 529 5723 ca
566 5712 577 5722 .
603 5674 650 5723 8.

166 5714 220 5779 (δ)
246 5723 331 5774 vid.
354 5724 427 5780 lib.
449 5734 505 5783 22
524 5689 585 5786 de
607 5738 808 5789 civitate
830 5743 933 5807 Dei,
961 5754 1065 5807 cap.
1092 5746 1161 5799 19,

1755 410 1911 451 versa
1955 398 2027 453 sit
2074 405 2279 457 statura
2319 405 2754 468 reviviscentium
2812 414 3170 491 singulorum,
3222 428 3353 497 quia

1756 485 1929 544 fuerat
1954 488 2167 547 diversa
2193 492 2507 565 viventium,
2539 510 2632 556 aut
2660 505 2825 560 macri
2850 485 2975 565 cum
3017 485 3205 572 eadem
3231 485 3353 577 ma;

1755 580 1857 647 cie,
1898 590 1989 637 aut
2018 583 2244 655 pingues
2270 601 2393 642 cum
2432 590 2622 648 eadem
2653 595 2973 668 pinguedine
3008 605 3350 668 reviviscant.

1752 671 1859 730 Sed
1887 675 1933 730 si
1959 675 2064 732 hoc
2082 686 2166 733 est
2191 678 2247 734 in
2270 682 2497 738 consilio
2517 684 2815 755 Creatoris,
2856 700 2916 748 ut
2944 693 3008 748 in
3051 696 3228 766 effigie
3252 717 3350 760 sua

1753 766 2009 837 cujusque
2033 771 2333 841 proprietas
2362 783 2417 830 et
2443 775 2807 837 discernibilis
2836 784 3132 846 similitudo
3155 805 3346 849 serve-

1754 866 1859 923 tur,
1888 860 1940 915 in
1967 864 2177 918 caeteris
2212 874 2391 923 autem
2423 872 2666 940 corporis
2695 873 2886 931 bonis‘
2910 882 3132 951 aequalia
3153 898 3347 946 cuncta

1751 950 2075 1011 reddantur.
2104 955 2176 1011 ita
2206 957 2602 1017 modificabitur
2626 963 2719 1019 illa
2747 965 2804 1021 in
2827 950 3149 1043 unoquoque
3179 987 3349 1035 mate-

1751 1042 1879 1107 ries,
1917 1054 1975 1100 ut
2015 1062 2118 1103 nec
2143 1049 2344 1121 aliquid
2373 1068 2443 1108 ex
2474 1070 2537 1111 ea
2574 1068 2779 1126 pereat,
2808 1072 2859 1117 et
2888 1066 3031 1134 quod
3056 1042 3215 1125 alicui
3255 1073 3350 1129 de-

1751 1135 1908 1191 fuerit
1939 1138 2029 1193 ille
2072 1142 2338 1212 suppleat,
2385 1147 2475 1216 qui
2504 1148 2669 1203 etiam
2696 1149 2764 1205 de
2804 1152 2971 1210 nihilo
3006 1159 3347 1231 potuit-quod

1749 1226 1918 1281 voluit
1946 1232 2180 1299 operari.
2206 1232 2263 1288 Si
2293 1243 2474 1293 autem
2502 1237 2557 1293 in
2593 1242 2910 1310 corporibus
2950 1226 3345 1321 resurgentium

1747 1320 2081 1379 rationabilis
2108 1323 2442 1395 inaequalitas
2468 1330 2590 1398 erit,
2620 1335 2760 1389 sicut
2800 1345 2883 1391 est
2921 1320 3119 1395 vocum
3149 1345 3343 1413 quibus

1746 1420 1936 1467 cantus
1968 1414 2253 1485 impletur;
2285 1418 2388 1474 hoc
2424 1421 2518 1476 fiet
2536 1424 2729 1494 cuique
2757 1426 2825 1483 de
2853 1431 3077 1487 materie
3101 1437 3345 1504 corporis

1747 1504 1850 1569 sui,
1879 1506 2022 1578 quod
2048 1516 2102 1563 et
2129 1508 2401 1567 hominem
2441 1513 2669 1570 reddat’I
2709 1520 2967 1589 angelicis
3000 1525 3249 1595 coetibus,
3287 1537 3344 1584 et

1744 1595 1878 1651 nihil
1917 1599 2301 1658 inconveniens
2348 1620 2534 1661 eorum
2577 1608 2788 1679 ingerat
2816 1616 3083 1672 sensibus.
3117 1617 3342 1677 lndeco-

1744 1703 1863 1742 rum
1909 1694 2106 1761 quippe
2146 1694 2345 1764 aliquid
2377 1696 2449 1751 ibi
2479 1714 2586 1754 non
2622 1702 2757 1769 erit;
2789 1706 2883 1760 sed
2908 1708 3163 1779 quidquid
3192 1713 3337 1769 futuc

1743 1796 1862 1835 rum
1894 1791 1996 1849 est,
2028 1784 2130 1839 hoc
2158 1785 2397 1855 decebit;
2432 1790 2554 1860 quia
2602 1808 2702 1849 nec
2746 1794 2980 1853 futurum
3009 1811 3111 1869 est,
3139 1803 3184 1858 si
3232 1822 3340 1863 non

1742 1871 1969 1929 decebit.

1813 1964 2041 2022 CAPUT
2080 1967 2213 2024 XCI.
2241 2000 2314 2011 ——
2341 1970 2624 2047 Resurgent
2649 1978 2850 2047 piorum
2901 1998 3116 2053 corpora
3142 2003 3241 2057 quo
3269 1988 3337 2042 ad

1740 2057 2072 2112 substantiam
2106 2063 2296 2130 carnis,
2325 2065 2415 2118 sed
2440 2067 2548 2121 sine
2574 2071 2714 2123 omni
2742 2072 2881 2126 vitio.
2913 2073 3210 2147 Resurgent
3241 2079 3340 2150 igi-

1742 2157 1829 2204 tur
1857 2160 2164 2207 sanctorum
2197 2170 2421 2226 corpora
2458 2160 2573 2214 sine
2620 2162 2728 2216 ullo
2753 2163 2912 2230 vitio,
2951 2166 3068 2222 sine
3103 2169 3207 2224 ulla
3237 2172 3337 2228 de-

1739 2241 2032 2311 formitate,
2080 2247 2218 2303 sicut
2270 2250 2386 2306 sine
2423 2253 2529 2307 ulla
2578 2258 2942 2327 corruptione,
2974 2275 3161 2325 onere.
3190 2265 3335 2320 diffi-

1740 2335 1975 2391 cultate:
2027 2338 2080 2392 in
2134 2340 2327 2409 quibus
2380 2352 2525 2399 tanta
2555 2346 2837 2414 facilitas',
2890 2363 3085 2420 quanta
3116 2356 3339 2415 felicitas
3432 2352 3437 2353 ί

1739 2428 1860 2482 erit.
1891 2428 2117 2499 Pl‘OpleI‘
2146 2433 2290 2501 quod
2320 2443 2373 2489 et
2398 2437 2692 2506 spiritualia
2719 2439 2859 2497 dicta
2889 2454 3034 2510 sunt,
3067 2461 3187 2502 cum
3213 2464 3338 2519 pro-

1738 2520 1821 2574 cul
1850 2520 2013 2577 dubio
2041 2538 2267 2595 corpora
2296 2528 2401 2583 sint
2432 2528 2631 2598 futura,
2663 2549 2768 2589 non
2795 2537 3033 2606 spiritus.
3066 2539 3171 2597 Sed
3198 2543 3339 2599 sicut

1738 2630 1881 2670 nunc
1925 2631 2122 2687 corpus
2170 2620 2403 2677 animale
2453 2625 2666 2689 dicitur,
2696 2629 2840 2698 quod
2888 2640 3065 2687 tamen
3117 2650 3349 2705 corpus,

1739 2723 1844 2762 non
1875 2709 2050 2763 anima
2079 2719 2196 2777 est;
2242 2712 2314 2767 ita
2341 2721 2469 2769 tunc
2498 2716 2779 2787 spirituale
2822 2737 3019 2793 corpus
3056 2727 3179 2794 erit,
3206 2742 3334 2784 cor-

1738 2813 1838 2869 pus
1871 2807 2073 2868 tamen,
2107 2817 2211 2856 non
2256 2804 2475 2874 spiritus
2504 2809 2628 2863 erit.
2656 2810 3167 2884 Proinde'quantum
3206 2821 3332 2875 atti-

1736 2898 1831 2945 net
1870 2891 1937 2945 ad
1985 2894 2408 2963 corruptionem,
2460 2913 2581 2968 qua:
2626 2916 2768 2956 nunc
2808 2916 3059 2976 aggravat
3100 2910 3334 2969 animam

1739 2980 1895 3053 (Sap.
1923 2997 1999 3049 ix,
2035 2982 2147 3056 15),
2181 2994 2236 3040 et
2263 2986 2331 3041 ad
2360 2988 2507 3057 vitia,
2539 2993 2734 3061 quibus
2758 3009 2887 3050 caro
2920 2997 3178 3075 adversus
3218 3007 3332 3073 spi-

1736 3075 1897 3131 ritum
1941 3079 2273 3149 concupiscit
2319 3080 2518 3150 (Galat.
2543 3101 2596 3151 ν,
2619 3086 2730 3159 17),
2771 3098 2897 3145 tunc
2926 3106 3030 3147 non
3061 3094 3325 3164 eritcaro,

1736 3166 1832 3222 sed
1862 3182 2086 3239 corpus;
2118 3171 2241 3240 quia
2294 3182 2347 3227 et
2391 3175 2634 3232 coelestia
2691 3193 2917 3250 corpora
2958 3185 3327 3253 perhibentur.

1736 3258 1965 3332 Propter
2005 3262 2148 3332 quod
2200 3264 2403 3320 dictum
2451 3279 2554 3335 est,
2602 3270 2734 3325 Caro
2782 3284 2829 3327 et
2870 3278 3081 3347 sanguis
3118 3296 3333 3351 regnum

1736 3348 1835 3404 Dei
1876 3368 1978 3406 non
2006 3353 2333 3422 possidebunt
2362 3372 2381 3411 :
2411 3366 2466 3413 et
2496 3367 2748 3431 tanquam
2777 3379 3061 3436 exponens
3089 3348 3218 3440 quid
3246 3373 3335 3429 di-

1735 3443 1894 3513 xerit,
1924 3462 2080 3516 neque
2107 3449 2386 3521 corruptio,
2415 3451 2605 3523 inquit,
2639 3454 3072 3529 incorruptionem
3100 3464 3335 3534 posside-

1736 3539 1804 3593 bit
1834 3540 1877 3611 (Ι
1907 3540 2025 3596 Cor.
2059 3557 2151 3609 xv,
2180 3542 2291 3616 50).
2329 3544 2483 3613 Quod
2512 3547 2659 3617 prius
2688 3549 2840 3617 dixit,
2872 3568 2992 3608 caro
3015 3563 3062 3609 et
3083 3558 3333 3628 sanguis;

1734 3631 1839 3687 hoc
1868 3634 2132 3701 posterius
2151 3634 2304 3702 dixit,
2335 3640 2593 3708 corruptio
2620 3656 2640 3695 :
2668 3649 2725 3697 et
2750 3643 2894 3714 quod
2919 3646 3088 3716 prius,
3116 3665 3330 3720 regnum

1736 3723 1831 3779 Dei
1860 3740 1878 3779 :
1902 3724 2007 3781 hoc
2035 3727 2322 3795 posterius,
2352 3730 2801 3803 incorruptionem.
2851 3734 3119 3804 Quantum
3148 3749 3330 3797 autem

1733 3816 1927 3873 attinet
1969 3817 2037 3873 ad
2061 3818 2434 3890 substantiam,
2467 3824 2628 3879 etiam
2656 3834 2782 3882 tunc
2800 3842 2928 3883 caro
2955 3828 3076 3885 erit.
3100 3831 3333 3904 Pr0pter

1732 3907 1875 3979 quod
1901 3916 1955 3964 et
1982 3919 2105 3979 post
2134 3914 2587 3971 resurrectionem
2614 3933 2809 3988 corpus
2837 3918 3055 3989 Christi,
3087 3939 3214 3980 caro
3237 3942 3328 3998 ap-

1732 4000 1930 4070 pellata
1972 4010 2055 4057 est
2094 4001 2244 4073 (Luc.
2290 4021 2435 4073 xxiv,
2486 4005 2597 4078 39).
2626 4008 2732 4064 Sed
2762 4010 2882 4066 ideo
2913 4014 2986 4067 ait
3013 4016 3326 4086 Apostolus,

1734 4089 2027 4146 Semmamr
2061 4110 2246 4165 corpus
2284 4097 2537 4163 animale,
2566 4110 2791 4171 resurget
2827 4118 3012 4173 corpus
3062 4108 3332 4176 spiritualc

1737 4181 1779 4253 (l
1812 4184 1930 4237 Cor.
1962 4199 2053 4250 xv,
2076 4184 2165 4254 44)
2209 4201 2222 4236 :
2255 4187 2506 4255 quoniam
2541 4198 2684 4243 tanta
2722 4191 2825 4245 erit
2868 4201 2995 4248 tunc
3036 4198 3326 4255 concordia

1733 4289 1910 4331 carnis
1939 4282 1994 4330 et
2019 4274 2261 4344 spiritus,
2284 4278 2585 4334 viviﬁcante
2611 4280 2799 4351 Spiritu
2832 4283 2948 4340 sine
2977 4291 3329 4347 sustentaculi

1732 4364 1957 4437 alicujus
2002 4366 2291 4438 indigentia
2321 4368 2586 4425 subditam
2615 4387 2853 4440 carnem,
2898 4384 2956 4432 ut
2996 4378 3129 4434 nihil
3171 4381 3326 4437 nobis

1732 4471 1994 4531 repugnet
2022 4476 2089 4517 ex
2116 4461 2306 4530 nobis;
2339 4464 2433 4519 sed
2462 4466 2600 4521 sicut
2626 4466 2757 4524 foris
2785 4472 3078 4540 neminem,
3127 4473 3198 4529 ita
3222 4490 3325 4532 nec

1732 4553 1875 4608 intus
1906 4568 2004 4608 nos
2032 4554 2178 4624 ipsos
2206 4554 2472 4624 patiamur
2500 4557 2763 4614 inimicos.

1801 4646 2029 4702 CAPUT
2060 4642 2217 4702 XCII.
2239 4647 2543 4721 ——Corpora
2572 4652 2930 4709 damnatorum
2952 4657 3128 4729 qualia
3153 4675 3326 4714 resur-
3404 4702 3409 4705 .

1731 4751 1865 4811 gent.
1894 4738 2227 4812 Quicumque
2252 4758 2379 4798 vero
2406 4744 2474 4798 ab
2512 4745 2600 4799 illa
2631 4746 2947 4815 perditionis
2975 4766 3168 4820 massa,
3202 4769 3324 4825 quae

1732 4831 1869 4887 facta
1900 4843 1982 4888 est
2018 4849 2113 4904 per
2142 4835 2412 4890 hominem
2444 4838 2705 4907 primum,
2750 4855 2856 4897 non
2894 4843 3187 4903 liberantur
3226 4864 3327 4920 per

1732 4943 1893 4982 unum
1924 4927 2273 4983 Mediatorem
2306 4929 2399 4984 Dei
2434 4939 2488 4985 et
2529 4930 2801 4990 hominum
2826 4977 2841 5003 ,
2879 4952 3159 5012 resurgent
3200 4946 3326 5014 qui-

1730 5018 1853 5074 dem
1893 5019 2051 5074 etiam
2083 5021 2184 5089 ipsi
2221 5021 2580 5093 unusquisque
2607 5040 2728 5081 cum
2758 5043 2856 5083 sua
2899 5045 3061 5088 carne
3085 5075 3100 5102 ,
3143 5037 3238 5092 sed
3268 5047 3329 5094 ut

1730 5126 1851 5167 cum
1891 5111 2104 5167 diabolo
2137 5121 2193 5168 et
2229 5114 2345 5184 ejus
2385 5116 2587 5187 angelis
2615 5120 2922 5190 puniantur.
2967 5125 3151 5183 Utrum
3183 5123 3326 5188 sane

1730 5202 1832 5275 ipsi
1874 5217 1994 5259 cum
2035 5205 2178 5261 vitiis
2219 5216 2274 5263 et
2306 5207 2731 5269 deformitatibus
2770 5230 2989 5273 suorum
3035 5236 3320 5292 corporum

1730 5305 2046 5367 resurgant,
2098 5313 2447 5372 quaecumque
2502 5303 2556 5359 in
2600 5305 2680 5360 eis
2730 5307 2918 5364 vitiosa
2966 5319 3021 5367 et
3059 5314 3320 5371 deformia

1729 5387 1969 5445 membra
1990 5400 2284 5462 gestarum,
2316 5394 2368 5450 in
2400 5396 2721 5467 requirendo
2748 5400 2995 5458 laborare
3025 5406 3151 5475 quid
3182 5423 3318 5478 opus

1793 5572 1812 5641 ξ
1846 5578 1911 5622 Ex
1934 5575 2171 5641 Vaticanis
2192 5582 2298 5627 Mss.
2323 5590 2450 5628 unus
2466 5578 2634 5641 habet,
2659 5582 2903 5641 corporeis
2917 5583 3162 5637 membris.

1793 5635 1979 5715 1.5299
2008 5643 2235 5715 sese:
2388 5648 2454 5715 et.
2472 5635 2809 5715 Lor-{retusa
2843 5635 3310 5715 caulem-"Abest.

1728 5702 1977 5759 (squalent,
2006 5710 2034 5746 a
2057 5706 2162 5749 Mss.
2190 5706 2243 5750 et
2263 5703 2325 5750 ab
2341 5702 2555 5751 editione
2579 5703 2785 5753 Arualdi.

1798 5759 1819 5791 ³
1854 5767 1952 5808 Am.
1979 5767 2050 5808 Er.
2078 5769 2127 5810 et
2162 5769 2265 5812 tres
2283 5762 2627 5825 Mss.,facititas
2650 5768 2951 5832 resurgendi.
2974 5774 3124 5826 Minus
3143 5784 3312 5833 recte:
