3882 6286
533 306 647 366 975

535 423 668 481 est!
708 417 894 490 Neque
929 416 1076 474 uim
1126 413 1348 485 fatigare
1376 423 1475 470 nos
1504 411 1663 469 debet
1705 409 1908 468 incerta
1944 428 2132 468 eorum

537 508 796 567 habitudo
828 506 912 563 vel
941 504 1306 577 pulchritudo,
1347 507 1574 576 quorum
1606 501 1708 560 erit
1738 511 1883 559 certa
1915 513 1968 559 et
1993 517 2135 560 sem-

539 605 748 676 piterna
773 597 1066 654 damnatio.
1104 596 1212 652 Nec
1241 603 1487 663 moveat,
1519 593 1789 667 quomodo
1821 595 1874 650 in
1918 594 1996 650 eis
2035 593 2136 650 erit

538 708 738 768 corpus
760 689 1186 762 iucorruptibile,
1211 690 1256 745 si
1281 688 1465 763 dolere
1486 688 1721 759 poterit;
1750 697 1842 744 aut
1866 686 2134 759 quomodo

537 785 913 858 corruptibile,
957 784 1004 840 si
1032 783 1168 838 mori
1199 791 1306 837 non
1345 782 1559 852 poterit.
1588 780 1706 837 Non
1735 789 1817 838 est
1845 783 1988 837 enim
2009 793 2133 837 vera

535 883 669 952 vita,
704 879 806 936 nisi
845 878 935 934 ubi
977 876 1202 933 feliciter
1223 875 1453 943 vivitur,
1486 885 1584 930 nec
1613 887 1736 930 vera
1766 873 2092 945 incorruptio
2115 917 2129 942 ,

537 979 638 1034 nisi
685 975 773 1031 ubi
809 973 957 1030 salus
994 971 1142 1027 nullo
1182 969 1368 1026 dolore
1409 969 1790 1039 corrumpitur.
1818 965 1921 1025 Ubi
1957 974 2135 1024 autem

535 1068 722 1126 infelix
763 1067 900 1123 mori
948 1079 1057 1122 non
1097 1063 1322 1132 sinitur,
1363 1072 1422 1118 ut
1469 1064 1538 1119 ita
1582 1060 1796 1130 dicam,
1841 1075 1990 1118 mors
2020 1062 2134 1132 ipsa

535 1175 642 1218 non
671 1159 896 1216 moritur
921 1173 939 1225 ;
968 1157 1025 1214 et
1061 1155 1151 1211 ubi
1178 1155 1334 1212 dolor
1361 1157 1651 1230 perpetuus
1693 1167 1799 1210 non
1830 1153 2121 1220 interimit,

534 1255 629 1312 sed
649 1253 832 1325 atiligit
848 1292 865 1321 ,
894 1252 1010 1322 ipsa
1032 1249 1306 1320 corruptio
1335 1259 1444 1304 non
1462 1246 1666 1305 linitur.
1699 1245 1895 1303 Haecin
1921 1247 2126 1302 sanctis

534 1346 827 1418 Scripturls
850 1386 866 1414 ,
891 1346 1116 1399 secunda
1152 1355 1290 1398 mors
1314 1340 1510 1399 dicitur
1529 1339 1731 1415 (Apoc.
1757 1353 1814 1409 ιι,
1846 1339 1936 1407 ll,
1965 1347 2012 1395 et
2033 1351 2130 1419 ξι,

534 1440 588 1508 o,
615 1438 743 1512 it).

603 1529 834 1591 CAPUT
885 1529 1403 1597 Imm—Quorum
1453 1525 1807 1585 damnatorum
1848 1529 2025 1601 futura
2064 1528 2133 1584 sit

533 1625 800 1680 mitissima
823 1639 990 1694 penu.
1031 1622 1140 1679 Nec
1173 1623 1348 1698 prima
1393 1629 1571 1678 tamen
1606 1635 1710 1692 qua
1749 1635 1904 1676 suum
1932 1635 2130 1692 corpus

531 1719 708 1772 anima
747 1715 1054 1786 relinquere
1095 1715 1338 1785 cogitur,
1380 1728 1482 1769 nec
1517 1711 1751 1769 secanda
1789 1727 1891 1784 qua
1922 1713 2132 1784 poenale

534 1819 729 1879 corpus
766 1807 987 1863 anima‘
1029 1806 1334 1876 relinquere
1378 1813 1484 1860 nan
1533 1806 1886 1875 permittitur,
1929 1804 2130 1862 homini

530 1899 843 1964 accidisset,
894 1898 939 1952 si
982 1911 1141 1952 nemo
1183 1904 1481 1967 peccasset.
1528 1896 1806 1952 Mitissima
1842 1911 1972 1952 sane
2015 1913 2129 1954 om-

531 1993 678 2048 nium
707 1971 865 2062 pinna
889 1989 993 2046 erit
1017 1995 1202 2044 eorum
1225 1988 1313 2058 qui
1340 1997 1538 2061 praeter
1563 1999 1840 2059 peccatum
1861 1983 2003 2060 quod
2024 1991 2130 2046 ori-

530 2084 709 2158 ginale
753 2087 1066 2148 traxerunt,
1112 2079 1313 2136 nullum
1345 2081 1562 2151 insuper
1594 2077 1953 2134 addiderunt:
1982 2087 2037 2134 et
2075 2079 2126 2134 in

531 2174 744 2231 caeteris
772 2174 861 2244 qui
889 2171 1228 2240 addiderunt,
1258 2179 1408 2228 tanto
1447 2172 1673 2244 quisque
1708 2170 2128 2229 tolerabiliorem

530 2267 605 2323 ibi
631 2265 847 2322 habebit
865 2264 1284 2332 damnationem,
1312 2274 1515 2336 quanto
1537 2263 1624 2321 hic
1655 2265 1920 2322 minorem
1945 2264 2130 2321 habuit

536 2358 892 2429 iniquitatem.

601 2450 830 2508 CAPUT
864 2448 1047 2506 XCIV.
1078 2478 1149 2492 —
1172 2447 1263 2506 24.
1297 2445 1366 2505 In
1400 2448 1504 2504 vita
1529 2458 1718 2506 eterna
1744 2447 1905 2504 sancti
1934 2447 2132 2522 plenius

533 2551 832 2616 cognoscent
851 2541 976 2615 quid
998 2543 1072 2598 eis
1090 2542 1359 2598 contulerit
1389 2541 1577 2614 gratia.
1594 2542 2011 2600 Remanentibus
2031 2542 2131 2600 ita-

532 2653 637 2712 que
659 2638 865 2710 angelis
910 2645 966 2692 et
1004 2636 1310 2693 hominibus
1349 2636 1592 2709 reprobis
1618 2637 1669 2692 in
1710 2643 1908 2693 interna
1939 2651 2128 2709 pinna,

531 2741 658 2789 tunc
704 2732 872 2787 sancti
913 2731 1085 2788 scient
1129 2730 1341 2802 plenius
1386 2729 1514 2802 quid
1545 2730 1671 2786 boni
1716 2730 1798 2787 eis
1838 2731 2132 2788 contulerit

529 2826 718 2896 gratia.
744 2823 894 2879 Tunc
919 2823 1084 2879 rebus
1103 2821 1232 2893 ipsis
1259 2821 1559 2878 evidentius
1585 2823 1864 2894 apparebit
1901 2821 2044 2893 quod
2071 2821 2127 2878 in

531 2918 746 2974 Psalmo
785 2917 1046 2986 scriptum
1075 2923 1181 2983 est,
1215 2913 1622 2970 liserieordiam
1647 2921 1693 2970 et
1722 2913 1981 2987 judicium
2007 2931 2130 2969 can-

532 3009 649 3064 tabo
671 3008 758 3062 tibi
778 3048 794 3074 ,
825 3005 1046 3062 Domine
1074 3003 1264 3080 (Psal.
1295 3015 1347 3073 α,
1379 3003 1448 3077 1)
1477 3015 1493 3073 ς
1525 3005 1645 3077 quia
1675 3005 1777 3062 nisi
1807 3015 1902 3078 per
1927 3005 2132 3065 indebi-

532 3109 647 3157 tam
673 3097 1090 3155 misericordiam
1118 3111 1278 3154 nemo
1314 3095 1569 3155 liberatur
1591 3140 1606 3166 ,
1637 3105 1689 3155 et
1709 3099 1809 3156 nisi
1834 3115 1932 3173 per
1975 3097 2130 3157 debi-

534 3203 646 3250 tum
665 3192 922 3265 judicium
951 3205 1112 3249 nemo
1147 3189 1451 3248 damnatur.

611 3286 838 3345 CAPUT
874 3283 1278 3342 XCV.—Tunc
1309 3285 1662 3342 reoelabuntur
1703 3287 1900 3343 occulta
1931 3288 2133 3360 judicia

533 3381 633 3437 Dei
658 3381 714 3435 in
738 3379 999 3434 hominum
1025 3377 1483 3452 prwdestinatione.
1519 3377 1764 3437 Voluntas
1781 3379 1879 3436 Dei
1897 3381 2133 3455 efﬁcacis-

531 3473 682 3529 sima.
712 3470 864 3526 Tune
883 3483 990 3526 non
1016 3469 1202 3527 latebit
1227 3469 1370 3542 quod
1399 3485 1542 3528 nunc
1564 3470 1713 3541 latet,
1749 3489 1872 3529 cum
1900 3471 1968 3530 de
1995 3473 2132 3531 duo-

533 3565 635 3621 bus
667 3565 903 3636 parvulis
929 3579 1070 3621 unus
1109 3573 1255 3621 esset
1296 3565 1652 3623 assumendus
1693 3581 1788 3639 per
1822 3567 2130 3624 misericor-

535 3660 702 3728 diam,
743 3659 880 3715 alius
921 3671 1020 3729 per
1051 3647 1310 3730 judicium
1343 3657 1759 3731 relinquendus,
1803 3658 1856 3715 in
1901 3676 2041 3732 quo,
2087 3661 2132 3717 is

536 3752 628 3824 qui
665 3757 1058 3817 assumeretur,
1088 3758 1403 3822 agnosceret
1456 3751 1582 3821 quid
1622 3751 1723 3806 sibi
1755 3766 1850 3822 per
1875 3747 2131 3824 iudicium

535 3842 846 3910 deberetur,
878 3841 978 3898 nisi
1008 3841 1375 3899 misericordia
1399 3842 1713 3897 subveniret
1749 3858 1763 3909 ;
1793 3857 1890 3898 cur
1920 3843 2010 3898 ille
2035 3859 2132 3913 po-

539 3937 647 3992 tius
672 3949 833 4006 quam
858 3933 960 3992 iste
983 3933 1141 3990 fuerit
1169 3942 1492 4006 assumptus,
1520 3950 1642 3989 cum
1672 3949 1831 3990 causa
1857 3949 1960 3990 una
1990 3943 2134 3991 esset

541 4028 804 4085 ambobus
846 4045 860 4083 :
891 4042 988 4084 cur
1012 4027 1150 4099 apud
1179 4023 1438 4099 quosdam
1477 4043 1584 4084 non
1625 4028 1775 4084 facta:
1814 4029 1921 4084 sint
1965 4029 2132 4086 virtu-

538 4129 642 4186 tes,
673 4133 795 4192 quaa
813 4121 860 4176 si
884 4118 1039 4177 factm
1060 4121 1305 4189 fuissent,
1333 4121 1571 4193 egissent
1596 4120 1670 4176 illi
1694 4121 1937 4180 homines
1962 4123 2132 4194 paeni-

542 4211 844 4281 t'entiam',
883 4220 942 4270 et
987 4211 1142 4269 facta
1193 4213 1300 4268 sint
1339 4212 1478 4282 apud
1525 4229 1619 4269 eos
1650 4213 1741 4286 qui
1779 4231 1885 4270 non
1925 4214 2135 4272 fuerant

535 4304 811 4362 credituri.
856 4302 1210 4375 Apertlssime
1253 4315 1485 4374 namque
1525 4304 1781 4361 Dominus
1828 4303 2001 4362 dicit:
2045 4303 2135 4362 Va:

541 4395 631 4452 tibi
653 4436 670 4462 ,
696 4393 992 4460 Corosnin;
1029 4407 1105 4450 υω
1141 4392 1546 4461 tibi,BetItsaida
1577 4395 1599 4450 Ι
1629 4396 1746 4468 quia
1771 4396 1815 4451 si
1839 4397 1893 4452 in
1923 4393 2058 4469 Tyro
2087 4405 2136 4452 et

540 4487 736 4546 Sidone
760 4487 914 4558 facta
945 4485 1160 4561 Muenl
1185 4486 1389 4542 uirtutes
1422 4503 1538 4558 qua:
1567 4492 1718 4561 facta
1744 4497 1860 4544 sunt
1879 4491 1933 4544 in
1972 4489 2132 4559 vobis,

538 4581 662 4637 olim
701 4581 758 4635 in
789 4577 958 4635 cilicio
993 4588 1043 4634 et
1077 4579 1244 4634 cinere
1269 4581 1614 4651 ptenitentiam
1639 4581 1855 4652 egissent
1895 4579 2134 4652 (Matth.

538 4687 594 4729 ιι
616 4714 634 4740 ,
659 4671 727 4728 2i
745 4673 787 4744 ).
822 4669 934 4728 Nec
975 4671 1158 4744 utique
1198 4669 1340 4729 Deus
1361 4673 1557 4744 injuste
1584 4673 1756 4729 noluit
1779 4671 1954 4729 salvos
1982 4673 2095 4730 fieri
2114 4718 2130 4744 ,

539 4779 666 4821 cum
697 4763 904 4836 possint
930 4763 1064 4821 salvi
1097 4777 1247 4833 esse,
1276 4765 1324 4822 si
1365 4763 1566 4821 vellent
1594 4761 1636 4817 ⁸.
1669 4761 1819 4818 Tunc
1857 4763 1910 4819 in
1941 4764 2132 4822 claris-

537 4903 737 5016 ?ﬁmege
759 4901 987 4957 facilitate
1018 4902 1198 4970 agendi
1219 4902 1382 4969 potius
1399 4901 1508 4952 inec
1536 4899 1903 4964 interpretanda
1930 4907 2134 4954 senten-

605 5029 625 5099 Ῐ
660 5034 770 5099 Ψοντ
797 5034 852 5099 9"
871 5035 1002 5099 {me
1279 5025 1400 5099 ΨΜ
1421 5021 1580 5099 ’ἔξω
1599 5029 1726 5097 λίβη
1754 5024 1934 5099 Mm:

604 5091 626 5154 ξ
659 5085 857 5154 Septem
881 5085 1006 5154 ως
1444 5085 1521 5139 illi
1543 5085 1754 5154 homines
1785 5088 2128 5154 penitentiam

604 5150 628 5185 ³
659 5149 866 5224 veteres
885 5149 1081 5224 codices
1097 5151 1267 5224 viginti
1289 5149 1523 5224 quinque,
1548 5149 1735 5224 scilicet
1757 5149 1945 5224 [inmani
1962 5149 2134 5224 biblio-

540 5214 701 5278 thecae
736 5216 972 5266 Vaticana
991 5214 1090 5264 duo
1105 5248 1122 5272 ,
1150 5211 1539 5278 et_Parisienses_
1557 5213 1635 5262 isti
1657 5211 1912 5278 sexdecim
1931 5249 1946 5274 ,
1971 5215 2134 5278 Regia;

539 5276 851 5328 bibliotheca:
875 5288 1019 5340 unus,
1041 5275 1278 5340 Navarrici
1297 5273 1491 5337 collegii
1511 5274 1624 5335 duo,
1641 5277 1884 5340 Sorbonici
1906 5273 2132 5340 quatuor,

539 5339 748 5389 abbatiaa
773 5339 924 5388 sancti
950 5335 1150 5399 victoris
1168 5343 1273 5399 tres
1286 5370 1300 5395 ,
1320 5335 1500 5399 sane—tm
1521 5335 1779 5388 Genovefa:
1801 5335 1943 5399 unus,
1965 5335 2132 5390 emno-'-

543 5402 610 5451 bii
650 5400 804 5451 sancti
828 5398 1055 5450 Bernardi
1080 5405 1160 5447 PP.
1185 5397 1478 5448 Fullensium
1512 5410 1654 5458 unus,
1683 5406 1761 5448 PP.
1797 5397 2131 5452 Dominicano-

538 5475 648 5512 rum
670 5464 748 5512 via
771 5463 977 5511 Jacobea
1001 5473 1140 5524 unus,
1164 5467 1244 5524 PP.
1268 5462 1684 5524 Franciscanorum
1710 5463 1903 5524 majoris
1919 5476 2133 5512 conven-

552 5537 613 5575 us
650 5537 777 5574 unus
798 5559 813 5584 ,
832 5523 1041 5587 emnobji
1079 5523 1230 5587 nostri
1264 5523 1602 5587 Germanensis
1635 5523 1731 5572 duo
1750 5559 1763 5583 ,
1789 5532 2133 5587 praetereaque

540 5580 897 5648 Lemovicensls
917 5580 1142 5648 Ewlesia:
1173 5585 1326 5634 sancti
1352 5584 1567 5634 Martialis
1587 5599 1726 5646 unus,
1753 5580 1960 5635 abbatis:
1980 5580 2129 5648 nega-

540 5646 802 5700 lis-montis
820 5660 965 5708 unus,
990 5647 1320 5710 Longi-pontis
1339 5659 1464 5699 unus
1483 5688 1496 5709 ,
1526 5651 1780 5698 Bccccnsis
1804 5660 1929 5696 unus
1947 5685 1960 5708 ,
1979 5646 2131 5701 sancti

542 5713 672 5763 Petri
694 5712 759 5761 de
781 5710 972 5760 Cultura
989 5710 1113 5773 apud
1135 5716 1428 5784 Cenomanos
1441 5725 1584 5784 unus,
1609 5714 1758 5782 sancti
1781 5711 1978 5782 Remigii
2003 5712 2129 5822 apud

543 5779 716 5822 heims
736 5785 862 5820 unus
878 5805 894 5822 .
913 5780 963 5820 et
980 5774 1338 5822 antiquissimus
1358 5777 1662 5822 CorlichilSlS
1686 5773 1886 5822 habent.
1909 5788 1951 5822 δι
1974 5787 2026 5822 vc
2049 5773 2127 5822 (et.

543 5779 716 5844 genios
736 5785 864 5844 unus
878 5805 894 5831 ,
913 5780 963 5820 et
980 5774 1338 5844 antiquissimus
1358 5775 1662 5844 Corheicnsis
1686 5773 1886 5844 habent,
1909 5773 1951 5822 si
1974 5773 2127 5844 uellet.

539 5838 713 5885 Contra
753 5834 887 5895 editi,
912 5847 1010 5884 uno
1054 5834 1263 5897 eicepto
1299 5836 1564 5897 .trnaldino,
1605 5836 1796 5896 ferunt,
1837 5834 1879 5888 si
1914 5836 2081 5887 vellent
2112 5852 2127 5886 :

1038 295 1500 366 ENCHlRlDlON,
1540 295 1697 354 SlVE
1735 295 1823 352 DE
1861 289 2039 362 FIDE,
2079 289 2208 352 SPE
2244 289 2333 351 ET
2370 285 2787 366 CHARITATE,
2825 299 2883 356 S.
2924 297 3293 357 AUGUSTINI

3672 301 3758 371 ιιι

2242 413 2376 468 sima
2407 413 2679 486 sapientiae
2715 413 2834 474 luce
2865 409 3146 487 videbitur,
3170 413 3319 491 quod
3353 429 3488 477 nunc
3517 422 3694 494 piorum
3711 428 3758 487 tl.

2239 505 2334 564 des
2366 507 2554 577 habet,
2589 519 2871 581 antequam
2909 511 3184 568 manifesta
3230 515 3526 580 cognitione
3557 517 3757 596 videatur,

2239 617 2398 674 quam
2436 613 2607 670 certa,
2660 603 3023 672 immutabilis,
3056 606 3425 663 efficacissima
3467 609 3530 663 sit
3565 614 3756 674 voluntas
3790 661 3796 676 .

2240 687 2335 750 Dei
2363 711 2559 768 ;quam
2587 696 2749 751 multa
2777 697 2944 767 possit
2971 709 3024 753 et
3048 713 3152 754 non
3171 697 3322 764 velit,
3348 699 3475 754 nihil
3494 710 3651 759 autem
3668 708 3759 764 velit
3791 689 3794 692 l

2239 785 2377 858 quod
2410 803 2514 841 non
2548 787 2714 859 possit
2749 807 2762 843 :
2795 805 3059 860 quamque
3086 791 3154 845 sit
3189 807 3376 846 verum
3408 794 3540 864 quod
3577 797 3620 850 in
3651 798 3763 857 Psal.

2239 893 2327 932 mo
2357 879 2584 945 canitur,
2625 879 2762 934 Deus
2806 890 2973 935 autem
3003 893 3170 937 noster
3216 884 3272 938 in
3303 885 3428 938 melo
3456 892 3666 942 sursum‘
3692 909 3703 957 ;
3726 895 3761 948 in
3844 943 3845 956 χ

2239 971 2360 1026 caelo
2398 984 2450 1026 ct
2477 973 2528 1028 in
2568 983 2699 1028 terra
2729 977 2898 1029 omnia
2931 992 3259 1049 quwcuntque
3283 979 3458 1046 voluit,
3501 983 3605 1054 fecit
3629 983 3762 1058 (Psal.

2238 1078 2389 1130 cxut,
2423 1066 2483 1120 ll
2507 1065 2545 1135 ).
2575 1065 2727 1134 Quod
2752 1068 2936 1139 utique
2963 1085 3068 1123 non
3099 1079 3180 1126 est
3216 1086 3432 1138 verum,
3465 1073 3506 1127 si
3527 1074 3674 1146 aliqua
3696 1095 3764 1134 vo-

2238 1151 2361 1221 luit,
2393 1164 2446 1211 et
2475 1173 2578 1211 non
2609 1155 2734 1213 fecit
2763 1175 2778 1225 ;
2808 1169 2881 1226 et,
2923 1159 3065 1231 quod
3091 1169 3173 1218 est
3212 1161 3508 1234 indignius,
3549 1165 3653 1222 ideo
3685 1186 3762 1228 non

2237 1241 2392 1315 fecit,
2436 1247 2684 1330 quoniam
2724 1265 2790 1305 ne
2822 1247 2973 1307 ﬁeret
3013 1252 3153 1324 quod
3198 1253 3412 1310 volebat
3453 1259 3762 1330 omnipotens,
3843 1259 3845 1308 ἰ

2238 1337 2482 1395 voluntas
2511 1329 2741 1398 hominis
2768 1343 3063 1414 impedivit.
3108 1345 3224 1401 Non
3255 1362 3383 1419 ergo
3421 1348 3477 1403 lit
3501 1349 3671 1421 aliquid
3698 1354 3766 1410 nisi
3843 1333 3845 1390 ¹

2236 1433 2574 1504 omnipotens
2602 1432 2716 1490 ﬁeri
2746 1435 2898 1502 velit,
2941 1435 3025 1492 vel
3064 1438 3294 1494 sinendo
3335 1445 3391 1495 ut
3426 1439 3513 1496 fiat
3537 1483 3550 1508 ,
3576 1444 3646 1499 vel
3685 1445 3765 1516 ipso
3843 1441 3845 1446 “

2235 1517 2499 1583 faciendo.

2305 1619 2531 1676 CAPUT
2558 1617 2967 1678 XCVl.—Deus
2987 1624 3111 1697 facit
3139 1623 3294 1691 bene,
3322 1624 3470 1680 etiam
3489 1627 3674 1684 sinendo
3689 1631 3766 1700 ﬁeri

2233 1712 2385 1772 male.
2411 1715 2520 1774 Nec
2539 1715 2885 1774 dubitandum
2910 1728 2994 1775 est
3012 1720 3175 1776 Deum
3198 1717 3376 1775 facere
3401 1719 3548 1784 bene,
3573 1724 3766 1780 etiamsi-

2233 1807 2409 1864 neudo
2436 1807 2550 1864 fieri
2571 1825 2915 1882 quaecumque
2933 1809 3066 1866 fiunt
3087 1810 3252 1867 male.
3275 1810 3391 1867 Non
3423 1813 3556 1869 enim
3582 1814 3667 1872 hoc
3699 1818 3766 1873 nisi

2228 1897 2374 1972 justo
2406 1899 2607 1972 judicio
2644 1901 2808 1970 sinit;
2839 1912 2892 1959 et
2913 1901 3154 1974 profecto
3182 1903 3382 1962 bonum
3403 1915 3484 1962 est
3513 1921 3652 1964 omne
3667 1910 3766 1980 quod

2227 1989 2426 2064 justum
2449 2002 2549 2050 est.
2563 1995 2814 2065 Quamvis
2829 2010 2957 2068 ergo
2980 2011 3042 2054 ea
3060 2013 3177 2069 quae
3191 1996 3332 2053 mala
3348 2008 3489 2066 sunt,
3508 2000 3554 2054 in
3567 2011 3766 2072 quantum

2233 2085 2371 2142 mala
2397 2097 2550 2156 sunt,
2582 2103 2690 2144 non
2719 2088 2828 2144 sint
2853 2089 2992 2146 bona
3017 2107 3031 2155 ;
3058 2098 3238 2146 tamen
3261 2099 3320 2146 ut
3339 2106 3443 2148 non
3473 2093 3626 2148 solum
3648 2093 3762 2161 bona,

2232 2178 2328 2236 sed
2353 2183 2513 2237 etiam
2557 2181 2663 2238 sint
2699 2193 2753 2238 et
2791 2183 2928 2238 maia
2951 2225 2968 2252 ,
3009 2183 3211 2240 bonum
3243 2193 3349 2242 est.
3379 2181 3511 2242 Nam
3547 2187 3637 2242 nisi
3667 2196 3766 2243 esset

2232 2271 2336 2328 hoc
2361 2272 2561 2330 bonum
2579 2316 2594 2344 ,
2639 2282 2697 2330 ut
2723 2282 2905 2332 essent
2933 2284 2988 2332 et
3015 2276 3158 2332 mala
3182 2319 3199 2346 ,
3241 2278 3390 2334 nullo
3419 2278 3569 2334 modo
3598 2293 3694 2335 esse
3717 2281 3764 2334 si-

2231 2378 2492 2423 nerentur
2541 2368 2609 2426 ab
2645 2370 3012 2441 omnipotente
3058 2370 3202 2427 bono
3243 2389 3257 2426 :
3298 2372 3386 2428 cui
3433 2372 3602 2443 procul
3649 2371 3765 2430 dubio

2232 2474 2391 2534 quam
2421 2460 2578 2517 facile
2605 2469 2689 2518 est
2723 2462 2865 2536 quod
2895 2463 3007 2519 vult
3036 2461 3237 2531 facere,
3267 2473 3377 2522 tam
3405 2463 3550 2522 facile
3575 2467 3764 2537 estquod

2236 2566 2341 2608 non
2375 2552 2490 2608 vult
2531 2568 2652 2610 esse
2683 2569 2789 2610 non
2817 2554 3012 2612 sinere.
3062 2555 3176 2610 Hoc
3203 2556 3305 2612 nisi
3349 2557 3637 2623 credamus,
3665 2557 3764 2628 peri-

2234 2644 2448 2702 clitatur
2467 2647 2639 2717 ipsum
2669 2663 2767 2704 nos
2781 2655 2879 2704 tra:
2904 2645 3270 2705 Confessionis
3299 2653 3320 2682 ²
3348 2649 3568 2717 initium,
3595 2665 3677 2721 qua
3696 2664 3761 2704 nos

2235 2735 2288 2791 in
2331 2735 2497 2793 Deum
2527 2737 2738 2796 Patrem
2769 2739 3193 2811 omnipotentem
3237 2740 3458 2798 credere
3491 2739 3758 2797 confitemur.

2233 2827 2417 2902 Neque
2442 2827 2584 2904 enim
2626 2831 2694 2887 ob
2722 2829 2863 2886 aliud
2897 2831 3162 2888 veraciter
3201 2840 3423 2889 vocatur
3454 2833 3756 2904 omnipotens,

2236 2923 2336 2980 nisi
2364 2923 2612 2995 quoniam
2637 2921 2892 2998 quidquid
2917 2924 3029 2980 vult
3055 2932 3261 2996 potest,
3291 2940 3392 2984 nec
3413 2926 3658 2981 voluntate
3689 2937 3756 2978 cu-

2231 3015 2462 3088 iuspiam
2508 3027 2768 3075 creaturae
2808 3015 3098 3075 voluntatis
3135 3018 3515 3091 omnipotentis
3541 3016 3759 3092 impeditur

2235 3107 2478 3168 effectus.
3083 3161 3086 3164 .

2305 3198 2538 3260 CAPUT
2575 3199 2782 3260 XCVII.
2805 3233 2878 3244 ——
2906 3199 3154 3262 Voluntas
3179 3203 3279 3262 Dei
3303 3206 3495 3264 saluere
3519 3204 3694 3261 uolentis
3713 3218 3758 3256 an

2234 3295 2542 3369 impediatur
2581 3293 2804 3352 humana
2841 3296 3117 3354 voluntate.
3159 3299 3512 3368 Quamobrem
3537 3296 3760 3353 videndum

2235 3397 2320 3446 est
2344 3387 2798 3462 quemadmodum
2829 3385 2900 3444 sit
2940 3389 3007 3446 de
3055 3390 3167 3447 Deo
3207 3391 3441 3459 dictum,
3479 3391 3588 3462 quia
3627 3385 3760 3444 ethoc

2235 3483 2513 3540 verissime
2558 3481 2850 3556 Apostolus
2887 3479 3059 3550 dixit,
3106 3483 3212 3553 Qui
3253 3501 3424 3541 omnes
3457 3482 3656 3539 nontines
3686 3478 3761 3534 vult

2235 3573 2399 3632 salvos
2419 3577 2531 3648 ﬁeri
2556 3577 2575 3649 (
2596 3577 2613 3632 l
2637 3573 2768 3632 Tim.
2797 3593 2863 3644 ιι,
2896 3577 2931 3634 4
2950 3575 2990 3650 ).
3016 3575 3151 3634 Cum
3175 3580 3322 3635 enim
3352 3595 3456 3636 non
3483 3590 3671 3641 omnes.
3690 3571 3756 3628 sed

2235 3669 2404 3726 multo
2432 3671 2613 3742 plures
2640 3685 2745 3726 non
2775 3668 2908 3726 ilunt
2936 3671 3103 3738 salvi,
3131 3673 3346 3730 videtur
3363 3674 3541 3745 utique
3560 3685 3649 3726 non
3671 3665 3752 3722 fieri

2236 3762 2378 3836 quod
2424 3763 2560 3820 Deus
2590 3765 2701 3820 vult
2728 3764 2843 3822 fieri
2863 3806 2878 3834 ,
2911 3763 3141 3822 humana
3174 3768 3383 3824 scilicet
3412 3766 3654 3821 voluntate
3685 3761 3758 3815 im-

2236 3856 2486 3929 pediente
2533 3857 2863 3914 voluntatem
2914 3859 3031 3916 Dei.
3091 3859 3318 3928 Quando
3379 3859 3513 3916 enim
3566 3855 3758 3928 quaeritur

2235 3964 2395 4005 causa
2445 3966 2542 4005 cur
2584 3966 2692 4006 non
2725 3966 2914 4008 omnes
2957 3953 3093 4008 salvi
3124 3955 3290 4024 fiant,
3332 3950 3624 4024 responderi
3658 3946 3756 4001 solet

2237 4041 2358 4114 quia
2397 4039 2499 4098 hoc
2534 4041 2634 4114 ipsi
2667 4044 2870 4099 nolunt.
2916 4044 3070 4113 Quod
3115 4046 3332 4118 quidem
3362 4045 3463 4101 dici
3486 4043 3547 4100 de
3581 4036 3757 4112 pariulis

2236 4150 2344 4192 non
2371 4143 2564 4208 potest,
2589 4151 2814 4207 quorum
2842 4136 3075 4193 nondum
3097 4147 3182 4196 est
3209 4139 3370 4208 velle,
3393 4155 3482 4196 seu
3503 4134 3642 4191 nolle.
3661 4129 3755 4186 Nam

2238 4229 2379 4298 quod
2418 4227 2645 4284 infantili
2673 4229 2693 4261 ³
2719 4239 2868 4286 motu
2903 4230 3130 4299 faciunt,
3162 4233 3206 4288 si
3235 4247 3421 4289 eorum
3454 4224 3675 4285 voluntati
3691 4222 3754 4286 ju—

2237 4322 2503 4379 dicaretur
2527 4339 2647 4380 essc
2679 4323 3050 4395 tribuendum,
3084 4327 3299 4398 quando
3329 4325 3648 4396 baptizantur,
3670 4325 3754 4369 run
3849 4322 3853 4402 ς

2239 4414 2494 4470 resistunt
2519 4423 2776 4486 quantum
2800 4426 3043 4486 possunt,
3071 4417 3233 4474 etiam
3265 4418 3500 4473 nolentes
3521 4425 3603 4469 eos
3620 4406 3752 4463 salvos
3851 4431 3853 4438 ι

2240 4508 2353 4563 ilcri
2381 4505 2702 4564 diceremus.
2733 4509 2839 4566 Sed
2877 4511 3115 4582 apertius
3155 4512 3409 4568 Dominus
3446 4508 3496 4564 in
3521 4495 3753 4570 Evangelio

2239 4599 2566 4673 compellans
2596 4601 2812 4672 impiam
2840 4601 3110 4658 civitatem
3133 4645 3146 4668 ,
3182 4604 3390 4671 Quoties
3412 4641 3428 4670 ,
3456 4595 3609 4668 inquit
3627 4583 3754 4656 ,ιόιαί

2238 4724 2449 4778 cumque
2479 4709 2577 4763 illis
2607 4713 2904 4778 conveniunt
2938 4712 2989 4778 bi
3009 4707 3606 4778 subsequentcs‘undecim

2241 4765 2435 4837 scripti,
2464 4786 2592 4825 unus
2625 4781 2678 4825 et
2713 4773 2841 4826 alter
2881 4765 3446 4837 Vaticanus,'00lberti_ni
3478 4777 3588 4837 tres,
3610 4765 3754 4837 £993?

2239 4815 2595 4904 salarium
2615 4815 3752 4904 ξεῖιιιῖἕῦἱιοίῶᾓῑῖἑᾶιοξῖ’ἕᾶἐςὶιίὖιιξἥςίξίςξιείξ

2239 4891 2383 4966 unus;
2409 4900 2527 4966 item
2539 4900 2846 4959 Sorbonicus,
2867 4901 3159 4966 Victorinus,
3176 4891 3549 4966 CarcassoneQSi§
3568 4891 3752 4966 ei",me

2239 4945 2651 5012 massis—uitis":
2667 4945 3510 5024 Etiamnuminsinueris.
3532 4955 3593 5024 in.
3605 4945 3750 5024 diog

2241 5004 3130 5086 essemus—cantriin‘srﬁlm;
3141 5004 3659 5128 éi'iatiéihisniugmm
3679 5004 3751 5051 ίιιε·

2241 5094 2316 5128 rat
2338 5085 2495 5128 littera
2514 5085 2791 5128 nonnltima-
2810 5093 2863 5128 ut
2879 5085 3133 5128 legeretur
3156 5085 3306 5128 mlier.
3333 5087 3448 5128 Lava
3497 5083 3625 5127 80585
3637 5068 3750 5116 “190'

2240 5068 2497 5150 ᾖῐὶὦὲῖεἶ
2513 5068 3133 5150 geminant—ianua;-
3145 5068 3750 5150 BZIteII'ibvsnieiseszygt:

2228 5130 2539 5213 ignitis};
2551 5130 3285 5213 magnanimaesanies;
3297 5130 3581 5213 έᾲνίιίεεφηι,
3591 5130 3646 5213 id
3659 5135 3750 5213 Ρὲῗξζ

2241 5187 2423 5274 ξςῖῧὲὶιῖ.
2432 5187 3049 5274 Ῐῗιτᾶῗέἶῦξιιέίδῗὲῐῖι
3056 5187 3564 5274 ἑίξὲὶὶῖιῖιῖιιἯιὲιίιίέω
3569 5203 3634 5274 εδει
3646 5187 3749 5274 313:;

2241 5223 2423 5274 ginem.
2472 5228 2495 5257 α
2514 5223 2652 5261 Forte
2673 5243 2688 5270 ,
2706 5223 2858 5261 uouet.
2876 5225 2900 5254 ν
2928 5223 3002 5260 διο
3037 5223 3049 5258 l
3122 5223 3301 5260 enuum
3330 5223 3626 5256 ἰοειιιιυυωιω
3657 5223 3727 5254 -υὴ

2241 5279 2340 5322 mat
2359 5271 2638 5322 Guillelmns
2660 5273 2814 5322 Estius
2836 5273 2886 5320 in
2921 5223 3140 5334 senuef,
3164 5274 3274 5322 dist.
3307 5268 3384 5327 46,
3410 5276 3558 5372 μέθ’ῗῖ
3578 5255 3625 5314 9;
3645 5257 3748 5312 305'?

2241 5336 2400 5372 rpinm
2421 5333 2542 5372 limit,
2567 5341 2735 5372 patrne
2755 5335 3046 5372 [nmini-ring
3070 5335 3120 5372 in
3144 5341 3273 5372 αριιι-
3305 5333 3346 5372 Ι-
3369 5330 3474 5372 did.
3553 5359 3565 5372 .
3583 5329 3668 5372 αἶρ’
3689 5315 3747 5357 ms

2240 5315 3052 5398 isagiégi'iraagiaaia‘raas"
3070 5315 3274 5385 ih's'e'ﬁi.
3305 5315 3356 5392 ιζ
3369 5315 3474 5379 aut.
3497 5315 3565 5380 l3,
3583 5329 3668 5377 οειρο
3689 5315 3747 5357 ιιιδ

2308 5444 2436 5509 ί*
2455 5463 2567 5509 Lov.
2596 5463 2648 5508 et
2671 5467 2780 5509 Arn.
2798 5459 3043 5519 omittunt,
3067 5459 3118 5510 in
3135 5456 3253 5510 caelo
3275 5464 3471 5507 summi-
3491 5444 3650 5496 ειυθοί
3663 5447 3686 5483 ⁸

2241 5519 2320 5573 alii
2345 5527 2397 5572 et
2418 5528 2524 5572 Mss.
2550 5521 2630 5572 hic
2651 5529 2702 5572 et
2718 5521 2767 5571 in
2785 5527 2943 5570 Enarr.
2963 5523 3014 5570 in
3037 5522 3155 5572 Psal.
3180 5521 3281 5571 H3.
3510 5568 3526 5573 Α
3549 5569 3558 5573 ,
3588 5563 3597 5572 .

3667 5561 3744 5666 is

2347 5625 2475 5656 ."“"“
2492 5625 2506 5644 ’
2521 5649 2529 5658 .
2551 5625 2666 5635 """"
2684 5625 2724 5656 Ὗ
2769 5625 2889 5657 ¹Τ⁹⁷
2944 5625 3273 5657 “".""""""""
3301 5625 3360 5630 ---
3375 5625 3436 5628 -ίε
3462 5625 3474 5633 ν
3494 5625 3505 5638 σ
3531 5631 3540 5641 .
3599 5625 3608 5635 .
3671 5625 3746 5666 low

2240 5651 2582 5759 isitpiassim
2607 5654 2760 5710 posita
2781 5661 2887 5697 sme
2923 5646 3084 5696 addito
3110 5656 3185 5697 est
3216 5659 3325 5704 vox,
3349 5638 3650 5702 Confestim“,

2458 5748 2468 5758 ι
3634 5740 3743 5759 ·-Ι.ριμ

2303 5724 2468 5758 moon.
3634 5745 3642 5754 ·

2271 5725 2468 5774 ymnon.
3634 5745 3642 5754 .

2298 5773 2330 5883 (if
2361 5774 2430 5821 sic
2451 5780 2548 5821 Am.
2576 5779 2647 5821 Er.
2679 5779 2792 5822 Dan.
2816 5778 2866 5824 ct
2889 5770 3071 5836 aliquot
3092 5781 3197 5823 Mss.
3223 5778 3276 5822 At
3297 5775 3402 5820 Lov.
3428 5768 3473 5813 ct
3495 5767 3607 5812 Ατιιι,
3627 5740 3743 5807 αἶαν’

2271 5851 2292 5883 ἶ(
2317 5849 2347 5883 Ι.

2246 5841 2347 5886 tuli.
