3882 6286
75 217 161 271 377
1422 194 1634 261 LIBER

75 324 274 391 conicere
292 320 419 391 ﬁlios
457 326 566 374 tuos
592 315 725 371 sicut
764 313 960 388 gallina
980 312 1152 386 pullos
1172 328 1309 379 suos,
1356 318 1403 368 et
1434 313 1603 368 nolui-

75 422 125 475 αἱ
154 387 358 487 (dludit.
398 411 553 478 nni,
581 407 688 481 51)
717 410 731 463 l
766 387 1017 479 tanquam
1044 407 1140 461 Dei
1167 406 1418 461 voluntas
1449 420 1611 475 supeo

75 521 165 569 rata
186 511 247 565 sit
278 506 547 562 hominum
566 504 835 558 voluntate
857 544 872 569 ,
900 510 956 557 et
974 501 1356 557 inﬁrmissimis
1382 499 1615 556 nolendo

72 601 441 673 impedientibus
460 611 565 652 non
586 595 818 666 potuerit
844 594 1025 651 facere
1049 592 1451 665 potentissimus
1474 589 1618 664 quod

74 697 271 753 volebat.
306 692 374 747 Et
392 691 485 747 ubi
524 700 605 746 est
628 689 717 745 illa
747 688 1135 763 omnipotentis
1156 729 1173 755 ,
1202 701 1305 758 qua
1341 687 1396 741 in
1424 686 1549 741 coelo
1573 692 1621 741 et

70 794 111 844 in
129 802 241 843 terra
272 784 440 840 omnia
462 796 785 852 quacumque
804 780 987 847 voluit,
1016 780 1159 852 fecit;
1189 780 1236 834 si
1277 779 1531 849 colligere
1558 776 1621 832 li-

71 885 151 937 lios
185 877 465 935 lenmlem
506 875 706 939 voluit,
754 880 811 929 et
848 887 957 928 non
989 871 1272 928 fecitiAn
1310 871 1488 942 potius
1534 870 1620 925 illa

72 972 246 1043 quidem
272 968 407 1024 ﬁlios
432 980 562 1023 suos
590 967 659 1021 ab
682 967 802 1037 ipso
825 965 1004 1037 colligi
1028 964 1199 1019 noluit
1222 1004 1237 1031 ,
1268 963 1363 1019 sed
1393 979 1455 1018 ea
1483 974 1621 1033 quoa

71 1079 150 1135 quc
170 1062 367 1117 nolente
395 1058 533 1114 illius
562 1061 681 1129 ejus
708 1057 924 1128 collegit
948 1058 1063 1127 ipse
1091 1068 1226 1127 quos
1257 1055 1469 1111 voluit?
1496 1055 1623 1125 quia

71 1159 109 1209 in
127 1155 231 1209 cato
256 1163 299 1205 et
322 1152 373 1205 in
395 1160 533 1204 terra
553 1192 567 1215 ,
598 1165 703 1205 non
736 1148 981 1221 quaedam
1007 1148 1250 1204 voluitet
1277 1147 1430 1214 fecit,
1472 1160 1622 1218 qua:-

71 1246 168 1299 dam
191 1258 304 1299 vero
326 1242 494 1297 voluit
524 1250 580 1296 et
614 1255 720 1296 non
756 1239 882 1296 fecit
912 1254 926 1307 ;
965 1238 1060 1295 sed
1095 1239 1266 1293 omnia
1300 1250 1624 1310 quaecumque

72 1337 216 1399 coluit,
238 1336 362 1405 fecit.

134 1426 318 1485 CAPUT
346 1424 581 1481 XCVI“.
604 1454 676 1468 ~——
712 1425 804 1483 25.
846 1425 983 1481 Deus
1010 1427 1099 1482 etsi
1144 1432 1304 1496 potest
1344 1428 1627 1480 convertere

78 1539 180 1592 quos
192 1519 389 1583 miserit,
418 1535 530 1573 non
548 1527 719 1573 tamen
740 1520 913 1590 inique
930 1520 1077 1591 facit,
1117 1532 1231 1574 cum
1258 1518 1391 1574 alios
1418 1532 1627 1573 conver-

74 1616 135 1678 tit,
171 1614 279 1668 alios
310 1628 410 1667 non
435 1613 704 1667 convertit.
741 1611 1007 1685 Originale
1041 1612 1299 1667 vinculum
1335 1613 1623 1667 damnatio-

78 1710 151 1763 nis.
186 1708 302 1777 Quis
324 1720 489 1778 porro
518 1717 633 1763 tam
681 1708 842 1779 impie
889 1707 1144 1778 decipiat,
1194 1713 1253 1763 ut
1279 1707 1421 1763 dicat
1460 1708 1626 1761 Deum

75 1804 209 1857 aulas
229 1801 497 1857 hominum
529 1802 836 1858 voluntates
862 1815 996 1873 quas
1022 1802 1271 1869 voluerit,
1296 1798 1508 1871 quando
1534 1814 1628 1855 vo-

78 1894 233 1959 luerit,
253 1892 336 1947 ubi
365 1893 623 1959 voluerit,
656 1894 707 1948 in
730 1895 927 1950 bonum
960 1906 1066 1949 non
1088 1906 1249 1965 posse
1273 1894 1628 1950 convertere?

74 1985 158 2040 Sed
179 2002 285 2040 cum
312 1984 455 2051 facit,
490 2000 592 2056 per
630 1987 1049 2043 misericordiam
1088 1986 1213 2043 faeit
1246 2005 1257 2041 :
1291 2000 1413 2042 cum
1444 1994 1625 2043 autem

76 2096 157 2134 non
176 2080 309 2148 facit,
335 2095 432 2151 per
448 2080 714 2151 judicium
745 2096 851 2137 non
881 2081 1025 2137 facit.
1056 2082 1321 2151 Quoniam
1349 2082 1498 2157 cujus
1523 2082 1630 2139 vult

77 2173 318 2240 naturam,
368 2182 415 2227 ct
462 2186 621 2245 quem
662 2174 766 2228 vult
813 2173 1046 2228 obdurat.
1089 2174 1241 2244 Quod
1284 2182 1342 2231 ut
1383 2172 1586 2233 diceret
1610 2177 1628 2211 ι

78 2264 348 2336 Apostolus,
391 2268 625 2337 gratiam
673 2264 1083 2325 commendabat
1129 2268 1239 2326 :ad
1279 2271 1433 2341 cujus
1478 2286 1630 2327 com—

80 2359 425 2416 mendationem
454 2361 531 2416 de
557 2360 663 2417 illis
691 2360 745 2416 in
776 2361 1037 2419 Rebeccae
1062 2373 1217 2421 utero
1245 2364 1475 2435 geminis
1512 2364 1630 2421 fue-

79 2451 250 2521 ratjam
289 2451 526 2519 locutus,
561 2453 756 2524 quibus
796 2454 1032 2510 nondum
1079 2457 1256 2523 uatis,
1292 2468 1392 2514 nec
1434 2456 1633 2529 aliquid

80 2549 308 2617 agentibus
334 2550 459 2605 boni
496 2560 600 2605 seu
632 2550 789 2617 mali,
820 2563 876 2607 ut
900 2553 1176 2609 secundum
1202 2555 1490 2611 electionem
1514 2573 1635 2628 pro.

82 2642 255 2709 petitum
276 2642 366 2697 Dei
395 2652 667 2711 maneret,
691 2662 793 2701 non
823 2663 885 2700 ea:
924 2646 1157 2717 operibus
1176 2692 1190 2715 ,
1214 2650 1304 2704 sed
1332 2668 1394 2705 ea:
1431 2657 1636 2706 vocante

83 2736 229 2789 dictum
252 2745 318 2791 est
336 2738 401 2803 ei,
432 2738 577 2804 Quia
600 2740 766 2811 major
799 2739 975 2794 serviet
1000 2736 1203 2796 minori.
1238 2740 1468 2813 Propter
1493 2743 1635 2813 quod

85 2828 277 2885 adhibuit
302 2832 541 2889 alterum
572 2832 945 2906 prophetiCum
972 2834 1357 2902 testimonium,
1389 2836 1477 2891 ubi
1502 2836 1638 2893 scri-

86 2932 198 2990 ptum
220 2933 327 2989 est,
356 2924 528 2980 Iacob
559 2924 735 2993 dilexi,
779 2922 920 2982 Esau
954 2930 1121 2981 autem
1147 2924 1263 2981 adio
1292 2928 1466 2982 habui.
1496 2922 1635 2984 Sen-

86 3013 190 3069 tiens
210 3024 375 3072 autem
416 3017 878 3089 quemadmodum
910 3026 1092 3088 posset
1117 3016 1219 3074 hoc
1253 3020 1395 3091 quod
1436 3020 1635 3075 dictum

87 3116 146 3162 est
187 3123 486 3179 permovere
540 3124 633 3166 eos
679 3112 768 3182 qui
810 3119 1092 3182 penetrare
1138 3111 1484 3186 intelligendo
1528 3128 1637 3170 non

89 3210 266 3271 possunt
292 3205 426 3260 hanc
450 3201 794 3260 altitudinem
826 3204 1034 3276 gratiae,
1067 3202 1204 3273 Quid
1228 3222 1346 3278 ergo
1369 3206 1592 3261 dicemus
1612 3207 1639 3261 1'

88 3296 178 3361 ait;
209 3297 440 3369 numquid
477 3297 727 3368 iniquitas
758 3299 896 3368 apud
926 3297 1090 3353 Deum
1130 3296 1157 3353 ἵ
1185 3296 1345 3353 Absit.
1394 3299 1636 3371 Iniquum

88 3390 198 3446 enim
214 3390 411 3447 videtur
437 3433 453 3457 ,
484 3400 553 3447 ut
575 3391 691 3447 sine
716 3391 840 3447 ullis
865 3392 1126 3447 bonorum
1153 3392 1481 3448 malorumve
1510 3408 1637 3462 ope-

90 3494 179 3535 rum
199 3483 402 3549 meritis,
433 3497 606 3538 unum
637 3481 776 3539 Deus
803 3482 1006 3554 diligat,
1040 3481 1214 3539 oderit
1240 3480 1491 3539 alterum.
1522 3484 1638 3554 Qua

92 3571 131 3626 in
159 3588 206 3629 re
228 3575 267 3629 si
297 3574 473 3630 futura
518 3588 681 3645 opera
704 3576 790 3631 vel
816 3572 955 3630 bona
985 3575 1139 3647 hujus
1159 3574 1243 3631 vel
1290 3577 1427 3632 mala
1457 3575 1600 3632 illius
1620 3620 1635 3646 ,

93 3679 184 3733 qua
204 3666 327 3722 Deus
355 3667 545 3739 utique
574 3666 887 3738 praesciebat
908 3709 921 3732 ,
956 3665 1115 3725 vellet
1152 3667 1412 3741 intelligi,
1440 3684 1641 3741 nequa-

94 3770 216 3826 quam
237 3759 467 3826 diceret,
500 3776 603 3814 non
632 3776 696 3814 ea:
714 3758 952 3829 operibus
984 3774 1003 3814 :
1028 3758 1121 3816 sed
1143 3758 1374 3828 diceret,
1400 3776 1464 3817 ex
1493 3759 1640 3817 futu-

94 3850 151 3904 ris
181 3853 407 3922 operibus
445 3866 461 3920 ;
516 3867 687 3924 eoque
734 3851 895 3908 modo
928 3853 1082 3909 istam
1118 3854 1349 3911 solveret
1384 3856 1638 3927 quaestio-

94 3956 189 3998 nem
215 3961 228 4010 ;
264 3946 364 4001 imo
387 3946 595 4002 nullam
622 3988 636 4013 ,
688 3959 847 4016 quam
878 3945 1013 4001 solvi
1048 3961 1179 4016 opus
1208 3956 1380 4015 esset,
1440 3947 1642 4005 faceret

95 4036 415 4104 quastioncm.
452 4037 611 4093 Nunc
642 4050 768 4093 vero
796 4052 915 4092 cum
944 4037 1346 4108 respondisset,
1375 4038 1546 4108 Absit,
1586 4040 1640 4096 id

96 4134 189 4195 est,
229 4128 355 4185 absit
382 4140 441 4186 ut
482 4130 555 4186 sit
584 4129 832 4201 iniquitas
862 4128 1003 4200 apud
1031 4128 1195 4185 Deum
1224 4144 1238 4198 ;
1272 4146 1396 4187 mox
1422 4140 1481 4186 ut
1507 4147 1637 4203 pro-

95 4218 214 4275 baret
250 4223 379 4278 nulla
419 4223 525 4279 hoc
562 4223 839 4294 iniquitate
881 4223 974 4278 Dei
1022 4221 1173 4292 fieri,
1224 4216 1436 4294 inquit:
1467 4220 1641 4295 Moysi

99 4314 203 4368 enim
223 4316 331 4370 dicit
354 4360 368 4383 ,
407 4317 682 4373 miserebor
717 4316 865 4390 cujus
893 4317 1125 4372 misertus
1146 4330 1253 4385 era,
1282 4322 1332 4371 et
1351 4316 1639 4371 misericor-

100 4404 207 4460 diam
226 4410 459 4479 praestabo
484 4408 568 4465 cui
586 4411 871 4465 misericors
900 4411 1064 4482 fuero.
1091 4409 1221 4477 Quis
1262 4410 1403 4465 enim
1435 4406 1536 4465 nisi
1562 4410 1636 4464 in-

102 4496 263 4566 sipiens
291 4492 454 4558 Deum
488 4502 726 4574 iniquum
756 4506 943 4573 putet,
990 4502 1105 4558 sive
1134 4496 1394 4572 judicium
1431 4502 1642 4571 poenale

105 4590 271 4661 ingerat
294 4593 452 4667 digno
475 4637 491 4664 ,
518 4592 633 4652 sive
670 4593 1091 4652 misericordiam
1123 4598 1338 4665 praestet
1378 4592 1595 4666 indigno
1619 4591 1647 4649 ἲ

107 4679 301 4758 Denique
336 4688 494 4745 infert
516 4730 532 4757 ,
574 4692 628 4745 et
653 4684 817 4756 dicit,
848 4684 1016 4760 Igitur
1049 4698 1151 4741 non
1192 4686 1401 4742 volentis
1425 4729 1438 4752 ,
1486 4703 1645 4758 neque

112 4778 335 4847 muttis,
360 4778 449 4834 sed
473 4779 750 4835 sumentis
778 4782 852 4835 est
877 4775 992 4835 Dei.
1026 4778 1199 4834 Ambo
1238 4777 1416 4849 itaque
1445 4776 1641 4849 gemini

113 4870 257 4923 natura
269 4868 352 4926 lilii
372 4872 465 4928 irae
482 4867 1070 4944 nascebantur(Ephes.
1084 4882 1143 4937 ιι,
1161 4866 1240 4943 3),
1260 4868 1419 4925 millis
1430 4871 1643 4941 quidem

111 4960 315 5027 operibus
338 4967 559 5037 propriis
579 5010 594 5035 ,
624 4964 721 5023 sed
762 4966 1089 5038 originaliter
1120 4981 1187 5020 ex
1222 4964 1392 5020 Adam
1428 4965 1641 5022 vinculo

114 5049 420 5115 damnatiOnis
446 5058 704 5117 obstricti.
738 5058 845 5117 Sed
876 5061 965 5131 qui
988 5054 1161 5128 dixit,
1193 5054 1471 5115 illiserebor
1499 5060 1645 5132 cujus

116 5144 474 5221 misatusero',
504 5150 671 5211 Jacob
718 5151 900 5209 dilexit
929 5164 1027 5224 per
1060 5149 1479 5208 misericordiam
1519 5168 1644 5224 gra-

118 5236 266 5293 tuitam
287 5284 300 5306 ,
345 5238 476 5301 ESau
518 5255 699 5302 autem
723 5240 847 5300 odio
872 5242 1057 5299 habuit
1086 5254 1181 5314 per
1202 5242 1461 5314 judicium
1491 5242 1643 5300 debi-

119 5335 221 5383 tum.
263 5332 403 5401 Quod
441 5353 558 5394 cum
599 5338 885 5395 deberetur
910 5336 1199 5401 ambobus,
1227 5336 1283 5390 in
1311 5336 1482 5392 altero
1510 5337 1645 5391 alter

167 5513 178 5543 ¹
208 5516 323 5577 mliti,
350 5524 463 5586 (ptod
492 5535 602 5575 cum
637 5523 836 5576 diceret.
864 5530 917 5573 At
949 5529 1077 5581 Mss,
1104 5523 1231 5586 quod
1256 5521 1534 5586 utdiceret.
1559 5527 1647 5570 Eo-

118 5572 345 5650 δθξυρςρδὶι
362 5572 507 5647 intra,
519 5572 576 5638 iu
588 5572 756 5650 tanta
770 5572 877 5650 ius,
900 5572 1096 5649 legitur,
1109 5572 1169 5650 fut
1186 5584 1275 5650 hoc
1294 5583 1489 5650 diceret.

165 5638 182 5666 ¹
195 5638 765 5756 ωῖὶιέῗῑύηιὲκηωένο,
790 5638 1033 5705 θάάιιηίζει
1053 5638 1435 5720 misericordiam
1450 5649 1650 5721 privata-

179 5698 251 5752 ω
438 5722 511 5756 on
534 5713 687 5756 fuero.
702 5711 833 5756 (ιιοά
848 5711 938 5756 hoc
954 5709 1056 5756 loco
1080 5724 1175 5756 non
1201 5718 1445 5756 reperitur
1470 5725 1517 5756 in
1541 5717 1644 5756 uss.

126 5692 149 5743 δ
164 5716 165 5719 η
179 5698 251 5752 ω
264 5692 945 5776 Mign};
953 5692 1181 5760 ἦὸοᾜόῐί
1200 5692 1523 5771 essitare;

3207 212 3319 274 278

1725 314 1938 382 agnovit
1976 330 2082 371 non
2129 316 2196 373 de
2239 319 2350 375 suis
2405 320 2723 380 distantibus
2781 326 2988 383 meritis
3026 328 3129 385 sibi
3193 344 3318 390 esse

1723 405 2091 479 gloriandum,
2123 412 2265 482 quod
2292 413 2345 469 in
2380 415 2567 471 eadem
2603 431 2765 473 causa
2808 418 2947 475 idem
2994 423 3312 494 supplicium

1725 512 1832 558 non
1870 504 2094 562 incurrit
2125 522 2140 573 ;
2173 508 2267 564 sed
2308 509 2376 566 de
2412 509 2609 567 divinat
2641 515 2825 584 gratiae
2854 514 3093 585 largitate
3136 535 3151 573 :
3189 522 3315 590 quia

1726 611 1826 650 non
1853 597 2063 652 volentis
2089 615 2244 671 neque
2263 605 2533 671 currentis,
2556 603 2647 660 sed
2668 605 2949 660 miserentis
2987 615 3061 660 est
3089 607 3198 663 Dei.
3220 612 3316 664 Al-

1727 684 1936 747 tissimo
1964 694 2160 765 quippe
2201 710 2266 751 ac
2305 694 2661 754 suluberrimo
2690 709 3026 757 sacramento
3067 703 3316 758 universa

1726 782 1910 852 facies,
1949 790 2129 857 atque,
2172 795 2230 844 ut
2257 789 2330 844 ita
2358 787 2607 860 dixerim,
2636 793 2814 849 vultus
2842 800 3145 851 sanctarum
3176 797 3323 852 Scri-

1726 882 2025 947 pturarum,
2059 878 2196 936 bene
2234 882 2506 940 intuentes
2535 885 2588 941 id
2607 886 2899 944 admonere
2933 888 3231 958 invenitur,
3262 899 3322 947 ut

1726 971 1818 1043 qui
1837 972 2119 1043 gloriatur,
2144 975 2197 1030 in
2224 972 2449 1033 Domino
2477 979 2721 1051 glorietur
2751 983 2767 1050 (
2792 981 2811 1035 l
2837 980 2953 1037 Cor.
2984 998 3022 1050 ι,
3052 984 3111 1039 51
3133 982 3175 1057 ).

1798 1064 2025 1125 CAPUT
2048 1066 2234 1125 XCIX.
2249 1102 2325 1112 —
2340 1070 2411 1129 Ut
2436 1089 2621 1146 magna
2642 1074 2861 1131 bonitate
2881 1078 3142 1132 miseretur
3161 1076 3323 1149 Deus,

1726 1160 1801 1214 ita
1825 1161 1968 1216 nulla
1991 1162 2256 1234 iniquitate
2282 1164 2516 1222 obdurat.
2547 1168 2841 1240 Apostatica
2868 1170 3040 1225 radix.
3068 1170 3201 1228 Cum
3223 1188 3325 1229 au-

1731 1260 1834 1309 tem
1861 1254 1953 1310 Dei
1976 1246 2395 1314 misericordiam
2421 1259 2849 1317 commendasset
2876 1260 2927 1317 in
2971 1278 3037 1317 eo
3057 1265 3199 1333 quod
3230 1265 3325 1331 ait,

1728 1343 1897 1417 Igitur
1920 1364 2020 1402 non
2064 1348 2294 1416 volentis,
2326 1367 2483 1422 neque
2501 1353 2775 1422 currentis,
2823 1355 2913 1409 sed
2942 1354 3222 1411 miserentis
3252 1367 3329 1411 est

1730 1437 1827 1495 Dei
1856 1454 1876 1504 ;
1903 1438 2097 1496 deinde
2122 1448 2180 1497 ut
2203 1443 2364 1498 etiam
2399 1443 2663 1515 judicium
2711 1446 3112 1503 commendaret
3153 1445 3325 1521 (quo-

1728 1531 1873 1587 niam
1906 1532 1957 1588 in
1987 1548 2094 1604 quo
2123 1549 2231 1590 non
2274 1535 2334 1591 ﬁt
2360 1537 2757 1607 misericordia,
2804 1556 2909 1595 non
2941 1540 3190 1611 iniquitas
3228 1539 3285 1598 fit
3313 1584 3329 1611 ,

1730 1624 2101 1696 sedjudicium
2136 1647 2150 1695 ;
2177 1644 2284 1684 non
2315 1636 2397 1687 est
2421 1632 2619 1703 quippe
2648 1633 2900 1703 iniquitas
2926 1634 3065 1704 apud
3096 1636 3323 1708 Deum),

1732 1717 1986 1773 continuo
2024 1719 2300 1790 subjunxit
2323 1763 2339 1787 ,
2369 1730 2530 1793 atque
2566 1725 2678 1777 ait:
2712 1723 2849 1778 Dicit
2888 1726 3021 1779 enim
3056 1724 3329 1799 Scriptura

1734 1808 2033 1879 Pharaoni,
2074 1811 2208 1879 Quia
2228 1811 2299 1868 ad
2327 1814 2421 1869 hoc
2449 1822 2496 1869 te
2524 1816 2771 1884 excitavi,
2814 1823 2869 1870 ut
2901 1814 3163 1872 ostendam
3193 1820 3247 1874 in
3283 1829 3331 1874 te

1733 1903 2011 1973 potentiam
2037 1902 2054 1936 ²
2090 1920 2252 1959 meant
2272 1947 2287 1973 ,
2319 1910 2369 1960 et
2404 1912 2459 1960 ut
2487 1906 2816 1962 annuntietur
2853 1925 3037 1964 nomen
3071 1927 3239 1966 meum
3276 1910 3332 1965 in

1733 1998 1966 2055 universa
1986 2008 2140 2053 terra.
2166 1997 2372 2066 Quibus
2396 1998 2554 2055 dictis
2576 1998 2644 2055 ad
2673 2009 2959 2070 utrumque
2976 2000 3327 2071 concludens,

1735 2080 1787 2147 id
1827 2098 1943 2159 est,
1986 2099 2041 2147 et
2077 2090 2145 2147 ad
2173 2090 2596 2148 misericordiam
2632 2101 2685 2149 et
2714 2094 2781 2149 ad
2818 2092 3078 2165 judicium
3108 2113 3122 2148 :
3151 2093 3292 2169 Ergo
3313 2139 3330 2164 ,

1737 2185 1928 2257 inquit,
1958 2186 2108 2252 cuius
2133 2184 2239 2239 vult
2268 2184 2553 2253 miseretur,
2582 2194 2630 2240 et
2663 2202 2808 2258 quem
2846 2188 2950 2241 vult
2977 2186 3208 2242 obdurat.
3239 2186 3336 2243 Mi-

1735 2282 1946 2334 seretur
1960 2276 2167 2334 scilicet
2204 2294 2397 2350 magna
2427 2276 2684 2343 bonitate,
2713 2276 2938 2335 obdurat
2967 2280 3110 2336 nulla
3139 2280 3333 2352 iniqui-

1738 2379 1846 2428 tate
1886 2380 1989 2440 ;ut
2029 2386 2130 2427 nec
2155 2369 2408 2430 liberatus
2432 2372 2500 2430 de
2538 2373 2648 2428 suis
2675 2373 2880 2429 meritis
2915 2372 3204 2444 glorietur,
3236 2391 3336 2432 nec

1737 2463 2020 2521 damnatus
2044 2464 2148 2522 nisi
2173 2466 2241 2523 de
2261 2467 2374 2522 suis
2400 2466 2607 2521 meritis
2630 2474 3009 2537 conqueratur.
3039 2467 3161 2523 Sola
3188 2468 3334 2523 enim

1739 2559 1908 2631 gratia
1946 2556 2257 2630 redemptos
2289 2558 2546 2615 discernit
2570 2575 2599 2614 a
2636 2560 2887 2629 perditis,
2926 2576 3059 2630 quos
3090 2563 3140 2615 in
3173 2574 3333 2617 unam

1740 2650 2055 2723 perditionis
2073 2662 2421 2709 concreverat
2441 2667 2672 2709 massam
2690 2655 2757 2710 ab
2777 2654 2979 2724 origine
2999 2652 3155 2709 ducta
3173 2670 3333 2709 causa

1740 2742 2059 2800 communis.
2098 2743 2213 2801 Hoc
2254 2752 2432 2801 autem
2464 2746 2551 2817 qui
2580 2761 2644 2799 eo
2675 2742 2835 2801 modo
2864 2746 3041 2807 audit,
3070 2754 3127 2799 ut
3154 2746 3331 2813 dicat,

1745 2834 1882 2907 Quid
1919 2838 2087 2893 adhuc
2124 2838 2484 2911 conqueritur?
2529 2857 2647 2895 nam
2678 2839 2924 2895 voluntati
2956 2842 3069 2909 ejus
3094 2840 3207 2912 quis
3240 2857 3336 2895 re-

1740 2929 1872 2984 sistit
1901 2929 1929 2985 ?
1959 2936 2212 3001 tanquam
2256 2942 2538 3003 propterea
2587 2930 2759 2988 malus
2802 2948 2909 2988 non
2938 2934 3180 2990 videatur
3213 2952 3335 2994 esse

1741 3020 2040 3095 culpandus
2061 3066 2079 3093 ,
2107 3024 2229 3096 quia
2270 3024 2409 3081 Deus
2457 3027 2605 3099 cujus
2638 3029 2743 3081 vult
2788 3026 3083 3094 miseretur,
3117 3037 3162 3083 et
3191 3046 3335 3100 quem

1741 3116 1850 3170 vult
1895 3114 2111 3171 obdurat
2142 3132 2161 3171 :
2184 3110 2326 3173 absit
2368 3125 2427 3173 ut
2465 3118 2661 3188 pudeat
2698 3132 2797 3172 nos
2841 3117 2943 3173 hoc
2973 3120 3336 3190 respondere,

1742 3208 1886 3280 quod
1930 3209 2274 3281 reSpondisse
2312 3209 2554 3266 videmus
2579 3210 2894 3281 Apostolum
2929 3229 2942 3267 :
2978 3207 3024 3266 0
3050 3216 3200 3266 homo
3222 3256 3237 3277 ,
3282 3224 3338 3269 tu

1742 3302 1857 3376 quis
1883 3320 1937 3359 es
1956 3346 1971 3371 ,
2003 3302 2090 3375 qui
2116 3304 2424 3376 respondeas
2466 3303 2574 3360 Deo
2604 3304 2631 3359 ?
2671 3300 2942 3375 Numquid
2969 3304 3092 3359 dicit
3118 3305 3333 3377 ﬁgmen-

1745 3398 1852 3492 tum
1880 3397 1924 3450 ei
1949 3394 2040 3468 qui
2065 3412 2118 3451 se
2147 3396 2296 3466 ﬁnxit
2319 3439 2333 3464 ,
2364 3395 2537 3463 Quare
2580 3412 2659 3451 me
2682 3394 2843 3492 [fcisti
2867 3397 2939 3452 sic
2968 3397 2993 3451 ?
3022 3396 3203 3453 Annon
3244 3401 3337 3453 na-

1744 3478 1823 3544 bet
1843 3497 2133 3561 potestatem
2156 3486 2344 3560 ﬁgulus
2365 3482 2461 3543 luti
2498 3503 2562 3544 ex
2580 3478 2756 3562 eqdem
2776 3506 2943 3543 massa
2969 3493 3155 3561 facere,
3195 3486 3339 3543 aliud

1744 3580 1947 3652 quidem
1998 3598 2085 3636 vas
2132 3580 2185 3635 in
2229 3581 2505 3648 honorem,
2550 3547 2696 3653 alfiid
2732 3596 2846 3637 vero
2884 3581 2939 3636 in
2981 3582 3336 3636 contumeliam

1746 3668 1939 3744 (Rom.
1968 3688 2043 3740 ix,
2077 3671 2242 3728 ll-2l
2271 3672 2289 3741 )
2318 3670 2345 3727 τ
2372 3671 2485 3727 Hoc
2513 3673 2630 3729 loco
2657 3673 2798 3729 enim
2825 3673 3039 3744 quidam
3061 3674 3205 3729 stulti
3236 3690 3306 3743 pu

1746 3772 1861 3823 tant
1902 3766 2219 3845 Apostolum
2260 3767 2313 3823 in
2348 3768 2699 3839 responsione
2739 3764 3036 3832 defecisse,
3069 3775 3124 3824 et
3159 3767 3337 3838 inOpia

1745 3858 2033 3916 reddenda:
2082 3858 2305 3915 rationis
2346 3859 2670 3931 repressisse
2713 3859 3120 3915 contradictoris
3172 3860 3335 3913 auda-

1746 3954 1905 4009 ciam.
1948 3951 2054 4009 Sed
2094 3969 2346 4025 magnum
2388 3953 2549 4008 habet
2574 3951 2781 4022 pondus
2820 3952 2962 4023 quod
2990 3953 3189 4009 dictum
3215 3960 3338 4020 est,

1749 4043 1795 4103 0
1816 4048 1985 4116 homo,
2009 4058 2064 4101 tu
2083 4048 2194 4118 quis
2222 4064 2271 4102 es
2296 4047 2322 4102 ?
2346 4046 2411 4102 Et
2437 4048 2490 4101 in
2513 4046 2706 4102 talibus
2729 4046 3112 4116 quaestionibus
3137 4048 3202 4102 ad
3229 4062 3340 4101 sum

1747 4137 2057 4209 capacitatis
2094 4136 2578 4194 considerationem
2616 4145 2831 4191 revocat
2871 4136 3142 4191 hominem
3170 4137 3336 4191 verbo

1748 4231 1962 4302 quidem
1992 4230 2145 4286 brevi
2173 4231 2195 4263 ³
2215 4271 2229 4296 ,
2259 4229 2354 4285 sed
2380 4245 2439 4285 re
2464 4228 2576 4300 ipsa
2604 4243 2793 4300 magna
2815 4239 2896 4284 est
2924 4229 3151 4284 redditio
3177 4231 3341 4283 ratio-

1748 4322 1851 4380 nis.
1884 4322 1939 4380 Si
1966 4323 2109 4379 euim
2157 4322 2272 4377 haec
2312 4336 2419 4377 non
2450 4324 2622 4392 capit,
2648 4323 2769 4394 quis
2789 4332 2871 4376 est
2901 4323 2988 4393 qui
3018 4321 3339 4391 reslmndeat

1750 4415 1901 4474 Deo?
1926 4417 1982 4474 Si
2007 4424 2183 4473 autem
2208 4416 2368 4488 capit,
2398 4418 2567 4488 magis
2591 4433 2695 4471 non
2724 4415 2926 4472 invenit
2952 4415 3081 4488 quid
3110 4431 3306 4485 respnn

1748 4507 1890 4565 deat.
1914 4506 2072 4565 Videt
2090 4508 2254 4574 enim,
2280 4506 2325 4564 si
2342 4508 2505 4581 capit,
2532 4508 2837 4564 universum
2858 4522 3024 4579 genus
3046 4506 3340 4563 humanum

1751 4608 1858 4657 tam
1888 4601 2030 4671 justo
2056 4598 2259 4672 judicio
2302 4601 2485 4657 divino
2510 4601 2565 4657 in
2592 4602 2882 4672 apostatica
2926 4600 3104 4655 radice
3119 4599 3342 4655 damna-

1752 4706 1886 4763 tum,
1901 4705 1957 4750 ut
1978 4695 2183 4751 etiamsi
2202 4694 2377 4751 nullus
2394 4694 2517 4752 inde
2532 4694 2867 4759 liberaretur,
2886 4709 3046 4749 nemo
3065 4702 3208 4749 recte
3226 4710 3341 4765 pos-

1752 4798 1832 4847 set
1882 4788 1975 4845 Dei
1998 4788 2302 4860 vituperare
2326 4787 2630 4859 justitiam;
2676 4794 2731 4841 et
2771 4785 2860 4856 qui
2891 4785 3219 4853 liberantur,
3264 4787 3342 4841 sic

1751 4881 2051 4955 oportuisse
2074 4881 2309 4949 liberari,
2335 4889 2391 4936 ut
2414 4896 2482 4937 ex
2499 4876 2739 4952 pluribus
2768 4894 2876 4934 non
2905 4879 3163 4944 liberatis,
3184 4890 3342 4951 atque

1753 4970 1805 5031 in
1827 4972 2168 5031 damnatione
2183 4972 2476 5044 justissima
2502 4968 2794 5038 derelictis,
2817 4972 3196 5027 ostenderetur
3215 4971 3340 5041 quid

1754 5067 2035 5124 meruisset
2069 5066 2313 5122 universa
2344 5062 2674 5134 conspersio,
2696 5072 2747 5119 et
2776 5078 2882 5135 quo
2911 5064 3068 5119 etiam
3087 5063 3217 5118 istos
3242 5063 3339 5116 de-

1754 5162 1921 5218 bitum
1947 5160 2204 5232 judicium
2232 5157 2327 5216 Dei
2350 5157 2604 5227 duceret,
2630 5157 2734 5213 nisi
2769 5157 2847 5213 eis
2869 5157 3101 5213 indebita
3133 5156 3341 5209 miscri-

1756 5255 1935 5313 cordia
1963 5253 2271 5310 subveniret
2299 5270 2312 5307 :
2341 5260 2401 5307 ut
2425 5251 2716 5339 volentiqm
2746 5251 2813 5307 de
2848 5252 2959 5306 suis
2991 5249 3193 5304 meritis
3224 5248 3335 5316 glo-

1756 5349 1902 5414 riari,
1927 5364 2073 5402 omne
2100 5363 2154 5401 os
2183 5347 2471 5401 obstruatur
2496 5342 2619 5419 (Id.
2659 5360 2739 5412 tu,
2765 5340 2870 5414 l9)
2899 5359 2914 5411 ;
2946 5352 3000 5398 et
3038 5342 3123 5411 qui
3152 5338 3343 5411 gloria-

1757 5453 1857 5509 tur,
1884 5443 1935 5497 in
1957 5441 2175 5496 Domino
2204 5441 2467 5512 glorietur.

1820 5581 1838 5614 ¹
1875 5578 2064 5644 Aliquot
2086 5587 2213 5639 Mss,
2237 5576 2584 5644 fortitudinem.

1819 5646 1839 5676 ³
1870 5626 2213 5694 ἱειῖιῖιῖιύὶῖιῖὼῖ
2237 5626 2756 5691 sanitatum...
2790 5637 3037 5685 revocaret
3072 5626 3342 5694 Ιιαπὺιαη,

1758 5708 1895 5760 verbo
1919 5706 2114 5770 quidem
2137 5702 2310 5764 brevis,
2345 5700 2432 5754 sed
2456 5715 2525 5761 re,
2552 5708 2645 5750 etc.
