3882 6286
486 275 592 330 279

553 384 780 443 CAPUT
797 385 859 440 (ἶ.
890 411 961 422 —
987 381 1076 435 9.6.
1107 381 1257 436 Nihil
1284 383 1395 451 ﬁeri
1421 392 1603 453 prieter
1624 381 1934 436 voluntatem
1959 379 2076 448 Dei,

480 481 634 535 etiam
662 477 786 530 dum
812 476 869 544 ﬁt
892 484 1068 530 contra
1093 477 1202 546 ejus
1225 476 1550 529 voluntatem.
1587 475 1713 531 llmc
1737 483 1867 531 sunt
1893 491 2082 545 magna

479 585 638 638 opera
660 566 868 621 Domini
884 607 898 632 ,
920 566 1168 637 exquisita
1192 565 1245 618 in
1266 582 1438 620 omnes
1468 566 1749 621 voluntates
1770 568 1878 637 ejus
1901 565 2078 636 (Psal.

475 679 545 719 ex
576 703 591 727 ,
623 660 683 731 2)
717 678 730 714 :
758 668 813 716 et
844 669 948 714 tam
979 659 1248 729 sapienter
1275 659 1538 730 exquisita
1563 701 1577 728 ,
1613 667 1668 714 ut
1691 675 1814 715 cum
1843 660 2081 730 angelica

477 764 529 807 ιιι
562 754 794 808 humana
823 759 1064 807 creatura
1094 761 1402 822 peccasset,
1434 752 1488 807 id
1516 761 1628 820 est,
1651 768 1761 808 non
1786 752 1928 823 quod
1956 754 2046 810 ille
2064 795 2081 822 ,

481 846 576 902 sed
605 845 748 916 quod
772 845 938 900 voluit
958 843 1072 915 ipsa
1093 843 1343 912 fecisset,
1367 844 1530 900 etiam
1551 861 1647 915 per
1667 845 1911 902 eamdem
1933 860 2084 902 crea-

485 949 618 992 turae
644 937 974 993 voluntatem
995 977 1009 1001 ,
1042 951 1143 1005 qua
1190 935 1386 991 factum
1419 945 1501 993 est
1540 936 1683 1008 quod
1726 935 1951 993 Creator
1981 952 2081 993 no-

485 1032 613 1096 luit,
646 1030 894 1101 impleret
924 1030 1037 1100 ipse
1065 1027 1208 1100 quod
1239 1030 1439 1097 voluit;
1471 1031 1608 1085 bene
1640 1039 1797 1086 utens
1827 1039 1882 1086 et
1899 1031 2077 1096 malis,

488 1135 742 1194 tanquam
762 1137 969 1178 summe
990 1123 1190 1188 bonus,
1217 1123 1284 1177 ad
1311 1136 1497 1178 eorum
1527 1122 1926 1178 damnationem
1949 1137 2085 1193 quos

481 1217 628 1286 juste
660 1213 1058 1285 pradestinavit
1083 1213 1151 1270 ad
1179 1230 1391 1284 poenam
1414 1258 1429 1284 ,
1462 1227 1517 1271 et
1543 1216 1612 1270 ad
1642 1232 1827 1272 eorum
1855 1217 2084 1274 salutem

487 1325 622 1380 quos
669 1308 897 1380 benigne
953 1308 1352 1379 praedestinavit
1397 1309 1464 1364 ad
1519 1309 1766 1380 gratiam.
1816 1311 2083 1381 Quantum

487 1401 630 1458 enim
669 1399 738 1456 ad
777 1401 924 1471 ipsos
971 1402 1194 1469 attinet,
1227 1400 1368 1472 quod
1409 1401 1553 1457 Deus
1595 1402 1767 1458 noluit
1797 1400 2083 1459 fecerunt:

486 1503 746 1566 quantum
778 1509 907 1550 vero
926 1493 993 1549 ad
1023 1494 1466 1565 omnipotentiam
1504 1494 1636 1564 Dei,
1665 1495 1814 1551 nullo
1843 1496 2004 1552 modo
2032 1496 2086 1553 id

487 1586 704 1644 efﬁcere
731 1587 1032 1642 valuerunt.
1063 1587 1175 1643 lloc
1211 1587 1410 1660 quippe
1440 1587 1558 1658 ipso
1594 1588 1739 1659 quod
1768 1598 1956 1646 contra
1987 1605 2081 1645 vo«

489 1679 752 1735 luntatem
789 1677 1036 1734 fecerunt
1073 1679 1223 1750 ejus,
1254 1680 1324 1735 de
1363 1681 1493 1750 ipsis
1526 1679 1668 1736 facta
1710 1692 1794 1737 est
1837 1683 2086 1739 voluntas

488 1771 625 1840 ejus.
649 1771 938 1842 Propterea
966 1787 1196 1841 namque
1225 1788 1412 1842 magna
1444 1788 1600 1840 opera
1640 1773 1883 1842 Domini,
1911 1776 2087 1845 exqui-

488 1864 587 1917 sita
602 1863 656 1916 in
674 1879 847 1917 omnes
865 1864 1146 1916 voluntates
1169 1864 1314 1932 ejus;
1331 1871 1389 1917 ut
1410 1863 1548 1918 miro
1577 1873 1631 1918 et
1655 1865 1907 1920 ineffabili
1928 1866 2088 1922 modo

492 1969 598 2009 non
633 1955 725 2008 ﬁat
768 1963 961 2024 praeter
999 1955 1115 2026 ejus
1141 1957 1468 2012 voluntatem
1491 1998 1506 2023 ,
1537 1958 1679 2028 quod
1709 1960 1868 2014 etiam
1899 1969 2085 2016 contra

491 2045 610 2115 ejus
629 2045 687 2098 ﬁt
703 2045 1051 2101 voluntatem.
1073 2046 1206 2115 Quia
1228 2063 1334 2103 non
1353 2045 1523 2114 ﬁeret,
1545 2049 1590 2103 si
1608 2065 1713 2103 non
1730 2050 1931 2106 sineret
1954 2069 1967 2106 :
1988 2067 2088 2110 nec

493 2139 676 2209 utique
693 2137 886 2195 nolens
909 2139 1055 2206 sinit,
1075 2139 1169 2194 sed
1189 2140 1408 2207 volens;
1428 2157 1528 2197 nec
1554 2142 1755 2198 sineret
1778 2144 1949 2199 bonus
1972 2145 2086 2202 ﬁeri

492 2232 656 2300 male,
685 2233 786 2287 nisi
815 2233 1155 2304 omnipotens
1175 2241 1230 2288 et
1253 2233 1322 2288 de
1351 2234 1492 2291 malo
1517 2234 1692 2291 facere
1716 2246 1897 2306 posset
1925 2237 2084 2294 bene.

564 2324 791 2382 CAPUT
832 2324 916 2382 CI.
943 2356 1016 2366 —
1061 2325 1305 2382 Voluntas
1348 2327 1447 2384 Dei
1485 2327 1615 2383 bona
1650 2347 1739 2400 per
1765 2331 1921 2385 bonas
1946 2347 2090 2404 atque

492 2429 540 2473 et
587 2418 752 2473 malas
793 2416 1076 2475 voluntates
1120 2420 1383 2475 hominum
1428 2439 1626 2493 semper
1669 2423 1930 2494 impletur.
1972 2425 2088 2480 Ali-

491 2511 707 2583 quando
724 2521 900 2568 autem
924 2514 1060 2568 bona
1083 2513 1360 2569 voluntate
1382 2513 1544 2571 homo
1569 2516 1682 2570 vult
1702 2516 1920 2588 aliquid,
1946 2517 2088 2588 quod

491 2603 634 2659 Deus
664 2619 769 2659 non
796 2604 938 2670 vult,
965 2605 1124 2660 etiam
1159 2605 1272 2676 ipse
1298 2605 1438 2662 bona
1479 2607 1647 2662 multo
1687 2609 1916 2679 amplius
1945 2611 2087 2665 mul-

493 2703 651 2766 toque
675 2695 875 2750 certius
891 2697 1162 2752 voluntate
1187 2715 1200 2752 ι
1225 2714 1349 2752 nam
1375 2699 1516 2754 illius
1535 2698 1675 2754 mala
1699 2701 1947 2756 voluntas
1966 2717 2089 2760 esse

488 2801 763 2857 nunquam
798 2798 990 2860 potest.
1023 2789 1298 2861 Tanquam
1327 2791 1372 2846 si
1404 2792 1577 2847 bonus
1603 2792 1743 2848 ﬁlius
1761 2802 1968 2864 patrem
1996 2811 2090 2851 ve-

489 2877 553 2932 lit
590 2879 804 2943 vivere,
837 2896 998 2951 quem
1029 2881 1171 2936 Deus
1201 2883 1337 2936 bona
1368 2885 1645 2940 voluntate
1688 2886 1801 2939 vult
1827 2887 1984 2941 mori.
2017 2888 2085 2943 Et

487 2985 676 3024 rursus
706 2969 819 3024 ﬁeri
851 2978 1025 3040 potest
1054 2981 1110 3026 ut
1139 2971 1240 3028 hoc
1267 2973 1397 3027 velit
1423 2973 1587 3028 homo
1614 2974 1888 3032 voluntate
1920 2977 2084 3047 mala,

493 3061 636 3132 quod
666 3063 805 3115 Deus
839 3062 949 3116 vult
977 3063 1117 3117 bona
1143 3081 1155 3115 :
1185 3063 1329 3119 velut
1349 3065 1394 3118 si
1425 3066 1597 3120 malus
1625 3065 1765 3121 ﬁlius
1791 3068 1920 3122 velit
1946 3068 2084 3124 mori

494 3164 722 3226 patrem,
747 3155 875 3210 velit
892 3156 996 3211 hoc
1010 3148 1170 3211 etiam
1191 3158 1348 3212 Deus.
1366 3157 1567 3229 Nempe
1586 3160 1674 3216 ille
1691 3161 1803 3215 vult
1818 3161 1960 3231 quod
1979 3178 2086 3218 non

488 3249 601 3305 vult
631 3250 770 3304 Deus
789 3291 804 3317 ,
837 3249 940 3305 iste
969 3265 1097 3305 vero
1127 3250 1178 3304 id
1202 3251 1312 3306 vult
1332 3251 1472 3322 quod
1504 3253 1618 3308 vult
1642 3261 1696 3308 et
1725 3254 1972 3311 Deus:et
2003 3265 2086 3311 ta-

488 3359 612 3398 men
645 3343 798 3399 honze
820 3343 913 3399 Dei
937 3344 1192 3399 voluntati
1221 3346 1388 3415 pietas
1417 3345 1562 3402 illius
1591 3348 1769 3416 potius
1787 3358 2046 3404 consonat
2065 3389 2084 3417 ,

489 3437 734 3508 quamvis
777 3435 920 3490 aliud
965 3437 1228 3503 volentis,
1262 3453 1418 3507 quam
1466 3437 1626 3507 hujus
1667 3439 1808 3494 idem
1856 3440 2085 3496 volentis

489 3528 754 3599 impietas.
797 3528 1023 3584 Tantum
1066 3531 1290 3586 interest
1329 3531 1455 3601 quid
1499 3532 1639 3587 velle
1685 3532 1923 3602 homini,
1955 3533 2083 3605 quid

491 3624 604 3680 Deo
627 3632 913 3694 congruat,
942 3635 998 3679 et
1033 3625 1099 3680 ad
1128 3640 1283 3695 quem
1314 3624 1478 3680 ﬁnem
1499 3641 1654 3680 suam
1683 3627 1907 3698 quisque
1935 3625 2084 3684 refe-

489 3727 577 3774 rat
595 3719 920 3774 voluntatem
941 3760 954 3781 ,
982 3726 1150 3772 utaut
1175 3719 1428 3788 probetur
1455 3729 1546 3775 aut
1571 3720 1920 3790 improbetur.
1946 3721 2084 3778 Nam

490 3811 632 3866 Deus
671 3811 926 3879 quasdam
970 3812 1272 3866 voluntates
1303 3828 1461 3880 suas,
1492 3814 1674 3884 utique
1704 3814 1869 3870 bonas
1897 3815 2084 3885 implet

488 3917 587 3972 per
616 3903 878 3959 malorum
906 3902 1179 3958 hominum
1219 3904 1519 3960 voluntates
1561 3907 1727 3960 malas
1760 3926 1773 3960 :
1807 3907 1942 3962 sicut
1986 3923 2085 3978 per

487 3992 706 4049 Iudaeos
752 3995 1045 4050 malevolos
1089 3995 1226 4050 bona
1270 3996 1543 4052 voluntate
1582 3997 1757 4052 Patris
1786 4015 1882 4068 pro
1927 3999 2082 4057 nobis

489 4084 734 4141 Christus
759 4086 968 4142 occisus
994 4096 1106 4154 est;
1129 4086 1270 4158 quod
1300 4096 1503 4142 tantum
1531 4089 1727 4143 bonum
1760 4089 1952 4145 factum
1975 4100 2078 4161 est,

487 4185 548 4232 ut
576 4179 848 4247 apostolus
877 4179 1065 4235 Petrus
1101 4179 1316 4250 quando
1354 4179 1406 4234 id
1435 4179 1548 4234 ﬁeri
1591 4181 1835 4246 nolebat,
1865 4192 2082 4241 satanas

487 4271 557 4325 ab
585 4271 701 4341 ipso
724 4273 812 4342 qui
831 4272 1001 4327 occidi
1021 4282 1242 4326 venerat
1268 4272 1538 4328 diceretur
1567 4273 1781 4344 (Matth.
1815 4293 1932 4341 xvi,
1956 4276 2074 4349 2'5).

487 4361 659 4428 Quam
689 4363 843 4416 bona:
868 4363 1196 4433 apparebant
1224 4365 1523 4420 voluntates
1561 4366 1771 4435 piorum
1807 4368 2038 4424 ﬁdelium
2060 4411 2077 4438 ,

489 4457 579 4525 qui
619 4454 871 4509 nolebant
909 4456 1210 4525 apostolum
1242 4455 1463 4510 Paulum
1492 4456 1791 4514 Jerusalem
1821 4476 2075 4532 pergere,

486 4561 555 4600 ne
600 4545 671 4599 ibi
701 4553 973 4614 pateretur
1013 4546 1183 4612 mala,
1212 4562 1332 4616 quae
1379 4547 1594 4618 Agabus
1637 4549 1894 4620 propheta
1936 4568 2076 4620 prae-

485 4635 695 4691 dixerat
726 4636 860 4707 (Act.
891 4651 987 4691 xxx
1007 4677 1021 4702 ,
1059 4634 1279 4710 10-12)?
1305 4646 1360 4692 ct
1405 4647 1581 4696 tamen
1612 4641 1753 4695 Deus
1781 4641 1895 4695 haec
1930 4641 2079 4698 illum

485 4728 598 4798 pati
625 4726 840 4781 volebat
886 4743 980 4796 pro
1009 4729 1372 4785 annuntianda
1403 4730 1511 4786 ﬁde
1551 4731 1782 4797 Christi,
1821 4747 2078 4790 exercens

487 4827 781 4892 martyrem
818 4819 1034 4877 Christi.
1075 4821 1259 4894 Neque
1288 4824 1447 4879 istam
1479 4823 1496 4854 ί
1520 4823 1714 4878 bonam
1746 4824 2074 4883 voluntatem

485 4927 637 4970 suam
668 4911 905 4983 implevit
941 4928 1038 4984 per
1073 4909 1498 4972 Christianorum
1541 4916 1846 4975 voluntates
1874 4919 2072 4990 bonas,

487 5006 583 5063 sed
611 5022 709 5077 per
744 5005 1049 5063 Judazorum
1076 5010 1244 5064 malas
1269 5025 1280 5061 :
1303 5018 1357 5063 et
1380 5009 1447 5064 ad
1478 5024 1598 5065 eum
1631 5012 1807 5081 potius
1834 5013 2074 5083 pertine-
2141 5029 2143 5032 ‘

485 5098 617 5154 bant
653 5097 742 5167 qui
783 5098 1036 5155 nolebant
1059 5099 1203 5170 quod
1235 5099 1480 5168 volebat,
1512 5116 1670 5173 quam
1698 5104 1770 5158 illi
1813 5120 1910 5175 per
1937 5119 2070 5177 quos

484 5191 724 5247 volentes
752 5189 948 5249 factum
976 5200 1059 5248 est
1082 5189 1227 5263 quod
1256 5193 1494 5261 volebat;
1523 5195 1646 5266 quia
1682 5197 1910 5267 idipsum
1949 5198 2070 5270 qui-'-

483 5283 638 5352 dem,
667 5283 762 5340 sed
788 5284 904 5355 ipse
927 5299 1025 5356 per
1055 5299 1151 5341 eos
1190 5282 1327 5340 bona
1347 5325 1363 5350 ,
1392 5286 1468 5341 illi
1496 5295 1673 5343 autem
1699 5289 1836 5345 mala
1875 5290 2068 5349 volun-

483 5385 591 5433 tate
615 5375 874 5432 fecerunt.

553 5467 782 5524 CAPUT
825 5465 933 5524 Cll.
973 5496 1047 5509 —
1095 5463 1345 5524 Voluntas
1392 5467 1492 5526 Dei
1535 5470 1728 5526 invicta
1773 5490 1990 5545 semper,
2018 5483 2068 5532 et

482 5576 739 5630 nunquam
782 5561 953 5628 mala,
1014 5559 1116 5614 sive
1161 5559 1477 5629 misereatur,
1523 5563 1625 5617 sive
1686 5563 1915 5619 obduret.
1958 5565 2067 5623 Sed

482 5653 829 5724 quarumlibet
857 5654 964 5709 sint
988 5652 1293 5711 voluntates
1319 5655 1405 5711 vel
1432 5655 1744 5727 angelorum
1772 5659 1857 5716 vel
1884 5660 2060 5716 homi-

552 5770 570 5803 ι
596 5771 669 5820 sic
688 5776 794 5822 Mss.
823 5777 877 5820 At
894 5777 1004 5823 nov.
1025 5775 1080 5824 et
1099 5777 1234 5839 ιιι-ιι,
1252 5783 1405 5838 neque
1423 5768 1670 5828 etimiste.

1059 267 1515 333 ENCHIRIDION,
1561 265 1716 323 SIVE
1758 263 1846 320 DE
1885 263 2064 330 FIDE,
2105 260 2233 318 SPE
2272 265 2692 342 CIIARITATE,
2733 274 2790 332 S.
2833 277 3206 341 AUGUSTINI

3665 290 3763 348 280

2192 397 2340 453 num,
2372 388 2453 442 vel
2473 389 2736 448 bonorum
2756 396 2840 451 vel
2866 398 3128 458 malorum
3149 443 3168 471 ,
3195 403 3277 459 vel
3306 404 3436 460 illud
3459 405 3606 477 quod
3632 407 3764 468 Deus

2186 478 2272 532 vel
2297 478 2441 536 aliud
2467 483 2708 541 volentes
2727 503 2886 556 quam
2913 491 3056 548 Deus
3074 535 3090 560 ,
3119 497 3504 568 omnipotentis
3528 502 3766 562 voluntas

2188 584 2400 644 semper
2423 575 2618 632 invicta
2645 587 2765 648 est:
2789 598 2909 653 qum
2936 587 3075 642 mala
3104 605 3224 647 esse
3260 608 3535 666 nunquam
3568 607 3765 668 potest;

2188 664 2312 734 quia
2340 667 2501 759 etiam
2525 670 2541 700 ¹
2563 685 2685 726 cum
2708 674 2845 731 mala
2875 676 3078 750 irrogat
3097 722 3112 746 ,
3136 681 3279 753 iusta
3307 664 3425 754 esti,
3457 696 3514 743 et
3539 664 3769 759 profecto

2189 772 2307 826 qum
2331 758 2475 855 justa
2515 772 2598 818 est
2615 765 2660 831 ',
2689 767 2828 823 mala
2868 785 2978 826 non
3023 782 3127 829 est.
3168 775 3310 833 Deus
3337 779 3504 849 igitur
3529 784 3769 855 omnipo-

2191 857 2310 904 tens
2353 852 2466 908 sive
2493 867 2590 923 per
2633 856 3053 918 misericordiam
3095 866 3246 937 cujus
3283 871 3398 926 vult
3436 852 3767 946 misereatur,

2189 941 2312 1038 sive
2331 959 2428 1038 per
2441 946 2702 1016 judicium
2727 968 2886 1023 quem
2911 957 3025 1012 vult
3048 958 3274 1016 obduret
3291 1002 3308 1030 ,
3340 979 3441 1020 nec
3469 966 3657 1038 inique
3681 941 3768 1026 ali;

2189 1035 2316 1104 quid
2346 1035 2502 1106 facit,
2533 1055 2633 1097 nec
2663 1043 2765 1099 nisi
2797 1046 2984 1103 volens
3009 1051 3296 1124 quidquam
3324 1054 3487 1124 facit,
3519 1035 3582 1114 et
3606 1064 3773 1120 omnia

2190 1141 2539 1201 quaecumque
2565 1135 2707 1201 vult,
2737 1135 2886 1193 facit.
3033 1119 3036 1120 ν
3156 1119 3170 1122 ⁷
3202 1119 3224 1158 χ’

2261 1169 2488 1277 CAPU'll‘
2516 1223 2648 1280 Clll.
2675 1177 2748 1269 :-
2770 1228 2862 1283 27.
2902 1229 3178 1290 Excutitur
3204 1169 3394 1388 dixit:
3437 1243 3678 1312 Apostoli
3716 1252 3774 1303 ad

2261 1312 2551 1383 motheum,‘
2583 1335 2602 1368 ‹
2635 1318 2734 1388 Qui
2763 1323 2875 1378 vult
2895 1339 3084 1383 omnes
3107 1327 3290 1387 homin
3374 1335 3558 1388 salvos
3585 1337 3723 1388 ﬁeri.
3753 1361 3770 1388 ι

2190 1308 2551 1383 Timotheum;
2583 1335 2602 1368 ‹
2635 1318 2734 1388 Qui
2763 1323 2875 1378 vult
2895 1339 3084 1383 omnes
3107 1308 3354 1388 hominé
3374 1308 3558 1393 salvos
3585 1337 3723 1396 ﬁeri.
3753 1361 3770 1397 ι

2191 1404 2269 1460 Ac
2291 1421 2390 1476 per
2415 1408 2518 1465 hoc
2531 1425 2652 1467 cum
2673 1414 2917 1472 audimus
2933 1427 2988 1473 et
3012 1419 3067 1476 in
3083 1425 3251 1479 sacris
3267 1424 3488 1486 Litteris
3519 1431 3771 1502 legimus,

2191 1500 2335 1569 quod
2361 1503 2487 1558 velit
2513 1519 2703 1562 omnes
2726 1506 2972 1567 homines
2995 1513 3175 1571 salvos
3203 1518 3354 1585 ﬁeri,
3382 1500 3641 1592 quamvis
3667 1500 3774 1584 cer?

2193 1601 2304 1649 tum
2330 1596 2401 1650 sit
2442 1598 2595 1654 nobis
2634 1617 2742 1658 non
2783 1619 2972 1662 omnes
3008 1607 3252 1668 homines
3280 1614 3458 1673 salvos
3485 1617 3610 1675 ﬁeri
3631 1663 3648 1688 ,
3684 1638 3774 1680 non

2193 1693 2372 1741 tamen
2395 1689 2516 1744 ideo
2540 1690 2802 1750 debemus
2826 1699 3366 1769 omnipotentissimaa
3391 1709 3486 1764 Dei
3518 1713 3774 1773 voluntati

2191 1777 2390 1876 aliquid
2424 1780 2724 1876 derogare;
2755 1787 2852 1844 sed
2891 1788 2964 1845 ita
2994 1791 3294 1876 intelligere
3338 1801 3481 1868 quod
3522 1805 3774 1876 scriptum

2192 1877 2304 1936 est,
2335 1869 2433 1938 Qui
2459 1889 2631 1930 omnes
2659 1876 2888 1935 homines
2920 1883 3028 1938 vult
3053 1872 3218 1941 salvos
3248 1889 3389 1958 ﬁeri,
3418 1869 3686 1964 tanquam
3709 1896 3776 1953 di-

2191 1970 2406 2018 ceretur
2432 1966 2638 2024 nullum
2659 1967 2933 2030 hominem
2956 1976 3070 2032 ﬁeri
3095 1979 3299 2036 salvum
3316 2023 3332 2050 ,
3355 1983 3458 2040 nisi
3480 2002 3651 2056 quem
3677 1989 3775 2048 ﬁeri

2193 2050 2308 2120 ipse
2351 2055 2751 2116 voluerit:non
2793 2065 2937 2132 quod
2986 2068 3161 2124 nullus
3215 2073 3285 2126 sit
3331 2050 3653 2145 hominum,
3689 2081 3775 2140 nisi

2191 2160 2352 2215 quem
2381 2148 2587 2206 salvum
2633 2153 2752 2210 ﬁeri
2796 2157 2951 2225 velit;
2983 2159 3077 2216 sed
3121 2164 3265 2234 quod
3305 2166 3481 2224 nullus
3523 2170 3658 2241 ﬁat,
3693 2177 3774 2232 nisi

2192 2254 2349 2309 quem
2381 2243 2548 2309 velit;
2576 2255 2632 2300 et
2674 2247 2796 2302 ideo
2833 2249 2904 2305 sit
2940 2255 3210 2324 rogandus
3252 2267 3309 2312 ut
3352 2261 3512 2329 velit,
3541 2266 3673 2335 quia
3697 2283 3773 2325 ne-

2192 2347 2345 2388 cesse
2369 2343 2450 2390 cst
2472 2336 2586 2392 ﬁeri
2607 2338 2652 2393 si
2684 2340 2928 2398 voluerit.
2958 2344 3034 2400 De
3058 2347 3261 2404 orando
3290 2353 3488 2422 quippe
3524 2356 3642 2412 Deo
3667 2373 3775 2430 age-

2193 2427 2282 2482 bat
2302 2429 2588 2497 Apostolus
2612 2472 2629 2498 ,
2658 2442 2719 2488 ut
2739 2433 2842 2490 hoc
2865 2436 3088 2494 diceret.
3115 2440 3206 2497 Sic
3232 2445 3376 2500 enim
3399 2427 3768 2521 intelligimus,

2193 2529 2246 2573 et
2268 2521 2408 2590 quod
2441 2523 2496 2577 in
2532 2524 2821 2597 Evangelio
2850 2530 3106 2602 scriptum
3131 2543 3246 2603 est,
3275 2537 3374 2605 Qui
3396 2539 3658 2599 illuminat
3677 2562 3771 2600 oni-

2193 2628 2306 2667 nem
2336 2615 2586 2670 hominem
2615 2617 2794 2689 (Joan.
2821 2637 2868 2690 ι,
2891 2622 2984 2694 9):
3011 2640 3116 2680 non
3145 2623 3270 2698 quia
3291 2630 3466 2687 nullus
3489 2641 3578 2688 est
3618 2635 3774 2694 homi-
3873 2627 3876 2634 ’

2193 2722 2321 2762 num
2349 2709 2438 2779 qui
2467 2725 2574 2766 non
2595 2712 2948 2783 illuminetur,
2970 2719 3065 2775 sed
3091 2721 3213 2792 quia
3239 2724 3340 2780 nisi
3370 2727 3438 2782 ab
3464 2727 3586 2799 ipso
3614 2733 3771 2790 nullus
3873 2709 3878 2790 ἐ

2193 2800 2542 2860 illuminatur.
2571 2807 2679 2860 Aut
2706 2817 2854 2866 certe
2881 2810 2960 2865 sic
2988 2811 3188 2868 dictum
3216 2825 3326 2881 est,
3363 2817 3465 2886 Qui
3487 2837 3668 2879 omnm
3690 2826 3769 2880 ho-

2192 2895 2351 2950 mines
2373 2896 2477 2951 vult
2503 2897 2667 2953 salvos
2691 2900 2804 2969 fieri
2816 2918 2836 2967 ,'
2853 2918 2965 2960 non
2979 2907 3120 2977 quod
3140 2909 3317 2965 nullus
3343 2910 3624 2970 hominum
3645 2926 3769 2975 esset

2194 3003 2353 3058 quem
2399 2990 2603 3046 salvum
2635 2993 2751 3048 ﬁeri
2793 2996 2993 3067 nollet,
3020 3001 3112 3069 qui
3141 3002 3366 3059 virtutes
3400 3005 3766 3067 miraculorum

2193 3080 2368 3137 facere
2389 3083 2561 3138 noluit
2585 3087 2727 3157 apud
2747 3103 2841 3146 eos
2860 3106 2996 3162 quos
3017 3092 3146 3149 dicit
3169 3106 3385 3154 acturos
3413 3098 3580 3158 fuisse
3607 3105 3766 3174 peni-

2191 3174 2408 3228 tentiam
2438 3177 2482 3230 si
2511 3175 2726 3234 fecisset
2751 3197 2763 3233 :
2787 3181 2881 3236 sed
2909 3193 2966 3238 ut
2991 3201 3161 3242 omnes
3181 3188 3411 3245 homines
3429 3207 3592 3251 omne
3615 3211 3766 3268 genus

2191 3262 2481 3321 humanum
2506 3265 2527 3297 ³
2559 3267 2914 3341 intelligamus
2943 3289 3039 3345 per
3064 3292 3427 3352 quascumque
3451 3262 3764 3345 diﬁ'enentiss

2190 3354 2561 3425 distributum,
2588 3375 2774 3431 reges,
2808 3365 3044 3433 privatos
3064 3409 3080 3435 ,
3109 3370 3349 3439 nobiles,
3382 3373 3668 3447 ignobiles,
3690 3393 3767 3434 su-

2191 3448 2400 3541 blimes,
2432 3451 2688 3520 humiles,
2718 3454 2938 3524 doctos,
2967 3458 3242 3532 indoctos,
3275 3464 3469 3536 integri
3505 3471 3760 3541 corporis,

2189 3540 2427 3608 debiles,
2480 3545 2820 3615 ingeniosos,
2883 3550 3240 3621 tardicordes,
3291 3555 3505 3629 fatuos,
3551 3540 3760 3633 divites,

2191 3648 2480 3704 pauperes,
2535 3637 2863 3710 mediocres,
2923 3658 3142 3714 mares,
3191 3645 3455 3718 feminas,
3511 3651 3758 3720 infantes,

2189 3740 2418 3796 pueros,
2449 3727 2850 3799 adolescentes,
2890 3733 3151 3805 juvenes,
3182 3740 3457 3810 seniores,
3499 3757 3683 3813 senes;
3712 3745 3759 3801 in

2189 3821 2381 3891 linguis
2429 3825 2711 3893 omnibus,
2760 3827 2816 3881 in
2859 3830 3100 3887 moribus
3141 3833 3426 3902 omnibus,
3474 3838 3528 3893 in
3573 3839 3760 3896 artibus
3859 3871 3862 3887 ς

2188 3916 2434 3971 omnibus
2456 3958 2471 3984 ,
2506 3917 2560 3971 in
2589 3917 3010 3988 professionibus
3049 3927 3328 3995 omnibus,
3357 3931 3413 3984 in
3443 3931 3756 3988 voluntatum

2189 4016 2241 4064 et
2266 4011 2716 4068 conscientiarum
2745 4014 3004 4070 varietate
3030 4018 3406 4078 innumerabili
3431 4027 3752 4098 constitutos,

2187 4109 2240 4154 et
2267 4100 2312 4155 si
2334 4101 2460 4170 quid
2488 4103 2631 4158 aliud
2655 4103 3078 4164 diﬁ'erentiarum
3098 4121 3180 4166 est
3203 4112 3259 4168 in
3289 4113 3614 4174 hominibus.
3635 4118 3754 4187 Quid

2189 4200 2269 4248 est
2293 4192 2436 4247 enim
2458 4208 2642 4250 eorum
2665 4195 2807 4253 unde
2831 4213 2938 4254 non
2967 4200 3109 4257 Deus
3133 4217 3232 4272 per
3258 4203 3602 4278 Unigenitum
3615 4225 3753 4266 suum

2191 4287 2470 4342 Dominum
2495 4299 2738 4346 nostrum
2763 4305 2861 4361 per
2889 4307 3078 4350 omnes
3105 4305 3292 4367 gentes
3317 4297 3501 4356 salvos
3530 4301 3639 4357 ﬁeri
3661 4300 3750 4357 ho-

2187 4377 2358 4436 mines
2386 4382 2548 4449 velit,
2580 4392 2635 4438 et
2671 4383 2793 4439 ideo
2830 4385 2990 4441 faciat
3015 4385 3058 4453 ‘,
3089 4389 3213 4458 quia
3261 4393 3606 4464 omnipotens
3629 4393 3749 4450 velle

2187 4471 2416 4527 inaniter
2452 4488 2560 4528 non
2589 4481 2766 4543 potest
2802 4476 3180 4550 quodcumque
3206 4481 3470 4539 voluerit?
3498 4485 3752 4556 Ρωμ-

2185 4573 2270 4618 rat
2295 4565 2438 4619 enim
2465 4566 2753 4635 Apostolus
2778 4576 2838 4624 ut
2860 4579 3106 4626 oraretur
3132 4588 3224 4645 pro
3265 4577 3533 4634 omnibus'
3551 4579 3747 4635 honuni-

2185 4658 2276 4712 bus
2299 4699 2315 4724 ,
2372 4666 2426 4713 et
2451 4659 2755 4729 specialiter
2777 4661 3056 4719 addiderat
3078 4681 3170 4736 pro
3207 4667 3407 4739 regibus
3439 4679 3488 4725 et
3521 4671 3584 4726 iis
3603 4670 3680 4742 qui
3699 4669 3746 4722 in

2182 4752 2490 4807 sublimitate
2521 4763 2667 4822 sunt,
2694 4756 2785 4827 qui
2816 4757 2994 4828 putari
3021 4768 3270 4828 poterant
3289 4803 3304 4827 ,
3331 4759 3472 4818 fastu
3498 4773 3552 4820 et
3583 4777 3745 4833 super-

2181 4845 2267 4900 bia
2297 4846 2541 4902 saeculari
2570 4862 2602 4902 a
2637 4847 2762 4904 ﬁdei
2791 4849 3100 4907 christianae
3127 4851 3430 4910 humilitate
3456 4855 3741 4911 abhorrere.

2181 4939 2412 4996 Proinde
2441 4940 2656 5008 dicens,
2692 4941 2807 4998 Hoc
2845 4944 2977 5000 enim
3015 4946 3207 5000 bonum
3220 4954 3296 5000 est
3323 4961 3497 5001 coram
3522 4947 3743 5003 salvatore

2182 5039 2352 5085 nostro
2375 5031 2482 5087 Deo
2503 5073 2519 5099 ,
2561 5032 2616 5088 id
2642 5041 2727 5088 est
2744 5075 2760 5101 ,
2788 5041 2850 5090 ut
2875 5036 3034 5091 etiam
3065 5051 3164 5106 pro
3188 5035 3386 5092 talibus
3410 5046 3616 5103 oretur;
3642 5044 3738 5090 sta-

2182 5128 2274 5182 tim
2319 5136 2380 5183 ut
2417 5127 2844 5198 desperationem
2897 5129 3139 5196 tolleret,
3167 5129 3409 5200 addidit,
3451 5131 3551 5199 Qui
3587 5142 3735 5184 crines

2179 5219 2406 5274 homines
2429 5220 2535 5274 vult
2573 5221 2740 5276 salvos
2766 5221 2878 5291 ﬁeri
2894 5263 2909 5284 ,
2935 5229 2982 5276 et
3007 5221 3061 5276 in
3088 5222 3400 5293 agnitionem
3425 5221 3631 5277 veritatis
3653 5233 3729 5272 se-

2147 5376 2149 5382 ,
2241 5339 2258 5368 ι
2293 5334 2491 5396 Quidam
2512 5333 2642 5401 libri,
2677 5347 2788 5401 qua:
2816 5335 2978 5401 etiam.

2239 5402 2259 5471 ἶ
2293 5406 2424 5471 ἔρνη
2854 5399 2941 5471 Alii
2961 5397 3174 5471 οράίοθεν
3197 5397 3452 5471 (MM
3469 5401 3551 5471 ef!-

2239 5460 2512 5532 f_t\'onnulli
2552 5460 2667 5532 viss.
2691 5462 2955 5532 omittunt,_
2979 5460 3276 5532 humtpnun;
3316 5460 3380 5512 ‘et
3417 5460 3599 5526 quidam
3636 5465 3730 5505 cum

2179 5525 2393 5575 editione
2417 5525 2596 5584 Damni,
2624 5524 2731 5586 ejus
2753 5521 2860 5574 loco
2880 5521 3082 5586 habent,
3097 5521 3362 5576 mm

2237 5589 2257 5662 ξ
2293 5595 2472 5662 tinus_c
2498 5583 2732 5662 Vaticanis
2753 5594 2881 5662 llissq
3185 5648 3198 5660 ⁸
3299 5648 3329 5662 η
3433 5646 3536 5662 --ὥς

2235 5650 2256 5683 ο
2287 5655 2390 5701 Am.
2423 5654 2501 5699 nr.
2545 5654 2662 5700 Dan.
2718 5655 2771 5700 et
2817 5645 2967 5714 me,
3016 5660 3107 5714 pro
3433 5646 3591 5714 verius
3635 5645 3724 5714 2‘9:

2171 5725 2350 5828 mo
2384 5723 2770 5780 ΜΕΝ,νο
2799 5701 3032 5767 onmibus'.
3058 5713 3134 5766 Sic
3159 5701 3602 5776 'eriim’spostolus,
3637 5701 3727 5754 Ιοα)
