3882 6286
100 287 181 345 ,3,
1469 264 1640 322 LIBEI

1751 266 1914 329 lNUS.

92 403 240 474 uina
270 401 392 457 Tim.
423 415 483 468 ιι,
507 398 641 471 1-4).
674 396 789 454 Hoc
807 395 1005 467 quippe
1034 392 1174 449 Deus
1204 391 1401 446 bonum
1427 387 1637 460 judica-

89 502 177 567 vit,
200 506 245 552 ut
266 494 585 551 orationibus
611 490 889 547 humilium
918 488 1228 558 dignaretur
1253 483 1475 538 salutem
1502 495 1639 551 prte-

88 606 207 652 stare
226 589 529 648 sublimium
548 604 560 640 :
580 585 721 657 quod
740 584 923 654 utique
942 582 1053 651 jam
1068 578 1312 635 videmus
1337 574 1635 646 impletum.

90 689 176 745 Isto
196 681 468 741 locutionis
492 678 650 735 modo
680 685 736 734 et
758 674 1017 733 Dominus
1044 681 1126 729 est
1155 686 1287 727 usus
1316 671 1369 725 in
1391 669 1635 739 Evange-

87 782 174 848 lio,
197 777 278 832 ubi
314 776 387 830 ait
414 771 697 829 Pharismis
720 811 737 838 ,
770 767 1045 823 Decimatis
1070 774 1291 820 mentum
1312 805 1327 831 ,
1361 771 1409 816 et
1431 768 1600 816 rutam
1618 801 1634 829 ,

85 884 125 929 et
147 886 275 927 omne
300 868 411 923 olus
438 865 585 938 (Luc.
627 880 717 931 ιι,
756 861 874 933 42).
903 860 1087 931 Neque
1112 857 1259 914 enim
1288 853 1544 910 Pharisaei
1584 859 1639 908 et

83 976 395 1039 quacumque
418 958 591 1015 aliena
619 965 674 1013 et
710 954 951 1012 omnium
974 967 1073 1024 per
1099 964 1288 1007 omnes
1310 957 1484 1005 terras
1503 946 1637 1002 alie-

82 1036 356 1131 nigenarum
385 1052 564 1109 omnia
607 1050 752 1106 olera
796 1045 1154 1105 decimabant.
1180 1042 1330 1099 Sicut
1374 1054 1502 1110 ergo
1548 1036 1637 1094 hic

81 1169 204 1211 me
224 1152 328 1207 olus
346 1191 364 1216 ,
391 1162 553 1204 omne
580 1145 787 1203 olerum
808 1156 1010 1213 genus;
1033 1139 1105 1195 ita
1135 1144 1191 1194 et
1208 1135 1321 1193 illic
1348 1149 1517 1189 omnes
1542 1132 1638 1187 ho-

82 1248 246 1311 mines,
275 1256 431 1300 omne
457 1239 736 1295 hominum
765 1249 934 1307 genus
973 1231 1274 1301 intelligere
1310 1242 1634 1300 possumus:

83 1352 129 1398 et
148 1350 458 1412 quocumque
482 1334 591 1389 alio
614 1330 776 1387 modo
803 1327 1028 1399 intelligi
1056 1332 1271 1396 potest,
1299 1322 1426 1378 dum
1458 1332 1638 1376 tamen

87 1431 273 1488 credere
310 1441 417 1483 non
466 1439 726 1496 cogamur
766 1418 966 1491 aliquid
1007 1417 1429 1487 omnipotentem
1471 1413 1638 1468 Deum

90 1524 283 1581 voluisse
298 1521 410 1577 ﬂeri
429 1563 447 1588 ,
478 1519 785 1587 factumque
810 1529 918 1570 non
941 1527 1089 1578 esse;
1122 1510 1212 1581 qui
1238 1509 1355 1565 sine
1380 1506 1501 1562 ullis
1525 1520 1641 1560 am-

83 1614 385 1687 biguitatibus
402 1653 420 1679 ,
450 1611 499 1667 si
527 1612 584 1665 in
607 1609 732 1663 caelo
756 1617 804 1663 et
825 1608 881 1661 in
912 1614 1067 1669 terra,
1100 1603 1237 1658 sicut
1261 1616 1384 1657 eum
1406 1596 1637 1654 veritas‘

80 1716 248 1774 canuit,
282 1705 452 1760 omnia
504 1715 833 1774 quaecumque
878 1697 1071 1763 uoluit,
1096 1695 1213 1765 fecit
1236 1735 1251 1759 ,
1279 1692 1452 1764 (Psal.
1482 1704 1637 1758 cxut,

80 1801 173 1874 ll),
198 1798 428 1870 profecto
454 1797 636 1852 facere
662 1793 834 1848 noluit
860 1789 1231 1863 quodcumque
1252 1802 1360 1842 non
1386 1784 1530 1840 fecit.

134 1891 337 1949 CAPUT
375 1889 517 1946 CIV.
558 1918 631 1930 ——
654 1886 745 1942 28.
783 1884 912 1951 Quae
942 1882 1092 1956 fuerit
1135 1882 1367 1936 uoluntas
1395 1877 1489 1932 Dei
1518 1892 1642 1948 erga

78 1986 325 2047 Manum,
372 1998 525 2053 quem
576 1987 902 2050 peccaturum
952 1974 1267 2047 prwsciebat.
1307 1972 1642 2040 Quapropter

79 2080 208 2137 etiam
225 2078 460 2149 primum
480 2074 757 2130 hominem
784 2072 927 2126 Deus
947 2070 1003 2124 in
1029 2084 1090 2124 ea
1112 2068 1284 2122 salute
1305 2066 1356 2121 in
1383 2078 1485 2135 qua
1507 2077 1641 2119 con-

79 2172 192 2227 ditus
232 2179 374 2237 erat,
422 2167 701 2224 custodire
743 2165 1029 2230 voluisset,
1065 2175 1294 2231 eumque
1340 2166 1642 2229 opportuno

80 2275 283 2336 tempore
317 2273 445 2335 post
472 2263 686 2333 genitos
712 2259 852 2315 ﬁlios
878 2258 994 2314 sine
1021 2242 1426 2326 interpositione
1455 2251 1643 2307 mortis

81 2357 132 2411 ad
152 2356 356 2412 meliora
383 2355 687 2426 perducere
706 2393 722 2418 ,
756 2350 845 2407 ubi
870 2350 983 2420 jam
1022 2363 1132 2404 non
1161 2346 1337 2403 solum
1365 2351 1642 2415 peccatum

83 2465 164 2505 non
180 2451 202 2482 ‘
224 2449 594 2512 committere,
624 2444 718 2500 sed
750 2458 851 2517 nec
872 2442 1199 2496 voluntatem
1232 2446 1415 2509 posset
1442 2436 1643 2492 habere

85 2540 329 2611 peccandi,
377 2540 427 2595 si
476 2538 545 2593 ad
593 2534 1020 2608 permanendum
1064 2533 1180 2587 sine
1225 2537 1473 2601 peccato,
1505 2528 1646 2583 sicut

85 2633 218 2688 lactus
256 2641 410 2698 erat,
444 2638 758 2701 perpetuam
801 2628 1128 2681 voluntatem
1172 2623 1476 2679 habiturum
1524 2633 1645 2675 esse

82 2724 367 2791 prtescisset.
402 2723 538 2791 Quia
562 2737 693 2777 vero
729 2734 854 2775 eum
880 2718 1020 2773 male
1044 2730 1266 2772 usurum
1296 2713 1469 2769 libero
1496 2710 1643 2767 arbi-

82 2818 185 2883 trio,
209 2819 304 2874 hoc
358 2825 441 2873 est
481 2823 830 2887 peccaturum
872 2827 993 2869 esse
1044 2808 1394 2881 praesciebat,
1425 2807 1492 2862 ad
1540 2806 1645 2862 hoc

83 2910 225 2978 potius
245 2910 576 2981 prmparavit
598 2908 930 2963 voluntatem
962 2919 1112 2960 suam
1128 2946 1142 2970 ,
1172 2912 1230 2958 ut
1254 2903 1391 2958 bene
1420 2901 1535 2972 ipse
1560 2899 1643 2954 fa-

83 3011 197 3059 ceret
217 3004 381 3058 etiam
405 3002 473 3058 de
502 3001 645 3057 male
672 2998 932 3064 faciente,
964 3011 1027 3052 ac
1071 2997 1150 3052 sic
1190 2994 1425 3051 hominis
1450 2994 1643 3048 volun-

86 3103 167 3151 tate
186 3096 317 3152 mala
354 3110 457 3151 non
489 3102 864 3158 evacuaretur,
895 3090 991 3147 sed
1013 3088 1362 3145 nihilominus
1392 3086 1646 3157 implere-

88 3195 152 3241 tur
170 3186 542 3259 omnipotentis
568 3186 729 3241 bona.

140 3279 348 3339 CAPUT
387 3280 498 3337 CV.
532 3309 605 3321 -——
637 3278 887 3334 Voluntas
912 3276 1130 3331 hominis
1153 3276 1221 3329 ad
1250 3274 1434 3329 bonum
1462 3281 1509 3328 et
1535 3289 1646 3327 nta-

88 3373 169 3427 lum
186 3375 326 3429 aliter
354 3374 509 3429 libera
535 3375 590 3428 in
616 3373 781 3443 primo
824 3379 958 3427 statu
980 3411 997 3439 ,
1028 3370 1176 3424 aliter
1220 3370 1274 3423 in
1314 3368 1513 3422 ultimo.
1556 3364 1647 3421 Sic

88 3467 199 3522 enim
223 3468 499 3541 oportebat
524 3466 672 3537 prius
699 3464 971 3520 hominem
998 3462 1112 3518 ﬁeri
1133 3502 1149 3528 ,
1177 3468 1238 3516 ut
1264 3468 1320 3516 et
1348 3459 1485 3514 bene
1508 3458 1645 3513 velle

88 3569 257 3628 posset,
284 3571 342 3616 et
365 3560 537 3626 male;
579 3572 680 3614 nec
706 3559 893 3629 gratis,
925 3556 970 3611 si
1000 3556 1167 3620 bene;
1198 3568 1297 3609 nec
1323 3554 1570 3623 impune,
1597 3551 1644 3606 si

93 3652 232 3708 male:
259 3661 443 3725 postea
465 3667 597 3709 vero
625 3652 703 3707 sic
731 3651 856 3716 erit,
886 3658 946 3705 ut
971 3648 1110 3703 male
1138 3646 1277 3702 velle
1305 3661 1410 3701 non
1442 3644 1640 3715 possit;

92 3759 167 3800 nec
184 3746 292 3804 ideo
317 3747 484 3803 libero
512 3745 715 3802 carebit
738 3742 983 3798 arbitrio.
1006 3740 1174 3796 Multo
1202 3740 1398 3809 quippe
1420 3736 1642 3793 liberius

91 3841 168 3895 erit
189 3843 454 3899 arbitrium
476 3883 489 3907 ,
513 3840 660 3912 quod
685 3840 909 3895 omnino
933 3852 1042 3892 non
1070 3836 1267 3907 poterit
1296 3834 1497 3891 servire
1519 3848 1644 3903 pec-

90 3940 199 3987 cato.
223 3933 401 4006 Neque
424 3934 567 3988 enim
607 3929 870 4001 culpanda
911 3938 993 3984 est
1020 3928 1298 3992 voluntas,
1329 3936 1421 3981 aut
1447 3926 1642 3982 volun-

92 4028 269 4080 tasnou
308 4035 419 4092 est,
446 4034 539 4079 aut
571 4024 740 4079 libera
785 4020 1010 4076 dicenda
1056 4034 1161 4075 non
1207 4027 1321 4095 est,
1355 4032 1459 4089 qua
1499 4016 1643 4073 beati

92 4126 185 4169 esse
206 4117 279 4170 sic
300 4117 545 4171 volumus
563 4155 579 4181 ,
611 4122 668 4167 ut
694 4126 815 4167 esse
839 4111 1021 4166 miseri
1053 4125 1159 4164 non
1188 4109 1361 4163 solum
1384 4108 1638 4171 nolimus,

93 4205 166 4261 sed
199 4223 518 4279 nequaquam
557 4220 781 4279 prorsus
806 4203 945 4259 velle
985 4202 1272 4273 possimus.
1322 4199 1471 4256 Sicut
1512 4214 1641 4269 ergo

94 4300 236 4355 anima
257 4310 430 4357 nostra
454 4302 618 4357 etiam
638 4314 782 4355 nunc
806 4298 951 4352 nolle
979 4294 1371 4361 infelicitatem,
1400 4295 1472 4348 ita
1496 4293 1641 4349 nolle

96 4388 381 4462 iniquitatem
426 4408 642 4464 semper
686 4391 933 4447 habitura
976 4396 1079 4444 est.
1112 4387 1219 4443 Sed
1251 4386 1384 4442 ordo
1414 4396 1640 4456 prteter-

97 4486 341 4543 mittendus
384 4503 491 4544 non
539 4486 671 4553 fuit,
700 4486 754 4540 in
799 4499 907 4555 quo
959 4483 1101 4538 Deus
1144 4482 1312 4538 voluit
1358 4479 1642 4535 ostendere

100 4592 223 4644 quam
258 4579 447 4636 bonum
498 4578 569 4633 sit
609 4577 805 4632 animal
848 4574 1110 4632 rationale
1152 4572 1296 4645 quod
1341 4573 1503 4628 etiam
1534 4586 1642 4627 non

101 4680 281 4735 peccare
322 4672 486 4743 possit
516 4671 559 4736 ³,
590 4669 838 4740 quamvis
883 4669 954 4723 sit
1001 4667 1193 4723 melius
1233 4664 1375 4737 quod
1420 4678 1644 4736 peccare

106 4773 187 4814 non
199 4764 347 4833 possit
374 4781 387 4817 :
416 4764 557 4819 sicut
578 4763 754 4817 minor
773 4760 872 4815 fuit
899 4759 1274 4815 immortalitas
1293 4799 1307 4823 ,
1340 4756 1438 4813 sed
1465 4765 1641 4812 tamen

106 4849 205 4921 iuit,
227 4856 272 4912 in
310 4873 409 4928 qua
452 4864 638 4927 posset
665 4855 824 4910 etiam
852 4868 963 4909 non
988 4853 1124 4910 mori
1146 4895 1160 4920 ,
1190 4852 1438 4924 quamvis
1472 4852 1645 4924 major

105 4943 237 5004 lutum
259 4950 323 5006 sit
346 4951 533 5020 in‘qua
555 4964 661 5004 non
690 4947 859 5019 possit
885 4946 1042 5002 mori.
1254 4956 1255 4959 ‘

156 5040 345 5100 CAPUT
382 5044 516 5100 CVI.
534 5073 606 5084 -——
633 5041 817 5097 Libero
860 5042 1071 5096 arbitrio
1092 5041 1259 5113 gratia
1284 5042 1565 5095 necessaria
1588 5041 1644 5095 in

109 5134 230 5199 pruna
246 5148 290 5194 et
307 5139 524 5195 secundo
568 5146 725 5191 statu.
776 5136 925 5192 lllam
947 5135 1024 5207 (a)
1047 5143 1233 5191 natura
1264 5134 1495 5191 humana
1517 5149 1643 5205 per-

154 5288 166 5319 ¹
190 5284 255 5340 Sic
269 5298 368 5342 ms.
390 5290 509 5341 Editi
529 5302 669 5349 vero,
686 5289 809 5341 sicut
830 5294 877 5340 et
897 5287 1090 5342 veritas.

152 5351 168 5415 ξ
194 5352 337 5415 Abest,
361 5366 470 5414 non,
492 5353 558 5403 ab
577 5352 803 5403 omnibus
823 5366 981 5415 prope
997 5360 1088 5403 Mss

154 5366 168 5380 ·
194 5366 337 5415 Abest,
361 5366 470 5414 non,
492 5366 558 5403 an
577 5366 803 5403 omnibus
823 5366 976 5415 prope
999 5366 1106 5403 mss.

154 5412 170 5443 ³
194 5420 282 5489 5m.
300 5421 370 5465 Er.
392 5422 740 5489 Dan._ctl.ov.,
768 5414 895 5489 quod
917 5413 1061 5488 etiam
1082 5417 1441 5489 peccarepossit
1453 5426 1547 5489 ;_et
1562 5421 1641 5489 jn-

110 5470 235 5551 gin
259 5489 347 5551 qua
374 5486 530 5551 posset
558 5477 705 5551 etiam
871 5489 888 5526 :
925 5470 1099 5551 omissa
1122 5470 1337 5551 negante
1375 5470 1639 5551 particula;

110 5539 556 5653 ἔξιὲὼυὲεὲφῷξιῶοοο
575 5541 627 5589 in
658 5540 907 5603 plerisque
935 5547 1038 5589 Mss.
1063 5539 1353 5605 reperimus,
1376 5539 1566 5594 necnon
1588 5539 1638 5597 ni

612 5666 893 5717 lambertus
911 5674 1110 5717 Danteus
1130 5676 1186 5719 ut
1213 5668 1348 5721 Illam
1369 5669 1639 5724 referamus

117 5718 680 5794 @Zvoluntatemhhominis
696 5763 710 5786 ,
748 5729 810 5794 de
842 5744 937 5792 qua
971 5718 1210 5794 superiori
1236 5718 1424 5794 capite.
1460 5718 1638 5787 irati};

117 5786 215 5839 Petti
248 5790 474 5841 ωηιΜί
505 5791 842 5872 interpretatio
860 5786 949 5842 'sic
970 5786 1128 5845 locum
1148 5786 1339 5846 citantis
1372 5796 1633 5860 in‘EScnt.,

3232 302 3341 361 282

1749 390 1882 448 didit
1903 408 2001 463 per
2017 396 2244 456 liberum
2277 403 2555 463 arbitrium
2581 425 2596 474 ;
2628 406 2767 467 hanc
2788 420 2871 467 est
2916 423 3197 485 acceptura
3232 433 3332 488 per

1747 488 1994 557 gratiam,
2018 505 2176 561 quam
2199 493 2393 565 fuerat,
2425 498 2471 553 si
2499 514 2603 555 non
2626 512 3209 577 peccasset,acceptura
3239 524 3337 579 per

1746 581 1995 637 meritum
2029 601 2041 637 :
2090 588 2332 655 quamvis
2360 590 2477 648 sine
2501 594 2668 662 gratia
2703 609 2803 650 nec
2823 603 2948 653 tunc
2973 598 3139 653 ullum
3167 603 3338 657 meri-

1746 678 1859 728 tum
1883 689 2003 731 esse
2045 678 2322 747 potuisset.
2345 681 2478 748 Quia
2508 685 2609 740 etsi
2640 696 2916 757 peccatum
2942 690 2995 744 in
3025 690 3141 745 solo
3165 691 3334 750 libero

1745 766 1966 823 arbitrio
1991 779 2106 826 erat
2125 773 2491 845 constitutum,
2525 793 2633 833 non
2650 786 2826 835 tamen
2852 780 3073 851 iustitiae
3095 784 3336 839 retinen-

1744 857 1828 913 da:
1874 862 2172 919 sufficiebat
2197 865 2424 923 liberum
2467 869 2764 938 arbitrium,
2794 872 2895 927 nisi
2919 874 3333 945 participatione

1745 952 2098 1013 immutabilis
2146 959 2272 1015 boni
2318 960 2557 1017 divinum
2606 964 2928 1034 adjutorium
2976 968 3336 1038 praeberetur.

1746 1044 1892 1103 Sicut
1912 1049 2053 1105 enim
2080 1053 2217 1107 mori
2261 1063 2342 1110 est
2371 1055 2423 1109 in
2452 1055 2685 1113 hominis
2732 1067 2995 1128 potestate
3038 1075 3161 1116 cum
3183 1062 3337 1130 velit,

1747 1155 1904 1196 nemo
1932 1151 2016 1198 est
2034 1145 2177 1199 enim
2200 1146 2289 1215 qui
2314 1161 2421 1202 non
2437 1148 2691 1220 seipsum,
2721 1158 2780 1206 ut
2804 1151 2936 1207 nihil
2961 1152 3105 1209 aliud
3133 1155 3335 1225 dicam,

1744 1234 1827 1289 vel
1854 1250 1960 1291 non
1977 1237 2243 1294 vescendo
2286 1241 2455 1310 possit
2481 1241 2767 1308 occidere;
2810 1244 2876 1300 ad
2899 1246 3063 1301 vitam
3098 1263 3229 1303 vero
3256 1258 3337 1303 te—

1745 1330 1975 1386 nendam
2000 1332 2244 1388 voluntas
2289 1348 2394 1389 non
2430 1335 2560 1391 satis
2587 1344 2691 1402 est,
2723 1336 2769 1391 si
2796 1336 3057 1407 adjutoria
3085 1339 3199 1395 sive
3240 1340 3339 1395 ali-

1745 1431 2046 1480 mentorum
2063 1425 2176 1481 sive
2192 1441 2648 1498 quorumcumque
2664 1430 2980 1485 tutaminum
3001 1430 3179 1487 desint
3208 1448 3224 1488 z
3255 1432 3337 1488 sic

1747 1517 1908 1573 homo
1933 1518 1989 1572 in
2031 1517 2276 1585 paradiso
2295 1517 2361 1573 ad
2392 1533 2450 1574 se
2477 1519 2831 1577 occidendum
2876 1522 3227 1593 relinquendo
3246 1525 3338 1594 ju-

1746 1610 1943 1665 stitiam
1972 1608 2194 1666 idoneus
2215 1619 2330 1666 erat
2355 1626 2451 1681 per
2478 1611 2826 1678 voluntatem,
2859 1622 2917 1670 ut
2950 1624 3129 1671 autem
3174 1617 3241 1671 ab
3266 1632 3334 1672 eo

1747 1711 2025 1759 teneretur
2041 1704 2145 1758 vita
2170 1703 2409 1774 iustitiae,
2438 1719 2625 1775 parum
2653 1714 2771 1761 erat
2798 1706 2958 1770 velle,
2996 1708 3100 1764 nisi
3126 1708 3214 1765 ille
3238 1709 3332 1781 qui

1747 1808 1870 1851 eum
1886 1793 2085 1849 fecerat
2112 1793 2407 1864 adiuvaret.
2435 1794 2543 1851 Sed
2570 1805 2690 1865 post
2714 1796 2859 1852 illam
2906 1798 3115 1853 ruinam
3156 1800 3329 1869 maior

1746 1894 1830 1941 est
1849 1884 2215 1941 misericordia
2237 1886 2352 1953 Dei,
2380 1887 2593 1957 quando
2614 1897 2669 1945 et
2706 1888 2880 1959 ipsum
2910 1889 3187 1945 arbitrium
3219 1892 3236 1923 ι
3269 1892 3338 1946 Ιί-

1747 1976 2039 2033 berandum
2065 1986 2148 2033 est
2177 1992 2206 2032 a
2233 1979 2511 2044 servitute,
2543 1979 2630 2035 cui
2677 1979 2985 2036 dominatur
3007 1996 3130 2037 cum
3164 1991 3339 2039 morte

1748 2078 2045 2139 peccatum.
2076 2069 2185 2125 Nec
2226 2071 2448 2127 omnino
2492 2086 2589 2143 per
2629 2073 2890 2143 seipsum,
2920 2074 3014 2129 sed
3046 2090 3143 2145 per
3164 2075 3335 2132 solam

1750 2160 1841 2215 Dei
1868 2161 2110 2231 gratiam,
2135 2177 2254 2233 qua:
2285 2162 2336 2216 in
2368 2162 2471 2219 fide
2499 2162 2699 2219 Christi
2719 2166 2890 2234 posita
2917 2176 3023 2234 est,
3043 2166 3338 2236 liberatur;

1748 2262 1807 2308 ut
1828 2254 2077 2309 voluntas
2113 2254 2247 2325 ipsa,
2276 2256 2414 2310 sicut
2443 2259 2705 2327 scriptum
2731 2265 2832 2324 est,
2858 2273 2888 2313 a
2931 2258 3160 2315 Domino
3198 2276 3341 2330 prte-

1749 2357 1964 2417 paretur
1989 2348 2008 2418 (
2038 2346 2192 2402 Prov.
2242 2364 2356 2415 vm,
2381 2349 2472 2416 ⁸55,
2519 2366 2619 2405 sec.
2642 2350 2791 2406 LXX
2818 2352 2858 2423 ),
2879 2367 2983 2423 qua
3022 2363 3215 2410 caetera
3244 2355 3341 2412 Dei

1748 2457 1971 2497 munera
2041 2442 2356 2513 capiantur,
2416 2458 2514 2514 per
2558 2459 2678 2516 quae
2745 2445 2987 2501 veniatur
3026 2447 3095 2502 ad
3144 2462 3341 2504 munus

1750 2540 2032 2590 aeternum.

1820 2625 2048 2683 CAPUT
2086 2626 2241 2682 CVII.
2276 2656 2344 2671 ε·-
2380 2626 2498 2681 Vita
2523 2636 2712 2683 (eterna
2731 2645 2921 2692 merces
2948 2639 2995 2685 et
3024 2639 3190 2687 tamen
3211 2650 3332 2704 gra-

1750 2718 1841 2772 tia.
1874 2718 2121 2775 Voluntas
2144 2718 2243 2773 Dei
2267 2720 2330 2773 de
2355 2720 2554 2775 homine
2596 2732 2833 2792 peccante
2865 2724 3092 2793 impleta.
3117 2725 3271 2781 Unde
3288 2735 3345 2783 et

1750 2812 1918 2881 ipsam
1946 2812 2110 2866 vitam
2163 2821 2442 2877 aeternam,
2472 2830 2592 2885 quae
2617 2824 2764 2871 certe
2792 2820 2811 2848 ²
2839 2832 3049 2873 merces
3093 2829 3176 2875 est
3205 2836 3339 2892 ope-

1748 2919 1868 2959 rum
1888 2903 2173 2975 bonorum,
2200 2906 2427 2977 gratiam
2456 2906 2548 2963 Dei
2575 2909 2811 2980 appellat
2857 2910 3148 2983 Apostolus
3179 2933 3191 2968 :
3228 2916 3340 2971 Sti-

1751 2996 1993 3067 pendium
2015 2998 2165 3063 enim,
2195 2998 2387 3069 inquit,
2412 3001 2606 3069 peccati
2642 3018 2778 3057 mors
2807 3020 2826 3069 ;
2852 3005 3017 3074 gratia
3060 3016 3225 3061 autem
3247 3007 3345 3064 Dei

1748 3089 1852 3142 vita
1875 3099 2066 3143 aeterna
2086 3090 2141 3144 in
2180 3088 2381 3145 Christo
2415 3091 2542 3146 Iesu
2582 3091 2809 3148 Domino
2839 3098 3055 3168 nostro(
3088 3096 3242 3155 Rom.
3265 3116 3340 3167 vr,

1748 3177 1822 3234 25
1846 3180 1885 3249 ).
1916 3178 2248 3250 Stipendium
2274 3195 2372 3251 pro
2397 3197 2561 3253 opere
2588 3184 2795 3240 militia:
2818 3185 3053 3242 debitum
3076 3191 3339 3261 redditur,

1751 3287 1857 3327 non
1878 3270 2107 3327 donatur
2138 3291 2151 3327 :
2184 3273 2304 3330 ideo
2350 3273 2502 3342 dixit,
2562 3274 2884 3347 Stipendium
2918 3282 3126 3350 peccati
3158 3299 3343 3351 mors;

1749 3374 1809 3421 ut
1833 3374 2061 3421 mortem
2095 3377 2313 3437 peccato
2331 3382 2437 3423 non
2460 3368 2728 3425 immerito
2752 3371 2973 3440 illatam,
2996 3374 3089 3429 sed
3108 3375 3342 3433 debitam

1750 3458 2164 3515 demonstraret.
2201 3458 2382 3516 Gratia
2410 3476 2539 3517 vero
2586 3462 2687 3517 nisi
2708 3465 2873 3534 gratis
2899 3474 3001 3531 est,
3038 3468 3206 3537 gratia
3234 3484 3342 3526 non

1750 3560 1852 3607 est.
1877 3552 2282 3623 Intelligendum
2313 3562 2397 3609 est
2425 3554 2583 3625 igitur
2604 3556 2764 3612 etiam
2804 3556 2918 3627 ipsa
2947 3558 3178 3616 hominis
3202 3560 3343 3619 bona

1749 3644 1940 3699 merita
1979 3659 2099 3699 esse
2140 3645 2234 3700 Dei
2284 3661 2547 3712 munera;
2577 3648 2770 3718 quibus
2821 3664 2941 3705 cum
2987 3651 3092 3707 vita
3133 3662 3335 3710 aeterna

1750 3735 2013 3803 redditur,
2036 3735 2164 3807 quid
2190 3737 2293 3792 nisi
2319 3740 2487 3809 gratia
2534 3754 2632 3809 pro
2672 3741 2840 3812 gratia
2870 3742 3110 3800 redditur
3138 3745 3331 3818 (Joan.

1746 3844 1787 3897 ι,
1819 3830 1889 3885 16
1917 3827 2087 3902 )?Sic
2114 3845 2243 3901 ergo
2288 3829 2457 3887 factus
2482 3840 2566 3887 est
2596 3832 2760 3890 homo
2789 3844 2987 3902 rectus,
3009 3846 3137 3893 utet
3162 3854 3347 3895 mane-

1747 3924 1875 3979 rein
1902 3938 1965 3979 ea
1980 3923 2301 3979 rectitudine
2326 3933 2509 3994 posset
2538 3940 2642 3981 non
2670 3926 2786 3983 sine
2830 3928 3098 3999 adjutorio
3124 3931 3329 4001 divino,

1749 4027 1803 4074 et
1847 4034 1945 4074 suo
1973 4019 2086 4074 fieri
2146 4033 2430 4089 perversus
2483 4020 2728 4075 arbitrio.
2787 4020 3115 4079 Utrumlibet
3146 4026 3341 4082 horum

1749 4112 2020 4183 elegisset,
2052 4111 2150 4167 Dei
2201 4112 2448 4167 voluntas
2497 4111 2668 4181 lieret,
2699 4121 2792 4168 aut
2816 4114 2975 4169 etiam
3019 4115 3087 4171 ab
3112 4116 3225 4184 illo,
3252 4125 3345 4174 aut

1748 4216 1893 4262 certe
1908 4206 1976 4261 de
1996 4205 2107 4259 illo.
2135 4204 2366 4259 Proinde
2392 4204 2514 4274 quia
2554 4219 2703 4258 suam
2743 4205 2930 4260 maluit
2967 4206 3145 4263 facere
3174 4223 3337 4278 quam

1751 4299 1868 4367 Dei,
1891 4299 1960 4354 dc
1990 4298 2079 4354 illo
2100 4296 2237 4354 facta
2263 4306 2347 4353 est
2367 4298 2613 4353 voluntas
2636 4298 2752 4366 Dei,
2777 4298 2867 4369 qui
2887 4315 2953 4355 ex
2978 4300 3165 4358 eadem
3198 4319 3343 4360 mas-

1750 4408 1807 4448 sa
1860 4392 2195 4463 perditionis,
2224 4406 2343 4461 quze
2394 4390 2462 4446 de
2517 4390 2662 4445 illius
2701 4391 2872 4463 stirpe
2900 4392 3177 4463 proﬂuxit,
3210 4394 3339 4452 facit

1748 4485 1891 4541 aliud
1914 4484 2082 4539 vasin
2114 4483 2395 4549 honorem,
2431 4482 2575 4539 aliud
2620 4483 2675 4539 in
2729 4486 3106 4541 contumeliam
3133 4488 3151 4558 (
3179 4487 3335 4545 Rom.

1750 4594 1826 4645 Ix,
1853 4577 1918 4633 21
1952 4577 1971 4647 )
2003 4595 2015 4630 :
2048 4576 2099 4631 in
2127 4576 2407 4641 honorem,
2432 4590 2530 4647 per
2567 4576 2990 4632 misericordiam
3021 4594 3035 4644 ;
3068 4578 3121 4633 in
3151 4592 3343 4637 contu-

1750 4670 1985 4733 meliam,
2017 4684 2115 4739 per
2135 4668 2390 4738 judicium
2424 4685 2437 4722 :
2469 4676 2701 4725 utnemo
2727 4670 2985 4740 glorietur
3011 4670 3064 4726 in
3082 4671 3336 4743 homine;

1748 4776 1811 4818 ac
1840 4777 1936 4831 per
1960 4760 2082 4827 hoc,
2111 4775 2207 4815 nec
2233 4759 2286 4814 in
2317 4775 2397 4814 se.

1820 4852 2048 4909 CAPUT
2085 4850 2265 4907 CVIII.
2288 4880 2354 4891 —-
2385 4849 2471 4905 Ea:
2513 4849 2621 4906 Deo
2651 4851 2793 4907 salus
2840 4862 3034 4921 nostra,
3081 4856 3154 4909 ita
3180 4866 3343 4912 utnec

1750 4961 1840 5015 per
1865 4944 2119 4999 Christum
2140 4944 2489 5005 liberaremur,
2536 4944 2579 4997 si
2602 4959 2702 4997 non
2726 4952 2851 5000 esset
2879 4945 3031 5001 Deus.
3063 4946 3196 5004 Nam
3241 4965 3341 5006 ne-

1748 5053 1852 5109 que
1869 5053 1963 5109 per
1987 5037 2159 5107 ipsum
2189 5036 2541 5091 liberaremur
2586 5052 2753 5092 unum
2781 5036 3129 5095 Mediatorem
3160 5042 3255 5097 Dei
3286 5052 3341 5098 et

1749 5129 2023 5185 hominum
2056 5126 2328 5183 hominem
2372 5125 2555 5183 Jesum
2597 5126 3098 5200 Christum(lTim.
3132 5148 3191 5199 ιι,
3242 5133 3338 5205 5),

1748 5224 1851 5280 nisi
1877 5230 2022 5279 esset
2048 5231 2101 5278 et
2131 5221 2294 5277 Deus.
2324 5220 2431 5279 Sed
2486 5237 2609 5277 cum
2635 5221 2807 5280 factus
2834 5231 2919 5279 est
2944 5223 3135 5293 Adam,
3180 5225 3343 5281 homo

1747 5315 1952 5373 scilicet
1980 5322 2179 5381 rectus,
2208 5312 2502 5371 mediatore
2536 5328 2641 5369 non
2658 5329 2794 5385 opus
2836 5323 2953 5371 erat
2970 5315 3012 5369 ³.
3038 5314 3171 5371 Cum
3207 5329 3341 5370 vero

1745 5426 1856 5477 dist.
1901 5426 1991 5486 29,
2032 5439 2137 5489 cap.
2167 5427 2226 5475 l:
2274 5425 2465 5486 «illam,
2504 5426 2707 5489 inquit,
2732 5425 3142 5489 immortalitatem
3166 5427 3220 5489 in
3246 5439 3344 5489 qua

1755 5507 1777 5537 α
1811 5496 2003 5552 poterat
2024 5487 2121 5538 non
2157 5500 2280 5537 mort
2304 5496 2473 5539 natura
2502 5487 2711 5538 humana
2731 5527 2744 5547 ,
2771 5487 2977 5551 perdidit
3002 5501 3091 5550 per
3131 5487 3343 5538 liberum

1753 5570 1775 5599 σι
1807 5551 2058 5602 arbitrium
2084 5564 2095 5600 :
2123 5551 2247 5601 hanc
2268 5565 2388 5601 vero
2410 5553 2459 5602 in
2484 5563 2579 5613 qua
2605 5564 2699 5601 non
2717 5552 2895 5613 poterit
2919 5562 3058 5609 mori,
3084 5556 3341 5614 acceptura

1751 5633 1774 5663 α
1808 5622 1885 5664 est
1902 5628 1991 5678 per
2014 5616 2235 5678 gratiam,
2256 5629 2279 5658 ι

1810 5680 1825 5710 ί
1864 5673 1916 5725 In
1935 5673 2147 5733 excusis,
2175 5674 2376 5739 liberant
2396 5673 2668 5726 arbitrium.
2698 5676 2862 5737 Abest,
2889 5674 3110 5739 liberum,
3129 5686 3157 5725 α
3179 5680 3286 5726 Mss.

1809 5744 1827 5773 ι
1864 5749 1964 5788 Am.
1984 5746 2058 5787 Er.
2085 5748 2199 5787 Dan.
2228 5747 2278 5787 et
2301 5738 2484 5802 aliquot
2504 5745 2629 5802 Mss,
2647 5742 2795 5787 certa.

1810 5804 1829 5835 θ
1865 5802 2049 5865 aliquot
2072 5810 2175 5851 MSS.
2208 5816 2218 5849 :
2243 5799 2473 5850 mediator
2496 5799 2541 5849 ei
2561 5810 2653 5848 non
2676 5810 2793 5861 opus
2816 5803 2937 5851 erat.
