3882 6286
489 265 601 324 283

487 395 656 456 genus
681 377 969 434 humanum
1002 380 1225 444 peccata
1261 372 1420 442 longe
1445 373 1833 440 separaverunt
1872 380 1904 421 a
1943 364 2080 431 Deo,

490 491 584 547 per
602 470 973 535 Mediatorem,
1023 465 1114 538 qui
1157 464 1306 521 solus
1336 464 1453 519 sine
1491 468 1712 534 peccato
1760 466 1915 514 natus
1962 464 2077 523 est,

488 568 637 634 vixit,
665 564 875 622 occisus
914 568 1018 630 est,
1041 557 1374 617 reconciliari
1403 571 1502 614 nos
1537 553 1819 627 oportebat
1847 552 1958 608 Deo
1993 566 2085 606 us-

489 678 594 734 que
618 659 689 717 ad
719 656 898 715 carnis
924 654 1377 719 resurrectionem
1412 651 1467 707 in
1493 650 1657 706 vitam
1692 654 1949 703 aeternam
1976 663 1991 700 :
2018 652 2081 700 ut

491 755 723 810 humana
753 746 1004 821 superbia
1034 761 1133 817 per
1156 743 1510 801 humilitatem
1540 741 1636 798 Dei
1671 746 1984 812 argueretur
2019 751 2085 796 ac

487 852 788 910 sanaretur,
844 851 900 899 et
924 841 1385 898 demonstraretur
1432 834 1637 891 homini
1676 846 1839 904 quam
1868 831 2027 901 longe
2049 844 2081 885 a

488 944 600 998 Deo
634 944 960 1001 recesserat,
1000 949 1123 991 mm
1150 947 1246 1005 per
1287 931 1628 987 incarnatum
1655 926 1825 982 Deum
1856 936 2080 980 revoca-

486 1016 661 1100 retur,
693 1041 748 1088 et
771 1026 1076 1099 exemplum
1114 1021 1435 1080 obedientite
1467 1035 1564 1092 per
1587 1017 1865 1074 hominem
1908 1015 2080 1071 Deum

484 1125 788 1185 contumaci
819 1120 1022 1181 homini
1072 1117 1403 1191 praeberetur
1433 1132 1450 1183 ;
1500 1121 1557 1171 et
1595 1110 1883 1183 Unigenito
1908 1109 2083 1169 susci-

487 1224 665 1294 piente
705 1218 930 1275 formam
958 1211 1125 1279 servi,
1154 1224 1278 1282 qum
1303 1208 1437 1265 nihil
1471 1214 1596 1262 ante
1624 1209 1919 1269 meruerat,
1966 1199 2086 1256 fons

484 1313 667 1386 gratias
712 1307 1039 1381 panderetur
1063 1320 1079 1371 ;
1104 1311 1160 1360 et
1203 1300 1383 1359 carnis
1408 1299 1570 1356 etiam
1622 1294 1947 1354 resurrectio
1997 1308 2085 1349 re-

484 1403 715 1475 demptis
739 1398 1005 1472 promissa
1026 1397 1082 1454 iu
1103 1397 1222 1467 ipso
1252 1393 1610 1463 Redemptore
1630 1397 2077 1462 praemonstrare-

486 1508 600 1564 tur;
630 1504 687 1552 et
708 1509 805 1565 per
837 1489 1081 1549 eamdem
1109 1498 1356 1544 naturam
1395 1498 1556 1556 quam
1582 1497 1642 1539 se
1684 1481 1964 1552 decepisse
1980 1480 2077 1534 icc-

485 1588 726 1654 tabatur,
762 1583 1012 1641 diabolus
1056 1581 1402 1644 vinceretur;
1438 1589 1540 1633 nec
1566 1584 1747 1631 tamen
1771 1573 1935 1630 homo
1965 1572 2083 1643 glo-

485 1682 732 1744 riaretur,
762 1692 835 1734 ue
881 1678 1078 1732 iterum
1114 1670 1366 1743 superbia
1411 1674 1759 1724 nasceretur:
1784 1664 1910 1722 etsi
1953 1662 2084 1735 quid

484 1772 626 1829 aliud
652 1769 722 1826 de
748 1776 897 1824 tanto
924 1763 1231 1822 Mediatoris
1258 1767 1596 1816 sacramento
1620 1772 1651 1813 a
1673 1754 2086 1830 proficientibus

494 1862 664 1920 videri
686 1870 740 1917 et
767 1859 873 1916 dici
902 1862 1098 1929 potest,
1140 1862 1234 1909 aut
1254 1860 1464 1910 tantum
1491 1848 1682 1917 videri,
1726 1848 1935 1905 etiamsi
1975 1846 2081 1903 dici

486 1971 592 2013 nou
622 1961 815 2024 potest.

555 2042 784 2101 CAPUT
820 2040 955 2098 CIX.
983 2068 1057 2081 —-
1081 2037 1173 2096 29.
1194 2036 1498 2091 Animarum
1521 2032 1839 2106 receptacula
1860 2039 1979 2087 ante
2001 2046 2085 2086 re-

486 2136 866 2195 surrectionem.
885 2132 1123 2201 Tempus
1141 2138 1321 2183 autem
1343 2124 1484 2197 quod
1505 2124 1645 2180 inter
1672 2122 1906 2179 hominis
1930 2136 2078 2178 mor-

487 2238 594 2285 tem
649 2235 706 2283 et
752 2224 999 2283 ultimam
1038 2220 1490 2278 resurrectionem
1551 2215 1925 2288 interpositum
1980 2221 2083 2282 est,

486 2320 693 2375 animas
721 2316 918 2373 abditis
970 2311 1330 2385 receptaculis
1371 2309 1632 2373 continet,
1657 2307 1798 2364 sicut
1825 2320 2084 2377 unaque:-

390 2426 393 2427 '
486 2426 590 2483 que
615 2409 774 2481 digna
816 2415 898 2464 est
920 2405 1007 2463 vel
1038 2405 1228 2476 requie
1274 2402 1362 2459 vel
1415 2413 1657 2457 aerumna
1681 2439 1698 2468 ,
1730 2412 1828 2471 pro
1855 2411 1920 2453 eo
1944 2396 2087 2468 quod

486 2502 675 2559 sortita
695 2510 779 2556 est
818 2500 873 2554 in
898 2512 1061 2554 carne
1076 2512 1197 2553 cum
1222 2493 1452 2550 viveret.

557 2593 783 2652 CAPUT
817 2590 932 2649 CX.
960 2620 1033 2633 —
1068 2588 1398 2659 Sacriﬁcium
1443 2584 1625 2640 altaris
1654 2592 1702 2639 st
1745 2583 2075 2655 etcentosyme

488 2705 580 2761 pro
613 2686 885 2758 defunctis,
930 2692 1180 2757 quatenus
1223 2692 1269 2741 et
1315 2679 1621 2752 quibusnam
1646 2678 1861 2752 prosint.
1888 2675 2077 2747 Neque

486 2780 783 2853 negantium
828 2785 913 2834 est
959 2775 1335 2832 defunctorum
1362 2773 1570 2829 animas
1621 2772 1819 2841 pietate
1864 2784 2085 2826 suorum

486 2872 773 2929 viventium
799 2868 1048 2933 reievari,
1071 2882 1194 2923 cum
1217 2880 1316 2937 pro
1336 2864 1442 2920 illis
1470 2861 1793 2919 sacriiicium
1825 2860 2085 2917 Mediato-

488 2967 566 3023 ris
580 2964 820 3029 offertur,
874 2961 962 3016 vel
1014 2961 1374 3030 eleemosyuze
1423 2957 1477 3012 iu
1508 2954 1751 3012 Ecclesia
1782 2955 1934 3012 fiunt.
1965 2954 2076 3011 Sed

489 3059 571 3114 eis
599 3056 714 3111 hare
739 3060 984 3127 prosunt,
1006 3051 1093 3122 qui
1115 3065 1236 3107 cum
1261 3050 1523 3115 viverent,
1550 3056 1609 3105 ut
1636 3048 1754 3103 huic
1801 3047 1903 3104 sibi
1934 3055 2085 3119 post-

493 3165 559 3206 ea
604 3147 813 3221 possint
865 3144 1142 3219 prodesse,
1186 3150 1520 3201 meruerunt.
1547 3142 1644 3199 Est
1678 3142 1822 3199 enim
1860 3141 2078 3213 quidam

488 3241 700 3300 vivendi
725 3239 938 3309 modus,
985 3252 1087 3295 nec
1126 3245 1235 3293 tam
1268 3237 1441 3295 bonus
1467 3244 1525 3292 ut
1565 3251 1673 3292 non
1718 3235 1956 3307 requirat
1984 3238 2087 3293 ista

488 3344 610 3408 post
642 3342 905 3401 mortem;
935 3346 1036 3389 nec
1079 3338 1190 3388 tam
1238 3331 1410 3387 maius
1436 3337 1497 3386 ut
1530 3343 1639 3386 non
1662 3329 1714 3386 ei
1741 3329 1947 3402 prosint
1984 3329 2117 3385 ista‘

489 3437 610 3501 post
641 3435 868 3485 mortem
901 3444 916 3481 :
944 3432 1030 3482 est
1054 3439 1188 3481 vero
1218 3424 1341 3480 talis
1366 3423 1422 3479 in
1449 3424 1616 3490 bono,
1642 3431 1701 3480 ut
1734 3423 1837 3479 ista
1866 3438 1974 3480 nou
1998 3439 2085 3480 re-

487 3521 664 3593 quirat
686 3526 775 3588 ;et
799 3524 884 3573 est
924 3530 1112 3573 rursus
1140 3515 1260 3571 talis
1279 3516 1335 3570 in
1363 3514 1531 3581 maio,
1557 3522 1617 3570 ut
1644 3528 1744 3569 nec
1770 3513 1855 3570 his
1877 3513 2079 3583 valeat,

487 3628 609 3669 cum
635 3627 702 3669 ex
728 3610 831 3667 hac
879 3610 988 3665 vita
1036 3608 1370 3676 trausierit‘,
1403 3606 1667 3679 adjuvari.
1694 3607 1954 3674 Quocirca
1981 3607 2071 3665 hic

487 3719 647 3761 omne
662 3702 913 3759 meritum
941 3709 1309 3773 comparatur,
1333 3713 1440 3771 quo
1487 3700 1658 3771 possit
1687 3707 1809 3771 post
1830 3699 1969 3755 hanc
1998 3700 2078 3755 vi-

488 3805 596 3854 tam
622 3796 850 3853 relevari
883 3794 1149 3866 quispiam
1203 3793 1285 3850 vel
1335 3792 1565 3865 gravari.
1613 3792 1783 3849 Nemo
1817 3808 1877 3849 se
1900 3801 2082 3850 autem

485 3896 690 3961 speret,
721 3888 864 3959 quod
879 3886 969 3943 hic
982 3886 1278 3958 neglexerit
1296 3888 1341 3953 ',
1364 3900 1487 3943 cum
1506 3885 1724 3953 obierit,
1745 3885 1889 3956 apud
1904 3887 2071 3942 Deum

488 3982 803 4056 promereri.
846 3982 963 4038 Non
993 3979 1151 4053 igitur
1178 3981 1278 4036 ista
1327 3994 1447 4051 quae
1486 3994 1583 4051 pro
1632 3978 1901 4036 defunctis
1934 3993 2083 4036 com-

485 4076 805 4136 mendaudis
853 4074 1157 4147 frequentat
1195 4073 1460 4141 Ecclesia,
1507 4073 1583 4129 illi
1608 4074 1917 4144 apostolica:
1950 4082 2076 4130 sunt

486 4172 713 4229 adversa
728 4169 1033 4238 sententiae,
1061 4183 1165 4241 qua
1190 4167 1391 4224 dictum
1422 4176 1526 4235 est,
1559 4165 1744 4223 Omnes
1771 4167 1906 4222 enim
1924 4175 2065 4223 asta-

492 4264 653 4319 bimus
678 4270 796 4318 ante
832 4259 1054 4317 tribunal
1079 4257 1291 4326 Christi,
1322 4267 1378 4313 ut
1414 4260 1605 4330 referat
1625 4259 1969 4333 unusquisque
1996 4275 2080 4316 se-

486 4354 709 4411 cundum
732 4368 919 4424 eaque
962 4367 1052 4422 per
1074 4366 1259 4422 corpus
1282 4351 1456 4422 gessit,
1488 4351 1589 4406 sive
1615 4352 1822 4419 bonum,
1851 4353 1956 4408 sive
1975 4369 2084 4407 ma-

487 4449 594 4505 lum
619 4448 638 4519 (
661 4445 815 4502 Rom.
862 4459 975 4512 xxv,
999 4441 1090 4510 i0,
1112 4452 1159 4497 et
1184 4441 1229 4499 ll
1244 4441 1364 4498 Cor.
1394 4458 1449 4509 v,
1472 4443 1615 4513 10);
1642 4443 1766 4514 quia
1790 4443 1951 4499 etiam
1981 4443 2084 4501 hoc

486 4541 744 4598 meritum
764 4536 867 4594 sibi
906 4536 1132 4609 quisque
1159 4534 1287 4591 dum
1308 4533 1364 4591 in
1392 4548 1620 4606 corpore
1645 4535 1846 4590 viveret
1862 4549 2081 4606 compa-

488 4634 648 4701 ravit,
668 4640 740 4687 .ut
764 4631 814 4687 ei
831 4630 1043 4703 possint
1086 4628 1190 4686 ista
1219 4626 1497 4701 prodesse.
1523 4627 1642 4685 Non
1671 4628 1815 4684 enim
1833 4629 2084 4687 omnibus

488 4731 747 4798 prosunt;
777 4731 832 4779 et
881 4736 1049 4794 quare
1098 4736 1205 4778 non
1241 4720 1489 4777 omnibus
1535 4728 1780 4791 prosunt,
1833 4721 1936 4777 nisi
1962 4738 2087 4794 pro-

488 4827 606 4891 pter
632 4815 985 4873 diﬁ‘erentiam
1008 4816 1132 4871 vitae
1159 4829 1319 4887 quam
1356 4813 1579 4886 quisque
1616 4813 1781 4886 gessit
1806 4813 1863 4869 iu
1888 4829 2084 4886 corpo-

488 4927 549 4968 re
569 4910 593 4965 ἲ
618 4907 751 4967 Cum
776 4923 904 4980 ergo
932 4907 1192 4966 sae’fillcia
1215 4908 1329 4965 sive
1353 4907 1538 4965 altaris
1565 4908 1684 4965 sive
1706 4923 2085 4980 quarumcum-

489 5018 593 5076 que
618 5002 1077 5073 eleemosynarum
1120 5014 1218 5072 pro
1236 4999 1518 5072 baptizatis
1541 5000 1809 5058 defunctis
1833 5001 2083 5060 omnibus

488 5097 806 5162 offeruntur,
826 5109 925 5166 pro
951 5093 1110 5152 valde
1134 5094 1294 5150 bonis
1320 5094 1613 5166 gratiarum
1636 5094 1874 5152 actiones
1892 5104 2034 5152 'suut
2062 5112 2077 5163 ;

489 5202 588 5260 pro
614 5200 720 5243 nou
750 5184 906 5243 valde
932 5185 1090 5243 malis
1135 5184 1543 5257 propitiationes
1586 5194 1751 5253 sunt;
1786 5200 1885 5258 pro
1927 5187 2085 5244 valde

490 5282 645 5338 malis
689 5280 900 5337 etiamsi
949 5280 1091 5335 nulla
1147 5286 1273 5335 sunt
1326 5276 1632 5350 adiumenta
1694 5290 2079 5351 mortuorum;

488 5376 906 5449 qualescumque
950 5373 1196 5429 vivorum
1247 5372 1649 5430 consolationes
1705 5383 1849 5430 sunt.
1882 5374 2083 5441 Quibus

490 5480 667 5526 autem
696 5473 940 5539 prosunt,
985 5476 1075 5523 aut
1120 5467 1187 5522 ad
1217 5466 1319 5525 hoc
1344 5477 1587 5539 prosunt,
1616 5476 1676 5523 ut
1703 5468 1773 5524 sit
1799 5469 1957 5538 plena
1982 5485 2073 5526 re-

556 5584 573 5616 ι
608 5591 710 5644 sm.
732 5587 807 5632 Er.
834 5586 887 5631 et
908 5579 1105 5644 quidam
1126 5588 1254 5641 Mss,
1278 5593 1389 5631 cum
1410 5576 1515 5632 hac
1536 5578 1633 5631 vita
1651 5577 1914 5631 transierit.

552 5647 574 5677 ³
588 5643 757 5707 Plures
776 5643 1086 5707 probienotae
1106 5650 1213 5693 Mss.
1233 5657 1244 5692 :
1272 5652 1415 5707 Nemo
1428 5656 1479 5695 se
1493 5650 1654 5707 eadem
1675 5649 1937 5707 prtzparet,
1954 5643 2082 5707 quod

493 5705 573 5757 hic
893 5704 1159 5775 iidemque.
1190 5719 1299 5754 cum
1336 5702 1443 5755 aliis
1478 5702 1728 5775 plerisque
1773 5702 2070 5775 proseququ

490 5763 809 5831 turslc,'cum
826 5763 994 5820 abierit
1016 5763 1273 5820 Dbtttimtm
1293 5763 1594 5831 promereri;
1618 5763 1812 5830 oinisso,
1837 5763 1986 5834 αριάι.

993 251 1459 319 ENCHIRIDION,
1501 248 1652 307 SIVE
1691 249 1782 306 DE
1820 246 2004 317 FIDE,
2044 244 2175 305 SPE
2214 245 2305 302 ET
2340 245 2764 315 CHARITATE,
2807 246 2866 304 S.
2909 248 3281 310 AUGUSTINI

3672 259 3772 322 εει

2192 362 2399 427 missio,
2425 372 2519 419 aut
2561 372 2711 422 certe
2756 373 2817 421 ut
2860 366 3194 427 tolerabilior
3237 371 3329 427 fiat
3355 373 3372 405 ⁸
3402 372 3518 445 ipsa
3568 374 3775 437 damna-

2190 455 2271 512 tio.
2294 455 2397 531 (η).

2260 547 2485 609 CAPUT
2523 548 2657 607 CXI.
2693 580 2770 594 —
2824 551 2953 610 Dure
2990 554 3213 613 civitates
3265 567 3379 629 post
3428 560 3686 631 judicium
3728 568 3773 625 in

2188 650 2377 698 (eterna
2403 642 2482 698 vel
2502 634 2811 701 beatitudine
2855 645 2935 703 ost
2975 648 3217 709 miseria-
3247 650 3375 709 Post
3430 662 3772 717 resurrectio-

2188 748 2315 789 nem
2342 750 2472 792 vero
2520 732 2662 794 facto
2696 738 2948 795 universo
2974 742 3353 815 completoque
3389 746 3620 816 judicio,
3651 766 3766 810 suos

2189 826 2328 884 fines
2373 827 2648 889 habebunt
2704 832 2944 888 civitates
2985 832 3124 902 dum,
3160 852 3263 893 una
3314 839 3525 897 scilicet
3570 841 3772 915 Christi,

2188 920 2359 978 altera
2373 921 2570 979 diaboli
2603 942 2618 990 ;
2648 940 2752 981 una
2783 925 3069 995 bonorum,
3100 928 3268 987 altera
3308 934 3619 997 maiorum;
3649 950 3776 997 utra-

2188 1028 2295 1084 que
2318 1023 2499 1073 tameu
2520 1024 2576 1072 et
2601 1018 2916 1086 angelorum
2945 1029 3003 1077 et
3026 1019 3324 1079 hominum.
3368 1024 3492 1082 istis
3518 1030 3773 1099 voluntas,

2190 1105 2295 1162 illis
2314 1106 2538 1164 facultas
2578 1124 2685 1165 non
2722 1112 2922 1181 poterit
2970 1113 3077 1170 ulla
3105 1130 3228 1173 esse
3262 1121 3543 1189 peccandi,
3583 1125 3774 1182 velulla

2186 1200 2423 1259 conditio
2450 1204 2746 1272 moriendi;
2775 1206 2890 1263 istis
2927 1207 2983 1265 in
3008 1218 3209 1269 aitet-na
3240 1212 3354 1270 vita
3382 1229 3511 1271 vere
3530 1215 3776 1277 feliciter-

2188 1308 2293 1364 que
2320 1294 2639 1363 viventibus,
2670 1296 2778 1355 illis
2825 1300 3109 1358 infeliciter
3136 1303 3192 1360 iu
3220 1314 3424 1363 aeterna
3451 1318 3635 1365 morte
3676 1312 3776 1370 sine

2189 1386 2452 1442 moriendi
2483 1396 2749 1457 potestate
2772 1392 2792 1423 ²
2830 1390 3170 1463 durantibus,
3195 1397 3448 1466 quoniam
3472 1402 3689 1471 utrique
3716 1406 3778 1458 si-

2188 1496 2259 1537 ne
2283 1480 2412 1539 fine.
2442 1482 2548 1539 Sed
2578 1484 2631 1538 in
2682 1483 3015 1545 beatitudine
3064 1489 3155 1546 isti
3179 1490 3317 1547 alius
3360 1493 3470 1550 alio
3508 1499 3776 1565 praestabi-

2190 1572 2314 1643 lius,
2345 1575 2400 1631 in
2417 1576 2635 1635 miseria
2648 1593 2780 1636 vero
2804 1578 2881 1635 illi
2901 1580 3039 1638 alius
3077 1581 3187 1639 alio
3206 1583 3547 1645 tolerabilius
3577 1605 3775 1660 perma-

2191 1669 2415 1724 uehunt.

2261 1760 2486 1818 CAPUT
2522 1760 2684 1819 CXII.
2710 1792 2784 1805 --
2808 1763 3024 1822 Panem
3066 1768 3432 1835 damnatorum
3445 1784 3689 1833 auruum
3708 1784 3776 1850 {o-

2188 1868 2261 1909 rs.
2288 1852 2509 1910 Frustra
2538 1854 2719 1927 itaque
2744 1858 3013 1925 nonnulli,
3045 1860 3155 1916 imo
3174 1877 3333 1932 quam
3364 1865 3608 1935 plurimi,
3632 1879 3764 1927 aiter-

2190 1960 2313 2001 uam
2334 1944 2706 2003 damnatorum
2734 1963 2947 2018 prunam
2991 1960 3047 2008 et
3064 1954 3339 2011 cruciatus
3361 1957 3480 2014 sine
3509 1959 3771 2019 intermis—

2191 2039 2643 2111 sioueperpetuos
2662 2042 2899 2101 humano
2926 2046 3249 2105 miserantur
3277 2050 3499 2120 aii'eetu,
3516 2062 3681 2125 atque
3704 2058 3767 2113 ita

2190 2130 2430 2189 futurum
2452 2149 2575 2191 esse
2618 2150 2728 2191 non
2757 2135 2987 2194 credunt
3006 2137 3028 2170 ³
3053 2155 3070 2206 ;
3094 2154 3205 2196 non
3231 2141 3453 2211 quidem
3479 2143 3762 2218 Scripturis

2189 2222 2385 2280 divinis
2431 2224 2928 2295 adversando,'sed
2958 2244 3057 2300 pro
3093 2245 3194 2289 suo
3218 2242 3369 2289 motu
3395 2235 3531 2293 dura
3556 2253 3768 2311 quaeque

2190 2316 2501 2384 mollieudo,
2531 2326 2587 2374 et
2610 2318 2665 2375 iu
2691 2319 2953 2379 leniorem
2981 2319 3247 2380 flectendo
3275 2330 3626 2399 sententiam,
3656 2349 3767 2404 qua

2189 2416 2377 2479 putant
2404 2410 2459 2465 iu
2501 2411 2582 2467 eis
2631 2411 2922 2471 terribilius
2956 2412 2979 2445 ⁸
3022 2429 3145 2472 esse
3195 2416 3360 2486 dicta,
3394 2437 3559 2492 quam
3610 2428 3769 2485 verius

2189 2500 2291 2574 (b).
2315 2500 2439 2558 Non
2462 2503 2605 2559 enim
2644 2503 2981 2576 obliviscetur,
3030 2508 3297 2581 inquiunt,
3350 2515 3581 2573 misereri
3626 2519 3764 2587 Das,

2189 2605 2279 2650 aut
2303 2596 2573 2652 continebit
2590 2597 2645 2652 in
2664 2597 2742 2653 ira
2760 2615 2857 2654 sua
2884 2600 3232 2660 miserationes
3256 2622 3377 2663 suos
3395 2606 3575 2680 (Psai.
3600 2628 3764 2677 um,

2191 2685 2321 2761 i0).
2369 2687 2482 2747 Hoc
2496 2688 2713 2760 quidem
2754 2689 2809 2746 in
2833 2691 3041 2762 psalmo
3067 2692 3260 2766 legitur
3309 2708 3495 2755 saneto
3523 2718 3541 2767 ;
3589 2703 3681 2760 sed
3706 2703 3764 2761 de

2190 2781 2275 2839 his
2297 2782 2414 2839 sine
2431 2783 2539 2839 ullo
2563 2784 2813 2854 scrupulo
2836 2785 3171 2857 intelligitur,
3188 2787 3280 2859 qui
3306 2805 3435 2847 vasa
3472 2794 3762 2852 misericor-

2189 2875 2291 2930 dite
2312 2884 2705 2945 nuncupantur,
2752 2876 2879 2947 quia
2904 2887 2960 2933 et
2985 2878 3087 2949 ipsi
3128 2895 3236 2937 non
3265 2897 3364 2952 pro
3392 2886 3604 2945 meritis
3644 2888 3759 2953 suis,

2188 2966 2285 3022 sed
2311 2968 2421 3023 Deo
2446 2968 2739 3025 miserante
2774 2969 2842 3025 de
2870 2970 3088 3029 miseria
3116 2973 3435 3033 liberantur.
3461 2981 3574 3037 Aut
3608 2983 3652 3038 si
3675 2982 3761 3041 hoc

2189 3059 2258 3115 ad
2281 3075 2467 3117 omnes
2487 3062 2800 3119 existimant
2828 3065 3124 3134 pertinere,
3150 3082 3260 3125 non
3306 3070 3429 3128 ideo
3453 3088 3672 3133 necesse
3694 3086 3763 3134 est

2188 3161 2250 3209 ut
2262 3153 2659 3211 damnationem
2676 3156 2961 3226 opinentur
2984 3173 3145 3229 posse
3172 3159 3315 3218 finiri
3340 3177 3534 3222 eorum
3563 3167 3633 3224 de
3656 3169 3756 3240 qui-

2251 3335 2411 3386 ‘MSS.

2187 3395 2758 3531 “immane.
2789 3460 3761 3529 etaliusecolbctinlsntuemorisw

2184 3527 2494 3648 neseisl'ilq‘ttigt
2515 3590 2642 3645 Mss,
2666 3588 2806 3648 atque
2828 3582 2897 3636 ita
2919 3586 3105 3651 [inuras
3127 3601 3227 3641 esse
3244 3604 3337 3641 non
3359 3594 3580 3646 credunt.

2246 3644 2271 3679 δ
2302 3646 2468 3679 nhs-nn
2491 3652 2580 3679 nec
2642 3652 2811 3679 nutans
2824 3647 2978 3679 mnus.
2999 3650 3263 3679 unum”..-

2302 3646 2469 3712 Ρπιιέθε
2491 3652 2615 3712 Μδβον
2824 3646 2978 3712 Μαρίε
2997 3650 3276 3704 WW1!!-

2249 3707 2819 3787 i92.,9‘9¥‘3“9‘_‘99'}§°
2832 3707 2932 3787 ι’τῆ
2954 3715 3207 3787 Ρυηίὲίρηθ
3228 3730 3402 3787 βοτυιξλ
3423 3720 3509 3787 qui
3538 3727 3641 3787 90.61
3658 3736 3755 3787 μιτ-

2184 3768 2360 3836 gatorii
2378 3783 2547 3836 pennas
2578 3768 2793 3836 salvaudi
2823 3768 2971 3835 sunt;
2995 3775 3321 3836 accipiendam
3357 3768 3755 3834 doc'uit'slbeints

2184 3833 2398 3907 magnus,
2423 3834 2473 3883 in
2489 3833 2523 3881 4
2541 3839 2696 3894 Seut.,
2719 3834 2939 3909 dist._45,
2952 3833 3053 3911 art.
3076 3833 3124 3899 3,
3143 3839 3202 3889 ad
3225 3843 3248 3914 ς
3273 3854 3289 3903 ;
3312 3853 3523 3956 eamne
3542 3833 3755 3908 interpre-

2184 3902 2417 3967 tationem
2438 3896 2700 3967 probarunt
2733 3900 2939 3961 Magistri
2974 3899 3208 3967 deinceps
3236 3918 3287 3967 tu
3313 3917 3343 3954 e
3463 3920 3542 3957 em
3578 3915 3755 3960 Senten-

2184 3960 2360 4030 tiarum
2384 3957 2560 4009 locum.
2586 3957 3001 4030 Attameu'Petrus
3024 3957 3313 4030 Lornﬁardus
3337 3980 3398 4018 eo
3432 3967 3525 4020 loci
3549 3957 3751 4030 dishﬁisr,

2183 4033 2290 4093 mp.
2315 4028 2473 4085 Neque
2504 4021 2913 4093 mqmtdurnnes‘t,
2945 4034 3031 4085 pro
3060 4025 3402 4093 damnatorum
3436 4021 3749 4093 quorumdam,

2292 4074 2537 4147 nunquam
2553 4074 2792 4155 liberandi
2826 4074 3753 4204 singlpunitioueacee—pi‘quuan—dogb:

2272 4160 2301 4196 e
2322 4144 2617 4196 concludens
2636 4144 2760 4194 dum
2783 4162 2796 4197 :
2831 4163 2853 4193 tt
2874 4154 2947 4197 Me
2983 4158 3177 4201 tocrtter
3200 4151 3340 4203 malis
3361 4169 3385 4204 s
3457 4165 3675 4204 raaautur
3701 4156 3747 4204 ad

2272 4160 2301 4196 e
2322 4144 2617 4196 concludens
2636 4144 2760 4194 dixit
2783 4162 2796 4197 :
2831 4163 2853 4193 tt
2874 4144 3177 4201 Mediocriter
3200 4144 3385 4204 malis's

2450 3332 2621 3398 plures
2651 3335 2909 3397 omittunt,
2953 3333 3042 3403 ﬁat
3056 3350 3077 3400 ;
3119 3340 3259 3406 cujus
3293 3340 3402 3395 loco
3442 3347 3655 3399 nonnulli
3692 3349 3763 3400 ha-

2193 4156 2301 4196 Inde
2322 4156 2617 4217 concludens
2636 4156 2760 4194 nixu
2783 4162 2796 4197 :
2831 4163 2853 4193 tt
2874 4156 3177 4201 mediocriter
3200 4156 3340 4203 malis
3361 4156 3675 4219 suffragantur
3701 4156 3747 4205 ad

2193 4222 2216 4254 ι
2229 4218 2386 4270 preme
2402 4209 2797 4282 mitigattonerna
2814 4216 2927 4282 nam
2947 4212 3009 4260 ab
3031 4211 3137 4262 istis
3156 4214 3470 4282 mediocriter
3491 4218 3624 4282 malis
3643 4228 3753 4282 pror-

2185 4272 2616 4337 sus_seceruit_eos
2636 4272 2773 4333 quia
2792 4272 2952 4337 pteuis
2974 4276 3267 4337 purgatoriis
3294 4279 3402 4329 sive
3435 4272 3747 4332 celerius'sive

2186 4333 2369 4408 tardius
2389 4331 2812 4408 absolvunturrper
2827 4331 3051 4408 Ecclesiae
3067 4331 3268 4408 preces,
3285 4336 3600 4408 appellatque;
3608 4354 3748 4408 omnes

2184 4394 2330 4465 hujus
2346 4395 2552 4465 generis
2565 4393 2876 4465 tuedidaiter
2890 4393 3172 4465 bonos._h_es
3186 4393 3330 4463 patet.
3343 4393 3574 4465 perieriis
3590 4405 3741 4455 ibidem

2184 4455 2587 4537 Eﬂi‘lﬂﬁﬂ’ff
2868 4461 3075 4537 αωοβ
3102 4455 3299 4537 ierim
3468 4468 3624 4537 οιοεξι
3650 4465 3742 4537 φλ

2401 4518 2607 4630 ili6
2863 4556 2878 4582 ,
2902 4518 3009 4633 basi:
3038 4528 3253 4587 apposita
3290 4533 3395 4577 est:
3441 4548 3463 4575 tt
3482 4518 3743 4580 Mediocriter

2193 4660 2219 4691 ι
2239 4657 2356 4692 men
2391 4592 2753 4692 ﬂammantur.
2778 4660 2802 4690 ι
2832 4589 2920 4692 ἐξ)
2932 4588 3744 4692 “Ingauni”

2193 4660 2219 4691 ι
2239 4657 2356 4694 men
2398 4644 2805 4711 liberabunturas
2832 4653 2920 4695 Pro
2962 4647 3053 4697 hac
3080 4644 3190 4711 ipsa
3226 4644 3458 4711 opinione
3482 4644 3746 4705 ab'slberto

2186 4712 2352 4778 magno
2374 4704 2917 4778 citaturi’raapositivus.
2940 4704 3479 4778 tu_Gelfoneusi_ep(_iiee
3500 4704 3743 4778 pervetusto

2188 4768 2351 4838 exstat
2372 4768 2602 4838 inscripta
2625 4780 2647 4815 ε
2667 4768 2801 4838 ω
2826 4780 2915 4833 pro
2935 4772 3073 4838 cujus
3096 4772 3253 4821 anima
3270 4768 3537 4837 dubitatur,
3560 4794 3581 4822 s
3608 4777 3654 4826 in
3672 4782 3744 4838 qua

2186 4830 2355 4899 isthax:
2369 4829 2551 4893 legitur
2565 4832 2718 4881 oratio
2742 4844 2755 4879 ε
2791 4849 2814 4878 α
2827 4829 3151 4899 omnipotens
3165 4842 3217 4885 et
3234 4838 3513 4899 misericors
3525 4829 3666 4899 'Deus,

2194 4910 2219 4941 ι
2239 4888 2393 4942 habes
2415 4886 2707 4961 potestatem
2730 4886 3038 4961 mortificare,
3066 4902 3117 4961 et
3140 4897 3318 4947 iterum
3335 4886 3745 4961 esttamen-

2195 4972 2219 5001 ι
2238 4968 2356 5005 cere
2397 4954 2456 5004 ad
2474 4954 2682 5013 inferos,
2709 4962 2761 5003 et
2798 4956 2976 5006 iterum
3009 4954 3283 5025 reducere;
3309 4966 3361 5011 et
3392 4974 3535 5014 vocas
3568 4954 3623 5013 ea
3659 4972 3743 5025 qua:

2194 5035 2219 5065 ι
2240 5028 2337 5085 ηοῐι
2349 5024 2481 5077 sum:
2505 5024 2731 5085 mnam
2751 5030 2935 5085 eaque
2955 5027 3098 5085 sunt;
3117 5023 3255 5085 cuius
3278 5030 3495 5085 potestas
3513 5032 3560 5077 et
3583 5028 3628 5075 in
3644 5022 3743 5085 εὸεΙο

2194 5097 2218 5127 α
2241 5082 2358 5147 etin
2379 5085 2530 5139 terra,
2556 5086 2607 5130 et
2627 5080 2676 5129 iu
2699 5080 2818 5130 mari
2835 5080 2896 5147 et
2916 5082 2965 5131 in
3002 5080 3340 5147 inferis'pleha
3363 5088 3543 5138 assistit
3566 5102 3577 5137 :
3603 5096 3647 5137 te
3670 5084 3740 5133 Illi-

2195 5156 2219 5190 s
2239 5138 2382 5191 miles
2411 5138 2783 5206 trementesque
2818 5142 3138 5206 deprecamur
3171 5138 3260 5206 p'ro
3281 5148 3441 5199 anima
3477 5148 3629 5198 famuli
3663 5147 3741 5200 tui.

2195 5222 2219 5251 ι
2239 5217 2384 5274 quam
2438 5205 2630 5274 traxisti
2667 5203 2733 5274 de
2766 5203 2995 5274 praesenti
3029 5203 3209 5274 saecqu
3248 5210 3435 5273 alisque
3481 5210 3735 5274 pmuitentizr

2193 5284 2218 5314 ι
2237 5266 2419 5328 Spatio;
2443 5273 2498 5316 ut
2518 5268 2560 5316 si
2592 5266 2791 5330 forsitan
2831 5269 2894 5317 ob
2940 5270 3230 5330 gravitatem
3259 5266 3515 5323 criminum
3529 5286 3617 5322 nou
3656 5282 3737 5319 mc-

2192 5345 2219 5376 ι
2238 5327 2375 5393 retur
2397 5341 2607 5393 surgere
2629 5330 2698 5393 ad_
2715 5327 2933 5393 gloriam,
2945 5327 3052 5393 ’ρει-
3076 5331 3180 5382 haec
3200 5344 3337 5383 sacra
3374 5335 3620 5387 oblationis
3642 5333 3727 5381 liba

2194 5389 2507 5466 amiserat
2531 5389 2815 5466 ιρὶθνεινῖιίεξ.
2839 5389 3093 5466 iamipse
3132 5401 3393 5466 ιοτιηοξιμ·
3412 5415 3433 5442 ι·
3470 5394 3735 5466 aereum,

2187 5452 2272 5503 lib.
2296 5450 2377 5503 de
2400 5450 2647 5520 miraculis
2666 5454 2819 5505 sancti
2850 5450 3097 5520 Benedicti
3113 5492 3125 5516 ,
3154 5469 3261 5520 cap.
3286 5456 3342 5508 2i
3366 5492 3382 5518 ,
3405 5460 3567 5511 scribit
3598 5456 3736 5520 Floria:

2184 5528 2364 5584 censes
2377 5516 2730 5584 pro‘auimabus
2752 5517 3027 5579 praedonum
3046 5519 3096 5584 in
3115 5514 3228 5569 acie
3246 5514 3480 5573 casurum
3521 5532 3672 5584 preces
3687 5514 3734 5565 ad

2186 5577 2435 5630 Dominum
2459 5577 2639 5644 fudisse
2653 5591 2667 5637 ;
2681 5596 2718 5644 Aa
2735 5577 2977 5644 quatenus
3000 5582 3091 5630 etsi
3128 5585 3380 5644 perpetuis
3401 5597 3493 5635 non
3515 5577 3733 5633 uiatores-

2193 5659 2217 5689 ι
2240 5651 2317 5693 tur
2353 5640 2539 5692 absolvi
2562 5640 2871 5703 cruciatibus,
2893 5642 3068 5694 saltem
3104 5640 3371 5697 minoribus
3403 5646 3729 5699 multarentur:

2194 5723 2218 5753 ι
2238 5705 2407 5755 stricto
2426 5702 2595 5766 iudice
2813 5722 2836 5753 ι

2251 5766 2322 5831 (b)
2358 5765 2457 5819 vid.
2484 5765 2551 5819 de
2571 5764 2773 5820 Civitate
2790 5769 2877 5820 Dei
2900 5764 2983 5821 lib.
3009 5768 3090 5833 2i,
3117 5782 3258 5835 capp.
3283 5769 3363 5834 i8,
3385 5771 3463 5825 14.
