3882 6286
104 416 189 471 bus
208 410 398 468 dictum
444 414 551 473 est,
585 405 647 465 Et
679 402 820 461 ibunt
837 402 924 461 isti
948 402 1004 459 in
1032 401 1337 477 supplicium
1361 408 1606 461 (sternam
1636 417 1655 459 :

104 506 269 564 neisto
290 500 450 557 modo
482 507 692 571 putetur
717 497 960 555 habitura
987 496 1152 555 ﬁnem
1178 496 1499 568 quandoque
1532 495 1659 552 feli-

100 603 210 658 citas
226 598 381 654 etiam
406 595 641 660 illorum,
665 590 735 649 de
759 591 952 664 quibus
976 607 1007 648 e
1034 591 1306 648 contrario
1328 590 1530 647 dictum
1550 600 1659 659 est,

97 691 213 751 luti
250 686 491 744 autmin
512 682 958 755 vitamazternam(
982 682 1172 737 Matth.
1212 698 1347 751 xxv,
1376 682 1444 740 46
1473 681 1518 755 ).
1548 682 1658 741 Sed

98 798 256 858 panes
269 782 640 839 damnatorum
666 777 831 835 certis
868 786 1174 848 temporum
1220 776 1517 834 intervallis
1534 778 1655 835 exi-

96 878 301 937 stiment,
344 870 392 929 si
432 871 545 927 hoc
590 870 665 926 eis
715 869 914 941 placet,
954 867 1293 940 aliquatenus
1320 867 1338 900 ί
1382 868 1635 941 mitigari.

96 970 241 1025 Etiam
265 964 341 1021 sic
369 958 574 1035 quippe
613 961 833 1035 intelligi
880 967 1060 1035 potest
1082 975 1303 1017 manere
1344 961 1401 1017 in
1446 961 1551 1017 illis
1576 960 1657 1017 ira

94 1057 379 1131 Dei(Joan.
431 1071 515 1122 ut,
556 1055 624 1115 36
651 1053 695 1126 ),
740 1054 843 1112 hoc
893 1061 978 1112 est
1024 1054 1137 1127 ipsa
1189 1053 1462 1111 damnatio
1489 1053 1510 1129 (
1541 1054 1658 1112 haec

94 1150 213 1207 enim
233 1155 447 1204 vocatur
469 1146 557 1203 ira
586 1146 703 1213 Dei,
723 1160 830 1203 non
856 1145 1023 1203 divini
1052 1146 1221 1201 animi
1254 1146 1586 1217 perturbatio
1604 1146 1651 1217 j,

94 1240 210 1297 utin
250 1240 325 1295 ira
352 1252 470 1303 sua,
521 1236 628 1294 hoc
681 1244 767 1293 est
806 1244 1061 1293 manente
1095 1236 1175 1293 ira
1193 1252 1309 1305 sus,
1339 1253 1446 1293 non
1477 1247 1653 1296 tamen

102 1332 335 1391 cout'uteat
374 1328 758 1386 miserationes
796 1342 922 1385 suas
949 1347 965 1397 ;
991 1344 1099 1385 non
1127 1337 1334 1385 :eterno
1380 1330 1645 1401 supplicio

102 1427 237 1483 tinem
258 1421 441 1492 dando,
496 1421 597 1478 sed
646 1421 892 1479 levamen
943 1421 1249 1479 adhibendo
1294 1422 1381 1479 vel
1416 1424 1653 1496 interpo-

103 1517 249 1575 nendo
269 1513 609 1572 cruciatibus.
631 1514 770 1586 Quia
795 1529 897 1572 nec
941 1514 1192 1572 Psalmus
1220 1514 1316 1583 ait,
1346 1514 1430 1571 Ad
1457 1516 1651 1572 ﬁnien-

95 1613 195 1668 dam
221 1611 341 1666 iram
362 1624 547 1675 suam,
577 1608 686 1677 vel,
744 1616 867 1681 post
919 1609 1054 1664 iram
1114 1622 1270 1665 suam
1296 1625 1312 1676 ;
1340 1608 1458 1676 sed,
1490 1610 1544 1663 in
1568 1609 1649 1664 ira

93 1722 184 1761 ssc.
201 1701 320 1771 Qus
344 1701 391 1758 si
416 1701 540 1758 sola
556 1708 705 1758 esset
731 1710 930 1772 quanta
956 1701 1029 1757 ibi
1054 1701 1275 1757 minima
1299 1701 1525 1772 cogitari
1552 1717 1643 1772 po-

93 1804 204 1862 tat;
229 1794 393 1864 perire
436 1808 473 1849 a
512 1808 687 1866 regno
736 1793 856 1859 Dei,
884 1793 1141 1851 exsulare
1188 1811 1219 1850 a
1249 1795 1466 1852 civitate
1518 1795 1637 1862 Dei,

93 1886 279 1944 alienari
310 1901 337 1939 a
364 1885 474 1942 vita
516 1885 641 1955 Dei,
684 1900 873 1943 carere
918 1894 1027 1943 tam
1060 1900 1252 1958 magna
1305 1886 1650 1943 multitudine

92 1978 351 2034 dulcedinis
392 1977 492 2034 Det
527 1991 695 2049 quam
752 1976 1035 2033 abscondit
1081 1978 1398 2035 timentibus
1442 1992 1502 2034 se
1541 1976 1646 2050 (a),

94 2073 275 2144 perfecit
318 2080 499 2129 autem
559 2070 901 2143 sperantibus
958 2071 1013 2128 in
1042 2086 1101 2127 se
1122 2070 1293 2144 (Psal.
1324 2087 1451 2138 xxx,
1499 2070 1573 2127 20
1604 2072 1645 2142 ),

92 2175 176 2221 tam
198 2164 403 2236 grandis
430 2172 519 2221 est
561 2177 746 2236 pana,
770 2172 828 2220 ut
871 2165 921 2219 ei
949 2164 1095 2221 nulla
1137 2165 1346 2235 possint
1374 2172 1647 2221 tormenta

94 2273 185 2329 qua
208 2258 433 2314 novimus
452 2255 787 2328 comparari,
817 2256 863 2310 si
886 2255 974 2311 illa
1000 2255 1071 2311 sit
1094 2263 1319 2325 aeterna,
1340 2256 1442 2312 ista
1462 2264 1647 2313 autem

93 2350 175 2405 sint
192 2350 468 2420 quamlibet
486 2348 680 2406 multis
701 2348 914 2405 saeculis
930 2347 1110 2420 longa.
1144 2400 1151 2405 .

150 2440 346 2501 CAPUT
365 2441 561 2499 CXIII.
592 2469 663 2484 --·
692 2440 834 2497 Mors
857 2442 1150 2513 impiorum,
1184 2450 1239 2496 ut
1268 2442 1371 2496 uita
1404 2442 1604 2513 piorum
1627 2480 1644 2511 ,

97 2544 312 2605 perpetuo.
338 2532 583 2590 Manebit
621 2547 753 2604 ergo
778 2532 896 2589 sine
934 2530 1040 2589 ﬁne
1073 2546 1220 2588 mors
1263 2532 1357 2587 illa
1386 2542 1648 2604 perpetua

98 2626 437 2694 damatorum,
470 2626 531 2681 id
564 2634 648 2682 est
672 2623 925 2682 alienatio
964 2640 996 2681 a
1036 2625 1143 2681 vita
1177 2624 1292 2693 Dei,
1316 2634 1370 2684 et
1396 2626 1647 2683 omnibus

96 2718 171 2774 erit
194 2719 293 2789 ipsa
315 2719 643 2785 communis,
685 2717 937 2789 quaelibet
963 2718 984 2750 ³
1017 2717 1264 2775 homines
1292 2717 1360 2774 de
1388 2718 1647 2774 varietate

99 2827 324 2883 uenarum
342 2853 360 2881 ,
383 2812 453 2871 de
476 2813 736 2870 dolorum
777 2810 1107 2869 relevatione
1133 2811 1219 2869 vel
1250 2812 1647 2871 intermissione

98 2918 170 2974 pro
190 2904 287 2961 suis
307 2904 562 2961 humanis
586 2904 818 2963 motibus
838 2903 1178 2974 suspicentur
1204 2921 1221 2959 :
1249 2905 1389 2962 sicut
1408 2905 1648 2964 manebit

97 2998 395 3055 communiter
406 2997 663 3054 omnium
686 2996 797 3053 vita
826 3006 1027 3056 aeterna
1053 3007 1379 3066 sanctorum,
1407 2999 1646 3071 qualibet

98 3086 308 3146 honorum
333 3089 511 3147 distan
521 3092 597 3145 tia
621 3090 962 3147 concorditer
988 3089 1248 3163 fulgeant.

146 3179 337 3239 CAPUT
372 3180 570 3239 CXIV.
598 3210 671 3222 —
696 3180 786 3239 50.
812 3180 1065 3253 Exposita
1102 3181 1225 3252 ﬁde,
1271 3183 1379 3255 agit
1412 3181 1477 3238 de
1511 3198 1603 3255 sps
1625 3196 1646 3238 :

99 3275 286 3344 quam
318 3278 578 3349 pertinent
616 3278 864 3333 contineri
900 3276 1131 3333 oratione
1166 3277 1443 3333 dominica.
1484 3277 1643 3349 Spem

98 3368 138 3423 in
157 3384 198 3426 ss
220 3370 315 3441 ipso
330 3388 533 3445 ponens
574 3371 891 3427 maledictus.
909 3370 990 3429 Ex
1013 3372 1113 3428 iSta
1134 3370 1259 3428 fidei
1280 3370 1638 3440 confessione,

100 3476 191 3529 qua
206 3462 419 3521 breviter
445 3463 718 3537 Symbolo
743 3463 1069 3530 continetur,
1100 3472 1152 3519 ct
1181 3463 1467 3520 carnaliter
1494 3463 1644 3534 cogi-

100 3559 181 3609 tata
201 3555 271 3613 lac
287 3557 635 3627 parvulorum
661 3563 765 3624 est,
809 3555 1157 3627 spiritualiter
1182 3563 1361 3613 autem
1391 3554 1641 3613 conside-

102 3657 186 3701 rata
205 3657 342 3721 atque
365 3658 600 3708 tractata
634 3649 783 3705 cibus
818 3656 903 3704 est
946 3647 1161 3704 fortium
1186 3688 1200 3710 ,
1247 3648 1483 3705 nascitur
1518 3663 1644 3720 spes

103 3736 206 3795 bona
228 3740 466 3813 ﬁdelium,
500 3742 597 3799 cui
626 3740 862 3797 cbaritas
889 3749 1071 3798 saneta
1101 3742 1410 3797 comitatur.
1440 3739 1545 3799 Sed
1574 3742 1643 3799 de

102 3827 150 3885 iis
168 3833 383 3891 omnibus
408 3849 543 3906 qua
585 3832 814 3891 fideliter
855 3842 980 3889 sunt
1021 3832 1311 3900 credenda,
1341 3849 1405 3890 ea
1434 3841 1643 3891 tantum

101 3920 150 3977 sd
181 3936 308 3995 spem
343 3928 621 3997 pertinent
646 3941 766 3997 quae
794 3926 1039 3983 oratione
1063 3926 1332 3983 dominica
1359 3927 1640 3984 continen-

103 4019 179 4070 tur.
216 4016 508 4076 latsdietus
550 4019 695 4075 enim
727 4018 931 4085 omnis,
971 4018 1110 4075 sicut
1155 4019 1333 4075 divina
1380 4028 1643 4077 testantur

103 4105 287 4179 eloquia,
310 4113 390 4182 qui
410 4127 563 4184 spem
588 4111 732 4184 ponit
758 4112 814 4167 in
836 4112 1037 4167 homine
1064 4109 1274 4183 (Jerem.
1299 4128 1426 4181 xvn,
1458 4114 1515 4185 5)
1540 4132 1552 4169 :
1579 4129 1643 4171 ac

105 4213 174 4266 per
193 4200 281 4259 hoc
301 4193 357 4260 et
378 4206 431 4261 in
455 4220 527 4262 se
552 4206 670 4277 ipso
693 4205 785 4276 qui
815 4220 965 4276 spem
998 4206 1165 4277 ponit,
1195 4206 1352 4277 hujus
1372 4207 1641 4263 maledicti

103 4290 270 4348 vinculo
292 4296 598 4355 innectitur.
624 4296 751 4354 ideo
776 4310 884 4353 non
910 4296 1057 4353 nisia
1075 4298 1301 4354 Domino
1328 4300 1440 4354 Deo
1456 4308 1641 4369 petere

106 4381 330 4457 debemus,
351 4391 615 4463 quidquid
642 4405 924 4463 speramus
938 4406 1036 4448 nos
1051 4392 1135 4448 vel
1160 4392 1298 4449 bene
1326 4400 1642 4463 operaturos

107 4477 170 4532 vel
192 4495 271 4550 pro
296 4483 316 4516 ⁸
338 4484 496 4541 bonis
520 4484 775 4556 operibus
800 4484 1110 4556 adepturus.

158 4569 347 4633 CAPUT
381 4576 547 4634 CXV.
587 4602 661 4621 α·-
702 4576 965 4633 Orationis
1009 4577 1275 4634 dominicae
1313 4578 1452 4649 apud
1495 4577 1640 4634 Mat-

113 4661 255 4720 theus:
278 4670 531 4737 petitiones
567 4678 776 4743 septem.
822 4669 1052 4728 Proinde
1080 4671 1222 4743 apud
1260 4674 1640 4745 evangelistam

116 4752 356 4819 “atticum
387 4772 598 4837 septem
640 4764 921 4836 petitiones
961 4766 1238 4823 continere
1264 4765 1529 4824 dominica
1558 4768 1638 4825 vl-

115 4846 232 4906 detltr
249 4861 401 4915 oratio
440 4878 455 4916 :
502 4872 724 4931 quarum
754 4860 925 4918 tribus
949 4868 1149 4917 aeterna
1177 4870 1487 4933 poscuntur,
1510 4864 1637 4921 reli-

119 4941 206 5008 qui!
226 4958 444 5018 quatuor,
478 4952 789 5025 semperalia
810 4995 827 5022 ,
854 4969 973 5026 quae
1001 4962 1177 5011 tamen
1202 4960 1420 5026 propter
1440 4966 1639 5013 mterna

119 5044 426 5122 (fulminand-
464 5055 590 5103 sunt
630 5048 958 5104 necessaria.
1002 5047 1135 5104 Nam
1183 5049 1326 5121 quod
1371 5050 1636 5122 dicimus,

123 5119 414 5201 διατρίβοιεν
435 5154 615 5195 nomen
636 5148 795 5207 tuum,
824 5140 1068 5197 Adveniet
1087 5119 1299 5214 regnum
1325 5150 1486 5211 tuum,
1519 5119 1652 5245 Fiat

169 5283 745 5351 fumantia.me

168 5304 845 5378 ςιξιιωειιιιιεεηαμφυωιιωητ
1047 5361 1058 5372 ,
1191 5360 1201 5371 ⁸

168 5356 376 5426 “Sticuss.
418 5352 1061 5426 atedstuquamitbetmm
1102 5366 1154 5411 et
1189 5358 1329 5422 intra,
1371 5358 1636 5423 bonorum,

125 5416 201 5471 W92
213 5408 426 5471 honorum.

171 5468 431 5551 :_P'{’l‘tcttla,
452 5492 558 5549 pro,
582 5488 723 5537 abest
744 5501 771 5537 a
789 5485 1008 5551 pluribus
1026 5493 1136 5551 Mss.

172 5532 499 5622 ἱεὶιξέωὶῑξεάιῖεὲ
515 5532 887 5622 Bassus"
898 5532 1211 5622 ’ἇιῖεὶἆξῦέδεν
1235 5548 1499 5622 substituit.
1518 5552 1637 5622 tem-

130 5607 305 5702 ﬁmﬂ,
318 5618 409 5677 pou
426 5618 647 5662 veterum
663 5612 893 5665 librorum
910 5607 1209 5674 auctoritate,
1232 5614 1319 5665 sed
1347 5607 1636 5675 postulante,

133 5658 644 5737 ﬂdixtine“conjectare,
659 5673 887 5727 autithesi
908 5677 966 5726 ad
988 5674 1116 5726 aliud
1133 5678 1419 5729 membrum,
1442 5686 1639 5737 speran-

131 5710 278 5834 min
294 5741 337 5779 se
354 5709 644 5789 :EWIEIZ’
659 5709 970 5811 ’ὧῶἒῖιὲὧῖ
988 5709 1313 5813 “tritanii”;
1326 5709 1637 5793 Ettritus}.

260 5821 270 5835 ο
288 5784 355 5841 50.
378 5804 425 5841 et
445 5812 507 5841 Px
533 5797 616 5841 lib-
634 5798 687 5841 21
719 5794 782 5841 dp.
800 5802 998 5841 (invitam
1017 5810 1117 5841 nm-
1142 5817 1275 5841 mnu.
1299 5803 1368 5841 48.
1396 5796 1474 5841 Ἦ.

260 5794 355 5851 οὔθ,
378 5804 425 5847 et
445 5812 508 5851 ex
532 5797 617 5850 lib.
634 5798 690 5851 2i
719 5794 782 5851 de
800 5794 998 5854 Civitate
1017 5794 1119 5864 Dei,
1142 5817 1277 5868 ωιτν.
1299 5803 1373 5863 18,
1396 5796 1474 5848 24.

1490 283 1697 364 Linea
1734 285 1937 344 unus.

3248 304 3359 367 286

1765 404 1998 460 voluntas
2024 412 2113 461 tua
2136 406 2265 463 sicut
2288 408 2344 463 in
2370 407 2495 465 caelo
2521 419 2570 468 et
2592 412 2647 469 in
2668 423 2799 469 terra
2822 416 2986 489 (quod
3004 434 3109 475 non
3126 421 3358 481 absurde

1765 496 1978 567 quidam
2009 498 2412 570 intellexerunt,
2445 502 2500 559 in
2523 504 2717 575 spiritu
2741 516 2796 562 et
2822 511 3093 583 corpore),
3139 490 3359 572 omnino

1765 588 1880 645 sine
1907 589 2013 646 ﬁne
2039 591 2316 649 retinenda
2346 602 2469 649 sunt
2504 614 2517 649 :
2545 604 2599 651 et
2623 595 2711 652 hic
2740 595 2983 654 inchoata
3009 600 3048 666 ί,
3074 614 3358 675 quantum-

1763 694 1992 753 cumque
2015 682 2346 754 proﬁcimus,
2364 696 2629 757 augentur
2649 688 2700 743 in
2722 686 2911 758 nobis;
2945 690 3177 762 perfecta
3207 712 3357 767 vero,

1762 771 1905 841 quod
1931 772 1985 827 in
2013 773 2115 828 alia
2144 775 2252 829 vita
2282 774 2607 847 sperandum
2628 788 2729 847 est,
2761 795 2977 851 semper
3002 785 3359 854 possidebun—

1764 872 1867 920 tur.
1900 864 2053 934 Quod
2087 883 2214 923 vero
2242 867 2488 934 dicimus,
2522 868 2721 927 Panem
2749 885 2975 928 nostrum
3004 877 3357 946 quotidianum

1763 956 1831 1010 da
1860 958 2002 1012 nobis
2032 958 2201 1027 hodie,
2235 959 2303 1014 Et
2340 958 2533 1015 dimitte
2567 962 2712 1018 nobis
2743 960 2910 1019 debita
2934 978 3127 1036 nostra,
3156 972 3282 1025 sicut
3309 982 3356 1027 et

1761 1067 1853 1106 nos
1876 1049 2179 1134 dimittimus
2207 1052 2509 1110 debitoribus
2530 1056 2737 1124 nostris,
2768 1056 2837 1113 Et
2874 1078 2937 1114 ne
2962 1079 3053 1117 nos
3079 1062 3267 1135 inferas
3303 1068 3358 1121 in

1761 1145 2088 1199 tentationem
2107 1187 2121 1211 ,
2156 1145 2263 1202 Sed
2291 1144 2448 1203 libera
2476 1165 2569 1203 nos
2597 1166 2628 1202 a
2652 1148 2788 1205 malo
2813 1149 3027 1222 (Matth.
3053 1166 3124 1219 γι,
3148 1156 3307 1232 9-15)
3334 1200 3351 1226 ,

1759 1236 1877 1307 quis
1903 1251 2010 1292 non
2037 1236 2218 1294 videat
2247 1238 2313 1294 ad
2344 1240 2622 1310 praesentis
2651 1240 2773 1298 vita:
2810 1243 3155 1317 indigentiam
3186 1252 3355 1320 perti-

1757 1332 1924 1388 nere?
1941 1331 1997 1388 ln
2027 1329 2115 1387 illa
2138 1332 2316 1404 itaque
2339 1333 2443 1389 vita
2473 1342 2670 1391 aeterna
2691 1334 2779 1391 ubi
2807 1354 2903 1393 nos
2928 1354 3141 1411 semper
3169 1358 3353 1413 spera-

1715 1452 1724 1462 ο
1758 1439 1876 1480 mus
1904 1423 2133 1493 futuros,
2162 1433 2218 1480 et
2246 1424 2481 1483 nominis
2510 1426 2603 1483 Dei
2633 1428 3011 1496 sanctiﬁcatio,
3043 1442 3096 1487 et
3130 1450 3354 1505 regnum

1757 1516 1895 1588 ejus,
1924 1525 1979 1572 et
2011 1517 2258 1574 voluntas
2302 1519 2417 1589 ejus
2462 1521 2516 1575 in
2563 1529 2748 1576 nostro
2800 1522 2986 1592 Spiritu
3032 1534 3085 1580 et
3128 1540 3354 1596 corpore

1757 1609 1991 1682 perfecte
2020 1620 2178 1683 atque
2207 1611 2582 1668 immortaliter
2602 1614 3008 1686 permanebunt.
3040 1616 3197 1673 Panis
3224 1635 3352 1676 vero

1755 1703 2096 1777 quotidianus
2122 1704 2244 1761 ideo
2272 1704 2447 1761 dictus
2472 1713 2556 1761 est
2584 1705 2707 1778 quia
2745 1706 2833 1762 hic
2856 1716 2939 1763 est
2967 1709 3303 1766 necessarius
3330 1751 3348 1780 ,

1755 1805 1985 1869 quantus
2011 1797 2201 1852 animae
2237 1797 2491 1868 cernique
2531 1796 2849 1854 tribuendus
2886 1808 3005 1869 est,
3053 1802 3164 1859 sive
3193 1804 3341 1873 spiri-

1756 1889 2000 1958 tualiter,
2041 1889 2156 1946 sive
2203 1889 2526 1956 carnaliter,
2587 1890 2701 1946 sive
2747 1899 2975 1963 utroque
3022 1892 3351 1965 intelligatur

1754 1980 1935 2039 modo.
1963 1980 2065 2038 Hic
2090 1989 2175 2039 est
2201 1981 2362 2038 etiam
2391 1996 2550 2053 quam
2578 1980 2848 2053 poscimus
2868 1982 3135 2050 remissio,
3154 1984 3242 2041 ubi
3268 1993 3354 2044 est

1753 2074 2061 2131 commissio
2087 2082 2462 2146 peccatorum;
2504 2072 2592 2129 hic
2629 2073 2952 2131 tentationes
2988 2091 3106 2147 quae
3146 2087 3244 2132 nos
3281 2075 3352 2134 ad

1752 2166 2082 2239 peccandum
2109 2166 2198 2223 vel
2236 2165 2477 2223 alliciunt
2523 2166 2608 2222 vel
2651 2166 2963 2239 impellunt;
3004 2165 3091 2224 hic
3114 2168 3349 2242 denique

1750 2260 1949 2316 malum
1976 2260 2122 2317 unde
2147 2259 2391 2335 cupimus
2419 2259 2636 2318 liberari
2665 2277 2679 2316 :
2703 2250 2815 2319 illic
2837 2270 3018 2319 autem
3052 2262 3185 2320 nihil
3210 2264 3346 2322 isto—

1752 2369 1871 2410 rum
1910 2362 2010 2410 εει.

1822 2447 2047 2505 CAPUT
2090 2446 2273 2503 CXVI.
2303 2477 2376 2489 -
2404 2446 2679 2505 Petitiones
2719 2457 2915 2505 tantum
2951 2450 3170 2521 quinque
3208 2452 3348 2525 apud

1749 2541 1965 2611 Lucam,
1986 2542 2073 2613 qui
2092 2559 2207 2598 cum
2236 2540 2497 2615 Matthiae}
2514 2542 2835 2599 conciliatur.
2856 2543 3198 2616 Evangelista
3215 2562 3346 2602 vero

1750 2635 1923 2694 Lucas
1950 2637 2008 2692 in
2030 2636 2272 2691 oratione
2311 2634 2579 2691 dominica
2621 2637 2907 2709 petitiones
2947 2654 3052 2694 non
3095 2649 3301 2711 septem
3325 2680 3345 2711 ,

1751 2729 1846 2787 sed
1867 2728 2101 2800 quinque
2125 2728 2436 2799 complexus
2455 2737 2539 2785 est
2558 2747 2570 2783 :
2590 2744 2689 2785 nec
2714 2730 2782 2785 ab
2811 2731 2914 2787 isto
2942 2732 3120 2802 utiquc
3140 2732 3348 2792 discre-

1748 2822 1923 2895 pavit,
1946 2821 2042 2880 sed
2072 2820 2343 2893 quomodo
2369 2819 2487 2877 ista:
2524 2827 2733 2893 septem
2772 2821 2881 2878 sint
2910 2822 3269 2894 intelligenda:
3291 2827 3337 2897 ²,

1749 2914 1865 2987 ipsa
1907 2928 2004 2971 sua
2047 2913 2312 2972 brevitate
2356 2913 2707 2971 commonuit.
2759 2913 2964 2971 Nomen
3007 2916 3203 2988 quippe
3241 2918 3342 2975 Dei

1749 3007 2110 3067 sanctiﬁcatur
2147 3007 2203 3062 in
2240 3006 2464 3079 spiritu,
2498 3006 2593 3064 Dei
2621 3016 2799 3065 autem
2826 3022 3050 3080 regnum
3079 3008 3134 3064 in
3164 3010 3345 3069 carnis

1747 3102 2145 3162 resurrectione
2181 3109 2466 3159 venturum
2505 3108 2608 3159 est.
2656 3101 2958 3159 Ostendens
2995 3119 3123 3176 ergo
3169 3104 3344 3162 Lucas

1750 3199 1962 3257 tertiam
1993 3195 2304 3270 petitionem
2331 3194 2557 3251 duarum
2589 3192 2925 3267 superiorum
2962 3210 3083 3253 esse
3108 3196 3342 3268 quodam

1746 3292 1911 3349 modo
1937 3290 2345 3363 repetitionem,
2372 3291 2543 3362 magis
2571 3304 2691 3346 eam
2728 3288 3188 3361 praetermittendo
3214 3289 3345 3348 facit

1746 3386 1988 3458 intelligi.
2024 3384 2228 3442 Deinde
2268 3393 2379 3441 tres
2419 3383 2552 3439 alias
2581 3382 2840 3456 adiungit,
2884 3381 2953 3439 de
2990 3399 3125 3453 pane
3166 3384 3344 3455 quoti-

1746 3481 1938 3548 diano,
1976 3479 2047 3537 de
2087 3477 2405 3536 remissione
2432 3484 2771 3549 peccatorum
2790 3516 2807 3545 ,
2837 3475 2906 3532 de
2933 3475 3228 3533 tentatione
3256 3477 3340 3533 vi-

1747 3574 1908 3631 tanda
1957 3572 2109 3645 (Luc.
2146 3589 2200 3629 xv
2224 3610 2239 3640 ,
2278 3569 2419 3645 2-4).
2468 3572 2538 3627 At
2590 3585 2719 3627 vero
2756 3569 2899 3641 quod
2928 3569 3021 3626 ille
3061 3570 3114 3626 in
3151 3569 3341 3627 ultimo

1746 3668 1944 3741 posuit,
1973 3668 2077 3723 Sed
2105 3667 2263 3723 libera
2282 3683 2373 3723 nos
2392 3683 2423 3721 a
2441 3666 2614 3732 male;
2641 3665 2743 3721 iste
2766 3678 2873 3721 non
2902 3664 3098 3736 posuit,
3149 3673 3206 3719 ut
3254 3665 3341 3721 in-

1748 3763 2112 3834 telligeremus
2135 3761 2205 3818 ad
2233 3760 2365 3819 illud
2385 3759 2630 3831 superius
2661 3758 2803 3831 quod
2835 3758 2904 3815 de
2941 3758 3236 3816 tentatione
3256 3759 3339 3815 di-

1746 3864 1890 3914 ctum
1918 3862 2024 3923 est,
2053 3855 2341 3926 pertinere.
2373 3852 2499 3909 Ideo
2534 3852 2734 3924 quippe
2762 3852 2857 3920 ait,
2882 3851 2988 3908 Sed
3015 3852 3171 3908 libera
3191 3869 3210 3917 ;
3230 3867 3338 3910 non

1745 3949 1840 4015 sit,
1856 3948 1925 4004 Et
1952 3948 2140 4014 libera,
2168 3957 2423 4016 tanquam
2444 3960 2602 4005 unam
2633 3944 2948 4015 petitionem
2974 3958 3094 4001 esse
3115 3944 3338 4002 demon-

1746 4048 1922 4099 strans
1956 4037 2089 4113 (noli
2117 4038 2221 4094 hoc
2240 4037 2283 4105 ³,
2302 4036 2397 4094 sed
2418 4036 2559 4109 hoc)
2585 4054 2597 4089 :
2621 4044 2679 4092 ut
2720 4036 2851 4092 sciat
2881 4035 3243 4107 unusquisque
3281 4036 3339 4093 in

1746 4148 1811 4191 eo
1824 4147 1881 4189 se
1893 4131 2111 4187 liberari
2134 4146 2164 4186 a
2183 4129 2342 4194 malo,
2362 4127 2507 4200 quod
2524 4142 2631 4183 non
2651 4126 2877 4183 infertur
2898 4128 3337 4185 intentationem.

1815 4222 2041 4281 CAPUT
2080 4220 2285 4279 CXVII.
2312 4250 2384 4262 —
2404 4220 2492 4277 51.
2514 4217 2595 4275 De
2616 4219 2863 4274 charitate
2889 4234 3003 4289 qua:
3019 4235 3135 4274 cum
3150 4220 3253 4289 ﬁde
3276 4236 3339 4274 ac

1745 4334 1835 4391 spe
1858 4316 2035 4373 adesse
2062 4313 2225 4370 debet.
2269 4312 2387 4369 Jam
2432 4325 2595 4383 porro
2622 4309 2854 4367 cbaritas
2875 4352 2891 4382 ,
2931 4325 3091 4383 quam
3133 4310 3339 4369 duabus

1746 4410 1882 4479 istis,
1902 4410 1956 4466 id
1976 4417 2079 4476 est,
2104 4406 2207 4464 (ide
2225 4420 2291 4464 ac
2308 4419 2404 4478 spe
2420 4403 2679 4476 majorem
2696 4403 2836 4461 dixit
2850 4402 3139 4475 Apostolus
3152 4401 3196 4476 (l
3215 4402 3336 4461 Cor.

1746 4521 1861 4572 xm,
1896 4503 2008 4577 15),
2034 4510 2235 4574 quanto
2263 4501 2315 4558 in
2341 4512 2681 4571 quocumque
2705 4498 2878 4569 major
2901 4505 3015 4566 est,
3047 4505 3196 4553 tanto
3224 4512 3342 4553 me-

1745 4597 1848 4655 lior
1871 4603 1953 4653 est
1980 4596 2033 4652 in
2060 4609 2168 4667 quo
2185 4603 2286 4651 est.
2308 4592 2443 4649 Cum
2464 4591 2607 4648 enim
2626 4591 2899 4662 qumritur,
2918 4596 3095 4645 utrum
3109 4588 3335 4660 quisque

1746 4693 1817 4749 sit
1841 4692 2001 4747 homo
2028 4690 2222 4758 bonus,
2250 4703 2356 4745 non
2381 4687 2636 4759 quaeritur
2652 4683 2777 4756 quid
2799 4682 3009 4751 credat,
3020 4690 3114 4738 aut
3131 4690 3332 4754 speret,

1744 4785 1842 4845 sed
1869 4784 1995 4856 quid
2021 4792 2184 4839 amet.
2224 4780 2357 4837 Nam
2396 4780 2488 4851 qui
2537 4786 2686 4835 recte
2722 4785 2902 4843 amat,
2948 4776 3134 4849 procul
3173 4776 3337 4834 dubio

1746 4889 1895 4937 recte
1920 4877 2089 4934 credit
2113 4885 2169 4932 et
2193 4882 2415 4946 sperat:
2446 4873 2540 4943 qui
2568 4886 2697 4929 vero
2726 4886 2833 4928 non
2878 4880 3023 4928 amat
3046 4913 3063 4941 ,
3108 4871 3331 4930 inaniter

1745 4969 1937 5038 credit,
1965 4967 2178 5025 etiamsi
2212 4966 2322 5021 sint
2345 4978 2475 5020 vera
2506 4978 2626 5034 quae
2650 4961 2857 5027 credit;
2883 4962 3111 5020 inaniter
3131 4971 3335 5034 sperat,

1746 5064 1953 5120 etiamsi
1980 5061 2046 5117 ad
2074 5074 2255 5116 veram
2275 5056 2584 5114 felicitatem
2604 5055 2899 5113 doceantur
2925 5057 3197 5128 pertinere
3217 5070 3338 5127 quin

1744 5146 1969 5225 sperat':
2002 5152 2105 5209 nisi
2127 5161 2182 5208 et
2207 5151 2310 5208 hoc
2337 5148 2525 5207 credat
2543 5165 2607 5207 ac
2630 5148 2990 5221 speret,un
3008 5148 3108 5205 sibi
3132 5149 3337 5219 petenti

1744 5245 1932 5301 donari
1974 5244 2144 5315 possit
2181 5253 2239 5299 ut
2267 5249 2429 5299 amet.
2472 5242 2732 5311 Quamvis
2774 5240 2916 5297 enim
2964 5254 3183 5312 sperare
3220 5242 3336 5297 sine

1743 5353 1929 5395 amore
1954 5355 2058 5396 non
2082 5337 2273 5411 possit,
2304 5336 2419 5394 fieri
2449 5345 2627 5394 tamen
2653 5343 2829 5408 potest
2858 5345 2914 5391 ut
2940 5335 2992 5391 id
3020 5350 3126 5391 non
3151 5344 3333 5401 amet,

1743 5434 1860 5491 sine
1901 5449 2006 5505 quo
2050 5432 2119 5489 ad
2163 5432 2216 5489 id
2252 5432 2395 5504 quod
2439 5442 2620 5504 sperat
2664 5447 2769 5487 non
2818 5438 2995 5500 potest
3033 5426 3333 5500 pervenire.

1744 5524 2017 5599 Tanquam
2053 5524 2097 5582 si
2137 5533 2315 5598 speret
2352 5525 2513 5581 vitam
2548 5530 2821 5586 aeternam,
2854 5519 3048 5595 (quam
3081 5518 3199 5591 quis
3225 5534 3332 5574 non

1806 5622 1823 5688 ξ
1837 5619 2061 5684 Plerique
2078 5627 2208 5679 esse...
2230 5623 2276 5671 et
2298 5617 2376 5670 hic
2390 5608 3343 5688 _inclzoartt‘ur.q_uaruuntqueproﬁgimug._

1804 5682 1957 5796 :‘dAm.
1980 5670 2056 5731 ἓν.
2084 5670 2279 5743 etMss.,
2312 5680 2400 5732 sed
2422 5678 2655 5742 qumnodo
2682 5670 2775 5729 is'ta
2799 5670 2983 5740 septeni
3011 5670 3129 5728 eunt"
3154 5670 3335 5729 intelli—

1869 5759 1918 5796 α.

1809 5780 1934 5859 Τέλέ
1956 5816 2060 5859 Mss.
2087 5807 2207 5858 Ἐλιῆιί
2232 5812 2414 5860 autem,
2438 5815 2531 5854 non
2547 5802 2654 5853 hoc.
