3882 6286
558 343 667 400 287

557 462 701 514 amat
726 453 814 526 ίῖ)
855 459 912 508 et
945 465 1054 507 non
1087 456 1233 505 amet
1257 445 1516 518 justitiam
1538 485 1553 510 ,
1591 443 1708 498 sine
1745 455 1848 512 qua
1888 452 2046 494 nemo
2074 436 2140 491 ad

556 548 702 605 illam
748 543 1012 618 pervenit.
1060 541 1180 612 Ipsa
1220 547 1304 596 est
1340 550 1517 594 autem
1563 535 1695 591 tldes
1734 532 1953 601 Christi,
1984 543 2143 601 quam

555 635 898 697 commendat
926 632 1238 705 Apostolus,
1265 645 1384 702 quae
1423 643 1518 701 per
1563 626 1905 682 dilectionem
1949 635 2144 692 opera-

555 742 643 788 tur
669 729 691 806 (
711 729 885 785 Galat.
899 744 953 796 v,
969 725 1048 798 6);
1072 736 1127 782 et
1150 723 1293 796 quod
1319 723 1374 778 in
1393 721 1683 778 dilectione
1702 717 1936 773 nondum
1961 714 2140 806 habet,

556 823 689 896 petit
716 830 776 876 ut
799 818 1046 890 accipiat,
1079 815 1270 887 quaerit
1290 821 1347 869 ut
1368 813 1623 880 inveniat,
1653 810 1828 879 pulsat
1850 815 1907 862 ut
1933 805 2143 877 aperia-

559 927 644 973 tur
659 918 707 971 ei
726 912 948 988 (Matth.
966 927 1058 976 vn,
1084 910 1161 980 7).
1193 909 1350 964 Fides
1369 921 1598 976 namque
1622 905 1872 974 impetrat
1887 900 2028 973 quod
2057 899 2144 954 lex

555 1010 806 1080 imperat.
847 1004 980 1061 Nam
1012 1003 1130 1060 sine
1170 1001 1263 1057 Dei
1302 1000 1477 1065 dono,
1529 997 1579 1053 id
1625 1003 1739 1063 est,
1783 996 1900 1050 sine
1944 993 2144 1064 Spiritu

555 1112 777 1171 sancto,
821 1116 916 1172 per
971 1113 1130 1170 quem
1178 1096 1491 1152 diffunditur
1529 1094 1763 1149 charitas
1801 1092 1855 1148 in
1894 1090 2146 1146 cordibus

554 1195 753 1251 nostris
781 1192 957 1264 (Rom.
987 1206 1039 1256 v,
1071 1189 1153 1259 5),
1185 1188 1373 1259 jubere
1400 1187 1485 1242 lex
1513 1184 1746 1257 poterit,
1773 1198 1881 1238 non
1916 1182 2142 1253 juvare;

553 1298 609 1344 et
633 1287 1092 1358 praevaricatorem
1120 1283 1336 1352 insuper
1367 1279 1544 1338 facere
1564 1320 1580 1346 ,
1620 1277 1711 1348 qui
1743 1276 1811 1331 de
1849 1273 2146 1346 ignorantia

554 1394 613 1436 se
641 1391 899 1434 excusare
918 1391 1027 1432 non
1050 1373 1240 1445 possit.
1269 1373 1474 1442 Regnat
1498 1371 1641 1427 enim
1673 1367 1906 1424 carnalis
1941 1364 2147 1437 cupidi-

555 1479 658 1539 tas,
681 1469 773 1526 ubi
799 1483 904 1524 non
926 1476 1010 1524 est
1036 1467 1128 1522 Dei
1159 1465 1412 1521 charitas.

625 1558 852 1618 CAPUT
880 1556 1108 1614 CXVIII.
1133 1587 1206 1598 —
1230 1556 1409 1613 Status
1451 1554 1528 1610 vel
1554 1563 1727 1610 tetates
1746 1552 1977 1608 .hominis
2017 1567 2144 1622 qua-

554 1662 688 1720 tuor,
717 1660 834 1706 ante
859 1649 1062 1721 Legem,
1095 1648 1187 1704 sub
1212 1646 1364 1719 Lege,
1396 1646 1488 1700 sub
1513 1647 1700 1717 gratia,
1723 1654 1771 1698 et
1793 1645 1847 1697 in
1874 1659 2018 1713 pace.
2039 1640 2145 1697 Sed

553 1757 674 1800 cum
706 1743 760 1797 iu
789 1740 1060 1797 altissimis
1086 1738 1402 1810 ignorantiae
1431 1735 1664 1792 tenebris
1690 1734 1836 1789 nulla
1863 1733 2145 1788 resistente

553 1823 760 1889 ratione
800 1829 1092 1888 secundum
1137 1843 1355 1885 carnem
1401 1827 1614 1892 vivitur,
1661 1826 1778 1881 haec
1812 1833 1937 1880 sunt
1975 1825 2146 1896 prima

558 1925 812 1981 hominis.
846 1922 1050 1980 Deinde
1073 1937 1193 1977 cum
1222 1936 1317 1991 per
1351 1919 1520 1990 legem
1553 1919 1784 1989 cognitio
1822 1916 1981 1972 fuerit
2008 1915 2146 1972 facta

557 2015 783 2088 peccati,
804 2015 848 2069 si
870 2013 1103 2069 nondum
1121 2011 1332 2068 divinus
1358 2009 1570 2080 adjuvat
1585 2009 1833 2080 Spiritus,
1851 2006 2145 2062 secundum

554 2109 728 2178 legem
751 2106 938 2162 volens
966 2105 1146 2160 vivere
1167 2102 1416 2169 vincitur,
1443 2110 1499 2157 et
1521 2100 1695 2156 sciens
1725 2107 1924 2170 peccat,
1953 2113 2145 2168 pecca-

554 2208 716 2272 toque
746 2198 987 2255 subditus
1027 2197 1188 2253 servit
1225 2215 1239 2252 :
1282 2196 1327 2250 A
1355 2211 1455 2267 quo
1479 2196 1612 2250 enim
1634 2194 1746 2264 quis
1780 2193 2002 2247 devictus
2027 2202 2098 2246 est
2125 2232 2142 2260 ,

555 2291 673 2346 huic
699 2299 744 2347 et
771 2306 943 2346 servus
965 2288 1197 2343 addictus
1222 2297 1294 2343 est
1323 2285 1408 2359 (ll
1441 2285 1581 2342 Petr.
1611 2301 1650 2340 ll
1670 2326 1685 2352 ,
1720 2284 1840 2356 I9);
1873 2283 1926 2338 id
1953 2290 2146 2354 agente

552 2383 775 2440 scientia
825 2382 1084 2448 mandati,
1114 2389 1175 2437 ut
1207 2389 1482 2453 peccatum
1527 2388 1780 2450 operetur
1822 2379 1876 2434 in
1930 2377 2146 2434 homine

552 2489 766 2531 omnem
795 2473 1304 2543 concupiscentiam,
1335 2471 1551 2527 cumulo
1577 2469 2026 2542 pratvaricationis
2047 2468 2146 2524 ad-

545 2565 710 2636 jecto,
741 2576 900 2635 atque
946 2564 1017 2618 ita
1067 2563 1208 2635 quod
1257 2563 1516 2634 scriptum
1568 2570 1650 2618 est
1696 2560 1999 2632 impleatur,
2039 2559 2147 2614 Lea:

547 2657 848 2713 subintranit
867 2698 882 2723 ,
919 2665 974 2710 ut
1007 2656 1288 2711 abundaret
1313 2655 1552 2710 delictum
1580 2655 1756 2726 (Rom.
1789 2671 1842 2722 v,
1872 2653 1987 2725 20).
2019 2653 2145 2710 Hzec

549 2759 675 2807 sunt
698 2750 934 2807 secunda
965 2750 1214 2806 hominis.
1256 2749 1314 2804 Si
1352 2759 1529 2805 autem
1569 2749 1867 2819 respexerit
1895 2748 2058 2812 Deus,
2086 2756 2146 2804 ut

549 2843 616 2899 ad
644 2843 910 2914 implenda
940 2858 1059 2913 qua:
1097 2841 1314 2897 mandat
1340 2842 1452 2910 ipse
1477 2841 1734 2911 adjuvare
1776 2841 2059 2906 credatur,
2090 2846 2146 2895 et

549 2935 632 3006 agi
663 2935 824 2989 homo
857 2935 1081 3004 coeperit
1109 2933 1203 2989 Dei
1230 2933 1452 3003 Spiritu,
1471 2933 1864 3003 concupiscitur
1888 2933 2144 2989 adversus

552 3042 770 3083 carnem
809 3026 1031 3082 fortiore
1071 3027 1269 3082 robore
1302 3026 1578 3082 charitatis
1616 3023 1814 3097 (Galat.
1845 3041 1900 3092 v,
1932 3025 2058 3096 I7);
2088 3032 2146 3081 ut

550 3121 792 3192 quamvis
820 3118 995 3175 adhuc
1021 3120 1090 3174 sit
1115 3119 1260 3190 quod
1287 3118 1489 3176 homini
1517 3128 1775 3191 repugnet
1810 3099 1877 3174 ei
1903 3119 2139 3186 homine,

550 3210 787 3267 nondum
815 3217 925 3265 tota
954 3210 1267 3266 inﬁrmitate
1298 3219 1504 3276 sanata,
1537 3225 1603 3266 ex
1635 3210 1737 3266 [ide
1766 3219 1940 3267 tamen
1962 3210 2140 3282 justus

548 3305 693 3360 vivat
717 3303 891 3376 (Rom.
932 3321 970 3371 ι,
1018 3305 1132 3377 17),
1178 3304 1430 3376 justeque
1458 3305 1638 3371 vivat,
1672 3305 1725 3362 in
1749 3314 2004 3377 quantum
2037 3321 2143 3363 non

548 3397 692 3456 cedit
735 3397 887 3452 mala:
921 3399 1368 3468 concupiscentiae
1393 3441 1409 3466 ,
1455 3399 1702 3454 vincente
1745 3397 2141 3455 delectatione'

543 3489 789 3562 justitize.
839 3489 966 3546 Haec
1016 3498 1141 3546 sunt
1169 3491 1325 3546 tertia
1356 3490 1510 3546 bonae
1530 3492 1642 3561 spei
1673 3492 1926 3558 hominis;
1947 3493 1998 3547 in
2016 3494 2139 3564 qui-

548 3584 650 3640 bus
691 3585 734 3639 si
778 3583 863 3655 pia
895 3584 1292 3654 perseverantia
1319 3584 1546 3655 quisque
1572 3583 1834 3655 proficiat,
1876 3591 2141 3655 postrema"

547 3691 652 3748 pax
681 3683 868 3743 restat,
900 3690 1018 3746 qua:
1054 3683 1179 3746 post
1218 3674 1357 3732 hanc
1388 3676 1554 3732 vitam
1583 3675 1638 3732 in
1668 3679 1852 3746 requie
1881 3678 2100 3748 spiritus
2123 3719 2139 3746 ,

547 3767 744 3822 deinde
778 3768 832 3821 in
865 3767 1258 3823 resurrectione
1283 3767 1445 3823 etiam
1469 3769 1648 3824 carnis
1676 3769 2001 3840 implebitur.
2032 3771 2141 3826 Ha-

545 3875 669 3917 rum
699 3866 939 3932 quatuor
977 3859 1401 3916 diﬂ'erentiarum
1441 3861 1612 3932 prima
1643 3869 1728 3918 est
1753 3871 1879 3918 ante
1900 3862 2098 3934 Legem
2121 3906 2135 3932 ,

549 3951 786 4010 secunda
815 3953 914 4008 sub
943 3953 1106 4024 Lege,
1138 3953 1293 4008 tertia
1335 3953 1436 4010 sub
1462 3953 1660 4024 gratia,
1690 3964 1877 4025 quarta
1918 3955 1972 4010 in
2011 3971 2142 4027 pace

549 4048 705 4118 plena
730 4057 887 4118 atque
916 4046 1172 4118 perfecta.
1197 4046 1286 4102 Sic
1301 4055 1384 4103 est
1406 4055 1461 4103 et
1489 4045 1586 4104 Dei
1613 4049 1838 4120 populus
1863 4048 2142 4107 ordinatus

549 4156 648 4212 per
675 4149 974 4210 temporum
1015 4139 1292 4196 intervalla
1319 4181 1335 4208 ,
1377 4139 1516 4196 sicut
1557 4139 1672 4197 Deo
1708 4139 1937 4211 placuit,
1969 4142 2058 4214 qui
2085 4143 2140 4199 in

550 4246 801 4288 mensura
827 4239 883 4286 et
908 4245 1131 4287 numero
1152 4239 1206 4287 et
1233 4231 1470 4302 pondere
1505 4240 1696 4288 cuncta
1722 4231 1956 4304 disponit
1975 4232 2134 4306 (Sap.

551 4339 628 4389 xt,
659 4322 774 4393 21).
804 4321 936 4377 Nam
963 4321 1061 4376 fuit
1084 4323 1330 4392 primitus
1355 4331 1478 4380 ante
1504 4323 1735 4395 Legem;
1769 4325 2004 4381 secundo
2041 4327 2140 4384 sub

547 4414 690 4485 Lege
711 4455 727 4480 ,
766 4428 887 4484 quae
925 4412 1046 4469 data
1072 4420 1157 4468 est
1179 4428 1275 4483 per
1298 4413 1546 4486 Moysen;
1588 4415 1784 4473 deinde
1808 4418 1907 4474 sub
1931 4419 2098 4488 gratia
2121 4460 2136 4486 ,

546 4522 667 4579 qua:
703 4505 936 4564 revelata
981 4513 1064 4562 est
1106 4521 1204 4576 per
1239 4506 1468 4576 primum
1507 4507 1816 4565 Mediatoris
1851 4509 2137 4566 adventum

546 4598 728 4671 (Joan.
761 4617 813 4665 ι,
848 4597 961 4672 l7).
993 4597 1124 4666 Quae
1161 4596 1378 4668 quidem
1421 4598 1588 4669 gratia
1619 4614 1719 4656 nec
1745 4608 1902 4656 antea
1931 4600 2137 4670 defuit,

549 4690 742 4763 quibus
767 4708 885 4747 eam
915 4691 1152 4763 oportuit
1181 4689 1463 4762 impertiri,
1495 4691 1736 4762 quamvis
1761 4708 1860 4763 pro
1885 4695 2138 4765 temporis

549 4781 950 4849 dispensatione
975 4782 1151 4838 velata
1175 4789 1230 4838 et
1253 4783 1478 4840 occulta.
1507 4781 1693 4856 Neque
1717 4785 1860 4842 enim
1889 4789 2132 4858 antiquo-

548 4882 670 4923 rum
706 4870 1025 4941 quicumque
1057 4873 1324 4943 justorum
1368 4884 1562 4946 praeter
1580 4875 1780 4934 Christi
1804 4877 1963 4934 fidem
1992 4867 2137 4937 salu-

546 4969 659 5018 tem
686 4962 859 5032 potuit
899 4962 1172 5032 invenire,
1221 4977 1314 5023 aut
1353 4983 1480 5024 vero
1518 4970 1621 5025 nisi
1658 4979 1713 5027 et
1755 4971 1860 5028 illis
1893 4973 2139 5045 cognitus

546 5053 737 5110 fuisset
754 5052 797 5122 ³,
831 5055 1089 5126 potuisset
1111 5058 1266 5115 nobis
1295 5075 1392 5131 per
1415 5077 1602 5118 eorum
1623 5064 1975 5124 ministerium
2000 5068 2136 5126 alias

545 5148 803 5219 apertius,
833 5149 964 5204 alias
990 5149 1250 5206 occultius
1281 5153 1615 5222 pr0phetari.
1923 5153 1936 5168 ‘

613 5241 844 5300 CAPUT
881 5241 1068 5298 CXIX.
1095 5274 1166 5284 —-
1192 5243 1522 5316 cheneratio
1566 5259 1769 5319 peccata
1815 5252 1978 5308 abolet
2021 5255 2137 5310 uni-

609 5371 626 5446 ἕ
653 5369 905 5446 Ῠεάίιὶνλρῖ.
930 5376 1137 5446 E_r._pan.
1152 5378 1217 5446 _et
1239 5373 1421 5446 aliquot
1444 5383 1572 5437 Mss,
1588 5379 1803 5446 (Inmunis
1825 5394 1920 5432 non
1941 5380 2134 5446 habeat,

542 5438 700 5505 etnon
721 5439 848 5484 amet
861 5432 1122 5507 justitiam.
1152 5441 1262 5486 ιον.
1290 5432 1343 5488 ei
1365 5446 1496 5499 Arn.,
1561 5432 1570 5437 ⁷
1601 5432 1611 5443 ’
1712 5442 1746 5493 ἐ
1769 5456 1862 5494 non
1893 5449 2019 5494 amet
2039 5432 2132 5507 ja.’

542 5501 757 5552 sanam;
779 5508 975 5552 onusso.
997 5509 1092 5547 non
1113 5494 1284 5551 habeat
1305 5453 1721 5552 eLEmenmw
1709 5507 1890 5552 auxilio
1909 5512 2132 5552 veterum

541 5494 975 5608 omisso,
997 5509 1092 5547 non
1113 5494 1284 5551 habeat
1305 5494 1692 5555 et.Emendantur
1709 5507 1890 5557 auxilio
1909 5494 2135 5558 veterum

561 5573 791 5609 lDl‘Ol'llﬂl.

605 5623 626 5652 ²
657 5627 768 5696 ξρν.
787 5628 845 5696 et
866 5629 997 5696 Arn,
1022 5622 1310 5688 dilectione;
1330 5625 1733 5681 dissentientibus
1755 5631 1899 5681 editis
1921 5628 2030 5681 aliis
2076 5639 2128 5684 et

542 5683 767 5733 omnibus
786 5683 894 5735 fere
917 5683 1025 5737 Mss.

600 5745 629 5825 ξι
655 5746 1186 5825 ξῖςξξξίξᾳῃβω
1213 5765 1227 5825 ξ
1254 5758 1308 5802 Al
1332 5765 1441 5804 vero
1462 5751 1556 5805 nisi
1575 5762 1620 5806 et
1642 5754 1739 5810 illis
1772 5757 1986 5825 cognitus
2014 5757 2133 5820 fuis-

543 5809 630 5867 set.
654 5817 746 5856 non
765 5807 988 5867 potuisset
1007 5811 1158 5873 nobis,
1182 5820 1276 5865 etc.

827 329 1290 400 ENCHIRIDION,
1329 327 1484 388 SIVE
1522 327 1614 385 DE
1651 325 1833 394 FIDE,
1873 322 2001 380 SPE
2041 321 2130 379 ET
2163 319 2587 391 CHARITATE,
2627 322 2685 381 S.
2727 323 3095 384 AUGUSTINI
3141 324 3342 383 LIBER
3369 327 3550 388 UNUS.
3671 338 3745 400 288

2253 452 2396 493 versa
2433 437 2489 493 in
2538 439 2715 509 quavis
2760 445 2928 495 (etate;
2984 439 3211 498 Servitus
3250 443 3341 499 sub
3381 443 3502 519 Lege
3553 439 3746 514 nonnuhii

2248 529 2532 601 inexperta.
2563 529 2621 586 In
2646 545 2980 606 quacumque
3000 542 3178 591 autem
3200 533 3419 608 quatuor
3441 539 3633 600 istarum
3647 549 3748 608 velut

2249 628 2464 676 aetatum
2491 622 2757 694 singulum
2782 639 3048 699 quemque
3077 628 3342 686 hominem
3361 634 3516 702 gratia
3534 650 3749 709 regenera.

2251 712 2410 767 tionis
2436 713 2722 782 invenerit,
2745 716 2826 772 ibi
2853 717 2902 773 ei
2929 719 3269 776 remittuntur
3290 724 3542 792 praeterita
3566 729 3750 789 universa

2253 812 2496 872 peccata;
2517 816 2569 862 et
2593 819 2773 863 reatus
2797 806 2884 864 ille
2906 811 3173 867 nascendo
3196 821 3511 885 contractus,
3536 834 3750 880 renascen-

2251 895 2319 950 do
2346 897 2675 955 dissolvitur.
2710 900 2947 972 Tamque
2995 903 3217 960 multum
3254 905 3399 962 valet
3423 909 3552 980 quod
3587 910 3752 984 Spiritus

2251 987 2338 1044 ubi
2353 991 2457 1044 vult
2473 991 2654 1062 spirat.
2675 991 2853 1063 (Joan.
2872 1009 2949 1061 tu,
2969 991 3046 1066 8),
3071 1005 3128 1051 ut
3147 998 3357 1068 quidam
3373 1001 3631 1058 secundam
3653 1005 3752 1064 illam

2251 1081 2561 1136 servitutem
2609 1083 2708 1139 sub
2753 1083 2898 1156 Lege
2935 1101 3044 1141 non
3069 1089 3314 1144 noverint
3341 1091 3383 1158 ⁸,
3412 1092 3499 1147 sed
3521 1107 3624 1149 cum
3647 1112 3754 1154 man-
3841 1105 3844 1166 ζ

2252 1168 2377 1226 dato
2405 1170 2658 1243 incipiant
2684 1174 3004 1245 adjutorium
3033 1177 3228 1234 habere
3253 1179 3504 1238 divinum.

2254 1264 2269 1293 λ
2323 1259 2550 1320 CAPUT
2582 1263 2742 1321 CXX.
2778 1298 2850 1307 —
2890 1267 3191 1340 Regenerati
3236 1274 3495 1329 morientes
3533 1285 3631 1332 ante
3656 1296 3755 1336 usum

2252 1351 2462 1406 rationis
2512 1370 2612 1409 non
2648 1366 2875 1426 pereunt.
2918 1360 3214 1432 Antequam
3261 1363 3427 1433 possit
3465 1375 3622 1424 autem
3645 1369 3756 1430 homo

2253 1456 2420 1514 capax
2445 1459 2566 1501 esse
2595 1447 2848 1515 mandati,
2873 1451 3166 1508 secundum
3208 1467 3424 1511 carnem
3447 1458 3578 1514 vivat
3597 1476 3758 1521 necesse

2251 1544 2335 1591 est
2368 1556 2381 1592 :
2412 1537 2510 1593 sed
2549 1539 2593 1593 si
2627 1539 2738 1609 jam
2783 1539 3131 1600 Sacramento
3158 1548 3561 1616 regenerationis
3585 1551 3758 1610 imbutus

2251 1635 2352 1694 est,
2385 1626 2519 1682 nihil
2546 1629 2596 1684 ei
2635 1630 2808 1686 oberit
2851 1635 2897 1687 si
2928 1641 3056 1690 tunc
3095 1651 3162 1692 ex
3207 1636 3307 1692 hac
3349 1639 3452 1694 vita
3502 1642 3757 1712 migraverit.

2251 1716 2384 1784 Quia
2414 1719 2526 1774 ideo
2558 1720 2787 1777 Christus
2808 1734 3038 1780 mortuus
3075 1735 3149 1781 est
3169 1735 3216 1782 et
3236 1731 3522 1800 resurrexit,
3543 1740 3591 1787 ut
3611 1743 3649 1788 et
3663 1735 3758 1790 riuo-

2251 1826 2363 1864 rum
2390 1819 2436 1866 et
2463 1823 2776 1869 mortuorum
2794 1815 3077 1873 dominetur
3111 1817 3287 1890 (Rom.
3315 1835 3425 1887 xrv,
3451 1820 3531 1893 9);
3551 1839 3635 1880 nec
3657 1835 3760 1882 tene-

2251 1903 2329 1959 bit
2353 1919 2574 1976 regnum
2597 1910 2943 1984 mortiseum,
2973 1926 3071 1982 pro
3095 1927 3201 1984 quo
3223 1921 3461 1972 mortuus
3485 1924 3559 1972 est
3578 1917 3653 1974 ille
3669 1917 3760 1976 liber

2252 1996 2305 2052 in
2330 2000 2555 2055 mortuis
2581 2001 2750 2074 (Psal.
2785 2019 3018 2071 Lxxxvu,
3049 2005 3128 2076 6).

2321 2089 2544 2149 CAPUT
2571 2093 2759 2150 CXXI.
2785 2127 2858 2138 -—-
2885 2099 2973 2154 32.
2997 2098 3232 2156 Charitas
3260 2102 3378 2172 ﬁnis
3403 2103 3606 2159 omnium
3629 2121 3760 2175 prece-

2251 2192 2470 2254 ptorum.
2515 2186 2706 2244 Omnia
2749 2189 2909 2260 igitur
2941 2203 3207 2263 praecepta
3240 2193 3416 2250 divina
3440 2196 3760 2253 referunturad

2250 2274 2656 2347 charitatem,de
2673 2296 2772 2351 qua
2785 2281 2912 2338 dicit
2924 2285 3209 2354 Apostolus
3226 2303 3237 2338 :
3259 2285 3404 2342 Finis
3421 2297 3579 2343 autem
3591 2290 3760 2360 pracepti
3833 2274 3857 2360 I;

2250 2377 2322 2423 est
2350 2369 2575 2426 charitas
2601 2372 2664 2428 de
2691 2375 2844 2429 corde
2873 2392 3001 2446 puro
3021 2417 3036 2442 ,
3081 2385 3127 2431 et
3158 2379 3465 2434 conscientia
3490 2379 3623 2448 bona,
3644 2390 3681 2435 et
3694 2380 3761 2449 ﬁde

2251 2477 2352 2516 non
2377 2462 2498 2532 ﬁcta
2523 2463 2578 2535 (Ι
2610 2463 2741 2519 Tim.
2771 2481 2819 2532 ι,
2851 2467 2930 2538 5).
2957 2467 3145 2525 Omnis
3195 2470 3377 2542 itaque
3422 2473 3646 2544 praecepti
3677 2471 3759 2527 ﬁnis
3835 2462 3857 2544 ιη

2250 2565 2332 2610 est
2354 2555 2585 2613 charitas
2605 2574 2620 2624 ;
2644 2557 2698 2614 id
2716 2567 2818 2626 est,
2843 2559 2909 2615 ad
2935 2563 3253 2620 charitatem
3279 2565 3506 2622 refertur
3521 2581 3658 2623 omne
3669 2581 3761 2638 pra-

2250 2656 2482 2719 ceptum.
2511 2649 2662 2718 Quod
2695 2668 2825 2709 vero
2853 2655 2925 2710 ita
2956 2654 3014 2710 fit
3043 2656 3128 2711 vel
3151 2656 3347 2715 timore
3372 2675 3556 2731 poenae,
3599 2660 3667 2716 vel
3694 2659 3760 2714 ali-

2249 2755 2351 2813 qua
2394 2744 2689 2801 intentione
2744 2748 2969 2815 carnali,
3024 2759 3084 2806 ut
3131 2766 3239 2807 non
3287 2752 3546 2809 referatur
3582 2753 3638 2809 ad
3664 2753 3760 2808 illam

2249 2832 2563 2890 charitatem
2591 2853 2751 2908 quam
2791 2839 3041 2896 diffundit
3082 2841 3316 2913 Spiritus
3345 2855 3552 2902 sanctus
3577 2845 3623 2900 in
3642 2843 3762 2902 cordi-

2248 2923 2349 2980 bus
2396 2927 2592 2983 nostris
2635 2927 2812 2999 (Rom.
2843 2947 2898 2998 v,
2935 2931 3017 3002 5),
3046 2933 3286 2989 nondum
3314 2936 3371 2990 fit
3395 2933 3760 3007 quemadmodum

2248 3014 2367 3072 fieri
2393 3027 2624 3088 oportet,
2657 3023 2901 3090 quamvis
2929 3022 3046 3079 fieri
3077 3023 3344 3082 videatur.
3374 3025 3604 3084 Charitas
3624 3025 3762 3098 quippe

2249 3106 2348 3162 ista
2389 3108 2484 3164 Dei
2514 3118 2598 3166 est
2631 3121 2685 3166 et
2716 3113 2942 3181 proximi
2977 3131 2989 3168 :
3018 3122 3074 3170 et
3100 3116 3284 3188 utique
3309 3118 3362 3172 in
3387 3118 3464 3175 his
3484 3119 3652 3174 duobus
3674 3132 3762 3188 pra-

2248 3199 2404 3270 ceptis
2449 3200 2555 3256 tota
2595 3201 2704 3257 Lea:
2732 3205 2914 3274 pendet
2943 3214 2990 3260 et
3019 3204 3300 3278 Prophette
3325 3209 3531 3283 (Matth.
3557 3225 3665 3277 xm,
3685 3206 3760 3278 ιθ).

2247 3290 2399 3346 Adde
2429 3291 2796 3364 Evangelium,
2817 3295 2951 3352 adde
2970 3297 3262 3368 Apostolos
3287 3319 3300 3355 :
3326 3315 3429 3357 non
3457 3302 3585 3358 enim
3608 3297 3761 3356 aliunde

2246 3397 2348 3437 vox
2394 3383 2494 3438 ista
2532 3394 2643 3451 est,
2691 3384 2840 3441 Finis
2885 3391 3123 3462 praecepti
3167 3399 3242 3446 est
3279 3394 3527 3460 charitas;
3566 3401 3630 3461 et,
3671 3391 3762 3446 Dat

2247 3474 2467 3528 charitas
2493 3484 2563 3531 est
2592 3476 2611 3547 (
2626 3475 2650 3530 Ι
2676 3477 2834 3533 Joan.
2875 3495 2954 3548 tv,
2999 3480 3115 3554 I6).
3145 3481 3502 3558 Quaecumque
3528 3499 3639 3556 ergo
3659 3497 3762 3538 man-

2247 3567 2336 3624 dat
2356 3569 2514 3636 Deus,
2541 3585 2606 3625 ex
2626 3570 2820 3642 quibus
2839 3589 3001 3629 unum
3021 3584 3125 3645 est,
3143 3575 3271 3632 Non
3297 3580 3604 3636 machaben's
3619 3575 3760 3649 (Exod.

2247 3673 2337 3722 xx,
2361 3660 2458 3726 M;
2490 3659 2680 3716 Matth.
2709 3677 2761 3730 v,
2790 3663 2920 3735 27);
2953 3673 3008 3720 et
3033 3663 3386 3741 quaecumque
3411 3685 3511 3727 non
3537 3671 3761 3741 iubentur,

2246 3750 2342 3806 sed
2389 3751 2649 3822 spirituali
2678 3750 2902 3810 consilio
2931 3768 3218 3814 mouentur
3243 3762 3289 3830 ³,
3329 3777 3395 3818 ex
3434 3763 3608 3834 quibus
3645 3769 3762 3814 unum

2247 3852 2347 3910 est,
2393 3842 2595 3899 Bonum
2643 3856 2716 3901 est
2754 3847 2946 3903 homini
2987 3851 3247 3907 mulierem
3276 3871 3377 3910 non
3403 3862 3592 3927 tangere
3613 3851 3659 3925 (Ι
3679 3848 3761 3906 Cor.

2228 3951 2337 4004 ,vu,
2369 3935 2422 4009 I)
2459 3957 2472 3993 :
2503 3946 2630 3994 tunc
2657 3948 2803 3996 recte
2832 3942 2990 4009 fiunt,
3032 3959 3154 4000 cum
3181 3945 3488 4003 referuntur
3512 3945 3572 4002 ad
3595 3944 3762 4014 diligen-

2245 4026 2372 4082 dum
2409 4027 2598 4096 Deum,
2628 4037 2685 4085 et
2720 4032 3020 4100 proximum
3065 4045 3288 4108 propter
3328 4032 3513 4106 Deum,
3546 4046 3594 4093 et
3625 4037 3667 4090 in
3691 4032 3760 4086 huc
3847 4026 3857 4108 ιε

2245 4121 2461 4189 smculo,
2487 4130 2543 4178 et
2569 4122 2619 4177 in
2645 4121 2850 4192 futuro;
2885 4142 3026 4184 nunc
3055 4129 3222 4186 Deum
3251 4146 3350 4202 per
3376 4131 3547 4197 fidem,
3576 4137 3678 4184 tunc
3698 4138 3762 4196 ρος

2245 4215 2476 4284 speciem
2495 4256 2512 4283 ,
2542 4224 2597 4271 et
2626 4217 2800 4288 ipsum
2830 4220 3133 4289 proximum
3177 4238 3322 4280 nunc
3363 4240 3458 4295 per
3494 4223 3649 4278 fidem.
3680 4215 3760 4272 Non

2243 4306 2385 4360 enim
2417 4306 2615 4362 scimus
2644 4308 2898 4365 mortales
2925 4309 3088 4367 Corda
3118 4315 3442 4384 mortalium,
3481 4325 3594 4370 tunc
3632 4318 3758 4366 autem

2243 4395 2546 4454 illuminabit
2587 4399 2840 4456 Dominus
2881 4404 3178 4460 abscondita
3226 4409 3552 4471 tenebrarum,
3581 4414 3622 4460 et
3644 4399 3761 4457 atmii-

2244 4489 2440 4560 restabit
2459 4491 2786 4562 cogitationes
2811 4495 3020 4561 cordis;
3045 4505 3093 4552 et
3123 4496 3237 4553 laus
3260 4501 3356 4555 erit
3377 4499 3623 4570 unicuique
3640 4511 3667 4548 α
3685 4491 3760 4546 Deo

2245 4580 2354 4652 (Id.
2387 4599 2458 4650 tv,
2485 4583 2541 4656 5)
2581 4602 2594 4638 :
2623 4585 2747 4656 quia
2772 4585 2826 4642 id
2853 4587 3159 4646 laudabitur
3186 4600 3242 4647 et
3266 4590 3557 4663 diligetura
3575 4585 3761 4661 proximo

2243 4675 2298 4732 in
2324 4677 2589 4748 proximo,
2615 4679 2758 4750 quod
2784 4695 2854 4736 ne
2875 4681 3056 4752 lateat,
3080 4683 3148 4740 ab
3167 4684 3285 4756 ipso
3301 4679 3757 4741 illuminabiturDeo-

2242 4771 2495 4828 Minuitur
2519 4773 2541 4805 ⁸
2563 4781 2743 4830 autem
2765 4775 3028 4847 cupiditas
3052 4778 3312 4836 charitate
3340 4786 3612 4842 crescente,
3633 4773 3760 4829 dum

2242 4865 2420 4920 veniat
2447 4864 2534 4920 hic
2556 4864 2582 4942 ‘_
2607 4866 2672 4921 ad
2694 4874 2895 4923 tantam
2920 4870 3362 4941 magnitudinem,
3393 4887 3489 4942 qua
3514 4866 3760 4938 majores-i9

2243 4971 2348 5011 non
2399 4956 2568 5027 possit
2597 4974 2610 5011 :
2645 4957 2900 5031 Majorem
2931 4962 3066 5015 enim
3111 4962 3404 5018 charitatem
3448 4976 3582 5017 nemo
3621 4955 3758 5016 habet.

2241 5065 2394 5121 quam
2413 5059 2468 5105 ut
2491 5051 2716 5106 animam
2735 5069 2881 5108 suam
2897 5054 3009 5125 quis
3030 5065 3186 5126 ponat
3207 5072 3298 5127 pro
3318 5055 3490 5111 amicis
3509 5053 3605 5109 suis
3625 5047 3756 5121 (Ιοσιις

2242 5157 2329 5209 xv,
2353 5142 2466 5215 15).
2498 5143 2576 5199 lbi
2605 5153 2783 5202 autem
2811 5145 2930 5217 quis
2959 5147 3191 5218 explicet
3217 5158 3414 5221 quanta
3439 5145 3647 5204 charitas
3667 5135 3744 5194 erit

2305 5318 2494 5390 1_Editi,
2517 5320 2780 5390 secundum
2805 5319 3234 5390 illam_servitutem
3254 5323 3343 5377 sub
3361 5325 3462 5390 tege
3481 5333 3574 5374 esse
3595 5328 3671 5390 ne"
3697 5320 3756 5390 9³έέ

2241 5380 2421 5450 verint._
2440 5384 2606 5450 Verius
2630 5390 2755 5446 Mss,
2777 5385 3039 5450 secmtdam
3056 5399 3074 5448 ;
3089 5387 3276 5450 absque
3295 5380 3474 5450 verbo,
3493 5395 3600 5436 esse.
3620 5383 3756 5450 Nempe

2239 5444 2503 5518 secundam
2527 5444 2883 5518 hancappellat
2912 5444 3211 5518 servitutem
3234 5449 3324 5500 sub
3347 5444 3488 5515 lege,
3511 5455 3640 5511 quam
3664 5445 3755 5501 FW

2239 5513 2390 5572 cessit
2408 5513 2623 5557 servitus
2644 5513 2736 5559 sub
2757 5517 2976 5572 peccato.

2303 5571 2325 5602 '
2358 5576 2406 5619 ln
2427 5577 2554 5630 Mss,
2577 5571 2818 5622 uouentur.
3282 5593 3298 5606 ο

2305 5633 2326 5698 _'
2359 5639 2466 5682 Lov.
2502 5631 2903 5686 di$entientibus
2919 5637 3063 5688 editis
3084 5637 3190 5690 aliis
3213 5643 3264 5689 et
3285 5641 3410 5698 Mss,
3433 5635 3661 5698 ηιὺιιεεαιζε

2302 5693 2326 5726 ⁸
2359 5702 2492 5764 Unus
2505 5683 2844 5764 ϐθιδωῳξὸῶἱξ
2852 5683 3188 5764 omit—tit:
3536 5683 3756 5764 Ιιὲίῖίίαῖιᾚ

2240 5758 2347 5829 loco
2369 5760 2518 5829 _rnovit
2543 5757 2789 5829 Arualdtts,
2815 5765 2867 5813 et
2888 5759 3004 5815 illuc
3026 5751 3267 5816 transtulit
3285 5751 3548 5826 z'mijoran'
3571 5754 3638 5806 hic
3661 5751 3755 5800 Μ

2243 5818 2542 5884 charitatem,
2565 5828 2659 5873 etc.
