3882 6286
504 476 780 529 coronam,
811 461 857 521 si
885 460 1191 520 vicerimus.
1220 456 1325 519 Sed
1353 473 1421 516 ne
1442 458 1661 533 longum
1680 458 1752 519 sit
1774 456 1937 517 multa
1958 471 2104 515 com-

505 569 842 621 memorare,
884 552 1023 629 apud
1068 552 1367 624 aposmlum
1410 551 1633 609 Paulum
1672 548 2106 608 manifestissime

504 648 738 723 legitur;
772 644 915 719 Opus
942 645 1160 719 perfeci,
1194 660 1397 701 cursum
1424 641 1788 711 consummavi,
1818 641 1970 711 ﬁdem
1995 656 2104 695 ser-

504 739 651 808 vavi;
680 738 797 813 jam
838 746 1065 809 superest
1106 735 1231 791 mihi
1276 751 1462 790 corona
1494 734 1714 808 justitia:
1755 732 1831 805 (ll
1865 731 1996 791 Tim.
2028 747 2102 798 tv,

504 832 558 899 7,
589 830 669 902 8).
700 829 965 885 Debemus
1003 844 1130 899 ergo
1171 842 1496 899 cognoscere
1528 827 1646 897 quis
1676 828 1747 881 sit
1774 826 1889 897 ipse
1917 824 2104 881 adver-

506 924 700 987 sarius,
729 936 886 992 quem
914 921 957 977 si
984 921 1269 976 vicerimus
1292 919 1685 975 coronabimur.
1714 917 1831 988 ipse
1857 926 1940 973 est
1961 915 2105 973 enim

505 1031 668 1089 quem
694 1015 953 1071 Dominus
976 1023 1159 1069 noster
1185 1014 1332 1085 prior
1357 1012 1503 1080 vicit,
1532 1021 1591 1067 ut
1615 1012 1777 1068 etiam
1806 1026 1906 1067 nos
1934 1011 1987 1069 in
2014 1010 2107 1066 illo

506 1116 883 1181 permanentes
917 1108 1215 1166 vincamus.
1258 1104 1325 1165 Et
1354 1103 1450 1162 Dei
1490 1103 1702 1177 quidem
1734 1102 1914 1163 Virtus
1948 1112 2107 1179 atque

509 1201 801 1271 Sapientia,
829 1206 884 1254 et
910 1198 1143 1254 Verbum
1175 1212 1270 1268 per
1297 1196 1441 1268 quod
1470 1197 1607 1252 facta
1633 1204 1757 1251 sunt
1786 1194 1986 1261 omnia,
2015 1194 2105 1263 qui

506 1294 678 1353 Filius
700 1294 796 1350 Dei
818 1293 1006 1349 unicus
1027 1300 1134 1361 est,
1159 1306 1323 1364 super
1339 1306 1556 1349 omnem
1575 1298 1873 1348 creaturam
1892 1303 2108 1360 semper

506 1384 957 1442 incommutabilis
983 1392 1183 1439 manet.
1216 1383 1285 1439 Et
1310 1384 1559 1455 quoniam
1587 1383 1685 1443 sub
1714 1383 1807 1441 illo
1839 1392 1926 1441 est
1957 1396 2111 1439 crea—

506 1488 627 1537 tura
655 1480 817 1536 etiam
857 1495 978 1551 quas
1018 1494 1123 1534 non
1154 1479 1427 1549 peccavit,
1456 1486 1656 1549 quanto
1691 1478 1860 1549 magis
1888 1475 1989 1533 sub
2018 1475 2110 1533 illo

505 1583 590 1631 est
624 1574 800 1630 omnis
827 1582 1069 1629 creatura
1098 1572 1405 1644 peccatrix?
1430 1572 1572 1649 Ergo
1603 1572 1857 1649 quoniam
1882 1572 1983 1628 sub
2017 1570 2110 1628 illo

508 1674 636 1723 sunt
672 1680 861 1739 omnes
890 1665 1062 1720 sancti
1091 1664 1280 1735 Angeli
1298 1706 1312 1731 ,
1346 1663 1516 1719 multo
1544 1663 1716 1734 magis
1744 1663 1842 1718 sub
1868 1663 1959 1717 illo
1988 1673 2112 1717 sunt

507 1774 696 1817 omnes
724 1758 1160 1831 prmvaricatores
1194 1756 1408 1828 angeli,
1440 1772 1667 1827 quorum
1694 1754 1938 1810 diabolus
1969 1755 2113 1825 priu-

507 1867 637 1927 ceps
656 1860 757 1908 est.
780 1849 884 1908 Sed
906 1849 1028 1923 quia
1052 1857 1295 1905 naturam
1317 1855 1557 1930 nostram
1585 1846 1903 1919 deceperat,
1928 1845 2113 1920 digna-

510 1952 599 2002 tus
626 1953 711 2002 est
738 1942 1042 2016 unigenitus
1073 1941 1166 1997 Dei
1194 1938 1362 1999 Filius
1394 1940 1566 2010 ipsam
1595 1950 1843 2001 naturam
1875 1949 2112 1997 nostrast

506 2036 817 2106 suscipere,
860 2042 918 2089 ut
954 2033 1023 2090 de
1052 2034 1165 2104 ipsa
1194 2031 1439 2088 diabolus
1475 2033 1814 2100 vinceretur,
1856 2042 1913 2087 et
1950 2047 2112 2102 quem

510 2140 730 2198 semper
757 2126 874 2198 ipse
898 2124 1001 2181 sub
1023 2138 1083 2179 se
1110 2123 1271 2181 habet
1289 2165 1304 2192 ,
1333 2120 1495 2180 etiam
1526 2125 1626 2180 sub
1653 2124 1808 2181 nobis
1842 2138 1965 2180 eum
1993 2138 2115 2180 esse

509 2216 734 2279 faceret.
762 2216 940 2292 ipsum
964 2215 1228 2291 signiﬁcat
1246 2214 1433 2275 dicens
1456 2234 1469 2271 :
1496 2214 1746 2287 Princeps
1766 2217 1919 2289 hujus
1937 2215 2116 2272 mundi

511 2311 697 2371 missus
726 2318 797 2369 est
824 2312 964 2384 foras
995 2308 1177 2383 (Joan.
1205 2325 1303 2377 xu,
1334 2307 1445 2382 5i).
1480 2308 1596 2367 Non
1624 2308 1748 2380 quia
1776 2317 1931 2367 extra
1958 2324 2115 2364 mun-

514 2404 642 2462 dum
683 2404 883 2459 missus
919 2410 1038 2470 est,
1068 2400 1337 2472 quomodo
1372 2400 1586 2472 quidam
1616 2400 1853 2456 hazretici
1894 2409 2113 2473 putant:

514 2496 612 2555 sed
643 2493 788 2551 foras
815 2494 884 2549 ab
912 2493 1107 2550 animis
1136 2508 1323 2552 eorum
1360 2492 1451 2566 qui
1491 2491 1763 2550 cohaerent
1806 2493 1968 2549 verbo
2000 2492 2113 2561 Dei,

518 2596 575 2646 et
593 2602 704 2643 non
730 2586 951 2658 diligunt
977 2584 1256 2653 mundum,
1291 2584 1441 2655 cujus
1468 2585 1556 2640 ille
1582 2585 1827 2657 princeps
1852 2593 1967 2651 est;
1997 2585 2119 2655 quia

515 2679 822 2737 dominatur
843 2678 927 2735 eis
953 2677 1044 2749 qui
1071 2677 1301 2749 diligunt
1330 2677 1643 2749 temporalia
1668 2677 1836 2746 bona,
1867 2690 1987 2747 qua:
2015 2676 2120 2732 hoc

518 2772 721 2830 mundo
747 2771 943 2827 visibili
986 2771 1329 2827 continentur
1358 2788 1372 2825 :
1404 2785 1509 2826 non
1554 2770 1678 2844 quia
1717 2770 1833 2844 ipse
1872 2770 2120 2826 dominus

520 2872 604 2923 est
628 2864 785 2936 hujus
810 2861 1016 2930 mundi,
1041 2862 1135 2919 sed
1158 2863 1404 2936 princeps
1428 2864 1775 2936 cupiditatum
1797 2879 1982 2921 earum
2004 2863 2121 2935 qui-

520 2955 625 3014 bus
641 2955 1037 3025 concupiscitur
1062 2969 1223 3011 omne
1242 2954 1388 3025 quod
1414 2956 1638 3020 transit;
1663 2964 1722 3009 ut
1736 2956 1789 3011 ei
1808 2954 2123 3026 subjacealt

522 3048 615 3121 qui
642 3046 913 3119 negligant
935 3054 1199 3102 mternum
1226 3046 1414 3114 Deum,
1448 3056 1501 3103 et
1526 3047 1751 3122 diligunt
1780 3048 2043 3103 instabilia
2069 3056 2123 3104 et

521 3137 821 3194 mutabilia.
845 3136 1020 3193 Radix
1041 3139 1175 3192 enim
1200 3148 1273 3194 est
1299 3137 1525 3195 omnium
1553 3138 1805 3193 malorum
1833 3138 2121 3210 cupiditas;

522 3245 679 3301 quam
710 3275 729 3305 ,
754 3229 912 3289 tidem
940 3238 1232 3302 appetentes
1249 3271 1267 3299 ,
1294 3247 1328 3287 a
1349 3230 1452 3301 ﬁde
1480 3239 1791 3297 erraverunt,
1823 3239 1871 3285 et
1898 3231 2126 3289 inserue-

524 3332 644 3379 runt
671 3339 726 3379 se
748 3321 1008 3378 doloribus
1034 3322 1210 3380 multis
1242 3323 1285 3397 (Ι
1307 3322 1445 3378 Tim.
1471 3338 1547 3389 Vl,
1583 3324 1693 3394 i0).
1732 3323 1834 3379 Per
1865 3324 2003 3379 hanc
2031 3338 2126 3380 cu-

526 3414 805 3487 piditatem
827 3423 1016 3489 regnat
1035 3417 1087 3470 in
1111 3416 1327 3472 homine
1348 3416 1609 3486 diabolus,
1633 3424 1687 3472 et
1705 3430 1799 3472 cor
1818 3417 1933 3487 ejus
1955 3424 2122 3473 tenet.

527 3503 688 3561 Tales
713 3514 838 3561 sunt
862 3520 1051 3562 omnes
1080 3507 1171 3577 qui
1204 3506 1429 3577 diligunt
1455 3506 1611 3562 istum
1644 3508 1921 3565 mundum.
1965 3508 2129 3566 Mitti-

528 3607 618 3654 tur
645 3607 823 3654 autem
852 3598 1097 3655 diabolus
1131 3598 1275 3655 foras
1294 3640 1309 3665 ,
1339 3600 1553 3670 quando
1581 3615 1648 3657 ex
1688 3608 1799 3657 toto
1836 3603 1999 3658 corde
2036 3619 2124 3660 re-

528 3693 805 3749 nuntiatur
829 3691 953 3748 huic
980 3692 1201 3748 mundo.
1232 3691 1322 3749 Sic
1349 3694 1491 3748 enim
1526 3696 1861 3751 renuntiatur
1887 3696 2124 3767 diabolo,

530 3786 619 3857 qui
650 3786 895 3856 princeps
921 3796 1003 3841 est
1031 3786 1189 3856 hujus
1217 3785 1436 3853 mundi,
1474 3802 1597 3847 cum
1636 3790 1973 3848 renuntiatur
2009 3806 2129 3850 cor-

531 3878 757 3948 ruptelis
777 3919 791 3945 ,
819 3888 872 3933 et
892 3876 1102 3949 pomp‘l
1121 3919 1136 3943 .
1168 3886 1223 3935 et
1246 3877 1451 3951 angelis
1473 3878 1610 3950 ejus.
1639 3880 1869 3953 Ideoque
1887 3884 2003 3953 ipse
2018 3882 2128 3941 Do-

532 3972 710 4027 minus
730 3969 841 4040 jam
870 3969 1285 4039 triumphantem
1324 3980 1569 4031 naturam
1609 3971 1841 4033 hominis
1882 3985 2123 4048 portans,

533 4064 742 4128 Scitote,
776 4063 964 4135 inquit,
999 4064 1116 4133 quia
1140 4080 1231 4135 ego
1261 4064 1355 4119 vici
1382 4066 1627 4119 mundum
1657 4064 1837 4137 (Joan.
1869 4083 1982 4136 xvr,
2008 4067 2126 4142 33).

604 4154 832 4213 CAPUT
862 4154 926 4213 ιι.
954 4155 1102 4211 —2.
1140 4154 1406 4229 Quomodo
1440 4158 1657 4215 vincitur
1692 4160 1946 4216 diabolus.
2000 4158 2131 4219 Viue

532 4258 714 4304 cuntur
739 4246 1011 4309 invisibiles
1045 4254 1347 4325 potestates,
1390 4247 1477 4306 ubi
1512 4252 1783 4311 vincuntur
1803 4252 2129 4326 cupiditates.

533 4340 683 4397 Multi
709 4350 886 4395 autem
911 4338 1099 4394 dicunt
1128 4358 1141 4394 :
1171 4340 1454 4407 Quomodo
1476 4357 1758 4412 possumus
1785 4345 1998 4400 vincere
2020 4345 2132 4401 dia-

534 4434 718 4490 bolum
747 4448 907 4504 quem
931 4448 1038 4487 non
1064 4432 1347 4488 videmus?
1373 4434 1482 4492 Sed
1509 4434 1769 4497 habemus
1795 4436 2129 4511 magistrum,

535 4527 625 4598 qui
669 4525 823 4581 nobis
860 4524 1233 4580 demonstrare
1260 4524 1507 4595 dignatus
1537 4534 1620 4581 est
1647 4527 1917 4597 quomodo
1942 4527 2130 4583 invisi-

535 4617 670 4672 biles
711 4618 891 4671 hostes
922 4615 1222 4671 vincantur.
1262 4615 1339 4671 De
1366 4616 1459 4671 illo
1485 4617 1629 4672 enim
1658 4616 1787 4673 dicit
1808 4619 2129 4688 Apostolus:

539 4710 749 4767 Exucns
775 4727 831 4765 se
855 4726 1039 4777 carne,
1069 4710 1387 4783 principatus
1415 4718 1466 4764 et
1500 4719 1770 4784 potestates
1806 4712 2130 4783 ett-emptae“,

539 4800 848 4873 ﬁducialiter
874 4800 1191 4873 triumphum
1211 4817 1295 4859 eos
1318 4800 1373 4857 in
1397 4802 1659 4875 semetipso
1687 4800 1905 4875 (Coloss.
1929 4818 1988 4875 tt,
2020 4804 2133 4878 i5).

541 4894 616 4952 lbi
639 4910 768 4965 ergo
789 4894 1070 4951 vincuntur
1086 4894 1314 4951 inimica
1331 4894 1488 4951 nobis
1508 4894 1802 4951 invisibiles
1822 4904 2130 4966 potestates,

542 4988 633 5043 ubi
664 4988 943 5041 vincuntur
971 4986 1267 5042 invisibiles
1292 4987 1650 5058 cupiditates:
1678 4997 1731 5043 et
1766 4985 1888 5044 ideo
1922 4989 2043 5059 quia
2080 4990 2135 5045 in

541 5078 696 5136 nobis
737 5080 865 5151 ipsis
892 5079 1156 5133 vincimus
1183 5080 1553 5149 temporalium
1586 5094 1763 5136 rerum
1793 5078 2132 5152 cupiditates,

541 5185 763 5228 necesse
787 5178 948 5227 estut
968 5171 1023 5225 in
1044 5169 1198 5226 nobis
1224 5170 1354 5241 ipsis
1378 5162 1653 5227 vincamus
1679 5180 1733 5228 et
1756 5172 1904 5228 illum
1929 5174 2018 5245 qui
2042 5187 2137 5245 per

542 5267 686 5336 ipsas
714 5262 1033 5333 cupiditates
1062 5270 1250 5335 regnat
1280 5263 1335 5317 in
1362 5261 1597 5318 homine.
1615 5263 1851 5341 Quando
1874 5266 2017 5322 enim
2047 5264 2136 5321 dio

540 5368 685 5415 ctum
732 5366 816 5416 est
857 5356 1107 5427 diabolo,
1148 5354 1359 5413 Terram
1401 5356 1770 5429 manducabis;
1808 5357 2008 5417 dictum
2053 5368 2137 5414 est

544 5449 832 5523 peccatori,
861 5448 1023 5505 Terra
1047 5465 1120 5515 es,
1148 5458 1195 5504 et
1219 5447 1273 5504 in
1297 5456 1484 5507 terram
1505 5447 1601 5506 ibis
1622 5447 1781 5522 (Gen.
1805 5467 1881 5519 ut,
1908 5452 1994 5519 i4,
2018 5450 2134 5521 i9).

545 5541 708 5597 Datus
726 5550 960 5615 estergo
980 5541 1032 5597 in
1054 5540 1232 5601 cibum
1253 5540 1467 5597 diabolo
1491 5551 1743 5615 peccator
1764 5544 1804 5597 ¹.
1827 5541 1945 5598 Non
1968 5543 2138 5599 simus

524 5630 716 5701 terra,
746 5634 790 5691 si
820 5634 1069 5691 nolumus
1107 5633 1418 5694 manducari
1446 5644 1783 5706 aserpente.
1814 5633 1960 5691 Sicut
1992 5633 2135 5689 enim

542 5730 685 5804 quod
727 5730 1111 5787 manducamus
1129 5771 1147 5799 ,
1180 5730 1237 5789 in
1262 5740 1507 5789 nostrum
1534 5745 1726 5799 corpus
1753 5728 2134 5794 convertimus,

606 5838 634 5881 ⁸
663 5838 894 5910 Plerique
911 5852 1041 5909 uss,
1056 5842 1258 5897 diaboli.

1477 344 1567 405 DE
1604 341 1837 407 AGONE
1872 339 2120 403 CHRIST

2227 341 2309 412 l0,
2340 341 2402 401 Β.
2442 339 2817 405 Αυαυβτικι
3634 355 3711 416 η

2212 464 2273 515 ut
2310 456 2460 519 cibus
2500 456 2617 527 ipse
2650 455 2945 519 secundum
2980 471 3175 529 corpus
3212 458 3317 521 hoc
3351 457 3586 523 efﬁcietur
3613 469 3713 536 qaut

2208 564 2310 609 nos
2334 564 2523 609 sumus
2551 566 2565 607 t
2592 550 2673 611 sic
2711 550 2868 609 malis
2901 549 3138 611 moribus
3171 566 3264 621 per
3297 553 3567 622 nequitiam
3590 566 3713 615 etsu-

2210 643 2448 715 perbiam
2498 653 2552 698 et
2600 644 2927 714 impietatem
2972 643 3076 699 hoc
3120 644 3345 705 eilicitur
3389 647 3589 718 quisque
3617 656 3713 722 quod

2211 735 2486 805 diabolus,
2518 735 2570 793 id
2601 744 2718 803 est,
2747 736 2940 797 similis
2964 735 3117 806 ejus;
3144 746 3199 792 et
3238 736 3506 807 subjicitur
3528 741 3599 808 ei,
3623 745 3719 801 sicut

2210 829 2509 900 subjectum
2536 838 2620 891 est
2645 829 2801 887 nobis
2824 843 3019 904 corpus
3045 838 3306 889 nostrum.
3335 830 3401 887 Et
3426 831 3518 891 hoc
3535 843 3607 891 est
3622 839 3721 905 quod

2211 920 2436 991 dicitur,
2467 922 2777 983 manducari
2802 938 2833 979 a
2856 932 3126 994 serpente.
3156 924 3406 995 Quisquis
3439 925 3595 997 itaque
3616 929 3723 987 timet

2213 1014 2364 1073 illum
2401 1016 2577 1088 ignem
2621 1017 2714 1087 qui
2754 1024 2973 1088 paratus
3010 1026 3093 1075 est
3123 1016 3338 1077 diabolo
3370 1027 3426 1074 et
3450 1019 3725 1092 angelisejus

2218 1105 2430 1179 (Hall/1.
2464 1124 2595 1179 xxv,
2624 1109 2751 1181 41),
2782 1108 2874 1165 det
2910 1122 3128 1181 cperam
3166 1108 3493 1181 triumphare
3516 1109 3576 1173 de
3602 1112 3673 1167 illo
3691 1115 3726 1169 in

2214 1200 2523 1269 semetipso.
2554 1199 2659 1255 Eos
2686 1200 2826 1255 enim
2857 1202 2945 1271 qui
2981 1198 3111 1256 foris
3144 1215 3245 1255 nos
3280 1210 3597 1271 oppugnant,
3628 1204 3729 1259 intus

2211 1382 2577 1443 dominantur.
2618 1385 2685 1441 Et
2723 1399 2857 1456 quos
2894 1385 3195 1441 invenerint
3232 1385 3316 1441 sui
3355 1385 3574 1454 similes,
3600 1403 3730 1444 sectus

2211 1474 2284 1533 ad
2308 1491 2495 1548 penes
2520 1476 2757 1540 trahunt.

2287 1570 2516 1633 CAPUT
2559 1570 2649 1626 ιιι.
2678 1600 2753 1619 μν-
2787 1571 2840 1635 ὂ.
2867 1569 3146 1626 ‘Dtemones
3171 1571 3423 1640 quomodo
3446 1572 3497 1627 in
3518 1572 3733 1627 calatth

2216 1671 2366 1729 sunt,
2412 1671 2459 1717 et
2500 1671 2717 1717 rectores
2759 1661 3091 1717 tenebrarum.
3137 1662 3227 1718 Sic
3257 1671 3314 1719 et
3342 1662 3606 1733 Apostolus
3628 1663 3732 1731 dicit,

2216 1753 2360 1826 quod
2387 1753 2441 1809 in
2469 1755 2758 1825 semetipso
2796 1764 2994 1826 pugnat
3030 1754 3287 1811 adversus
3326 1762 3598 1825 potestates
3628 1765 3734 1810 exte-

2216 1846 2407 1901 riores.
2442 1845 2531 1902 Alt
2554 1846 2699 1902 enim
2733 1863 2746 1899 :
2782 1844 2903 1901 Non
2941 1854 3014 1901 est
3052 1846 3193 1902 nobis
3235 1845 3519 1903 colluctatio
3555 1846 3736 1901 adversus

2216 1955 2421 1999 comem
2450 1948 2497 1996 et
2520 1938 2837 2012 sanguinem,
2866 1936 2955 1997 sed
2976 1939 3218 2001 adversus
3243 1940 3493 2011 principes
3514 1949 3556 1996 et
3575 1948 3738 2009 potesto-

2216 2040 2291 2088 ιιι
2319 2032 2472 2101 hujus
2498 2032 2704 2098 mundi,
2728 2040 2947 2091 rectores
2976 2033 3156 2085 lterum
3184 2031 3528 2098 tenebrarum,
3552 2032 3739 2087 deum

2218 2122 2505 2195 spiritantia
2532 2123 2770 2194 nequitia:
2794 2125 2846 2177 in
2874 2123 3151 2179 aetatibus
3190 2123 3406 2194 (Ephcs.
3436 2139 3515 2192 vr,
3540 2123 3635 2195 12).
3656 2123 3740 2180 Otr-

2222 2215 2332 2275 lum
2371 2217 2512 2273 enim
2553 2214 2743 2273 dicitur
2787 2225 2841 2274 et
2882 2215 2983 2275 iste
3023 2232 3143 2282 aer,
3184 2216 3277 2272 ubi
3316 2218 3457 2273 venti
3485 2217 3739 2273 etnulteset

2222 2310 2469 2381 procellae
2493 2318 2551 2365 et
2573 2308 2814 2369 turbines
2834 2309 3003 2373 liuet;
3029 2309 3167 2367 sicut
3191 2309 3357 2367 etiam
3380 2308 3631 2379 Scriptura
3654 2308 3743 2363 dicit

2221 2402 2406 2458 multis
2428 2401 2561 2457 locis
2579 2442 2595 2471 ,
2622 2400 2690 2455 Et
2717 2400 2933 2457 intonuit
2961 2402 3025 2454 de
3052 2400 3177 2456 celo
3204 2399 3457 2455 Dominus
3483 2398 3633 2471 (Psal.
3651 2415 3741 2466 xvtt,

2225 2494 2351 2570 i4);
2390 2505 2478 2564 et,
2514 2511 2630 2553 aues
2671 2494 2784 2553 cali
2812 2493 2981 2567 (Psal.
3015 2510 3141 2563 vut,
3172 2493 3269 2568 9);
3311 2502 3400 2561 et,
3439 2492 3640 2551 volatilia
3668 2493 3744 2547 ceti

2225 2587 2436 2660 (Matth.
2460 2604 2535 2655 vt,
2559 2585 2689 2659 26);
2718 2602 2838 2643 cum
2868 2586 3207 2642 manifestum
3235 2587 3309 2642 sit
3331 2602 3454 2642 aves
3483 2586 3533 2643 in
3557 2601 3659 2643 aere
3679 2599 3743 2639 vo-

2224 2681 2358 2737 lare.
2390 2682 2461 2741 Et
2496 2695 2598 2738 nos
2630 2682 2687 2735 in
2716 2680 3099 2737 consuetudine
3125 2679 3272 2734 hunc
3295 2694 3472 2736 aerem
3499 2679 3664 2735 emittm
3684 2690 3747 2745 ap-

2225 2772 2487 2842 pellamus
2512 2789 2528 2826 :
2564 2785 2689 2827 nam
2714 2786 2835 2839 cum
2865 2770 2932 2826 dc
2960 2784 3149 2826 sereno
3177 2769 3266 2825 vel
3295 2770 3474 2826 nubilo
3505 2768 3745 2841 querimus,

2224 2863 2513 2939 aliquando
2543 2863 2801 2930 dicimus,
2828 2863 3008 2933 Qualis
3034 2871 3111 2918 est
3143 2877 3235 2918 aer
3251 2862 3282 2917 Ἰ
3306 2860 3605 2934 aliquando,
3629 2858 3748 2927 Quale

2223 2965 2310 3012 est
2334 2955 2571 3011 caelum?
2597 2955 2709 3011 Hoc
2736 2955 2880 3021 dixi,
2918 2970 2985 3010 ne
3017 2955 3138 3025 quis
3166 2954 3440 3010 existimet
3470 2954 3539 3009 ibi
3568 2951 3750 3007 habitare

2226 3048 2367 3102 mala
2394 3047 2689 3115 dmmonia"
2724 3046 2813 3102 ubi
2842 3047 3009 3102 solem
3038 3056 3090 3102 et
3119 3048 3303 3102 lunam
3341 3044 3517 3103 stellas
3550 3045 3667 3101 Deus
3692 3058 3751 3096 nr-

2227 3137 2449 3195 dinavit.
2482 3139 2612 3207 Quae
2640 3138 2781 3199 mala
2810 3138 3076 3197 tltemonia
3113 3137 3236 3195 ideo
3262 3138 3550 3211 Apostolus
3578 3134 3751 3207 appellat

2224 3232 2546 3304 βΡίτίιυίιΙία,
2567 3234 2688 3304 quia
2710 3233 2870 3291 etiam
2892 3233 3017 3289 mali
3033 3231 3213 3303 angeli
3240 3232 3299 3288 in
3320 3231 3597 3302 Scripturis
3610 3227 3751 3285 divinis

2228 3323 2452 3394 spiritus
2469 3324 2824 3395 appellantur.
2850 3322 2973 3378 ideo
2995 3331 3172 3378 autem
3198 3331 3441 3381 rectores
3458 3323 3629 3375 barum
3649 3328 3755 3373 tene

2229 3415 2449 3471 brarum
2477 3430 2569 3471 eos
2598 3415 2745 3483 dicit,
2777 3416 3026 3487 quoniam
3056 3422 3368 3486 peccatores
3396 3412 3622 3469 homines
3647 3418 3755 3465 tene

2230 3505 2356 3565 bras
2383 3507 2650 3580 appellat,
2690 3507 2882 3580 quibus
2925 3506 3010 3562 isti
3049 3506 3414 3562 dominantur.
3457 3505 3573 3567 ideo
3605 3512 3651 3558 et
3682 3500 3755 3557 alio

2232 3602 2352 3658 loco
2372 3600 2521 3666 dicit,
2552 3599 2743 3656 Fuistis
2768 3600 2900 3654 enim
2926 3599 3198 3671 aliquando
3221 3600 3473 3666 leuebra;
3496 3614 3615 3654 nunc
3633 3603 3756 3649 autem

2233 3693 2327 3748 luat
2352 3693 2407 3747 in
2444 3691 2665 3748 Domino
2706 3690 2925 3763 (Ephes.
2960 3708 3014 3759 v,
3051 3692 3108 3764 8)
3137 3708 3152 3745 :
3180 3691 3306 3761 quia
3349 3706 3415 3747 ex
3457 3684 3757 3761 peccatoribus

2226 3786 2504 3859 justiticati
2530 3794 2701 3845 erant.
2727 3785 2845 3845 Non
2870 3800 2995 3861 ergo
3020 3783 3348 3840 arbitremur
3372 3784 3425 3838 in
3453 3795 3643 3838 summo
3659 3775 3757 3833 coelo
3854 3775 3857 3841 ἕ

2234 3879 2480 3939 habitare
2523 3878 2793 3940 diabolum
2832 3892 2953 3941 cum
2986 3877 3198 3949 angelis
3237 3878 3387 3946 suis,
3433 3875 3565 3933 unde
3602 3874 3757 3942 lapsum

2234 3989 2356 4033 esse
2394 3972 2683 4031 credimus.

2305 4064 2532 4123 CAPUT
2559 4064 2645 4121 Ν.
2677 4094 2748 4104 -
2793 4064 2845 4119 4.
2887 4063 3286 4119 Manichaeorum
3312 4079 3454 4117 error
3489 4060 3548 4115 de
3571 4063 3759 4130 geniale-

2232 4159 2507 4218 nebrarum
2532 4167 2708 4217 contra
2724 4156 2887 4213 Deum
2912 4155 3203 4215 rebellante.
3229 4154 3323 4213 Sic
3337 4154 3484 4217 enim
3504 4152 3761 4208 erraverunt

2232 4250 2552 4320 Manichaei,
2603 4250 2695 4325 qui
2746 4248 2931 4309 dicunt
2981 4255 3103 4304 ante
3154 4246 3342 4305 mundi
3388 4241 3760 4305 constitutionem

2236 4343 2402 4401 fuisse
2428 4352 2642 4416 gentem
2668 4341 3009 4398 tenebrarum
3033 4382 3048 4407 ,
3092 4355 3210 4410 quae
3238 4348 3425 4394 contra
3448 4338 3601 4391 Deum
3626 4326 3759 4387 robe].

2235 4434 2410 4494 lavit:
2454 4435 2511 4495 in
2549 4450 2657 4506 quo
2705 4432 2846 4488 bello
2895 4430 3124 4487 credunt
3171 4430 3358 4485 miseri
3405 4428 3761 4496 omnipotentem

2240 4530 2407 4586 Deum
2435 4543 2543 4583 non
2585 4525 2686 4581 sibi
2714 4526 2868 4581 aliter
2904 4524 3143 4596 potuisse
3172 4536 3521 4586 succurrere,
3564 4516 3651 4573 nisi
3671 4525 3762 4583 μετ’

2239 4630 2349 4678 tem
2377 4630 2525 4676 Suam
2564 4626 2750 4674 contra
2778 4632 2898 4673 eam
2927 4618 3181 4671 mitteret.
3229 4612 3392 4683 Cujus
3418 4610 3582 4683 gentis
3608 4600 3761 4677 princi—

2239 4728 2336 4789 pes
2359 4754 2376 4783 ,
2422 4712 2562 4769 sicut
2587 4710 2665 4767 illi
2690 4708 2877 4765 dicunt
2899 4748 2915 4775 ,
2959 4708 3353 4763 devoraverunt
3378 4712 3572 4776 partem
3694 4733 3707 4760 υ
3727 4700 3764 4792 ei

2241 4787 2520 4878 temperati
2559 4810 2683 4862 sunt
2710 4810 2767 4858 ut
2811 4809 2993 4874 posset
3030 4798 3259 4857 mundus
3297 4797 3363 4855 de
3405 4796 3507 4857 illis
3546 4787 3762 4880 fabricari.

2240 4899 2334 4956 Sic
2360 4898 2545 4953 dicunt
2564 4896 2732 4950 Deum
2762 4891 3069 4964 pervenisse
3086 4889 3157 4949 ad
3182 4888 3454 4946 victoriam
3468 4899 3583 4944 cum
3602 4888 3764 4947 ωεεωέ

2241 4986 2633 5047 calamitatibus
2659 4992 2715 5041 et
2754 4982 3076 5040 cruciatibus
3101 4989 3156 5038 et
3194 4979 3422 5036 miseriis
3457 4972 3763 5032 membrorum

2240 5095 2502 5139 suorum:
2535 5094 2655 5151 qua:
2695 5075 2935 5132 membra
2973 5073 3159 5129 dicunt
3197 5087 3320 5129 esse
3343 5067 3617 5126 commixta
3652 5070 3766 5115 tene-

2242 5174 2418 5231 brosis
2444 5171 2739 5229 visceribus
2761 5168 3059 5240 principum
3082 5165 3296 5221 illorum
3314 5203 3329 5230 ,
3354 5168 3413 5217 ut
3440 5174 3529 5215 eos
3553 5159 3767 5220 ωωμαιι-

2243 5277 2404 5335 rent,
2432 5275 2487 5323 et
2512 5280 2543 5321 ι
2572 5264 2754 5321 furore
2798 5266 3220 5332 compescerent.
3272 5258 3339 5312 Et
3369 5269 3473 5311 non
3518 5245 3764 5340 intelligunt

2243 5371 2355 5420 tam
2382 5359 2696 5430 sacrilegam
2724 5371 2844 5413 esse
2887 5367 3039 5409 suam
3064 5360 3269 5409 sectam
3288 5391 3304 5416 ,
3327 5355 3385 5403 ut
3405 5342 3613 5401 aedem
3632 5346 3763 5430 erant:

2244 5464 2515 5529 potentem
2542 5419 2711 5511 Deum
2742 5466 2846 5506 non
2875 5463 2970 5520 per
2993 5452 3292 5502 creaturam
3318 5454 3473 5515 quam
3492 5430 3675 5529 iecerit,
3696 5419 3765 5527 sed

2245 5522 2344 5624 per
2391 5550 2560 5621 ipsam
2616 5553 2861 5601 naturam
2907 5556 3057 5597 suam
3099 5537 3325 5593 bellasse
3370 5546 3488 5624 cum

2245 5614 2390 5712 ἱΙιιειὶ
2412 5614 2566 5697 nefas
2591 5645 2677 5694 est
2700 5634 2943 5692 credere.
2975 5630 3159 5701 Neque
3196 5626 3303 5683 hoc
3320 5623 3510 5687 solum,
3536 5614 3619 5673 sed
3642 5614 3765 5712 client

2246 5702 2369 5793 iilos
2404 5735 2495 5805 qui
2531 5731 2655 5787 victi
2679 5738 2803 5785 sunt
2823 5769 2836 5791 ,
2876 5725 3047 5781 factos
3074 5737 3196 5779 esse
3220 5720 3495 5778 meliores,
3518 5719 3629 5782 qua
3655 5702 3768 5805 [013'

2251 5802 2442 5888 eorum
2463 5836 2802 5896 compressus
2837 5829 2919 5877 est
2947 5836 2959 5875 :
2993 5816 3086 5875 Dei
3115 5824 3298 5872 autem
3331 5815 3563 5870 murram
3582 5806 3686 5870 (ιιιε
3706 5802 3768 5839 “‘
