3882 6286
97 513 183 576 cit,
225 507 416 564 factam
442 519 574 565 esse
595 503 966 563 miserrimam.
1013 499 1206 560 Dicunt
1239 499 1398 557 etiam
1420 513 1537 555 eam
1568 513 1665 572 per

95 603 244 670 ipsam
273 598 710 654 commixtionem
747 594 1044 667 perdidisse
1076 591 1404 648 intellectum
1428 600 1480 647 et
1503 591 1670 646 beati-

93 692 310 747 tudinem
355 705 512 744 suam
539 729 558 757 ,
590 699 640 743 et
666 687 872 758 magnis
905 685 1177 742 erroribus
1203 694 1253 740 et
1278 684 1517 739 cladibus
1546 697 1664 739 esse

94 787 421 854 implicatam.
473 782 646 852 Quam
687 782 730 836 si
780 779 1066 849 aliquando
1113 778 1197 834 vel
1237 785 1404 833 totam
1453 779 1667 849 purgari

94 877 351 939 dicerent,
405 889 658 945 magnam
705 882 882 928 tamen
921 871 1248 942 impietatem
1287 881 1472 926 contra
1498 872 1673 926 omni-

92 977 337 1040 potentem
375 967 553 1024 Deum
583 967 943 1034 affirmarent,
971 965 1124 1036 cujus
1153 974 1358 1036 partem
1389 963 1672 1020 crederent

92 1071 221 1115 tanto
257 1071 507 1130 tempore
556 1060 605 1114 in
641 1060 916 1116 erroribus
955 1066 1010 1113 et
1046 1058 1222 1127 poenis
1258 1071 1379 1112 esse
1417 1056 1670 1126 jactatam

89 1155 192 1209 sine
222 1151 397 1219 aliquo
433 1155 647 1222 peccati
673 1149 919 1206 crimine.
967 1147 1122 1205 Nunc
1147 1163 1277 1204 vero
1309 1147 1544 1203 infelices
1574 1163 1672 1203 au-

91 1245 201 1298 dent
247 1242 423 1296 adhuc
489 1241 674 1297 dicere
727 1256 828 1296 nec
883 1251 1048 1296 totam
1097 1256 1256 1311 posse
1314 1240 1559 1310 purgari;
1618 1249 1673 1294 et

94 1337 240 1405 ipsam
285 1344 498 1405 partem
539 1351 656 1404 quae
698 1335 908 1405 purgari
951 1349 1058 1390 non
1098 1333 1363 1403 potuerit,
1408 1332 1673 1402 proiicere

99 1429 157 1483 ad
191 1429 442 1484 vinculum
470 1469 487 1494 ,
518 1436 581 1484 ut
615 1427 738 1483 inde
773 1429 1075 1483 involvatur
1099 1435 1154 1483 et
1182 1428 1416 1498 iiiigetur
1449 1425 1666 1483 malitia:

103 1521 319 1590 sepulcro
353 1522 412 1588 ¹;
458 1528 519 1576 et
561 1521 638 1576 sic
678 1521 751 1576 ibi
792 1535 1008 1592 semper
1033 1521 1105 1577 sit
1142 1536 1263 1592 pars
1306 1521 1421 1592 ipsa
1450 1519 1542 1575 Dei
1573 1520 1674 1574 mi-

94 1627 231 1678 sera,
269 1628 386 1683 qua:
432 1612 574 1667 nihil
616 1613 888 1684 peccavit,
929 1620 984 1668 et
1009 1610 1279 1683 afﬂigatur
1312 1614 1366 1667 in
1407 1623 1670 1667 internum

91 1718 282 1760 carcere
313 1704 666 1760 tenebrarum
695 1705 739 1758 ⁸.
783 1705 896 1760 Hoc
929 1705 1004 1760 illi
1041 1705 1224 1759 dicunt
1247 1747 1260 1770 ,
1302 1711 1361 1759 ut
1395 1704 1668 1774 simplices

89 1796 270 1850 animas
295 1794 504 1851 fallant.
541 1794 648 1850 Sed
669 1796 790 1865 quis
818 1803 924 1850 tam
956 1795 1182 1866 simplex
1207 1804 1287 1851 est
1305 1836 1322 1863 ,
1345 1803 1404 1850 ut
1432 1795 1534 1850 ista
1564 1807 1670 1850 non

92 1887 263 1942 sentiat
304 1901 426 1943 esse
475 1887 740 1958 sacrilega
765 1928 779 1952 ,
815 1887 1006 1956 quibus
1034 1885 1303 1942 afﬁrmant
1331 1885 1672 1956 omnipoten-

89 1987 180 2032 tem
225 1979 383 2033 Deum
434 1979 768 2034 necessitate
811 1992 1126 2047 oppressum
1176 1991 1334 2044 esse,
1381 1986 1438 2032 ut
1461 1985 1671 2050 partem

91 2083 216 2124 suam
251 2069 443 2124 bonam
477 2078 539 2124 et
587 2071 925 2124 innocentem
971 2069 1130 2123 tantis
1164 2067 1405 2124 cladibus
1434 2069 1671 2124 obruen-

89 2163 191 2217 dam
217 2172 267 2217 et
307 2171 453 2216 tanta
483 2161 830 2216 immunditia
857 2159 1234 2231 inquinandam
1264 2159 1452 2226 daret,
1483 2169 1536 2214 et
1564 2175 1670 2214 non

92 2263 230 2311 totam
250 2255 481 2311 liberare
512 2262 701 2326 posset
725 2270 742 2320 ;
765 2260 823 2308 et
848 2253 990 2324 quod
1021 2253 1250 2308 liberare
1275 2267 1382 2307 non
1414 2251 1668 2322 potuerit,

91 2349 282 2403 aeternis
319 2348 564 2404 vinculis
591 2347 912 2417 colligaret?
955 2346 1086 2414 Quis
1124 2360 1254 2416 ergo
1295 2345 1396 2400 ista
1437 2360 1547 2400 non
1577 2359 1671 2401 ex-

93 2441 341 2497 secretur?
369 2441 492 2512 quis
521 2455 638 2495 non
692 2439 950 2509 intelligat
975 2437 1136 2508 impia
1165 2452 1285 2493 esse
1317 2446 1372 2493 et
1405 2437 1673 2493 nefanda?

92 2533 176 2590 Sed
210 2536 277 2589 illi
305 2533 532 2606 quando
561 2535 777 2602 capiunt
799 2531 1077 2597 homines,
1124 2547 1230 2586 non
1265 2531 1366 2586 ista
1411 2531 1557 2601 prius
1585 2531 1671 2585 di-

94 2637 226 2694 cunt;
253 2643 367 2699 qua
395 2630 440 2683 si
471 2629 750 2695 dicerent,
783 2626 1120 2692 riderentur,
1151 2637 1241 2681 aut
1271 2625 1579 2696 ingerentur
1604 2625 1673 2680 ab

95 2721 308 2776 omnibus
327 2721 348 2753 ³
379 2738 394 2776 :
425 2720 534 2776 sed
587 2719 789 2790 eligunt
834 2718 1062 2789 capitula
1093 2719 1160 2774 de
1201 2718 1490 2788 Seripturis
1511 2761 1524 2784 ,
1553 2733 1672 2788 qua:

97 2811 328 2880 simplices
368 2811 632 2866 homines
673 2825 778 2865 non
823 2811 1156 2880 intelligunt;
1196 2818 1252 2866 et
1288 2825 1384 2880 per
1414 2809 1503 2863 illa
1529 2808 1674 2864 deci-

97 2906 220 2972 piunt
249 2907 449 2961 animas
479 2905 804 2975 imperitas,
850 2903 1140 2974 qumrendo
1177 2901 1320 2958 unde
1346 2903 1414 2956 sit
1444 2901 1666 2956 malum.

98 2998 219 3054 Sicut
244 3000 292 3054 in
318 3000 419 3054 isto
449 2999 701 3068 capitulo
731 2997 950 3065 faciunt,
984 2996 1129 3067 quod
1154 2997 1221 3050 ab
1246 2996 1505 3066 Apostolo
1536 2995 1671 3050 scri-

99 3101 215 3159 ptum
239 3101 348 3158 est,
397 3092 654 3147 Hectorea
691 3091 870 3144 harum
910 3089 1260 3154 tenebrarum,
1309 3099 1354 3142 et
1384 3087 1674 3158 spiritualia

97 3183 292 3253 nequitiae
317 3187 370 3239 in
397 3185 718 3241 caelestibus.
765 3183 1023 3252 Qmerunt
1061 3183 1202 3239 enim
1231 3183 1546 3252 deceptores
1574 3181 1669 3249 illi,

98 3284 138 3328 et
162 3276 471 3349 interrogant
497 3277 786 3332 hominem
815 3275 1117 3346 Scripturas
1146 3274 1354 3330 divinas
1373 3288 1480 3329 non
1505 3274 1666 3329 intel-

102 3366 332 3435 iigentem,
374 3370 534 3426 unde
555 3371 664 3424 sint
691 3369 745 3423 in
772 3369 911 3424 caelo
939 3377 1177 3424 rectores
1201 3367 1540 3422 tenebrarum
1571 3384 1584 3421 :
1617 3375 1676 3421 ut

100 3475 195 3514 cum
220 3464 548 3533 respondere
572 3479 681 3518 non
716 3464 981 3534 potuerit,
1027 3461 1335 3518 traducatur
1368 3463 1438 3518 ab
1469 3463 1547 3518 eis
1577 3477 1674 3533 per

102 3554 463 3622 curiositatem;
494 3555 632 3626 quia
658 3556 833 3610 omnis
876 3555 1052 3610 anima
1081 3555 1293 3610 indocta
1325 3555 1535 3611 curiosa
1565 3565 1669 3611 est.

103 3646 181 3710 Qui
212 3660 374 3704 autem
418 3649 594 3704 ﬁdem
623 3647 942 3703 catholicam
986 3646 1127 3703 bene
1170 3646 1394 3714 didicit,
1428 3656 1482 3703 et
1516 3647 1671 3703 bonis

105 3743 300 3799 muribus
325 3753 378 3799 et
397 3758 538 3798 vera
579 3744 776 3813 pietate
801 3743 1037 3798 munitus
1062 3749 1177 3809 est,
1206 3744 1450 3812 quamvis
1481 3757 1670 3796 eorum

106 3833 310 3891 iitrresim
353 3837 572 3892 nesciat
598 3878 611 3899 ,
657 3833 946 3905 respondet
991 3834 1096 3889 illis
1142 3842 1342 3889 tamen.
1389 3833 1501 3889 Nec
1528 3834 1668 3888 enim

103 3924 242 3996 decipi
284 3937 493 3998 potest,
533 3925 624 3997 qui
649 3926 761 3997 jam
802 3926 952 3980 novit
974 3925 1104 3996 quid
1137 3925 1400 3995 pertineat
1438 3925 1503 3979 ad
1524 3923 1670 3980 chri-

104 4017 290 4072 stianam
320 4021 506 4088 iidem,
533 4034 654 4091 qua:
681 4018 945 4074 catholica
967 4018 1162 4073 dicitur
1179 4060 1192 4084 ,
1229 4033 1325 4088 per
1346 4017 1529 4073 orbem
1565 4026 1670 4074 ter-

105 4124 250 4165 rarum
276 4129 476 4183 sparsa,
517 4123 572 4169 et
594 4121 784 4169 contra
807 4126 996 4168 omnes
1030 4111 1223 4182 impios
1253 4120 1308 4166 et
1334 4121 1668 4182 peceatores,

107 4205 389 4274 negligentes
417 4215 608 4262 autem
655 4206 819 4261 etiam
848 4219 977 4261 suos
1001 4202 1045 4272 ⁸,
1077 4203 1311 4260 Domino
1339 4204 1672 4276 gubernante

107 4309 279 4352 secura.

163 4388 360 4448 CAPUT
399 4393 464 4448 ν.
513 4421 586 4434 --
628 4393 680 4449 5.
728 4390 1031 4461 Spiritualia
1071 4391 1305 4464 nequitia:
1358 4391 1413 4443 in
1453 4389 1668 4445 scelesti—

111 4479 195 4540 bu,
219 4497 306 4550 quo
334 4501 481 4538 sensu
516 4484 727 4537 dictum.
762 4482 1022 4551 Quoniam
1051 4496 1179 4552 ergo
1204 4481 1513 4536 dicebamus
1542 4495 1672 4552 apo-

112 4573 271 4628 stolum
313 4576 541 4632 Paulum
593 4576 795 4631 dixisse
851 4575 1049 4632 habere
1093 4590 1193 4631 nos
1235 4576 1668 4632 colluctationem

115 4662 324 4722 adversus
358 4682 597 4726 rectores
623 4671 969 4726 tenebrarum
996 4679 1048 4725 et
1079 4670 1376 4739 spiritualia
1418 4671 1670 4741 nequitiae

119 4752 160 4804 in
197 4759 517 4827 celestibus;
575 4771 630 4816 et
678 4760 1022 4831 probavimus
1069 4760 1230 4815 etiam
1277 4761 1437 4816 istum
1486 4777 1665 4817 aerem

121 4851 244 4901 terra:
259 4854 558 4920 proximum
588 4853 784 4908 emtum
831 4854 1009 4907 vocari
1043 4873 1059 4906 :
1088 4861 1297 4922 oportet
1326 4854 1547 4910 credere
1576 4855 1670 4910 ad-

121 4949 294 4995 versum
327 4943 597 5001 diabolum
627 4952 684 5000 et
718 4944 937 5016 angelos
975 4944 1092 5016 ejus
1119 4959 1216 5000 nos
1245 4945 1533 5014 dimicare,
1578 4947 1667 5018 qui

120 5029 306 5092 gaudent
345 5036 833 5105 perturbationibus
876 5038 1095 5092 nostris.
1148 5036 1282 5093 Nam
1306 5047 1362 5093 et
1387 5039 1501 5110 ipse
1527 5040 1668 5110 Apo-

124 5120 254 5178 Stolus
278 5127 372 5184 alio
409 5129 528 5186 loco
563 5129 834 5185 diabolum
872 5130 1167 5202 principem
1209 5132 1490 5201 potestatis
1527 5133 1666 5188 aeris

174 5347 188 5377 ι

127 5355 940 5530 εῶέξὲἒὲὲηᾜιῗῆἓει,
963 5413 1199 5483 anigitur)
1214 5414 1265 5466 in
1289 5419 1529 5467 aeternum
1548 5427 1663 5466 car-

177 5493 204 5521 "I
221 5493 515 5534 morarum.

177 5533 414 5610 '_sic_l_’arv.
458 5551 505 5594 et
529 5541 698 5610 plures
856 5548 909 5594 At
930 5540 1174 5610 editiones
1194 5539 1305 5610 alia;
1319 5576 1333 5601 ,
1375 5540 1662 5606 [agerentur

128 5592 390 5686 “hminibus.
414 5592 692 5663 'l‘res'ntss,
717 5592 998 5674 rimarentur
1021 5603 1083 5651 ab
1106 5592 1394 5653 hominibus.
1432 5592 1456 5606 ”

215 5662 427 5718 Iduum.
463 5674 535 5720 Er.
571 5675 624 5717 ct
661 5674 804 5720 tem.
844 5666 1135 5720 negligentes
1158 5673 1320 5717 autem
1349 5665 1443 5717 sui.
1491 5664 1596 5716 Heli

173 5677 191 5686 ν
215 5677 427 5718 mnum.
463 5677 535 5720 ει.
571 5677 624 5717 ct
662 5677 804 5724 Lean,
844 5677 1135 5728 negttgetttes
1158 5677 1320 5717 autem
1349 5680 1443 5717 sus.
1491 5677 1662 5718 uenus

132 5720 230 5793 itm.
243 5727 307 5773 cui
323 5737 499 5790 septem
523 5738 629 5780 Mss.
658 5729 1000 5791 suii‘ragantur,
1016 5726 1312 5793 negligentes
1337 5735 1494 5778 autem
1516 5727 1664 5793 etiam

256 5788 415 5858 nempe
437 5806 559 5858 suos,
582 5801 749 5858 contra
771 5788 892 5858 quos
915 5788 1231 5858 negligenies
1269 5803 1492 5858 securam
1506 5789 1661 5858 iidem

227 5851 556 5923 3intelligimus
573 5851 834 5923 catholicos
866 5851 1292 5923 ﬁdeles;th
1309 5861 1415 5905 Mss.
1442 5853 1627 5904 habent

135 5899 180 5952 “
191 5899 832 5978 emanasse;
854 5899 953 5965 an

1506 381 1708 439 LIBER
1747 381 1949 442 UNUS.

3261 395 3368 456 εθι

1782 496 1940 568 hujus
1968 497 2198 568 appellat
2221 497 2438 574 (Ephes.
2459 514 2497 558 ιι
2516 543 2533 571 ,
2555 498 2638 578 Ξ).
2665 500 2920 572 Quamvis
2949 504 3034 564 ille
3059 508 3209 566 locus
3229 554 3243 580 ,
3273 513 3372 572 ubi

1778 591 1885 659 ait,
1920 590 2225 663 Spiritualia
2250 595 2484 667 nequitia:
2507 596 2562 650 in
2585 597 2864 654 eiulatibus
2885 642 2898 666 ,
2929 603 3099 672 possit
3120 614 3174 658 et
3214 607 3370 665 aliter

1778 681 2034 754 intelligi,
2077 695 2134 739 ut
2158 701 2264 740 non
2295 687 2438 759 ipsos
2464 689 2901 760 praevaricatores
2941 696 3156 766 angelos
3189 699 3239 752 in
3263 715 3373 756 cm-

1779 774 1999 832 lestibus
2031 792 2150 833 esse
2175 778 2406 845 dixerit,
2437 782 2531 837 sed
2561 798 2659 838 nos
2686 785 2862 856 potius
2888 827 2901 850 ,
2950 787 3015 842 de
3050 790 3242 858 quibus
3268 795 3372 850 alio

1778 867 1897 922 loco
1921 868 2082 937 dicit,
2115 869 2437 927 Conversatio
2460 883 2632 929 nostra
2657 877 2710 930 in
2741 877 2878 931 caelis
2902 889 2974 933 est
3003 879 3261 953 (Philipp.
3292 901 3368 951 ιιι,

1775 959 1876 1032 20)
1909 978 1923 1015 :
1954 971 2011 1017 ut
2039 978 2136 1018 nos
2164 964 2215 1018 in
2244 967 2552 1024 caelestibus
2578 971 2887 1041 constituti,
2921 973 2970 1028 id
2994 984 3094 1043 est,
3138 977 3191 1031 in
3212 980 3367 1048 spiri-

1779 1052 2011 1108 tualibus
2047 1059 2325 1126 praeceptis
2376 1058 2469 1114 Dei
2519 1060 2884 1129 ambulantes,
2930 1065 3246 1123 dimicemus
3276 1071 3368 1125 ad-

1777 1159 1967 1200 versus
1997 1147 2288 1217 spiritualia
2336 1152 2619 1222 nequitiae,
2667 1169 2784 1223 quae
2820 1170 2918 1210 nos
2962 1159 3082 1213 inde
3111 1173 3368 1217 conantur

1779 1237 2112 1293 abstrahere.
2160 1239 2325 1311 Magis
2365 1257 2492 1313 ergo
2533 1244 2662 1298 illud
2702 1248 3047 1315 quaerendum
3077 1260 3193 1320 est,
3244 1270 3372 1323 quo-

1777 1328 1941 1383 modo
1975 1330 2232 1386 adversus
2257 1346 2352 1387 eos
2371 1349 2505 1403 quos
2532 1351 2636 1390 non
2664 1337 2905 1394 videmus
2923 1382 2936 1406 ,
2981 1355 3214 1412 pugnare
3246 1359 3372 1413 pos-

1777 1419 1979 1486 simus,
2021 1430 2074 1476 et
2116 1421 2365 1490 vincere;
2413 1441 2480 1481 ne
2524 1434 2712 1496 putent
2737 1429 2884 1484 stulti
2909 1429 3164 1487 adversus
3193 1447 3371 1506 aerem

1781 1527 1877 1567 nos
1902 1511 2099 1569 debere
2124 1525 2351 1571 certare.

1847 1604 2074 1662 CAPUT
2112 1607 2200 1663 Vl.
2226 1637 2302 1650 —-
2329 1609 2383 1664 6.
2413 1609 2610 1680 Corpus
2646 1614 3026 1685 castigandum,
3067 1626 3122 1670 ut
3145 1618 3375 1675 diabolus

1778 1705 1825 1751 et
1846 1698 2063 1752 mundus
2099 1699 2381 1754 vincantur.
2413 1700 2578 1757 Docet
2607 1701 2784 1775 itaque
2807 1706 3092 1774 Apostolus
3117 1708 3250 1779 ipse,
3287 1709 3371 1765 di-

1777 1801 1907 1843 cens
1939 1807 1952 1844 :
1987 1787 2108 1844 Non
2134 1790 2206 1844 sic
2249 1807 2417 1862 pugno
2437 1833 2452 1859 ,
2495 1794 2642 1862 quasi
2681 1810 2846 1849 aerem
2885 1796 3117 1865 credens;
3161 1803 3248 1854 sed
3285 1819 3374 1856 ca-

1777 1883 1908 1952 stigo
1951 1897 2137 1953 corpus
2174 1899 2373 1950 meum,
2416 1894 2463 1938 et
2497 1885 2551 1938 in
2585 1889 2868 1941 servitutem
2900 1891 3106 1962 redigo,
3143 1909 3206 1947 ne
3249 1897 3378 1965 forte

1781 1971 1899 2025 aliis
1928 1973 2213 2043 prmdicans
2238 2015 2250 2038 ,
2281 1974 2391 2045 ipse
2417 1977 2661 2045 reprobus
2687 1977 2914 2032 inveniar
2943 1978 2988 2050 (l
3014 1979 3131 2035 Cor.
3159 1997 3212 2037 ix
3240 2027 3251 2049 ,
3281 1984 3373 2053 26,

1779 2063 1900 2136 27).
1952 2065 2081 2120 Item
2118 2067 2292 2122 dicit:
2325 2066 2614 2123 Imitatores
2656 2071 2756 2124 mei
2795 2080 2980 2141 estote,
3028 2075 3153 2128 sicut
3199 2085 3247 2131 et
3286 2093 3376 2150 ego

1777 2158 1964 2214 Christi
2010 2159 2120 2232 (Id.
2147 2177 2236 2226 xi,
2265 2162 2345 2235 i).
2398 2163 2576 2229 Quare
2619 2163 3018 2238 intelligendum
3059 2175 3174 2237 est,
3215 2171 3374 2225 etiam

1779 2251 1949 2321 ipsum
1999 2252 2314 2322 Apostoium
2359 2253 2413 2308 in
2454 2255 2744 2325 semetipso
2782 2255 3142 2328 triumphasse
3171 2261 3238 2316 de
3279 2279 3372 2332 po-

1776 2343 2061 2398 testatibus
2120 2343 2279 2415 hujus
2323 2346 2539 2412 mundi,
2594 2347 2734 2402 sicut
2782 2347 2850 2404 de
2893 2350 3119 2406 Domino
3167 2352 3376 2411 dixerat

1783 2431 1851 2505 (ll
1882 2435 2000 2490 Cor.
2033 2453 2090 2502 ιι,
2116 2438 2203 2502 14,
2231 2445 2277 2490 et
2294 2435 2490 2493 Coloss.
2521 2453 2596 2506 ιι,
2622 2438 2712 2512 15)
2740 2482 2752 2504 ,
2787 2441 2940 2511 cujus
2964 2456 3022 2498 se
3056 2443 3376 2503 imitatorem

1778 2539 1901 2582 esse
1921 2529 2219 2598 proﬁtetur.
2245 2528 2516 2585 Imitemur
2535 2545 2666 2602 ergo
2692 2539 2748 2586 et
2776 2546 2875 2588 nos
2900 2533 3070 2601 illum,
3100 2537 3240 2591 sicut
3262 2537 3376 2594 hor-

1778 2627 1943 2686 tatur,
1976 2630 2029 2676 et
2054 2621 2376 2692 castigemus
2402 2636 2597 2694 corpus
2611 2632 2875 2693 nostrum,
2906 2637 2961 2681 et
2981 2627 3034 2681 in
3063 2629 3373 2686 servitutem

1776 2714 2082 2786 redigamus
2108 2756 2123 2782 ,
2167 2717 2210 2771 si
2239 2716 2494 2772 mundum
2535 2717 2783 2773 volumus
2821 2718 3057 2776 vincere.
3112 2721 3248 2788 Quia
3272 2738 3370 2794 per

1783 2807 1997 2862 illicitas
2038 2807 2421 2864 delectationes
2459 2823 2586 2864 suas
2609 2817 2663 2864 et
2691 2823 2912 2879 pompas
2939 2820 2993 2866 et
3020 2813 3373 2882 perniciosam

1777 2899 2142 2954 curiositatem
2183 2901 2336 2956 nobis
2379 2900 2643 2956 dominari
2689 2910 2865 2971 potest
2890 2901 2977 2958 hic
3003 2904 3266 2970 mundus,
3320 2907 3375 2962 id

1778 3000 1899 3056 est,
1953 3006 2015 3046 ea
2057 3005 2178 3063 qua:
2223 2991 2273 3045 in
2320 2990 2424 3047 hoc
2449 2991 2652 3048 mundo
2697 2994 2996 3064 perniciosa
3021 2995 3376 3054 delectatione

1779 3082 2038 3153 colligant
2075 3091 2342 3139 amatores
2390 3099 2571 3143 rerum
2623 3087 3038 3155 temporalium,
3085 3098 3138 3146 et
3162 3089 3376 3147 diabolo

1785 3183 1948 3246 atque
1996 3176 2199 3246 angelis
2239 3176 2356 3246 ejus
2397 3179 2601 3233 servire
2641 3193 2837 3249 cogunt
2871 3181 3105 3251 :quibus
3128 3184 3377 3241 omnibus

1777 3267 1825 3322 si
1854 3267 2273 3324 renuntiavimus
2295 3310 2310 3335 ,
2357 3269 2660 3341 redigamus
2693 3272 2710 3306 ⁸
2741 3271 2794 3326 in
2830 3272 3138 3328 servitutem
3176 3291 3374 3347 corpus

1778 3366 2043 3413 nostrum.

1848 3449 2074 3506 CAPUT
2100 3450 2212 3506 VII.
2238 3481 2311 3492 -—
2337 3451 2393 3506 Ἰ.
2429 3451 2497 3508 Ut
2521 3469 2707 3525 corpus
2730 3453 2872 3510 nobis
2901 3457 3227 3528 subjiciatur,
3259 3460 3374 3513 sub-

1767 3544 2014 3615 jiciamus
2043 3560 2135 3598 nos
2155 3545 2298 3614 ipsos
2325 3543 2431 3598 Deo
2451 3587 2465 3611 ,
2497 3547 2580 3599 cui
2611 3548 2774 3603 omnis
2797 3557 3030 3603 creatura
3054 3549 3236 3619 servit,
3258 3553 3374 3607 velit

1778 3636 1925 3690 nolit.
1942 3633 2210 3690 Justorum
2229 3643 2277 3690 et
2297 3636 2600 3707 injustorum
2618 3637 2673 3692 in
2698 3638 2850 3709 hujus
2871 3641 2986 3695 vita
3013 3642 3157 3697 bonis
3179 3652 3226 3698 et
3255 3660 3370 3698 ma-

1777 3729 1842 3782 tis
1885 3727 2171 3783 discrimen.
2225 3728 2330 3785 Sed
2372 3744 2439 3784 ne
2475 3730 2596 3800 quis
2624 3731 2761 3787 forte
2805 3732 2906 3788 hoc
2944 3734 3118 3804 ipsum
3147 3747 3371 3807 quaerat,

1776 3821 2049 3891 quomodo
2105 3823 2195 3876 liat
2223 3831 2278 3876 ut
2321 3836 2519 3894 corpus
2555 3835 2796 3882 nostrum
2839 3828 3079 3882 servituti
3119 3830 3373 3900 subjicia-

1777 3927 1935 3979 mus;
1969 3911 2122 3967 facile
2151 3913 2374 3984 intelligi
2400 3922 2455 3969 et
2485 3915 2598 3970 ﬁeri
2629 3925 2821 3986 potest,
2853 3919 2898 3973 si
2927 3921 3078 3991 prius
3102 3937 3200 3976 nos
3222 3922 3368 3992 ipsos

1777 4003 2120 4074 subjiciamus
2147 4004 2257 4059 Deo
2277 4046 2290 4069 ,
2315 4005 2453 4060 bona
2477 4007 2754 4064 voluntate
2777 4018 2832 4064 et
2856 4011 3064 4067 sincera
3085 4014 3368 4070 clnaritate.

1776 4095 1910 4152 Nam
1935 4097 2112 4152 omnis
2131 4106 2372 4152 creatura
2395 4140 2409 4164 ,
2437 4099 2567 4152 velit
2595 4100 2731 4154 nolit
2751 4142 2766 4168 ,
2794 4102 2883 4155 uni
2915 4103 3024 4158 Deo
3052 4114 3106 4158 et
3145 4106 3372 4161 Domino

1777 4204 1877 4246 suo
1905 4191 2143 4260 subjecta
2166 4198 2266 4245 est.
2308 4190 2412 4246 Sed
2445 4191 2548 4246 hoc
2576 4192 2946 4262 admonemur,
2972 4205 3028 4250 ut
3057 4205 3165 4252 tota
3186 4197 3370 4252 volun-

1779 4289 1889 4336 tate
1920 4281 2215 4336 serviamus
2246 4282 2472 4337 Domino
2504 4283 2613 4338 Deo
2645 4293 2846 4341 nostro.
2897 4286 3156 4355 Quoniam
3197 4289 3372 4359 justus

1776 4373 2068 4429 liberaliter
2106 4375 2304 4442 servit,
2353 4374 2584 4446 injustas
2611 4385 2787 4431 autem
2816 4378 3148 4449 compeditus
3177 4383 3363 4437 servit.

1775 4467 1974 4522 Omnes
2014 4474 2192 4521 tamen
2221 4467 2413 4522 divinae
2451 4469 2800 4538 providentiae
2838 4473 3075 4526 serviunt
3106 4493 3118 4528 :
3151 4475 3242 4528 sed
3281 4476 3371 4531 alii

1775 4560 2037 4617 obediunt
2061 4570 2308 4631 tanquam
2334 4562 2449 4630 lilii,
2471 4572 2524 4616 et
2547 4563 2743 4618 faciunt
2768 4579 2888 4617 eum
2917 4580 2978 4619 ea
3007 4566 3146 4636 quod
3172 4567 3369 4622 bonum

1777 4665 1890 4720 est;
1938 4655 2025 4709 alii
2067 4669 2195 4709 vero
2240 4655 2472 4725 ligantur
2508 4664 2760 4726 tanquam
2786 4657 2960 4722 servi,
2995 4668 3048 4712 et
3079 4659 3137 4712 lit
3161 4658 3229 4714 de
3265 4659 3372 4715 illis

1776 4747 1922 4820 quod
1942 4747 2143 4817 justum
2175 4756 2276 4803 est.
2310 4747 2383 4802 ita
2412 4748 2552 4802 Deus
2575 4748 2937 4817 omnipotens,
2971 4749 3226 4806 Dominus
3248 4753 3368 4808 uni-

1775 4853 1946 4896 versae
1967 4848 2225 4894 creaturae
2245 4880 2257 4903 ,
2287 4838 2378 4909 qui
2408 4839 2524 4910 fecit
2552 4838 2723 4892 omnia
2747 4879 2760 4903 ,
2811 4839 2948 4894 sicut
2975 4840 3234 4912 scriptum
3262 4853 3365 4913 est,

1773 4931 1907 4986 bona
1929 4931 2076 4986 valde
2116 4930 2268 5005 (Gen.
2300 4947 2350 4996 ι,
2397 4930 2488 5004 51)
2514 4970 2530 4998 ,
2577 4931 2655 4986 sic
2680 4946 2743 4986 ea
2774 4931 3074 5003 ordinavit,
3121 4945 3180 4990 ut
3221 4946 3275 4992 et
3304 4937 3373 4993 de

1774 5022 1932 5079 bonis
1968 5033 2021 5078 et
2045 5023 2115 5078 de
2151 5024 2304 5078 matis
2343 5023 2480 5079 bene
2518 5023 2693 5080 faciat.
2734 5025 2887 5093 Quod
2937 5028 3080 5083 enim
3120 5028 3265 5099 juste
3293 5030 3370 5095 ﬁt,

1773 5115 1911 5171 bene
1945 5116 2021 5172 ﬁt.
2073 5115 2224 5172 Juste
2267 5125 2444 5171 autem
2485 5127 2608 5171 sunt
2632 5117 2772 5172 beati
2807 5119 2932 5174 boni
2953 5160 2968 5188 ,
2998 5131 3053 5176 et
3079 5121 3219 5192 juste
3247 5125 3373 5178 mali

1773 5223 1964 5279 poenas
1992 5209 2285 5280 patiuntur.
2331 5208 2475 5279 Ergo
2505 5219 2560 5264 et
2582 5208 2650 5264 de
2676 5210 2834 5266 bonis
2860 5221 2915 5266 et
2942 5212 3008 5268 de
3050 5215 3206 5269 malis
3231 5213 3372 5270 bene

1772 5298 1903 5356 facit
1929 5301 2067 5357 Deus
2096 5342 2111 5369 ,
2137 5301 2388 5372 quoniam
2414 5301 2559 5372 juste
2596 5303 2774 5358 ornnia
2797 5302 2938 5359 facit.
2969 5305 3100 5360 Boni
3129 5315 3252 5361 sunt
3278 5321 3373 5359 au-

1773 5401 1884 5449 tem
1909 5435 1924 5462 ,
1957 5395 2047 5466 qui
2085 5403 2191 5449 tota
2223 5395 2497 5450 voluntate
2532 5395 2643 5450 Deo
2682 5396 2955 5460 serviunt;
3004 5397 3129 5451 mali
3177 5405 3357 5450 autem

1771 5489 2095 5544 necessitate
2130 5489 2370 5544 serviunt
2403 5507 2417 5543 :
2445 5504 2603 5544 nemo
2647 5489 2791 5544 enim
2822 5489 2965 5559 leges
3013 5489 3333 5560 Omnipoten

1773 5580 1844 5635 tis
1871 5581 2068 5636 evadit.
2109 5580 2214 5637 Sed
2241 5580 2384 5636 aliud
2410 5591 2495 5636 est
2523 5582 2698 5636 lacere
2727 5581 2867 5651 quod
2894 5583 2978 5637 lex
3003 5582 3190 5650 jubet,
3217 5584 3363 5640 aliud

1772 5675 1882 5746 pati
1911 5675 2052 5747 quod
2081 5675 2167 5731 lex
2192 5674 2364 5744 jubet.
2387 5673 2725 5745 QuaprOpter
2752 5673 2877 5728 boni
2899 5675 3190 5733 secundum
3223 5677 3366 5748 leges

1838 5855 1854 5886 ⁸
1891 5854 2007 5903 Editi
2027 5889 2042 5912 ,
2086 5851 2132 5904 si
2155 5851 2485 5916 renwttiamus
2503 5886 2518 5911 ,
2543 5850 2840 5916 redigimus.
2855 5858 2907 5903 st
2929 5861 3036 5904 Mss.
3059 5869 3234 5912 omnes
3283 5869 3366 5909 re.

1773 5915 1998 5982 digmnus
2019 5928 2039 5968 :
2064 5924 2118 5970 et
2139 5927 2208 5970 ex
2223 5913 2403 5970 iisdem
2424 5913 2625 5980 plures,
