3882 6286
569 357 674 420 295

565 473 789 543 faciunt,
815 469 945 529 mali
970 467 1263 528 secundum
1294 466 1439 538 leges
1467 465 1755 538 patiuntur.

638 566 693 624 8.
725 563 837 622 Nec
878 577 979 621 nos
1018 571 1236 619 moveat
1275 559 1419 632 quod
1463 559 1517 614 in
1566 559 1668 614 hac
1708 560 1817 614 vita
1860 556 2156 613 secundum

566 673 787 716 carnem
825 670 983 728 quam
1014 664 1260 726 portant,
1301 652 1428 723 justi
1473 651 1637 706 multa
1668 650 1848 722 gravia
1878 659 1933 705 et
1966 664 2157 720 aspera

567 753 823 809 tolerant.
850 752 994 808 Nihil
1023 752 1167 809 enim
1194 750 1319 805 mali
1350 749 1649 819 patiuntur,
1682 746 1771 817 qui
1802 748 1913 816 jam
1936 752 2161 815 possunt

567 842 749 901 dicere
774 843 916 915 quod
956 844 1047 900 ille
1084 843 1166 897 vir
1209 839 1498 912 spiritualis
1528 837 1761 894 exsultat
1806 846 1862 892 et
1906 835 2161 907 praedicat

566 938 879 1008 Apostolus,
898 934 1081 991 dicens
1106 952 1118 989 :
1148 932 1439 989 Gtoriamur
1466 932 1519 985 in
1544 928 1951 984 tributationibus
1967 944 1988 994 ;
2007 928 2163 983 scien-

568 1037 644 1085 tes
678 1029 919 1100 quoniam
966 1025 1221 1081 tribulatio
1266 1022 1560 1095 patientiam
1606 1030 1879 1091 operatur,
1920 1020 2164 1091 patientia

570 1122 945 1195 probationem,
974 1118 1204 1189 probatio
1225 1132 1340 1171 vero
1370 1133 1513 1185 spem
1532 1157 1547 1181 ,
1575 1130 1689 1185 spes
1711 1123 1881 1168 autem
1908 1130 2011 1167 non
2038 1129 2161 1167 con-

570 1214 740 1289 fundit
766 1229 786 1268 :
811 1213 930 1284 quia
954 1210 1179 1266 charitas
1204 1208 1300 1265 Dei
1328 1206 1518 1276 di/fusa
1550 1216 1623 1262 est
1646 1207 1698 1260 in
1722 1205 1956 1260 cordibus
1981 1205 2163 1259 nostris

566 1321 661 1378 per
705 1302 959 1374 Spiritum
1000 1310 1232 1356 sanctum
1277 1300 1362 1371 qui
1408 1299 1557 1354 datus
1607 1308 1678 1354 est
1719 1297 1861 1353 nobis
1888 1296 2062 1367 (Rom.
2093 1312 2158 1362 ν,

567 1392 713 1469 5-5).
766 1392 824 1450 Si
858 1407 986 1465 ergo
1026 1394 1082 1448 in
1112 1391 1213 1447 hac
1237 1392 1342 1446 vita
1363 1432 1379 1457 ,
1422 1390 1510 1446 ubi
1554 1398 1699 1445 tanta
1726 1397 1991 1445 tormenta
2016 1396 2160 1459 sunt,

566 1494 794 1560 possunt
834 1486 962 1542 boni
991 1495 1047 1541 et
1070 1485 1199 1556 justi
1232 1484 1333 1539 viri
1360 1526 1374 1551 ,
1404 1498 1527 1539 cum
1570 1483 1695 1539 talia
1725 1482 2028 1553 patiuntur,
2056 1496 2163 1537 non

564 1581 742 1636 solum
766 1593 922 1649 aequo
950 1578 1130 1634 animo
1172 1578 1405 1633 tolerare
1429 1617 1445 1642 ,
1474 1575 1568 1630 sed
1594 1575 1755 1631 etiam
1782 1576 1837 1630 in
1866 1575 1961 1630 Dei
1986 1574 2164 1630 chari-

566 1680 678 1729 tate
703 1671 921 1743 gloriari
952 1673 969 1704 ¹
995 1689 1012 1737 ;
1039 1671 1167 1741 quid
1195 1670 1538 1742 cogitandum
1565 1678 1649 1726 est
1678 1670 1744 1725 de
1773 1670 1864 1725 illa
1883 1670 2012 1736 vita,
2045 1685 2164 1740 quae

565 1765 723 1823 nobis
749 1764 1099 1835 promittitur,
1130 1762 1219 1818 ubi
1250 1762 1450 1817 nullam
1497 1761 1564 1817 de
1593 1775 1822 1831 corpore
1860 1760 2162 1816 molestiam

564 1856 898 1915 sentiemus?
925 1854 1189 1923 Quoniam
1216 1868 1321 1909 non
1347 1853 1415 1908 ad
1456 1853 1560 1908 hoc
1586 1861 1834 1922 resurget
1859 1866 2055 1923 corpus
2078 1853 2165 1924 ju-

565 1958 772 2006 storum
798 1989 815 2017 ,
856 1948 923 2003 ad
951 1947 1092 2019 quod
1140 1956 1384 2017 resurget
1430 1961 1626 2016 corpus
1668 1946 1952 2016 impiorum
1985 1964 1997 1999 :
2026 1945 2164 2000 sicut

565 2041 825 2112 scriptum
846 2049 949 2106 est,
987 2039 1174 2094 Omnes
1195 2055 1534 2109 resurgemus,
1562 2039 1651 2092 sed
1672 2055 1773 2093 non
1794 2026 1965 2093 omnes
1988 2039 2163 2092 immu-

569 2132 809 2187 tabimur.
840 2131 909 2187 Et
934 2146 1003 2187 ne
1027 2132 1308 2201 quisquam
1352 2139 1501 2200 putet
1523 2144 1627 2184 non
1653 2129 1810 2200 justis
1833 2129 2161 2184 immutatio-

566 2239 695 2282 nem
736 2225 892 2279 istam
920 2221 1192 2295 promitti,
1222 2221 1316 2278 sed
1350 2222 1527 2293 potius
1551 2222 1792 2292 injustis,
1824 2230 1878 2277 et
1912 2236 2030 2278 eam
2051 2221 2163 2277 exi-

566 2318 751 2376 stimet
789 2332 911 2375 esse
949 2315 1253 2388 poenalem,
1300 2316 1541 2386 sequitur
1586 2323 1641 2371 et
1674 2314 1802 2370 dicit
1831 2333 1843 2369 :
1872 2314 1940 2369 Et
1977 2316 2163 2370 mortui

565 2420 830 2483 resurgent
868 2410 1182 2481 incorrupti,
1214 2418 1261 2464 et
1298 2425 1390 2464 nos
1428 2408 1806 2463 immutabimur
1851 2408 1894 2479 (l
1919 2408 2038 2465 Cor.
2067 2424 2157 2477 xv,

566 2504 658 2570 5t,
686 2501 799 2577 52).
829 2502 1161 2573 Quicumque
1186 2516 1317 2573 ergo
1336 2500 1459 2556 mali
1483 2508 1627 2567 sunt,
1646 2501 1725 2557 sic
1749 2500 1975 2556 ordinati
1996 2510 2119 2556 sunt
2143 2519 2156 2556 :

564 2595 690 2666 quia
721 2603 775 2650 et
804 2593 1170 2665 unusquisque
1193 2592 1295 2649 sibi
1320 2634 1334 2659 ,
1374 2600 1429 2648 et
1465 2606 1652 2647 omnes
1677 2591 1902 2647 invicem
1931 2592 2033 2647 sibi
2059 2608 2160 2647 ns-

567 2694 711 2742 cent.
761 2685 876 2741 lloc
905 2685 1049 2741 enim
1078 2692 1340 2755 appetunt
1382 2683 1526 2755 quod
1567 2684 1868 2755 perniciose
1902 2683 2159 2755 diligitur,

563 2789 620 2839 et
644 2780 787 2852 quod
812 2780 889 2836 eis
919 2778 1079 2836 facile
1102 2778 1300 2835 auferri
1329 2786 1541 2849 potest;
1573 2786 1627 2834 et
1660 2777 1763 2832 hoc
1785 2778 1886 2832 sibi
1915 2779 2163 2834 auferunt

561 2875 812 2940 invicem,
842 2873 1055 2944 quando
1075 2889 1133 2929 se
1160 2881 1571 2944 persequuntur.
1620 2872 1689 2927 Et
1716 2872 1837 2928 ideo
1856 2873 2161 2928 cruciantur

561 2966 755 3037 quibus
783 2964 1097 3021 auferuntur
1136 2963 1451 3034 temporalia
1477 3004 1492 3029 ,
1533 2963 1656 3034 quia
1695 2962 1924 3033 diligunt
1949 2978 2012 3018 ea
2043 2980 2056 3018 :
2084 2963 2160 3018 illi

561 3070 740 3117 autem
764 3060 855 3131 qui
881 3058 1158 3124 auferunt,
1189 3056 1443 3129 gaudent.
1488 3056 1596 3113 Sed
1634 3056 1753 3111 talis
1778 3057 1960 3112 laetitia
1989 3057 2148 3112 caeci-

563 3162 645 3209 tas
673 3160 790 3219 est,
817 3160 873 3207 et
895 3164 1103 3206 summa
1129 3149 1345 3206 miseria
1375 3165 1388 3201 :
1420 3148 1534 3219 ipsa
1561 3148 1703 3203 enim
1729 3148 1897 3219 magis
1924 3147 2161 3219 implicat

560 3246 795 3303 animam
820 3286 835 3311 ,
876 3251 932 3301 et
957 3243 1024 3299 ad
1062 3242 1266 3313 majora
1290 3248 1555 3297 tormenta
1585 3239 1846 3311 perducit.
1872 3239 2003 3295 Nam
2031 3255 2161 3311 gau-

560 3337 654 3394 det
676 3346 731 3393 et
753 3336 913 3407 piscis
932 3376 949 3403 ,
980 3334 1194 3406 quando
1232 3333 1450 3389 hamum
1476 3348 1585 3389 non
1605 3333 1819 3398 videns,
1851 3348 2028 3390 escam
2059 3334 2155 3389 de-

560 3437 715 3484 vorat
744 3445 759 3484 :
783 3425 881 3483 sed
908 3440 1031 3482 cum
1072 3426 1304 3497 piscator
1328 3440 1453 3480 eum
1482 3424 1748 3480 adducere
1776 3426 2020 3495 coeperit,
2053 3427 2159 3480 vis-

560 3535 686 3578 cera
724 3519 840 3591 ejus
877 3526 1192 3590 torquentur
1231 3519 1441 3589 primo;
1483 3516 1677 3573 deinde
1701 3516 1770 3572 ab
1795 3518 1937 3573 omni
1974 3519 2156 3575 laetitia

560 3628 655 3672 sua
685 3629 781 3685 per
804 3613 976 3685 ipsam
1001 3627 1179 3669 escam
1222 3612 1292 3669 de
1317 3627 1421 3683 qua
1448 3612 1657 3668 laetatus
1683 3622 1783 3677 est,
1813 3613 1880 3667 ad
1908 3628 2155 3669 consum-

560 3707 797 3779 ptionein
829 3706 1076 3761 trahitur.
1120 3704 1210 3762 Sic
1246 3713 1371 3761 sunt
1396 3719 1583 3761 omnes
1612 3705 1699 3775 qui
1735 3704 1802 3760 de
1830 3705 1985 3761 bonis
2015 3714 2153 3763 tem-

559 3801 834 3873 poralibus
858 3800 1042 3856 beatos
1067 3815 1125 3855 se
1141 3807 1329 3870 putant
1360 3816 1372 3852 :
1406 3798 1622 3855 hamum
1644 3799 1787 3854 enim
1810 3808 2150 3872 acceperunt,

558 3901 758 3951 etcum
799 3892 889 3949 illo
914 3892 1015 3948 sibi
1039 3900 1336 3963 vagantur;
1380 3891 1559 3947 veniet
1596 3900 1810 3962 tempus
1838 3902 1894 3947 ut
1918 3893 2154 3948 sentiant

556 3995 757 4057 quanta
784 3995 1046 4042 tormenta
1071 4000 1195 4043 cum
1222 3984 1478 4041 aviditate
1513 3984 1905 4042 devoraverint.
1936 3986 2005 4042 Et
2033 3986 2153 4042 ideo

556 4078 713 4137 bonis
748 4079 879 4135 nihil
924 4089 1158 4145 nocent;
1209 4079 1330 4150 quia
1372 4078 1474 4135 hoc
1500 4080 1578 4135 eis
1602 4079 1852 4136 auferunt
1877 4079 2021 4150 quod
2044 4094 2149 4136 non

555 4173 821 4245 diligunt:
852 4189 974 4229 nam
1000 4171 1143 4244 quod
1170 4172 1416 4244 diligunt,
1457 4181 1509 4228 et
1540 4172 1681 4228 unde
1710 4171 1850 4229 beati
1879 4180 2022 4238 sunt,
2050 4188 2149 4228 au-

556 4264 698 4321 ferre
727 4265 830 4321 illis
857 4281 1017 4321 nemo
1039 4274 1235 4336 potest.
1265 4263 1545 4322 Cruciatus
1565 4281 1694 4321 vero
1717 4267 1958 4335 corporis
1982 4266 2149 4322 malas

556 4358 763 4413 animas
813 4357 1189 4412 miserabiliter
1234 4356 1451 4426 afﬂigit,
1505 4358 1673 4413 bonas
1716 4366 1893 4414 autem
1939 4356 2151 4416 fortiter

554 4458 765 4522 purgat.
813 4448 901 4506 Sic
929 4449 988 4503 tit
1012 4435 1089 4504 'ut
1125 4458 1180 4504 et
1221 4450 1393 4504 malus
1424 4450 1585 4505 homo
1626 4459 1681 4506 et
1722 4451 1891 4505 malus
1928 4452 2149 4523 angelus

555 4542 749 4599 divinae
779 4541 1125 4613 providentiae
1166 4540 1433 4607 militent;
1473 4540 1568 4597 sed
1595 4541 1839 4597 nesciunt
1867 4542 1992 4611 quid
2024 4544 2148 4599 boni

556 4634 624 4690 de
651 4636 755 4691 illis
781 4644 1033 4705 operetur
1059 4634 1220 4690 Deus.
1259 4632 1375 4689 Non
1404 4634 1581 4704 itaque
1615 4649 1712 4705 pro
1736 4635 1943 4692 meritis
1963 4637 2143 4707 ofﬁcii,

557 4725 653 4782 sed
685 4740 780 4796 pro
806 4727 1012 4783 meritis
1041 4725 1259 4781 malitiae
1282 4724 1693 4795 stipendiantur.

627 4816 852 4873 CAPUT
886 4817 1018 4872 Vlll.
1040 4847 1109 4858 —
1137 4817 1193 4873 9.
1224 4816 1409 4872 Omnia
1424 4816 1594 4872 divina
1624 4819 1937 4888 providentia
1965 4820 2146 4893 guber-

556 4911 690 4965 nari.
750 4908 854 4966 Sed
900 4919 958 4964 ut
1007 4911 1091 4965 lite
1133 4909 1363 4977 animae,
1418 4926 1536 4981 quae
1581 4911 1778 4969 habent
1819 4915 2145 4972 voluntatem

556 5002 785 5059 nocendi
827 5011 884 5059 et
921 5002 1185 5059 rationem
1223 5003 1531 5075 cogitandi,
1584 5006 1683 5062 sub
1710 5006 1905 5063 divinis
1935 5008 2143 5080 legibus

554 5099 814 5157 ordinata:
838 5106 981 5165 sunt,
1011 5112 1079 5153 ne
1107 5096 1306 5169 aliquid
1334 5097 1588 5169 injustum
1613 5102 1840 5173 quisque
1870 5103 2140 5172 patiatur;

556 5192 629 5247 ita
655 5194 830 5247 omnia
862 5200 915 5248 et
955 5191 1206 5247 animalia
1243 5200 1296 5247 et
1323 5194 1621 5265 corporalia
1658 5195 1713 5250 in
1738 5211 1934 5267 genere
1971 5213 2069 5253 suo
2089 5206 2145 5253 et

557 5287 609 5341 in
639 5285 827 5343 ordine
854 5302 951 5341 suo
977 5286 1170 5341 divinat
1193 5286 1543 5359 providentiae
1571 5287 1775 5358 legibus
1809 5289 2016 5345 subdita
2042 5291 2140 5346 ad-

556 5380 944 5437 ministrantur.
976 5380 1102 5437 Ideo
1118 5380 1374 5437 Dominus
1392 5381 1519 5437 dicit
1549 5397 1563 5433 :
1594 5378 1779 5435 Nonne
1802 5380 1901 5435 duo
1919 5399 2142 5453 passeres

556 5495 669 5532 asse
692 5487 902 5532 veneunt
926 5520 940 5544 ,
987 5486 1033 5531 et
1058 5493 1191 5532 unus
1227 5492 1403 5531 eorum
1439 5490 1541 5529 non
1565 5474 1701 5527 cadit
1733 5475 1785 5528 in
1825 5484 2009 5530 terram
2034 5478 2142 5531 sine

553 5570 809 5624 voluntate
828 5568 1001 5624 Patris
1020 5569 1167 5623 uestri
1190 5565 1399 5639 (Matth.
1428 5580 1486 5630 x,
1513 5562 1606 5635 29)
1629 5563 1653 5618 ?
1675 5563 1788 5621 Hoc
1814 5566 1955 5621 enim
1985 5566 2137 5635 dixit,

563 5663 749 5718 volens
785 5662 1067 5718 ostendere
1109 5656 1364 5731 quidquid
1406 5656 1725 5714 vilissimum
1766 5657 2011 5717 homines
2036 5677 2138 5733 pu-

549 5802 752 5928 qlgﬁilne
784 5807 916 5849 Parv.
965 5801 1230 5851 una.»
1265 5801 1368 5850 Arn.
1410 5800 1647 5861 unum,
1686 5795 1921 5853 claritate
1953 5799 2139 5856 inDeo

1530 348 1619 407 DE
1659 348 1889 409 AGONE
1926 345 2359 415 CHRISTIANO,
2400 346 2459 403 S.
2500 345 2867 405 AUGUSTlNl
3717 366 3790 427 εκ

2267 470 2411 532 tant,
2460 466 2844 535 omnipotentia
2875 466 2971 522 Dei
2996 469 3304 539 gubernari.
3357 472 3443 530 Sic
3469 478 3601 534 enim
3620 487 3790 545 etvola.

2269 552 2379 609 tilia
2400 554 2527 611 caeli
2556 556 2625 612 ab
2651 572 2717 612 eo
2741 559 2906 639 pasci,
2938 570 2991 616 et
3019 561 3125 617 lilia
3149 565 3263 634 agri
3290 564 3359 620 ab
3387 582 3451 624 eo
3477 574 3661 644 vestiri,
3680 576 3788 638 Veri.

2266 653 2348 742 tas
2394 647 2629 742 loquitur
2655 650 2869 724 (Matth.
2899 668 2949 707 v1
2968 694 2982 717 ,
3011 653 3102 721 26,
3134 655 3236 721 28,
3265 657 3359 725 29,
3390 659 3500 733 50),
3544 681 3649 735 qum
3669 673 3788 742 capi].

2265 738 2537 834 tos-etiam
2582 750 2794 798 nostros
2833 756 3142 802 numeratos
3171 762 3295 804 esse
3335 748 3464 807 dicit
3504 754 3605 826 (Id.
3633 775 3690 826 x,
3714 738 3776 834 30)

2266 827 2375 885 Sed
2405 833 2657 902 quoniam
2696 835 2924 892 mundas
2949 838 3156 894 animas
3185 841 3474 901 rationales
3516 861 3604 917 per
3638 866 3686 906 se
3717 827 3793 924 ipse

2268 920 2411 977 Deus
2435 934 2626 992 curat,
2678 927 2792 982 sive
2824 928 2876 982 in
2899 929 3115 998 optimis
3144 940 3202 987 et
3234 935 3441 1004 magnis
3468 939 3694 1009 Angelis,
3716 920 3793 1001 sive

2268 1013 2323 1069 in
2355 1016 2660 1072 hominibus
2684 1027 2793 1074 tota
2821 1021 2921 1076 sibi
2950 1022 3227 1080 voluntate
3254 1027 3627 1098 servientibus;
3653 1044 3792 1090 czetera

2267 1121 2396 1163 vero
2423 1124 2520 1180 per
2549 1110 2692 1181 ipsos
2720 1112 3019 1184 gubernat;
3071 1118 3355 1175 verissime
3380 1120 3481 1176 dici
3504 1126 3655 1193 potuit
3678 1130 3793 1184 etiam

2268 1198 2397 1254 illud
2435 1199 2504 1255 ab
2537 1202 2833 1272 Apostolo,
2883 1205 3005 1261 Non
3045 1210 3182 1263 enim
3216 1210 3281 1265 de
3322 1211 3475 1269 bobus
3510 1232 3622 1270 cura
3643 1219 3793 1275 estDeo

2268 1289 2311 1361 (Ι
2334 1291 2454 1347 Cor.
2489 1310 2563 1360 ix,
2597 1295 2680 1367 9).
2728 1297 2784 1352 In
2810 1298 3100 1371 Scripturis
3126 1303 3271 1359 enim
3301 1308 3499 1363 sanctis
3521 1309 3645 1365 Deus
3666 1311 3793 1368 homi-

2265 1399 2363 1478 nes
2389 1384 2546 1443 docet
2592 1390 2863 1460 quomodo
2894 1408 3017 1448 cum
3056 1394 3369 1454 hominibus
3415 1411 3599 1472 agant,
3646 1414 3690 1461 et
3726 1407 3793 1478 ipsi

2268 1477 2380 1563 Deo
2400 1480 2635 1537 serviant
2667 1501 2679 1536 :
2713 1486 2983 1555 quomodo
3012 1498 3193 1546 autem
3235 1502 3396 1563 agant
3423 1509 3541 1551 cum
3572 1477 3793 1567 pecoribus

2266 1572 2381 1628 suis
2400 1614 2417 1641 ,
2446 1574 2546 1644 ipsi
2571 1576 2748 1632 sciunt
2772 1618 2787 1645 ,
2821 1580 2875 1634 id
2901 1590 3017 1647 est,
3062 1585 3338 1654 quomodo
3358 1588 3574 1658 salutem
3600 1606 3792 1661 pecorum

2267 1677 2485 1719 suorum
2521 1666 2824 1737 gubernent
2852 1685 2950 1727 usu
2977 1682 3032 1729 et
3062 1675 3255 1745 peritia
3282 1688 3339 1733 et
3363 1679 3563 1737 ratione
3591 1685 3790 1750 naturali;

2266 1773 2385 1829 quae
2414 1759 2629 1829 quidem
2666 1764 2845 1819 omnia
2873 1764 2941 1821 de
2980 1769 3188 1837 magnis
3233 1770 3320 1825 sui
3365 1770 3623 1831 Creatoris
3658 1776 3793 1847 opibus

2266 1861 2611 1921 acceperunt.
2666 1854 2771 1924 Qui
2822 1874 2952 1930 ergo
3004 1870 3179 1930 potest
3234 1864 3535 1936 intelligere
3587 1871 3792 1939 quomodo

2267 1958 2531 2001 universae
2573 1958 2835 2005 creaturae
2875 1955 3123 2010 conditor
3152 1957 3296 2013 Deus
3319 1960 3579 2030 gubernet
3604 1977 3703 2018 eam
3726 1980 3791 2034 per
3866 2014 3871 2029 ,

2266 2036 2473 2094 animas
2508 2049 2757 2110 sanctas,
2797 2058 2917 2113 quae
2952 2048 3251 2105 ministeria
3286 2052 3304 2083 ι
3334 2052 3449 2123 ejus
3475 2064 3592 2109 sunt
3615 2056 3661 2110 in
3687 2057 3791 2112 culis
3864 2064 3871 2125 ι

2266 2136 2321 2219 et
2374 2129 2424 2182 in
2468 2131 2667 2198 terris;
2719 2134 2843 2204 quia
2887 2144 2942 2192 et
2992 2139 3123 2209 ipsae
3168 2153 3373 2200 sanctae
3415 2147 3597 2201 anima:
3620 2148 3677 2202 ab
3710 2148 3790 2219 ipso

2266 2218 2421 2275 factae
2468 2229 2633 2288 sunt,
2682 2234 2737 2279 et
2782 2225 2834 2281 in
2866 2228 2982 2298 ejus
3024 2242 3275 2289 creatura
3315 2237 3591 2306 primatum
3625 2218 3787 2296 tenent:

2266 2312 2356 2381 qui
2404 2328 2532 2383 ergo
2578 2322 2756 2384 potest
2797 2318 3099 2392 intelligere
3123 2366 3138 2391 ,
3170 2302 3470 2399 intelligat,
3510 2340 3560 2385 et
3598 2331 3729 2387 intret
3756 2333 3793 2387 in
3864 2302 3871 2335 ι

2263 2405 2515 2475 gaudium
2546 2408 2757 2465 Domini
2780 2412 2864 2466 sui
2897 2412 3106 2483 (Matth.
3134 2432 3271 2487 xxv,
3300 2419 3409 2491 2t).

2338 2494 2562 2552 CAPUT
2601 2498 2691 2554 IX.
2718 2532 2791 2543 ——
2820 2502 2907 2558 10.
2942 2503 3183 2561 Hortatio
3207 2509 3278 2562 ad
3295 2511 3592 2582 gustandam
3616 2512 3788 2566 dulcedi-
3866 2498 3869 2513 ἶ

2265 2603 2380 2642 nem
2403 2587 2522 2644 Dei.
2556 2589 2612 2647 Si
2641 2602 2821 2649 autem
2858 2594 2961 2651 hoc
2988 2612 3092 2652 non
3125 2614 3447 2671 possumus,
3492 2604 3708 2673 quamdiu
3729 2618 3790 2657 su-

2267 2696 2387 2737 mus
2416 2682 2469 2737 in
2510 2698 2739 2755 corpore
2760 2727 2775 2755 ,
2809 2696 2862 2743 et
2908 2692 3315 2760 peregrinantur
3338 2709 3369 2748 a
3401 2694 3611 2751 Domino
3632 2693 3685 2765 (Il
3706 2692 3785 2749 Cor.

2265 2789 2333 2841 v,
2362 2772 2455 2845 6),
2505 2785 2778 2846 gustenius
2807 2780 2996 2835 saltem
3044 2797 3206 2852 quam
3259 2787 3436 2841 suavis
3461 2795 3540 2842 est
3577 2787 3784 2846 Dominus,

2265 2864 2439 2937 (Psal.
2467 2883 2670 2935 χχχιιι,
2722 2869 2776 2943 9)
2808 2872 2926 2943 quia
2956 2874 3102 2930 dedit
3148 2877 3306 2933 nobis
3338 2879 3358 2909 ²
3383 2879 3561 2950 pignus
3596 2878 3786 2948 Spiritum
3880 2874 3882 2877 ’

2267 2959 2334 3032 (ll
2358 2958 2476 3015 Cor.
2510 2977 2558 3029 ι,
2588 2962 2659 3017 22
2679 3005 2693 3030 ,
2723 2974 2770 3019 et
2800 2980 2834 3020 v
2856 3008 2871 3035 ,
2904 2966 2994 3039 5),
3038 2969 3088 3023 in
3126 2985 3237 3041 quo
3266 2972 3553 3028 sentiamus
3590 2972 3687 3042 ejus
3706 2969 3787 3024 dul-

2262 3052 2506 3109 cedincm
2555 3072 2568 3108 :
2615 3064 2668 3111 et
2710 3056 3079 3116 desideremus
3124 3062 3304 3133 ipsum
3333 3065 3454 3120 vitae
3482 3064 3687 3131 fontem,
3726 3060 3786 3115 ubi

2262 3143 2438 3199 sobria
2459 3146 2719 3204 ebrietate
2740 3148 3065 3208 inundemur
3091 3162 3146 3209 et
3168 3155 3468 3228 irrigemur,
3492 3157 3616 3214 sicut
3641 3156 3785 3227 lignum

2261 3238 2403 3309 quod
2436 3239 2731 3309 plantatum
2758 3251 2840 3298 est
2863 3245 3155 3302 secundum
3191 3249 3451 3305 decursus
3480 3262 3731 3320 aquarum,
3752 3253 3786 3298 et

2260 3330 2353 3385 dat
2380 3330 2612 3389 fructum
2652 3335 2706 3390 in
2750 3344 2991 3407 tempore
3020 3353 3153 3409 suo,
3187 3351 3244 3398 et
3278 3342 3399 3399 folia
3438 3343 3547 3415 ejus
3571 3357 3661 3397 non
3682 3337 3784 3395 deci-

2260 3424 2391 3481 dent
2415 3426 2587 3497 (Psat.
2618 3444 2667 3496 ι,
2694 3428 2794 3501 5)?
2821 3430 2957 3487 Dicit
2975 3434 3116 3487 enim
3138 3434 3371 3505 Spiritus
3424 3444 3623 3492 sanctus
3653 3448 3665 3485 :
3699 3429 3783 3484 Filii
3866 3480 3869 3515 Ι

2259 3526 2431 3572 autem
2458 3521 2721 3575 hominum
2750 3521 2803 3576 in
2829 3525 3046 3595 tegmine
3063 3527 3263 3583 alarum
3289 3538 3487 3583 tuarum
3507 3524 3737 3599 sperabunt
3773 3535 3784 3572 :

2258 3608 2637 3668 inebriabuntur
2686 3614 2749 3668 ab
2780 3615 3000 3672 ubertate
3027 3619 3209 3675 domus
3257 3633 3389 3691 tute,
3428 3631 3473 3677 et
3499 3630 3690 3677 torrente
3723 3631 3784 3668 υοι
3864 3620 3873 3691 ﬁ.

2259 3701 2468 3774 luptatis
2493 3714 2594 3761 tute
2630 3708 2825 3777 potabis
2851 3726 2955 3765 eos.
2997 3712 3255 3779 Quoniam
3281 3716 3423 3787 apud
3446 3724 3491 3770 te
3508 3724 3574 3769 est
3595 3709 3785 3783 {omnia

2259 3795 2434 3869 (Psal.
2479 3815 2657 3868 xxxv,
2705 3802 2878 3877 8-10).
2910 3805 3054 3862 Talis
3075 3806 3309 3865 ebrietas
3340 3825 3443 3866 non
3482 3806 3653 3864 evertit
3670 3817 3782 3859 men-
3866 3795 3882 3875 ᾗ.

2258 3896 2364 3945 tem
2388 3931 2403 3958 ,
2447 3891 2542 3947 sed
2587 3900 2766 3950 tamen
2805 3896 2944 3968 rapit
2966 3912 3211 3968 sursum,
3258 3911 3313 3959 et
3340 3901 3641 3958 oblivionem
3681 3909 3781 3967 pri-9'
3866 3898 3873 3965 i

2254 3999 2362 4047 stat
2390 3993 2628 4048 omnium
2654 4002 2990 4052 terrenorum
3023 4013 3038 4051 :
3067 3998 3163 4054 sed
3184 4000 3230 4055 si
3259 4013 3535 4071 possumus
3560 4004 3658 4052 toto
3688 3989 3780 4045 ade-
3868 3989 3873 4047 Δ

2254 4091 2343 4139 ctu
2378 4083 2488 4155 jam
2517 4084 2730 4152 dicere,
2782 4088 3225 4156 Quemadmodum
3263 4092 3510 4148 desiderat
3551 4100 3699 4143 cervus
3734 4077 3782 4133 σά
3872 4134 3873 4141 η

2254 4179 2418 4248 fontes
2458 4195 2736 4252 aquarum,
2782 4181 2854 4236 ita
2881 4181 3135 4239 desiderat
3172 4186 3345 4241 anima
3372 4201 3480 4241 mea
3503 4182 3566 4238 ad
3589 4190 3655 4247 te,
3678 4170 3780 4230 Deut

2255 4268 2426 4339 (Psat.
2454 4288 2572 4339 xu,
2596 4271 2676 4345 2).

2324 4360 2551 4419 CAPUT
2588 4363 2657 4419 Χ.
2687 4367 2865 4422 -ιι.
2894 4366 3065 4425 Filius
3090 4369 3190 4425 Dei
3229 4381 3430 4445 propter
3453 4386 3541 4426 nos
3577 4359 3778 4429 hamata-

2252 4462 2378 4510 ctus.
2421 4453 2658 4511 Liberum
2682 4457 2966 4514 arbitrium.
3003 4461 3156 4530 Quod
3179 4466 3225 4520 si
3255 4464 3393 4522 forte
3422 4463 3586 4519 adhuc
3611 4460 3779 4527 ριὀβίθτ

2252 4546 2591 4617 aegritudines
2615 4550 2839 4620 animae,
2879 4568 3013 4622 quas
3047 4555 3117 4612 de
3151 4559 3331 4615 saeculi
3354 4569 3533 4612 amore
3550 4543 3774 4613 concepi"

2251 4655 2351 4695 nec
2376 4649 2592 4709 gustare
2617 4657 2800 4699 sumus
2844 4644 3020 4702 idonei
3049 4664 3208 4718 quam
3237 4650 3408 4706 dulcis
3434 4657 3510 4703 est
3539 4638 3775 4697 Dominus.

2252 4733 2336 4788 vel
2365 4733 2645 4790 credamus
2685 4734 2879 4792 divinae
2903 4741 3237 4809 auctoritati,
3269 4756 3423 4813 quam
3449 4734 3718 4793 voluitesse
3739 4722 3774 4774 ill

2251 4824 2541 4896 Scripturis
2566 4828 2766 4883 sanctis
2789 4828 2856 4884 de
2876 4829 3013 4885 Filio
3039 4845 3136 4886 suo
3155 4873 3172 4900 ,
3202 4834 3289 4901 qui
3312 4834 3472 4905 factus
3498 4834 3566 4881 est
3592 4822 3631 4876 ei
3649 4833 3700 4872 εστ
3720 4827 3776 4905 δέ·

2251 4919 2386 4991 mine
2416 4918 2584 4974 David
2608 4921 2887 4976 secundum
2922 4938 3157 4992 carnem,
3187 4904 3324 4981 sicut
3347 4917 3617 4995 ApOStolus
3641 4904 3774 4977 loqui-

2251 5020 2335 5067 tur
2360 5012 2536 5083 (Rom.
2562 5029 2610 5079 ι,
2651 5013 2730 5084 5).
2764 5012 2949 5069 Omnia
2973 5016 3109 5070 enim
3147 5034 3237 5088 per
3280 5018 3445 5083 ipsum
3488 5014 3615 5082 facta
3657 5004 3772 5056 sunt.

2249 5104 2387 5160 sicut
2415 5104 2467 5159 in
2497 5104 2785 5175 Evangelia
2828 5105 3084 5176 scriptum
3109 5116 3226 5177 est,
3268 5118 3315 5163 et
3356 5107 3461 5164 sine
3502 5102 3604 5172 ipso
3623 5093 3772 5163 factum

2248 5204 2321 5249 est
2349 5194 2480 5250 nihil
2520 5195 2697 5269 (Jaan.
2721 5212 2771 5264 ι,
2805 5198 2885 5268 5).
2939 5197 3043 5266 Qui
3073 5208 3269 5256 nostrai
3311 5187 3663 5254 imbecillitatis
3695 5178 3772 5269 ωῖῇ

2246 5299 2422 5347 sertus
2463 5267 2571 5359 est;
2603 5307 2762 5364 quam
2790 5292 3206 5352 imbecillitatem
3242 5309 3345 5352 non
3371 5291 3481 5363 ejus
3501 5296 3676 5357 Opere,
3702 5267 3770 5326 εδδ

2248 5391 2429 5439 nostra
2477 5383 2751 5441 voluntate
2797 5387 3107 5443 meruimus.
3163 5388 3295 5444 Nam
3356 5385 3490 5440 Deus
3550 5368 3769 5430 hominem

2248 5477 2765 5534 inexterminabilcm
2797 5477 2921 5535 fecit
2974 5479 3136 5553 (Sap.
3158 5496 3229 5546 ιι,
3253 5478 3382 5549 25),
3430 5481 3482 5530 et
3515 5468 3561 5525 ei
3587 5462 3767 5518 liberum

2248 5566 2535 5624 voluntatis
2565 5568 2846 5625 arbitrium
2882 5569 3049 5626 dedit.
3077 5570 3196 5627 Non
3221 5569 3363 5629 enim
3387 5570 3523 5622 esset
3545 5553 3768 5651 optimus:

2247 5661 2293 5716 si
2320 5661 2413 5717 Dei
2439 5662 2717 5733 praeceptis
2757 5663 3108 5731 necessitate,
3137 5680 3247 5720 non
3284 5660 3544 5717 voluntate
3570 5641 3765 5703 serviret.

2310 5805 2325 5836 ί
2362 5801 2435 5852 sic
2456 5807 2591 5853 Parv.
2615 5813 2725 5866 etim
2746 5808 2854 5853 Mss.
2877 5800 3001 5853 Editt
3020 5799 3262 5866 veroalii.
3283 5793 3521 5866 πηλωέ

2311 5868 2332 5900 ι
2362 5842 3001 5929 assesasses:
3286 5842 3519 5925 mea
3542 5842 3672 5899 ποια.
