3882 6286
91 327 168 389 ω,
1426 303 1634 362 Ltusu-
1670 304 1864 362 unus.

86 439 276 500 horum“
308 447 459 490 carne
484 431 692 487 Veritas
715 428 1036 498 inquinetur,
1074 422 1366 480 Veritatem
1414 419 1599 475 dicunt

87 547 182 591 esse
209 528 475 588 mentitam.
511 524 582 580 Et
607 536 724 578 cum
766 521 855 576 ille
890 516 1236 589 prteceperit,
1261 515 1446 570 dieeus
1468 540 1490 580 ,ι
1517 512 1598 566 Sit

84 630 212 680 inore
243 630 407 685 vestro,
435 616 556 684 Est,
581 624 682 678 est;
715 611 868 678 Non,
895 626 996 664 non
1021 606 1249 679 (Matth.
1277 621 1308 658 v
1329 646 1344 671 ,
1376 605 1440 660 57
1461 601 1516 676 );
1543 609 1600 658 et

84 713 317 787 Apostolus
345 709 570 771 clamet,
598 703 718 760 Non
758 711 869 758 erat
906 701 959 756 in
996 699 1088 754 illo
1122 698 1224 753 Est
1252 705 1302 751 et
1323 694 1476 760 Nmr,
1508 693 1598 787 sed

83 785 156 860 Ea
171 806 214 857 in
233 803 323 857 itio'
338 808 444 855 σοι
470 797 534 870 (ﬂ
558 795 672 851 Cor.
701 811 721 850 ι
743 821 768 862 ,ι
791 790 926 866 19);›
949 791 1034 847 isti
1065 797 1231 845 totum
1265 802 1459 857 corpus
1481 785 1598 856 ejus

82 898 234 953 hqu
247 896 450 949 carnem
469 889 630 944 fuisse
648 883 980 942 contendunt
998 921 1014 949 ,
1042 891 1234 937 utnon
1260 878 1362 935 sibi
1387 877 1599 932 videan-

85 985 325 1046 turintit’ari
358 982 658 1047 Christum;
678 979 726 1034 si
751 989 870 1034 non
888 975 1001 1031 suis
1031 972 1362 1030 auditoribus
1393 971 1408 1002 ¹
1455 961 1620 1024 ιηθηο²

86 1091 317 1230 magi}?
354 1166 498 1223 HK.
527 1189 601 1206 -~
635 1164 732 1220 Ἅι
778 1160 889 1218 Nec
923 1123 1159 1232 negantes
1206 1155 1462 1211 Christum
1512 1130 1597 1206 ha-

82 1268 206 1322 buisu
239 1268 438 1318 meo:
482 1258 730 1313 hominis.-
762 1255 874 1311 Nec
905 1268 1000 1309 eos
1031 1251 1342 1317 audiamus,
1361 1248 1450 1319 qui
1476 1247 1594 1303 Tri-

82 1360 258 1414 tum
283 1352 482 1424 quidem
548 1350 602 1403 iu
658 1361 763 1403 una
811 1355 1011 1402 alterna
1066 1341 1373 1397 substantia
1421 1339 1592 1394 conﬁ-

83 1458 241 1512 tentur;
259 1444 338 1502 sed
364 1442 638 1498 hominem
666 1441 838 1509 ipsum
855 1471 877 1504 ,-
899 1437 996 1507 qui
1016 1433 1292 1504 temporali
1317 1432 1594 1500 dispensa-

86 1541 196 1594 tione
213 1545 455 1605 susceptus
478 1541 594 1599 est,
627 1520 825 1586 audent
861 1529 1040 1582 dicere
1065 1541 1172 1580 non
1221 1523 1467 1578 habuisse
1496 1522 1594 1575 ho-

81 1633 200 1686 minis
219 1636 446 1692 mentem,
467 1624 572 1680 sed”
611 1623 778 1680 solam
803 1620 1036 1676 animam
1063 1628 1117 1673 et
1140 1630 1355 1688 corpus.
1381 1614 1492 1670 Hoc
1515 1622 1598 1700 est

77 1723 228 1784 dicere,
249 1718 350 1774 Non
373 1716 470 1772 fuit
492 1716 658 1771 homo
681 1756 700 1781 ,
725 1713 820 1769 sed
839 1711 1079 1768 membra
1106 1709 1346 1778 corporis
1370 1706 1598 1762 habebat

78 1816 272 1869 humana.
309 1812 548 1866 Animam
587 1808 734 1883 enim
781 1814 836 1864 et
859 1818 1056 1875 corpus
1078 1803 1275 1858 habent
1301 1809 1356 1858 et
1377 1801 1594 1866 besﬁae,

75 1909 144 1962 sed
187 1906 414 1960 rationem
454 1917 566 1958 non
611 1901 843 1965 habent,
872 1910 1000 1969 quae
1019 1896 1214 1954 mentis
1249 1902 1334 1950 est
1360 1892 1600 1964 propria;

75 1997 153 2053 Sed
187 1997 226 2051 si
265 1993 573 2051 exsecrandi
612 2001 734 2048 sunt
779 1991 856 2046 illi
880 1989 970 2060 qui
1011 2002 1134 2044 eum
1175 1994 1370 2056 negant
1409 1984 1596 2039 huma-

77 2106 168 2144 num
201 2102 372 2158 corpus
395 2086 680 2153 habuisse,
703 2082 845 2154 quod
870 2091 951 2138 est
989 2080 1230 2136 inﬁmum
1252 2079 1304 2133 in
1335 2077 1548 2132 homine
1578 2094 1592 2141 ;

77 2181 198 2235 miror
221 2180 348 2250 quod
371 2179 453 2232 isti
483 2194 600 2232 non
627 2176 990 2240 erubescunt,
1012 2173 1100 2244 qui
1126 2171 1228 2227 hoc
1253 2186 1379 2227 eum
1405 2177 1599 2240 negant

79 2273 267 2328 habuisse
289 2271 418 2342 quod
443 2279 526 2326 est
561 2270 820 2340 optimum
845 2268 900 2322 in
939 2266 1174 2321 homine.
1202 2264 1422 2320 Multum
1453 2262 1597 2318 enim

78 2362 244 2433 lugenda
268 2372 344 2418 est
371 2376 520 2417 mens
560 2363 810 2427 humana,
828 2360 873 2415 si
898 2359 1128 2413 vincitur
1154 2372 1184 2411 a
1214 2371 1439 2426 corpore
1458 2369 1594 2410 suo:

80 2456 300 2526 siquidem
327 2456 378 2510 in
396 2457 488 2514 illo
515 2455 742 2510 homine
781 2467 888 2509 non
932 2451 1227 2508 reformata
1266 2460 1378 2517 est,
1408 2450 1462 2504 in
1492 2464 1603 2519 quo

80 2546 203 2614 ipsum
236 2555 413 2616 corpus
439 2546 739 2601 humanum
775 2545 885 2614 jam
935 2544 1246 2614 dignitatem
1273 2541 1458 2596 format
1484 2556 1597 2597 cm-

81 2638 186 2693 iestis
207 2639 405 2709 accepit.
439 2638 556 2696 Sed
583 2639 724 2694 absit-
748 2646 806 2693 ut
829 2639 931 2692 hoc
956 2636 1261 2703 credamus,
1292 2633 1436 2705 quod
1463 2649 1598 2689 con-

80 2731 192 2785 linin
211 2729 468 2803 temeraria
487 2716 714 2786 caecitas-
736 2739 792 2786 et
815 2730 1043 2799 snperha
1082 2726 1394 2798 loquacitas.

129 2823 308 2880 CAPUT
501 2852 585 2864 —
607 2822 698 2876 22.
750 2821 864 2878 Nec
909 2821 1127 2874 dicentes
1163 2819 1310 2873 illum
1345 2819 1608 2872 hominem

82 2930 151 2966 non
171 2914 297 2968 aliter
310 2925 608 2986 susceptum
623 2933 654 2967 a
675 2912 940 2982 Sapientia
961 2909 1059 2964 Dei
1077 2927 1136 2964 ac
1155 2919 1364 2964 cmteros
1375 2919 1596 2978 sanctos,

82 3005 140 3074 qui
158 3008 370 3079 sapientes
392 3009 550 3078 ﬁunt.
578 3005 691 3061 Nec
728 3020 823 3060 eos
845 3003 1155 3069 audiamus,
1186 3003 1280 3074 qui
1314 3002 1394 3058 sic
1417 3002 1602 3057 dicunt

83 3097 126 3149 ab
165 3087 233 3150 illa
254 3108 435 3154 :eterna
478 3099 754 3169 Sapientia
790 3105 1096 3167 susceptum
1122 3109 1244 3151 esse
1287 3096 1558 3152 hominem
1582 3133 1604 3162 ,»

83 3190 144 3257 qui
173 3191 227 3246 de
247 3193 434 3262 virgine
475 3201 640 3246 natus
665 3199 786 3258 est,
824 3189 1100 3261 quomodo
1133 3198 1187 3246 et
1230 3188 1320 3244 alii
1359 3189 1604 3246 homines

83 3281 128 3334 ab
155 3299 204 3336 ea
246 3286 497 3355 sapientes
534 3284 698 3350 ﬁunt,
743 3283 834 3352 qui
885 3280 1121 3352 perfecte
1161 3283 1430 3352 sapientes
1456 3289 1599 3337 sunt.

83 3371 274 3430 Nesciunt
297 3379 429 3432 enim
459 3376 740 3447 proprium
766 3376 906 3430 illius
931 3374 1164 3430 hominis
1183 3383 1600 3441 sacramentum;

84 3473 120 3518 et
137 3477 284 3538 putant
307 3469 400 3524 hoc
439 3470 628 3538 solum,
647 3484 767 3524 eum
798 3469 916 3539 plus
945 3468 1196 3525 habuisse
1215 3470 1353 3524 inter
1379 3476 1605 3524 caeteros

84 3554 349 3615 beatissimos
371 3601 386 3626 ,
413 3561 560 3631 quod
587 3560 654 3615 de
679 3561 885 3630 virgine
927 3569 1086 3616 natus
1109 3568 1210 3616 est.
1249 3560 1400 3626 Quod
1429 3561 1603 3630 ipsum

85 3647 117 3699 si
139 3648 245 3703 bene
260 3652 593 3708 considerent
617 3693 630 3716 ,
664 3652 904 3707 fortassis
931 3651 1154 3707 credant
1178 3651 1298 3707 ideo
1324 3651 1475 3705 illum
1502 3651 1606 3708 hoc

86 3749 228 3805 pneter
248 3751 454 3799 caeteros
478 3744 766 3811 meruisse,
790 3742 929 3815 quod
962 3741 1159 3813 aliquid
1185 3743 1461 3814 preprium
1476 3758 1609 3814 pra?-

86 3836 141 3882 ter
161 3841 350 3889 ceteros
368 3835 534 3891 habet
560 3835 718 3890 etiam
742 3834 842 3889 ista
868 3833 1331 3905 susceptio.Aliud
1359 3843 1442 3890 est
1461 3835 1604 3890 enim

85 3921 316 3991 sapientem
358 3936 560 3982 tantum
592 3927 703 3982 ﬁeri
734 3942 828 3997 per
860 3925 1184 3996 Sapientiam
1218 3927 1350 3994 Dei,
1382 3938 1437 3983 et
1463 3928 1604 3983 aliud

86 4013 211 4080 ipsam
243 4034 510 4088 personam
559 4019 825 4076 sustinere
849 4019 1136 4090 Sapientiae
1189 4020 1302 4074 Dei.
1352 4020 1605 4089 Quamvis

87 4108 190 4163 enim
216 4113 376 4167 eadem
403 4123 590 4169 natura
612 4115 680 4168 sit
705 4118 944 4183 corporis
974 4113 1247 4182 Ecclesiae,
1277 4115 1510 4169 multum
1527 4127 1608 4168 ta-

88 4217 176 4257 men
196 4205 368 4262 distare
407 4209 546 4264 inter
583 4216 742 4280 caput
768 4216 822 4263 et
853 4208 1091 4264 membra
1120 4218 1312 4265 caetera
1355 4209 1472 4277 quis
1499 4223 1606 4262 non

89 4292 326 4368 intelligat?
351 4301 402 4356 Si
426 4302 569 4357 enim
601 4301 853 4357 Ecclesiae
894 4310 1052 4371 caput
1074 4310 1156 4356 est
1185 4301 1345 4356 homo
1373 4300 1482 4369 ille,
1505 4317 1601 4356 cu-

88 4384 150 4450 lus
169 4394 465 4463 susceptione
507 4393 722 4449 Verbum
742 4411 868 4448 caro
887 4398 1076 4465 factum
1103 4403 1195 4460 est,
1223 4404 1278 4448 et
1293 4393 1534 4449 habitavit
1553 4395 1607 4449 in

91 4477 223 4547 nobis;
261 4486 482 4541 membra
513 4479 710 4542 ctetera
760 4495 885 4541 sunt
932 4502 1118 4542 omnes
1162 4487 1367 4552 sancti,
1415 4487 1607 4558 quibus

93 4571 304 4636 perﬁcitur
326 4587 376 4633 et
401 4581 696 4651 completur
713 4580 968 4636 Ecclesia.
995 4581 1272 4646 Quomodo
1287 4595 1414 4651 ergo
1430 4580 1605 4636 anima

97 4669 220 4720 totum
242 4684 415 4742 curpus
441 4683 678 4730 nostrum
705 4674 908 4728 animat
931 4682 984 4729 et
1012 4672 1269 4739 viviﬁcat,
1307 4673 1411 4729 sed'
1430 4673 1485 4728 in
1513 4689 1605 4728 ca-

98 4756 460 4822 Dileetviveudo
487 4766 680 4831 sentit,
709 4774 765 4822 et
787 4766 1054 4821 audiendo
1077 4807 1091 4830 ,
1124 4774 1178 4820 et
1211 4765 1486 4822 odorando
1509 4808 1524 4836 ,
1555 4775 1610 4821 et

99 4850 334 4918 Susiando,
374 4865 424 4910 et
472 4857 765 4928 tangendo,
797 4859 849 4912 in
886 4857 1094 4913 czrteris
1130 4868 1305 4913 autem
1353 4859 1607 4913 membris

100 4941 306 5004 lﬁngendo
327 4953 551 5013 tantum;
581 4958 632 5004 et
670 4947 793 5004 ideo
817 4947 975 5019 Capiti
1003 4957 1193 5003 cuneta
1222 4949 1462 5018 subjecta
1486 4957 1610 5004 sunt

102 5022 148 5075 ad
177 5034 488 5105 operantium,
515 5039 641 5093 illud
673 5047 852 5095 autem
881 5054 1039 5109 supra
1065 5039 1381 5094 collocatum
1417 5047 1500 5094 est
1542 5039 1608 5094 ad

102 5123 419 5184 consulendum
443 5148 459 5196 ;
482 5134 600 5203 quia
627 5133 795 5203 ipsius
831 5134 1024 5188 animus
1045 5174 1061 5200 ,
1087 5149 1204 5204 quze
1239 5133 1466 5188 consulit
1490 5147 1608 5188 cor-

104 5212 220 5281 Ροτί,
255 5221 462 5289 quodam
505 5225 667 5282 modo
715 5241 997 5297 personam
1043 5224 1272 5281 sustinet
1314 5235 1507 5296 caput;
1538 5226 1608 5280 ibi

106 5303 212 5359 enim
233 5313 382 5369 omnis
399 5331 582 5375 sensus
609 5328 830 5390 apparet
858 5337 872 5372 :
900 5319 976 5374 sic
1002 5320 1250 5375 universo
1277 5319 1474 5391 populo
1497 5333 1610 5374 san-

106 5399 266 5454 εωηὶιιι
289 5411 511 5477 tanquam
559 5411 654 5464 uni
679 5411 894 5480 corpori
926 5405 1084 5480 caput
1127 5418 1210 5480 est
1234 5409 1491 5464 lllediator
1515 5409 1638 5478 Dei

108 5484 396 5552 “hominum
435 5497 591 5557 homo
633 5501 877 5558 Christus
898 5502 1054 5559 Jcsus
1095 5489 1308 5570 (I'Tim.
1333 5518 1409 5571 11,
1437 5501 1512 5574 5).
1548 5502 1612 5555 Et

117 5655 172 5757 ll:
1122 5672 1278 5723 Male:
1319 5685 1428 5722 nam
1465 5671 1613 5735 repre

147 5718 333 5771 ~ndunltrr
357 5731 456 5771 tam
483 5727 720 5771 παιδείας,έί
787 5735 834 5771 θη
859 5735 1036 5771 mn'hr‘m
1057 5742 1193 5771 omni
1233 5733 1311 5771 alii
1333 5735 1476 5771 monti
1534 5733 1614 5771 ηιίι

787 5719 1206 5799 saansaan:
1490 5719 1512 5799 ξ
1523 5719 1615 5787 an

3183 313 3292 372 502

1707 427 1985 490 propterea
2012 419 2277 490 Sapientia
2323 421 2450 487 Dei,
2477 432 2530 478 et
2550 423 2783 479 Verbum
2821 426 2872 480 in
2899 426 3158 499 principio
3189 445 3286 500 per

1704 510 1844 581 quod
1871 511 2006 568 facta
2031 521 2155 567 sunt
2179 513 2356 568 omnia
2385 553 2399 577 ,
2426 528 2533 569 non
2576 517 2654 571 sic
2691 519 2981 587 assumpsit
3005 519 3152 575 illum
3178 521 3288 580 ho-

1705 603 1901 658 minem
1929 611 1988 659 ut
2034 612 2259 659 caeteros
2285 613 2495 660 sanctos
2519 621 2534 671 ;
2567 605 2659 660 sed
2705 608 2872 662 multo
2891 610 3237 669 excellentius
3259 649 3288 690 η

1704 695 1976 768 multoque
2001 698 2284 754 sublimius
2309 717 2324 753 :
2350 699 2816 772 quomodoipsum
2842 704 2858 734 ¹
2881 703 3054 759 solum
3081 693 3288 764 assumi

1702 788 1970 857 oportuit,
2016 789 2077 857 in
2117 803 2222 859 quo
2267 790 2537 860 Sapientia
2563 794 2584 824 ²
2615 791 2918 862 hominibus
2965 809 3282 866 appareret,

1701 876 1836 931 sicut
1850 892 1968 933 eam
1980 879 2258 934 visibiliter
2270 880 2494 936 decebat
2517 883 2745 939 ostendi.
2777 877 3111 956 Quapropter
3131 889 3286 954 aliter

1700 978 1826 1025 sunt
1851 971 2118 1041 sapientes
2168 972 2362 1028 caeteri
2386 974 2630 1030 homines
2674 976 2996 1049 quicumque
3019 964 3284 1051 sunt,_vel

1700 1074 1820 1116 esse
1841 1068 2155 1135 potuerunt,
2183 1063 2265 1118 vel
2292 1072 2572 1134 poterunt;
2597 1075 2651 1120 ct
2693 1057 2851 1123 aliter
2883 1068 2972 1124 ille
2997 1085 3136 1124 unus
3170 1070 3287 1126 Me-

1700 1150 1874 1205 diator
1899 1151 1992 1206 Dei
2015 1160 2069 1226 et
2093 1153 2366 1209 hominum
2395 1154 2554 1211 homo
2580 1155 2833 1235 Christus
2849 1155 3007 1215 Jesus
3028 1202 3043 1228 ,
3073 1162 3164 1233 qui
3188 1161 3287 1218 Sa-

1701 1243 1914 1313 pientiae
1939 1245 2107 1316 ipsius
2129 1289 2142 1312 ,
2169 1243 2266 1316 per
2294 1263 2452 1318 quam
2495 1250 2776 1327 sapientes!
2807 1251 2939 1307 ﬁunt
2962 1255 3290 1330 quicumque

1701 1335 1978 1405 homines,
2028 1354 2132 1393 non
2182 1339 2354 1414 solum
2407 1340 2721 1397 beneﬁcium
2751 1333 2944 1418 habet,
2990 1345 3089 1401 sed
3121 1349 3297 1416 etiam-

1699 1442 1980 1506 personam
2003 1430 2157 1501 gerit.
2185 1431 2266 1487 De
2289 1433 2497 1488 caeteris
2521 1434 2664 1490 enim
2691 1435 3018 1508 sapientibus
3044 1446 3098 1493 et
3120 1439 3286 1509 spiri-

1703 1520 1930 1590 tualibus
1973 1521 2168 1576 animis
2211 1531 2357 1578 recte
2397 1524 2502 1580 dici
2537 1533 2756 1596 potest,
2787 1528 2926 1598 quod
2971 1515 3208 1586 habeant
3227 1533 3284 1587 in

1701 1625 1760 1665 se
1785 1610 2016 1686 Verbum
2057 1613 2154 1668 Dei
2201 1629 2300 1688 per
2322 1615 2463 1687 quod
2501 1615 2638 1672 facta
2681 1627 2806 1673 sunt
2831 1620 3023 1690 omnia
3052 1622 3184 1678 :sed
3229 1623 3287 1679 in

1700 1702 1846 1757 nullo
1870 1717 2055 1758 eorum
2087 1715 2235 1760 recte
2258 1705 2372 1780 dici.
2403 1698 2610 1776 potest,
2634 1708 2775 1778 quod
2815 1707 3030 1786 Verbum
3048 1705 3168 1769 caro
3196 1720 3286 1787 fa:-

1699 1802 1832 1848 ctum
1853 1804 1964 1870 est,
1984 1805 2030 1849 et
2066 1797 2308 1873 habitavit
2345 1798 2398 1852 in
2427 1798 2569 1854 nobis
2590 1817 2608 1865 ,-
2628 1802 2772 1876 quod
2801 1804 2861 1857 in-
2894 1805 3010 1862 solo
3057 1807 3284 1867 Domino

1699 1897 1885 1944 nostro
1905 1890 2032 1946 Jesu
2056 1891 2268 1964 Christo
2296 1892 2592 1967 rectissime
2617 1893 2828 1951 dicitur.

1771 1982 2000 2054 CAPUT
2039 1983 2184 2038 XXI.
2206 2014 2278 2025 —
2302 1984 2392 2040 25.
2427 1983 2539 2057 Nec
2580 1987 2822 2042 audiendi
2854 1991 2939 2059 qui
2985 1991 3152 2048 solum
3182 2011 3290 2049 cor-

1704 2091 1798 2145 pus
1822 2092 1853 2128 a
1886 2073 2046 2130 Verbo
2073 2085 2362 2146 susceptum
2396 2077 2589 2131 dicunt.
2612 2077 2724 2134 Nec
2747 2095 2843 2134 eos
2864 2082 3163 2150 audiamus,
3196 2086 3288 2156 qui

1701 2166 1878 2220 solum
1919 2180 2113 2242 corpus
2168 2159 2459 2242 humanum
2512 2160 2822 2242 susceptum
2872 2186 2994 2228 esse
3033 2173 3214 2230 dicunt
3256 2192 3290 2232 a

1703 2258 1880 2314 Verho
1912 2259 2125 2324 Dci,-et
2163 2259 2242 2315 sic
2269 2261 2491 2315 audiunt
2527 2262 2677 2332 quod
2695 2261 2895 2320 dictum
2926 2275 3036 2334 est,
3065 2268 3133 2321 Et
3169 2267 3290 2322 Ver-

1702 2349 1818 2403 bum
1865 2366 1982 2404 caro
2023 2353 2212 2422 factum
2242 2359 2346 2417 est,
2372 2360 2438 2424 ut,
2471 2361 2669 2426 negent
2697 2355 2844 2410 illum
2888 2356 3160 2432 hominem
3201 2360 3290 2416 vel

1702 2443 1932 2497 animum
1956 2444 2037 2498 vel
2059 2443 2261 2514 aliquid
2288 2444 2518 2500 hominis
2537 2445 2809 2516 habuisse,
2834 2449 2936 2504 nisi
2959 2464 3184 2507 carnem
3198 2467 3288 2508 so-

1704 2537 1828 2590 lam.
1858 2536 2051 2592 Errant
2073 2538 2214 2592 cnim
2232 2539 2478 2606 multum;
2501 2553 2601 2597 nec
2621 2541 3052 2613 intelliguntideo
3068 2561 3288 2603 carnem

1702 2630 1870 2686 solam
1887 2630 2210 2685 nominatam
2235 2646 2355 2688 esse
2380 2632 2516 2688 ineo
2544 2633 2685 2704 quod
2709 2634 2912 2691 dictum
2939 2645 3038 2704 est,
3071 2637 3290 2694 Verbum

1702 2739 1820 2776 caro
1843 2726 2034 2794 factum
2060 2733 2131 2778 est
2147 2761 2166 2792 ,.
2195 2726 2316 2794 quia
2352 2725 2628 2781 hominum
2658 2729 2826 2784 oculis
2846 2747 2864 2797 ,'
2886 2741 3106 2802 propter
3148 2749 3286 2804 quos

1704 2813 1840 2868 facta
1867 2824 1952 2869 est
2001 2815 2087 2868 illa
2118 2817 2388 2886 susceptio
2412 2857 2430 2885 ,
2463 2832 2589 2873 caro
2637 2821 2754 2876 sola
2792 2821 2964 2890 potuit
3005 2839 3285 2894 apparere.

1704 2903 1835 2961 Nam
1861 2908 1904 2962 si
1937 2907 2221 2962 absurdum
2247 2919 2329 2962 est
2357 2917 2411 2964 et
2435 2909 2587 2966 valde
2616 2910 2891 2981 indignum
2914 2921 2971 2967 ut
2997 2915 3286 2972 lmmanum

1704 2999 1948 3070 spiritum
1977 2999 2138 3055 homo
2165 3001 2253 3056 ille
2291 3017 2396 3057 non
2439 3003 2713 3071 habuerit,
2738 3006 2874 3060 sicut
2903 3010 3148 3078 superius
3177 3021 3287 3066 tra-

1705 3093 2003 3160 ctavimus;
2042 3102 2240 3164 quanto
2269 3095 2435 3164 magis
2479 3097 2770 3152 absurdum
2813 3107 2867 3154 et
2913 3099 3183 3171 indignum
3209 3111 3295 3159 est

1707 3193 1764 3240 ut
1789 3199 1889 3240 nec
1915 3184 2182 3255 spiritum,
2211 3201 2310 3240 nec
2335 3189 2564 3240 animam
2601 3187 2844 3244 habuerit
2863 3231 2878 3253 ,
2905 3200 2960 3246 et
2986 3192 3087 3248 hoc
3116 3194 3291 3251 solum

1708 3276 1952 3332 habuerit
1975 3277 2117 3347 quod
2155 3278 2313 3332 etiam
2343 3278 2396 3332 in
2428 3280 2708 3348 pecoribus
2736 3281 2891 3336 vilius
2929 3293 3012 3337 est
3033 3292 3286 3342 etextre-

1707 3370 1868 3443 mius,
1900 3369 1952 3424 id
2002 3378 2087 3425 est
2130 3369 2360 3440 corpus?
2401 3370 2448 3424 A
2485 3381 2666 3426 nostra
2691 3387 2819 3443 ergo
2850 3373 2956 3430 ﬁde
2997 3376 3155 3432 etiam
3186 3378 3288 3434 ista

1707 3462 1953 3532 impietas
1994 3460 2325 3527 excludatur,
2360 3469 2635 3532 totumque
2665 3463 2938 3520 hominem
2981 3473 3140 3538 atque
3167 3483 3292 3539 per.

1708 3552 1905 3610 fectum
1923 3569 1955 3608 a
1979 3553 2158 3610 Verbo
2187 3554 2280 3608 Dei
2311 3562 2619 3626 susceptum
2641 3572 2760 3610 esse
2787 3558 3090 3614 credamus.

1781 3647 2004 3704 CAPUT
2031 3647 2200 3704 XXII.
2228 3679 2299 3689 —
2323 3649 2413 3703 24.
2446 3647 2556 3703 Nec
2579 3650 2666 3720 qui
2685 3667 2868 3721 corpus
2903 3651 3088 3708 Christi
3107 3665 3293 3726 negant

1709 3741 1981 3811 formatum
2001 3741 2062 3795 de
2091 3740 2307 3811 femina,
2341 3751 2386 3796 et
2407 3741 2579 3797 dicunt
2599 3744 2673 3797 sic
2693 3743 2902 3814 factum,
2927 3755 2981 3799 ut
3019 3746 3149 3802 illud
3187 3765 3288 3819 quo

1711 3833 1937 3906 Spiritus
1963 3836 2201 3905 apparuit
2249 3836 2302 3889 in
2327 3834 2578 3889 columba.
2619 3835 2725 3892 Per
2742 3839 2982 3910 feminam
3005 3857 3182 3910 mors,
3203 3859 3294 3913 per

1709 3925 1948 3994 feminam
1970 3926 2090 3979 vita.
2119 3925 2230 3982 Nec
2265 3941 2362 3982 eos
2387 3927 2663 3983 audiamus
2686 3970 2702 3996 ,
2734 3930 2822 3999 qui
2845 3930 2947 3986 tale
2967 3946 3161 4002 corpus
3188 3935 3294 3990 Do-

1709 4015 1910 4069 minum
1957 4025 2196 4071 nostrum
2240 4016 2494 4072 habuisse
2526 4017 2744 4084 dicunt,
2775 4020 2930 4090 quale
2966 4023 3211 4091 apparuit
3236 4024 3294 4081 in

1709 4107 1954 4164 columba
1979 4123 2137 4178 quam
2163 4107 2294 4162 vidit
2326 4107 2558 4168 Joannes
2603 4109 2838 4178 Baptista
2879 4111 3293 4170 descendentem

1710 4201 1778 4258 de
1818 4201 1955 4257 cmlo
1984 4210 2039 4256 et
2068 4210 2372 4257 manentem
2421 4216 2581 4271 super
2618 4217 2742 4256 eum
2769 4203 2820 4256 in
2865 4204 3015 4273 signo
3061 4205 3292 4274 Spiritus

1711 4296 1901 4352 sancti.
1926 4295 2001 4349 Ita
2026 4294 2169 4349 enim
2209 4293 2532 4366 persuadere
2565 4303 2826 4350 conantur
2851 4295 3044 4350 Filium
3075 4298 3167 4352 Dei
3193 4313 3294 4353 na-

1711 4397 1823 4444 tum
1845 4404 1952 4444 non
2003 4403 2122 4445 esse
2153 4387 2220 4444 de
2249 4387 2446 4443 femina
2481 4405 2494 4443 :
2536 4390 2660 4460 quia
2698 4391 2743 4444 si
2782 4390 3084 4446 carnalibus
3116 4391 3286 4448 oculis

1710 4498 1833 4538 eum
1879 4481 2158 4552 oportebat
2195 4481 2435 4549 ostendi,
2468 4482 2674 4550 potuit,
2711 4482 2991 4556 inquiunt,
3020 4482 3100 4538 sic
3141 4497 3293 4539 assu-

1710 4590 1859 4631 mere
1883 4589 2100 4645 corpus,
2126 4572 2394 4645 quomodo
2415 4572 2644 4643 Spiritus
2668 4582 2902 4628 sanctus.
2931 4557 3046 4629 Non
3068 4574 3209 4630 enim
3235 4584 3294 4632 et

1710 4668 1955 4725 columba
2002 4669 2090 4724 illa
2139 4669 2209 4724 de
2232 4683 2333 4724 ovo
2361 4676 2483 4723 nata
2513 4676 2624 4736 est,
2671 4667 2858 4735 aiunt;
2889 4676 2944 4723 et
2983 4676 3170 4738 tamen
3192 4672 3297 4726 hu-

1712 4764 1884 4819 manis
1907 4763 2075 4818 oculis
2101 4762 2269 4832 potuit
2287 4774 2565 4830 apparere.
2590 4758 2792 4826 Quibus
2817 4759 3044 4830 primum
3065 4760 3194 4817 illud
3211 4777 3298 4818 re-

1711 4855 2081 4928 spondendum
2101 4864 2184 4910 est
2200 4895 2214 4920 ,
2246 4843 2386 4924 quod
2410 4853 2483 4908 ibi
2507 4853 2730 4924 legimus
2756 4852 2809 4908 in
2827 4854 3008 4924 specie
3034 4855 3296 4913 columbae

1715 4951 2020 5020 apparuisse
2045 4947 2234 5004 Joanni
2258 4946 2522 5017 Spiritum
2551 4953 2790 5002 sanctum
2820 4945 3032 5018 (Matth.
3055 4964 3142 5018 ut,
3171 4950 3286 5021 16),

1715 5043 1801 5101 ubi
1827 5042 2052 5114 legimus
2093 5041 2251 5095 etiam
2297 5040 2563 5096 Christum
2614 5048 2796 5096 natum
2823 5056 2944 5098 esse
2981 5042 3048 5098 de
3094 5043 3295 5100 femina

1722 5134 1840 5209 (Id.
1872 5151 1926 5202 ι,
1951 5133 2057 5200 20,
2082 5129 2234 5205 25);-
2268 5141 2322 5188 et
2367 5147 2472 5187 non
2523 5140 2736 5203 oportet
2772 5133 2824 5189 in
2878 5143 3030 5205 parte
3073 5136 3299 5193 credere

1716 5227 2024 5300 Evangelio,
2052 5235 2108 5282 et
2132 5226 2184 5282 in
2211 5235 2362 5297 parte
2388 5241 2493 5282 non
2513 5226 2753 5283 credere.
2775 5225 2931 5285 Unde
2953 5229 3095 5284 enim
3120 5230 3295 5286 credis

1716 5319 1769 5376 in
1795 5318 2251 5388 columbatsspecie
2279 5317 2701 5388 demonstratum
2720 5333 2840 5392 esse
2866 5316 3124 5390 Spiritum
3165 5309 3280 5374 sane

1717 5419 1883 5478 ctum,
1906 5409 2009 5481 nisi
2035 5410 2156 5481 quia
2184 5409 2236 5464 in
2263 5408 2550 5481 Evangelia
2577 5408 2790 5482 legisti?
2813 5409 2954 5482 Ergo
2970 5419 3023 5467 et
3042 5425 3141 5481 ego
3168 5409 3295 5467 inde

1717 5504 1879 5561 credo
1904 5504 2175 5561 Christum
2201 5512 2380 5559 natum
2409 5502 2476 5558 de
2504 5503 2708 5576 virgine
2733 5517 2873 5570 esse,
2893 5503 3013 5574 quia
3042 5505 3097 5558 in
3122 5504 3300 5558 Evan-

1717 5598 1859 5671 gelio
1882 5597 2004 5669 legi.
2034 5598 2211 5665 Quare
2233 5607 2408 5652 autem
2445 5593 2672 5666 Spiritus
2699 5603 2916 5650 sanctus
2957 5608 3064 5648 non
3089 5603 3172 5650 est
3195 5609 3299 5650 na-

1785 5735 1803 5800 ξ
1838 5731 1915 5800 sic
1932 5741 2037 5800 Mss.
2073 5732 2356 5800 Fditivero,
2379 5728 2798 5800 quoniarnipstmt.
2842 5790 2852 5800 η

1787 5797 1808 5830 ι
1840 5796 1975 5858 mm,
1999 5793 2236 5860 sapientia
2261 5791 2351 5845 Dei
2369 5791 2542 5842 Patris.
2568 5791 2742 5852 Abest,
2763 5791 2852 5842 Dei
2875 5791 3053 5860 Patris,
3081 5803 3111 5845 a
3133 5801 3241 5847 Mss.
