3882 6286
553 320 660 379 303

551 448 639 496 tus
663 439 729 496 de
750 436 1022 510 columba,
1053 433 1501 508 quemadmodum
1528 433 1772 489 Christus
1796 432 1863 488 de
1903 431 2098 488 femina
2126 473 2141 498 ,

549 533 640 587 illa
676 545 837 588 causa
873 538 987 598 est,
1027 529 1151 600 quia
1202 543 1310 583 non
1339 525 1616 582 columbos
1660 524 1888 580 liberare
1927 530 2148 579 venerat

551 624 785 697 Spiritus
808 631 1027 680 sanctus
1045 663 1062 692 ,
1086 620 1181 677 sed
1209 619 1514 676 hominibus
1556 616 1858 688 signiﬁcare
1885 616 2144 671 innocen-

552 721 681 776 tiam
713 729 769 776 et
791 732 1031 774 amorem
1059 715 1414 788 spiritualem,
1434 713 1574 785 quod
1600 713 1654 768 in
1685 711 1947 767 columba:
1967 712 2146 782 specie

547 811 832 869 visibiliter
859 809 1144 882 figuratum
1173 818 1277 864 est.
1304 808 1561 862 Dominus
1599 814 1776 860 autem
1802 803 1960 859 lesus
1983 803 2144 859 Chri-

549 913 688 972 stus,
719 903 811 976 qui
839 911 1060 960 venerat
1095 901 1164 957 ad
1209 901 1452 956 homines
1497 897 1836 964 liberandos,
1867 898 1922 953 in
1953 897 2146 968 quibus

549 1004 605 1053 et
627 1009 806 1052 mares
829 1003 886 1052 et
922 994 1132 1051 feminae
1159 993 1429 1063 pertinent
1467 989 1536 1046 ad
1563 991 1812 1057 salutem,
1844 1004 1944 1044 nec
1968 1003 2145 1044 mares

533 1073 840 1156 tfastidivit,
868 1087 990 1159 quia
1034 1100 1236 1141 marem
1281 1084 1552 1154 suscepit;
1585 1098 1686 1140 nec
1711 1083 1940 1138 feminas
1963 1123 1978 1149 ,
2020 1082 2144 1152 quia

550 1183 619 1239 de
644 1181 840 1238 femina
868 1189 1022 1235 natus
1042 1188 1142 1234 est.
1175 1179 1290 1234 Huc
1317 1177 1521 1234 accedit
1547 1184 1802 1248 magnum
1840 1191 2146 1232 sacramen-

548 1281 686 1342 tum,
709 1281 767 1327 ut
783 1271 1034 1344 quoniam
1065 1285 1162 1342 per
1189 1270 1437 1325 feminam
1465 1267 1619 1324 nobis
1657 1283 1804 1323 mors
1835 1267 2139 1334 acciderat,

548 1365 658 1421 vita
684 1364 838 1420 nobis
865 1379 960 1435 per
985 1363 1240 1419 feminam
1261 1371 1572 1419 nasceretur
1597 1381 1611 1416 :
1633 1370 1691 1417 ut
1709 1361 1776 1418 de
1801 1370 2024 1433 utraque
2050 1379 2144 1418 na-

547 1463 688 1524 tura,
719 1453 773 1511 id
796 1463 878 1510 est
894 1453 1150 1511 feminina
1169 1463 1224 1510 et
1249 1451 1562 1521 masculina,
1582 1452 1752 1508 victus
1768 1451 2011 1507 diabolus
2022 1468 2143 1507 cru-

545 1548 798 1616 ciaretur,
829 1546 1082 1618 quoniam
1109 1545 1177 1601 de
1215 1545 1493 1601 ambarum
1534 1544 1883 1600 subversione
1927 1545 2144 1601 laetaba-

546 1646 653 1706 tur;
682 1636 771 1694 cui
793 1651 980 1708 parum
1021 1636 1196 1693 fuerat
1236 1636 1304 1692 ad
1347 1651 1562 1706 ptenam
1585 1635 1630 1691 si
1649 1635 1824 1692 ambae
1855 1645 2062 1692 natura)
2086 1636 2141 1692 in

545 1732 702 1790 nobis
723 1731 1100 1798 liberarentur,
1119 1729 1224 1784 nisi
1248 1729 1408 1785 etiam
1438 1744 1534 1800 per
1559 1728 1743 1783 ambas
1766 1728 2139 1784 liberaremur.

545 1824 733 1896 Neque
753 1823 855 1878 hoc
880 1823 953 1878 ita
982 1821 1231 1887 dicimus,
1261 1827 1321 1875 ut
1350 1819 1632 1875 Dominum
1660 1818 1842 1875 Jesum
1868 1817 2138 1875 Christum

545 1916 789 1972 dicamus
817 1913 988 1968 solum
1010 1927 1195 1968 verum
1219 1927 1414 1982 corpus
1444 1910 1714 1978 habuisse,
1743 1910 1998 1982 Spiritum
2020 1927 2142 1967 san-

544 2018 693 2064 ctum
735 2015 912 2064 autem
952 2005 1214 2062 fallaciter
1256 2005 1566 2077 apparuisse
1611 2006 1781 2061 oculis
1819 2006 2137 2062 hominum:

545 2100 641 2156 sed
663 2100 822 2155 ambo
848 2099 937 2154 illa
966 2113 1210 2170 corpora,
1237 2113 1364 2154 vera
1393 2112 1621 2169 corpora
1664 2098 1954 2154 credimus.
1984 2098 2137 2155 Sicut

545 2191 692 2248 enim
718 2205 827 2249 non
847 2190 1128 2261 oportebat
1171 2197 1231 2244 ut
1267 2188 1512 2245 homines
1550 2189 1753 2245 falleret
1798 2189 1963 2245 Filius
2001 2191 2136 2256 Dei,

541 2285 622 2339 sic
674 2297 782 2339 non
832 2281 1056 2338 decebat
1095 2289 1157 2336 ut
1204 2280 1450 2336 homines
1495 2279 1705 2335 falleret
1749 2279 1979 2351 Spiritus
2019 2295 2142 2336 san-

541 2386 662 2432 ctus
690 2395 704 2431 :
727 2374 823 2431 sed
847 2373 1201 2443 omnipotenti
1230 2372 1362 2441 Deo,
1385 2372 1475 2443 qui
1503 2373 1806 2428 universam
1837 2381 2141 2429 creaturam

541 2468 612 2524 de
640 2466 808 2523 nihilo
835 2465 1114 2522 fabricavit
1138 2505 1154 2533 ,
1186 2480 1294 2520 non
1323 2471 1441 2520 erat
1485 2463 1706 2520 difficile
1732 2479 1919 2520 verum
1945 2480 2139 2536 corpus

541 2558 806 2617 columbas
848 2559 966 2614 sine
993 2557 1221 2612 aliorum
1249 2556 1620 2612 columborum
1667 2557 1968 2614 ministerio
2005 2557 2142 2629 ﬁgu-

538 2667 662 2708 rare
682 2694 696 2718 ,
725 2650 864 2707 sicut
891 2649 939 2704 ei
966 2663 1072 2704 non
1098 2649 1198 2704 fuit
1222 2648 1441 2705 difficile
1461 2664 1645 2704 verum
1669 2664 1866 2722 corpus
1891 2650 1946 2705 in
1983 2660 2138 2707 utero

537 2743 719 2798 Maria:
747 2742 863 2798 sine
892 2741 1031 2796 virili
1055 2740 1262 2796 semine
1309 2740 1610 2807 fabricare;
1636 2757 1758 2797 cum
1803 2750 1992 2797 natura
2019 2757 2139 2797 cor-

536 2837 740 2908 porea‘
773 2834 901 2890 etin
926 2831 1224 2889 visceribus
1247 2831 1460 2888 femina:
1481 2833 1550 2888 ad
1587 2833 1926 2889 formandum
1967 2833 2139 2889 homi-

536 2943 702 2994 nem,
747 2934 802 2982 et
839 2926 894 2980 in
938 2925 1055 2994 ipso
1100 2923 1303 2979 mundo
1346 2923 1414 2978 ad
1448 2924 1782 2980 formandam
1833 2924 2136 2981 columbam

537 3019 765 3088 imperio
795 3016 1010 3072 Domini
1039 3014 1407 3085 voluntatique
1438 3015 1682 3071 serviret.
1710 3015 1815 3072 Sed
1862 3016 2010 3072 stulti
2039 3017 2137 3072 ho-

517 3110 736 3191 ‘mines,
759 3116 813 3165 et
841 3109 1060 3180 miseri,
1093 3108 1236 3182 quod
1265 3117 1356 3162 aut
1400 3107 1500 3178 ipsi
1529 3107 1707 3165 facere
1738 3124 1847 3164 non
1872 3119 2132 3182 possunt,

536 3210 630 3258 aut
677 3200 733 3256 in
764 3202 870 3256 vita
899 3217 995 3257 sua
1043 3215 1318 3272 nunquam
1357 3199 1628 3269 viderunt,
1655 3200 1817 3256 etiam
1858 3201 1928 3258 ab
1955 3207 2132 3260 omni-

535 3304 757 3368 potente
786 3297 896 3352 Deo
922 3296 1035 3352 fieri
1064 3297 1301 3367 potuisse
1321 3308 1430 3350 non
1456 3295 1704 3351 credunt.

513 3433 519 3450 ,
605 3387 833 3444 CAPUT
869 3387 1060 3443 XXIII.
1087 3419 1159 3428 —
1189 3389 1280 3444 25.
1323 3387 1447 3442 Non
1482 3389 1760 3457 audiendi,
1806 3391 1892 3462 qui
1931 3391 2130 3449 Filium

534 3479 635 3536 Dei
660 3490 941 3534 creaturam
978 3480 1151 3534 dicunt
1171 3521 1184 3547 ,
1213 3481 1333 3550 quia
1358 3495 1537 3550 passus
1556 3488 1646 3534 est.
1680 3479 1730 3533 F
1731 3481 1874 3535 ilium
1899 3481 1998 3538 Dei
2021 3485 2130 3540 sine

535 3575 813 3630 divinitatis
834 3574 1112 3628 mutatione
1133 3589 1339 3644 passum
1359 3589 1483 3629 esse.
1509 3572 1618 3629 Nec
1633 3588 1727 3628 eos
1739 3574 2014 3632 audiamus
2035 3579 2127 3648 qui

535 3679 819 3742 propterea
847 3668 1033 3724 volunt
1059 3683 1252 3738 cogere
1283 3676 1339 3722 ut
1358 3667 1497 3723 inter
1520 3676 1793 3724 creaturas
1814 3667 2006 3724 Filium
2028 3670 2126 3726 Dei

531 3777 902 3828 numeremus,
933 3761 1055 3831 quia
1078 3773 1268 3830 passus
1295 3767 1397 3815 est.
1426 3759 1620 3814 Dicunt
1646 3759 1828 3814 enim:
1856 3758 1912 3816 Si
1935 3776 2126 3830 passus

513 3862 620 3925 ‘est
640 3895 656 3921 ,
679 3852 952 3909 mutabilis
979 3861 1101 3918 est;
1131 3859 1188 3907 et
1209 3851 1256 3906 si
1281 3851 1550 3907 mutabilis
1575 3859 1659 3907 est
1678 3891 1693 3917 ,
1731 3861 1977 3908 creatura
2004 3863 2122 3924 est,

532 3947 660 4018 quia
697 3945 790 4001 Dei
819 3944 1114 4000 substantia
1144 3957 1250 3998 non
1281 3949 1459 4014 potest
1486 3942 1776 3997 immutari.
1825 3942 1957 3999 Cum
2000 3945 2123 4016 qui—

507 4023 641 4110 bus
665 4039 822 4095 etiam
844 4052 942 4092 nos
967 4037 1196 4092 dicimus
1225 4043 1281 4091 et
1306 4035 1400 4090 Dei
1419 4035 1774 4090 substantiam
1805 4039 2122 4094 commutari

528 4148 638 4188 non
668 4146 858 4203 posse,
897 4139 952 4186 et
979 4138 1276 4186 creaturam
1317 4143 1438 4184 esse
1472 4129 1804 4185 mutabilem.
1842 4129 1951 4186 Sed
1975 4130 2122 4186 aliud

527 4233 612 4281 est
639 4239 760 4280 esse
781 4230 1104 4286 creaturam,
1136 4233 1190 4276 et
1211 4219 1356 4276 aliud
1385 4222 1659 4292 suscipere
1680 4231 2002 4278 creaturam.
2030 4223 2121 4279 Fi-

507 4317 632 4389 lius
659 4330 790 4386 ergo
815 4314 1121 4385 unigenitus
1149 4313 1243 4368 Dei
1268 4354 1283 4381 ,
1307 4313 1398 4384 qui
1425 4323 1509 4369 est
1549 4315 1730 4372 Virtus
1767 4321 1823 4371 et
1846 4314 2118 4386 Sapientia

526 4409 648 4479 Dei,
681 4416 737 4463 et
765 4406 998 4461 Verbum
1031 4420 1125 4474 per
1151 4403 1296 4474 quod
1325 4403 1462 4460 facta
1484 4416 1610 4462 sunt
1629 4406 1830 4476 omnia,
1867 4409 1987 4479 quia
2013 4409 2116 4464 im-

526 4500 726 4560 mutari
754 4513 861 4553 non
903 4505 1082 4568 potest
1108 4497 1348 4564 omnino,
1379 4499 1616 4568 suscepit
1650 4499 1936 4554 humanam
1961 4516 2116 4558 crea-

527 4604 724 4658 turam,
750 4607 907 4663 quam
929 4590 1133 4662 lapsam
1159 4588 1384 4659 erigere,
1407 4598 1566 4659 atque
1586 4589 1933 4646 inveteratam
1952 4607 2112 4648 reno-

523 4700 656 4742 vare
687 4684 934 4755 dignatus
961 4691 1062 4738 est.
1094 4680 1204 4738 Nec
1244 4681 1297 4736 in
1328 4695 1393 4737 ea
1428 4695 1526 4752 per
1565 4680 1869 4752 passionem
1903 4683 2016 4753 ipse
2058 4683 2114 4740 in

524 4778 763 4836 deterius
786 4784 1142 4833 commutatus
1180 4783 1294 4837 est,
1326 4773 1421 4830 sed
1447 4788 1564 4830 eam
1593 4773 1769 4844 potius
1804 4789 1899 4844 per
1935 4790 2114 4830 resur-

525 4870 820 4928 rectionem
849 4869 902 4924 in
933 4868 1125 4924 melius
1149 4868 1515 4923 commutavit.
1537 4864 1646 4934 Nec
1668 4872 1950 4936 propterea
1973 4865 2110 4922 Ver-

523 4967 653 5022 bum
681 4964 876 5031 Patris,
907 4963 962 5018 id
988 4971 1071 5019 est
1103 4963 1318 5018 unicum
1349 4961 1444 5018 Dei
1473 4960 1686 5028 Filium,
1719 4977 1815 5032 per
1841 4977 1998 5032 quem
2029 4962 2106 5017 fa-

523 5067 608 5115 cta
636 5065 760 5112 sunt
781 5057 981 5122 omnia,
1008 5055 1312 5126 negandum
1337 5063 1421 5110 est
1451 5063 1633 5111 natum
1664 5063 1718 5111 et
1746 5070 1960 5127 passum
1987 5071 2109 5114 esse

523 5165 624 5223 pro
655 5150 829 5206 nobis.
852 5149 922 5205 Et
943 5155 1210 5220 martyres
1235 5146 1376 5203 enim
1402 5160 1590 5217 passos
1618 5146 1843 5204 dicimus
1878 5157 1933 5203 et
1961 5163 2107 5205 mor-

453 5304 463 5323 ,
522 5256 641 5303 tuos
677 5255 894 5317 propter
924 5259 1085 5315 regna
1124 5245 1412 5310 caelorum;
1451 5259 1552 5300 nec
1589 5252 1766 5300 tamen
1798 5245 1851 5301 in
1886 5261 1948 5302 ea
1976 5261 2105 5318 pas-

517 5341 671 5396 sione
698 5348 752 5394 et
775 5347 949 5394 morte
975 5337 1165 5392 anima:
1195 5352 1380 5393 eorum
1408 5336 1597 5392 occisa:
1627 5347 1770 5393 sunt.
1799 5339 1938 5394 Dicit
1961 5340 2106 5395 enim

518 5433 780 5490 Dominus
803 5449 817 5488 :
845 5431 1020 5486 Nolite
1039 5432 1212 5486 timere
1229 5447 1314 5486 eos
1331 5431 1419 5502 qui
1439 5447 1625 5502 corpus
1645 5431 1899 5498 occidunt,
1921 5432 2105 5486 anima:

517 5537 686 5582 autem
712 5523 843 5581 nihil
861 5532 1069 5596 possunt
1089 5523 1256 5594 facere
1306 5522 1526 5595 (Matth.
1548 5539 1604 5591 κ,
1625 5523 1752 5594 28).
1779 5522 1929 5579 Sicut
1976 5537 2105 5594 ergo

519 5627 780 5689 martyres
795 5631 983 5688 passos
995 5623 1051 5672 et
1065 5623 1306 5672 mortuos
1324 5615 1552 5670 dicimus
1572 5618 1623 5668 in
1653 5615 1965 5685 corporibus
1983 5630 2104 5684 qua:

518 5711 834 5783 portabant,
869 5710 984 5766 sine
1021 5711 1321 5766 animarum
1371 5709 1742 5765 interfectione
1771 5709 1856 5764 vel
1893 5715 2098 5775 morte;

579 5825 596 5857 ³
631 5831 765 5875 Parv.
795 5831 846 5874 et
868 5832 996 5885 Mss,
1021 5830 1244 5874 creatura
1269 5835 1513 5886 corporea.

1526 311 1612 366 DE
1652 305 1882 367 AGONE
1915 302 2349 376 (ιιιιιιδΤιΑΝο,
2393 310 2449 363 S.
2493 307 2865 366 AUCUSTINI
3697 321 3771 384 5m

2261 431 2338 487 sic
2365 429 2558 486 Filium
2585 431 2681 486 Dei
2704 445 2921 502 passum
2944 439 2998 486 ct
3016 438 3283 486 mortuum
3310 431 3588 490 dieimusin
3606 436 3768 498 homine

2258 539 2417 594 quem
2461 522 2727 593 portabat,
2761 525 2878 579 sine
2905 521 3198 578 divinitatis
3221 523 3394 594 aliqua
3425 532 3768 592 commutatione

2258 620 2346 677 vel
2372 627 2569 676 morte.

2331 710 2557 768 CAPUT
2584 709 2779 766 XXIV.
2799 739 2870 752 —-
2888 710 2981 766 26.
3010 708 3134 764 Non
3151 710 3408 778 audiendi,
3429 714 3509 781 qui
3531 728 3686 786 negant
3701 723 3770 776 tale

2261 821 2444 875 corpus
2468 801 2679 858 Domini
2700 803 3055 871 resurrexisse,
3080 804 3228 874 quale
3248 806 3412 875 fuerat
3435 808 3674 876 sepultum.
3691 810 3769 868 Nec

2257 911 2353 951 eos
2381 895 2684 964 audiamus,
2715 895 2804 966 qui
2834 904 3032 967 negant
3065 895 3173 951 tale
3197 910 3393 966 corpus
3421 896 3613 954 Domini
3637 917 3768 960 resur-

2252 986 2459 1042 rexisse
2480 1029 2495 1054 ,
2529 986 2689 1057 quale
2721 986 2952 1057 positum
2993 995 3076 1042 est
3105 987 3158 1042 in
3193 998 3549 1045 monumento.
3585 991 3634 1047 Si
3661 995 3764 1051 enim

2254 1080 2361 1136 tale
2385 1095 2491 1136 non
2521 1079 2744 1147 fuisset,
2779 1095 2886 1135 non
2924 1079 3040 1149 ipse
3079 1078 3301 1136 dixisset
3329 1089 3447 1151 post
3483 1087 3764 1141 resurrectio-

2252 1187 2376 1227 nem
2407 1170 2682 1242 discipulis
2709 1189 2723 1225 :
2755 1170 2980 1244 Palpate
3001 1213 3017 1240 ,
3059 1181 3106 1226 et
3149 1171 3339 1237 videte,
3369 1174 3593 1243 quoniam
3614 1177 3769 1247 spiritus

2264 1281 2379 1318 ossa
2396 1273 2440 1319 et
2463 1266 2699 1319 carnem‘
2725 1281 2827 1319 non
2846 1265 3008 1332 habet,
3033 1265 3164 1320 sicut
3180 1281 3259 1319 me
3284 1264 3456 1320 videtis
3479 1267 3639 1323 habere
3656 1269 3764 1344 (Luc.

2253 1373 2378 1413 xxiv
2401 1399 2417 1426 ,
2466 1358 2590 1429 39).
2629 1358 2956 1429 Sacrilegum
2987 1366 3070 1413 est
3114 1359 3258 1413 enim
3302 1358 3517 1416 credere
3551 1362 3769 1420 Dominum

2250 1463 2515 1519 nostrum,
2557 1467 2680 1507 cum
2715 1453 2828 1523 ipse
2857 1453 2927 1507 sit
2955 1452 3188 1520 Veritas,
3219 1453 3272 1508 in
3300 1454 3474 1524 aliquo
3498 1454 3642 1512 fuisse
3661 1473 3769 1513 men-

2250 1543 2430 1598 titum.
2463 1543 2574 1600 Nec
2596 1558 2697 1598 nos
2723 1551 2936 1599 moveat
2959 1544 3102 1614 quod
3123 1543 3320 1601 clausis
3347 1546 3492 1601 ostiis
3517 1548 3668 1603 subito
3686 1566 3770 1606 eum

2249 1635 2564 1704 apparuisse
2590 1633 2870 1704 discipulis
2902 1635 3159 1706 scriptum
3181 1645 3266 1692 est
3295 1635 3481 1709 (Joan.
3509 1654 3591 1702 xx,
3617 1639 3713 1711 26),
3734 1653 3769 1697 ut
3849 1637 3851 1708 ζ

2247 1733 2532 1793 propterea
2577 1739 2833 1796 negemus
2875 1725 3005 1780 illud
3055 1725 3222 1782 fuisse
3265 1741 3457 1797 corpus
3507 1727 3766 1799 humanum,

2249 1815 2372 1886 quia
2397 1825 2581 1871 contra
2607 1827 2855 1872 naturam
2885 1816 3045 1888 hujus
3071 1818 3318 1888 corporis
3336 1817 3568 1875 videmus
3583 1835 3682 1876 esse
3703 1837 3765 1890 per

2246 1906 2427 1963 clausa
2457 1909 2594 1964 ostia
2628 1909 2849 1964 intrare.
2879 1908 3069 1964 Omnia
3106 1910 3250 1964 enim
3281 1910 3546 1980 possibilia
3569 1921 3672 1966 sunt
3693 1913 3767 1968 Deo

2249 1999 2269 2071 (
2290 1999 2481 2055 Matth.
2505 2017 2580 2069 Ix,
2602 2001 2673 2058 26
2690 1999 2732 2076 ).
2755 2001 2889 2057 Nam
2915 2010 2970 2058 et
2989 2003 3266 2059 ambulare
3285 2019 3446 2074 super
3463 2020 3611 2076 aquas
3633 2017 3766 2061 contra

2248 2103 2494 2150 naturam
2525 2095 2682 2166 hujus
2723 2096 2964 2167 corporis
2993 2112 3115 2153 esse
3143 2096 3486 2154 manifestum
3512 2107 3620 2166 est;
3645 2109 3688 2153 et
3709 2108 3764 2153 ta-
3835 2125 3838 2130 -

2246 2202 2370 2243 men
2398 2202 2503 2242 non
2539 2189 2714 2243 solum
2747 2189 2860 2259 ipse
2888 2189 3145 2245 Dominus
3171 2199 3298 2246 ante
3322 2191 3610 2262 passionem
3632 2191 3764 2246 ambu-

2246 2276 2394 2342 lavit,
2445 2278 2541 2334 sed
2598 2278 2759 2334 etiam
2814 2279 3029 2335 Petrum
3090 2281 3370 2337 ambulare
3420 2281 3762 2354 fecit(fd.nv,

3843 1713 3851 1808 i

2245 2367 2336 2435 25,
2363 2369 2433 2427 29
2453 2369 2491 2440 ).
2525 2370 2600 2424 lta
2628 2385 2755 2441 ergo
2790 2378 2845 2425 ct
2876 2380 2996 2441 post
3030 2373 3482 2429 resurrectionem
3520 2373 3580 2428 de
3601 2387 3764 2442 corpore

2245 2473 2343 2514 suo
2380 2459 2505 2516 fecit
2529 2459 2669 2530 quod
2697 2459 2883 2515 voluit.
2921 2461 2978 2516 Si
3004 2462 3147 2517 enim
3177 2467 3357 2534 potuit
3388 2474 3507 2520 ante
3533 2464 3762 2534 passionem

2246 2552 2545 2608 clariﬁcare
2573 2551 2701 2607 illud
2730 2553 2869 2608 sicut
2889 2553 3230 2624 splendorem
3265 2555 3531 2630 solis(1d.
3557 2571 3666 2623 xvu,
3688 2557 3760 2624 2);
3841 2595 3844 2636 ε

2243 2659 2410 2715 quare
2441 2660 2547 2701 non
2579 2646 2753 2716 potuit
2780 2654 2834 2700 et
2859 2655 2978 2716 post
3008 2649 3318 2718 passionem
3342 2649 3408 2704 ad
3437 2661 3659 2720 quantam
3684 2649 3760 2702 vel-

2243 2735 2314 2791 let
2338 2735 2684 2792 subtilitatem
2710 2737 2761 2791 in
2788 2738 3046 2808 temporis
3070 2749 3349 2796 momento
3372 2740 3614 2813 redigere,
3637 2751 3680 2794 ut
3697 2754 3758 2809 per
3839 2805 3843 2812 Α

2243 2827 2422 2884 clausa
2451 2830 2586 2885 ostia
2619 2839 2804 2901 posset
2830 2829 3072 2886 intrare?

2313 2928 2538 2987 CAPUT
2558 2886 2800 2985 xxv.—
2810 2931 2900 2986 27.
2929 2931 3037 2986 Nec
3051 2886 3293 3004 negantes
3309 2950 3488 3006 corpus
3502 2933 3662 2990 Christi
3673 2933 3756 2988 ssi-

2243 3021 2403 3075 latum
2435 3021 2486 3075 in
2516 3019 2720 3076 caelum.
2751 3021 2862 3078 Nec
2880 3037 2974 3078 eos
3000 3024 3305 3092 audiamus,
3328 3027 3416 3097 qui
3446 3025 3755 3098 negantipsum

2189 3126 2435 3204 ‘eorpus
2463 3127 2643 3168 secum
2667 3113 2874 3170 levasse
2897 3115 2948 3169 in
2965 3117 3158 3172 coelum
3184 3117 3468 3174 Dominum
3495 3128 3708 3184 nostrum,
3721 3125 3756 3171 et

2238 3213 2664 3260 commemorant
2689 3205 2740 3260 in
2772 3205 3065 3278 Evangelia
3090 3209 3231 3279 quod
3262 3212 3512 3281 scriptum
3533 3221 3620 3274 est,
3641 3208 3756 3264 Nam

2235 3296 2463 3352 ascendit
2483 3297 2537 3352 in
2560 3299 2760 3367 aetum,
2784 3300 2882 3354 nisi
2906 3301 2992 3370 qui
3014 3303 3076 3355 de
3095 3303 3220 3357 caelo
3244 3304 3500 3359 descendit
3523 3302 3684 3377 (Joan.
3704 3318 3753 3368 Ill,

2236 3389 2348 3460 i3);
2367 3399 2422 3446 et
2444 3390 2644 3457 dicunt,
2669 3392 2792 3462 quia
2816 3407 3012 3463 corpus
3030 3409 3138 3450 non
3159 3395 3441 3453 descendit
3458 3397 3522 3454 de
3539 3397 3668 3462 cutio,
3682 3411 3754 3450 non

2234 3482 2472 3552 potuisse
2497 3482 2788 3540 ascendere
2815 3484 2868 3538 in
2909 3486 3127 3542 coelum.
3155 3485 3282 3543 Non
3306 3489 3447 3544 enim
3476 3488 3752 3559 intelligunt,

2238 3575 2491 3645 quoniam
2526 3591 2724 3648 corpus
2769 3592 2878 3634 non
2919 3580 3163 3636 ascendit
3202 3581 3260 3636 in
3297 3583 3486 3640 cmlum
3522 3581 3754 3638 :Dominus

2233 3667 2377 3724 enim
2406 3667 2670 3736 ascendit,
2694 3683 2890 3740 corpus
2920 3681 3097 3728 autem
3125 3689 3235 3730 non
3265 3676 3519 3742 ascendit,
3546 3675 3626 3733 sed
3648 3675 3752 3729 levae

2231 3768 2343 3815 tum
2383 3768 2468 3816 est
2495 3761 2547 3816 in
2586 3763 2781 3818 coelum
2810 3765 2903 3819 illo
2932 3765 3144 3824 levante
3173 3769 3266 3838 qui
3294 3769 3543 3827 ascendit.
3580 3769 3628 3826 Si
3649 3767 3752 3824 enim

2228 3852 2347 3922 quis
2373 3851 2703 3924 descendat,
2733 3856 2880 3912 verbi
2911 3859 3100 3927 gratia,
3133 3859 3200 3914 de
3229 3871 3414 3918 monte
3452 3861 3635 3926 nudus,
3665 3871 3750 3914 cum

2227 3949 2407 3999 autem
2461 3945 2836 4015 descenderit,
2880 3949 3075 4004 vestiat
3123 3966 3213 4019 se,
3261 3963 3319 4010 et
3361 3956 3566 4010 vestitus
3609 3955 3749 4008 iterum

2227 4035 2513 4104 ascendat,
2547 4047 2696 4094 recte
2721 4038 2904 4110 utique
2931 4039 3160 4097 dicimus
3183 4083 3198 4107 ,
3236 4043 3407 4100 Nemo
3430 4045 3658 4108 ascendit,
3675 4039 3746 4096 nisi

2225 4127 2318 4198 qui
2347 4128 2622 4186 descendit
2651 4148 2664 4185 :
2705 4147 2806 4188 nec
2843 4143 3053 4190 vestem
3099 4136 3497 4194 consideramus
3521 4152 3654 4210 quam
3683 4148 3745 4188 se-

2224 4232 2347 4274 cum
2377 4219 2590 4288 levavit,
2629 4221 2723 4278 sed
2752 4223 2928 4294 ipsum
2957 4225 3048 4295 qui
3078 4227 3304 4284 vestitus
3332 4238 3434 4299 est,
3469 4229 3621 4286 solum
3647 4224 3744 4282 dici-

2223 4325 2343 4366 mus
2372 4312 2700 4370 ascendisse.
3673 4309 3691 4328 ”

2295 4409 2522 4467 CAPUT
2542 4410 2733 4468 XXVI.
2749 4441 2820 4454 --
2843 4413 2934 4470 28.
2967 4413 3020 4469 Ν
3026 4432 3078 4470 ec
3103 4428 3345 4490 negantes
3370 4420 3602 4476 Clu-istum
3618 4416 3742 4472 sedete

2220 4502 2290 4554 ad
2310 4501 2568 4556 dexteram
2591 4501 2786 4558 Patris.
2808 4504 3029 4561 Dextera
3049 4517 3097 4563 et
3112 4509 3320 4565 sinistra
3343 4511 3436 4567 Dei
3453 4510 3564 4582 quid
3577 4510 3632 4564 sit
3664 4505 3742 4562 Nec

2220 4611 2316 4652 eos
2344 4596 2645 4664 audiamus,
2674 4599 2762 4669 qui
2793 4609 2990 4672 negant
3017 4601 3083 4658 ad
3118 4603 3390 4662 dexteram
3420 4606 3576 4661 Patris
3601 4600 3740 4658 sedere

2219 4687 2431 4744 Filium.
2464 4689 2659 4745 Dicunt
2683 4692 2825 4746 enim
2851 4711 2864 4746 :
2892 4692 3159 4766 Numquid
3179 4697 3336 4767 .Deus
3371 4698 3519 4754 Pater
3544 4694 3672 4750 habet
3685 4690 3739 4743 la-

2218 4793 2304 4840 tus
2333 4785 2580 4842 dextrum
2608 4795 2700 4843 aut
2737 4787 3010 4845 sinistrum
3032 4831 3046 4855 ,
3078 4792 3233 4848 sicuti
3262 4793 3516 4864 corpora?
3548 4788 3638 4846 Nec
3667 4797 3737 4840 nos

2218 4876 2323 4933 hoc
2353 4877 2420 4934 de
2461 4879 2571 4935 Deo
2609 4879 2767 4935 Patre
2805 4880 3065 4938 sentimus
3095 4901 3108 4937 :
3143 4885 3285 4940 nulla
3311 4885 3447 4940 enim
3472 4883 3620 4939 forma
3643 4891 3732 4932 cor-

2219 4969 2367 5038 poris
2397 4970 2538 5026 Deus
2563 4969 2819 5027 definitur
2840 4973 2861 5004 '
2885 4981 3043 5044 atque
3066 4975 3416 5042 concluditur.
3443 4973 3537 5029 Sed
3567 4971 3733 5026 dextera

2213 5060 2393 5117 Patris
2419 5071 2501 5118 est
2529 5061 2806 5120 beatitudo
2846 5074 3100 5136 perpetua
3121 5108 3136 5135 ,
3165 5082 3281 5138 qua:
3314 5066 3501 5123 sanctis
3527 5056 3732 5134 promitti-

2213 5161 2302 5208 tur
2325 5153 2348 5185 ³
2381 5171 2394 5220 ;
2439 5154 2580 5210 sicut
2609 5155 2826 5211 sinistra
2869 5157 2986 5228 ejus
3023 5159 3319 5216 rectissime
3355 5158 3535 5215 dicitur
3564 5147 3729 5210 miseria

2211 5255 2493 5317 perpetua,
2523 5263 2643 5319 quae
2672 5248 2848 5320 impiis
2878 5248 3036 5306 datur
3065 5270 3078 5307 :
3109 5261 3167 5308 ut
3195 5268 3298 5308 non
3328 5253 3378 5308 in
3403 5252 3510 5322 ipso
3533 5237 3727 5308 Deo,sed

2213 5337 2265 5393 in
2293 5339 2554 5395 creaturis
2573 5340 2674 5396 hoc
2699 5341 2881 5410 modo,
2905 5356 3014 5413 quo
3033 5341 3284 5411 diximus,
3315 5342 3611 5412 intelligatur
3629 5333 3725 5389 dex-

2214 5440 2331 5489 tera
2359 5441 2414 5488 et
2442 5432 2680 5489 sinistra.
2702 5433 2838 5502 Quia
2868 5442 2922 5489 et
2949 5449 3143 5506 corpus
3170 5433 3382 5504 Christi,
3409 5429 3540 5506 quod
3565 5435 3633 5485 est
3651 5422 3724 5478 Εθ·

2276 5637 2292 5669 ¹
2329 5645 2600 5701 I‘arv.,_ossa
2621 5640 2666 5684 et
2686 5637 2960 5701 nervossic
2976 5638 3122 5701 etiam
3144 5635 3363 5700 plerique
3386 5641 3502 5701 Mss”
3526 5635 3571 5698 εἰ·
3589 5638 3642 5701 βξ
3666 5623 3723 5676 ωδ

2211 5698 2388 5763 ριυνοξ
2420 5693 2543 5747 infra
2588 5697 2724 5763 loco_,
2755 5696 3050 5763 sacrilegam
3062 5713 3081 5763 ;
3111 5693 3316 5761 habent,

2274 5763 2294 5792 ³
2328 5761 2515 5821 Aliquot
2533 5769 2659 5816 διες..
2678 5758 2864 5823 ﬁnitur.

2276 5824 2295 5853 ³
2327 5819 2469 5884 Editi,
2501 5824 2658 5872 datur.
2678 5819 2848 5874 'l'lures
2872 5837 2988 5874 vero
3008 5831 3135 5887 Mss,
3159 5819 3454 5889 promsttt'tur.
