3874 6400
996 340 1043 356 ἡ,
1082 346 1087 353 ι
1166 346 1292 357 ...καθ
1354 344 1431 351 ~"
1486 350 1490 352 γ

122 460 214 518 305

122 576 278 640 clesia,
304 574 352 627 in
380 572 487 641 ipsa
506 569 737 633 dextera,
766 564 870 619 hoc
895 572 975 619 est
1002 562 1055 618 in
1079 563 1197 633 ipsa
1224 559 1553 616 beatitudine
1575 558 1656 612 fu—

122 681 270 725 turum
284 673 379 730 est,
402 664 530 719 sicut
551 660 836 731 Apostolus
864 658 1009 722 dicit,
1034 655 1158 726 quia
1188 666 1235 709 et
1257 654 1409 709 simul
1434 668 1527 707 nos
1551 668 1665 707 sus-

121 760 290 824 citavit,
336 765 379 810 et
407 753 550 810 simul
588 751 759 806 sedere
796 750 914 821 fecit
947 750 997 802 in
1027 745 1310 802 cwlestibus
1338 742 1564 817 (Ephes.
1601 759 1660 811 ιι,

123 854 195 924 6).
234 848 472 919 Quamvis
500 847 631 901 enim
662 858 861 914 corpus
892 850 1131 897 nostrum
1171 839 1406 895 nondum
1437 838 1509 895 ibi
1552 839 1656 905 sit,

122 955 267 997 tamen
291 956 410 1011 spes
441 947 608 993 nostra
632 938 740 1007 jam
770 936 843 991 ibi
872 944 972 992 est.
1007 936 1296 1005 Propterea
1327 942 1379 989 et
1418 936 1532 1004 ipse
1559 933 1663 987 Do-

122 1038 266 1091 minus
291 1042 403 1103 post
431 1030 869 1086 resurrectionem
908 1028 1067 1099 jussit
1096 1026 1375 1096 discipulis
1402 1040 1537 1097 quos
1576 1026 1661 1095 pi-

120 1135 294 1180 scantes
314 1122 523 1187 invenit,
554 1130 611 1175 ut
640 1122 691 1175 in
721 1121 996 1176 dexteram
1025 1129 1230 1188 partem
1259 1119 1539 1173 mitterent
1568 1133 1660 1173 rc-

121 1219 195 1271 tia.
219 1215 355 1284 Quod
388 1229 504 1269 cum
532 1212 802 1279 iecissent,
832 1220 1089 1281 ceperunt
1129 1211 1324 1280 pisces,
1352 1209 1444 1280 qui
1473 1225 1662 1267 omnes

120 1309 264 1378 magni
295 1313 437 1361 erant
465 1303 654 1375 (Joan.
692 1319 805 1371 xm,
830 1303 953 1358 6—H
983 1302 1022 1371 ),
1057 1302 1109 1356 id
1138 1311 1240 1369 est,
1265 1301 1439 1372 justos
1461 1301 1664 1371 signifi-

121 1401 296 1465 cabant,
332 1397 515 1469 quibus
552 1395 771 1451 dextera
815 1394 1157 1465 promittitur.
1202 1394 1314 1448 Hoc
1359 1393 1654 1463 signiﬁcat,

129 1491 245 1562 quod
270 1490 404 1546 etiam
448 1489 503 1542 in
541 1487 743 1556 judicio
785 1486 919 1541 dixit
957 1501 1017 1541 se
1056 1501 1221 1556 agnos
1250 1485 1316 1539 ad
1352 1484 1657 1553 dexteram,

127 1581 273 1636 haedos
306 1588 465 1635 autem
510 1579 577 1633 ad
619 1578 890 1635 sinistram
934 1592 1055 1634 esse
1097 1578 1391 1648 positurum
1436 1576 1656 1651 (Matth.

122 1691 223 1741 xxv,
250 1674 360 1745 55).

176 1763 368 1821 CAPUT
403 1762 617 1818 XXVII.
638 1792 711 1803 —
732 1762 822 1817 29.
848 1761 962 1817 Nec
982 1761 1222 1817 audiendi
1246 1770 1487 1833 negantes
1506 1761 1657 1831 judi-

120 1855 227 1908 cium
261 1859 489 1925 futurum.
533 1854 643 1910 Nec
680 1868 776 1909 eos
817 1853 1129 1919 audiamus,
1161 1853 1250 1923 qui
1290 1863 1488 1923 negant
1516 1851 1658 1907 diem

120 1946 269 2017 judicii
306 1946 525 2001 futurum
550 1990 565 2015 ,
597 1956 651 2002 et
675 1955 1100 2002 commemorant
1124 1945 1266 2015 quod
1293 1946 1344 1999 in
1373 1946 1659 2016 Evangelio

122 2040 329 2109 scriptum
352 2048 426 2095 est
445 2082 459 2106 ,
490 2055 614 2095 eum
652 2040 743 2110 qui
768 2039 940 2094 credit
968 2039 1022 2093 in
1052 2038 1351 2106 Christum,
1380 2053 1486 2093 non
1517 2038 1660 2108 judi-

122 2133 239 2198 cari;
271 2135 349 2203 qui
380 2142 559 2188 autem
594 2148 701 2188 non
731 2132 902 2188 credit
930 2132 983 2186 in
1020 2131 1192 2199 illum,
1217 2131 1326 2202 jam
1360 2131 1657 2202 judicatum

127 2238 216 2279 csse
239 2224 405 2294 (loan.
436 2241 511 2292 ιιι,
546 2224 671 2293 18).
704 2223 896 2279 Dicunt
924 2224 1065 2279 enim
1098 2242 1111 2278 :
1143 2222 1200 2279 Si
1226 2231 1281 2278 et
1307 2222 1396 2278 ille
1425 2223 1515 2294 qui
1542 2239 1659 2279 cre-

128 2317 199 2383 dit,
221 2335 307 2373 non
327 2320 489 2375 veniet
509 2320 567 2373 in
584 2318 869 2390 judicium,
897 2327 952 2373 et
971 2319 1060 2373 ille
1084 2318 1173 2388 qui
1200 2332 1307 2372 non
1333 2317 1523 2383 credit,
1546 2318 1657 2387 jam

131 2412 339 2479 judicatus
357 2423 462 2479 est;
485 2412 584 2467 ubi
612 2421 735 2467 sunt
762 2427 896 2483 quos
918 2410 1251 2481 judicaturus
1275 2418 1358 2466 est
1386 2411 1438 2465 in
1469 2410 1556 2466 die
1572 2411 1658 2480 ju-

136 2504 252 2557 dicii?
272 2504 367 2559 Non
386 2504 688 2575 intelligunt
714 2504 793 2559 sic
823 2504 965 2575 loqui
995 2503 1322 2574 Scripturas,
1352 2511 1410 2558 ut
1436 2514 1659 2573 praeter-

142 2594 237 2649 itum
270 2606 437 2667 tempus
478 2612 587 2665 pro
631 2596 811 2651 futuro
853 2604 1095 2665 tempore
1139 2595 1416 2650 insinuent
1461 2613 1474 2649 :
1521 2596 1658 2650 sicut

149 2700 267 2754 supra
288 2687 471 2743 diximus
492 2730 507 2755 ,
549 2687 693 2758 quod
720 2688 1010 2757 Apostolus
1040 2687 1176 2742 dixit
1213 2687 1281 2742 de
1307 2686 1481 2751 nobis,
1514 2686 1656 2756 quod

150 2778 265 2829 sintut
280 2796 345 2833 nos
364 2780 519 2834 sedere
568 2779 689 2849 fecit
731 2780 784 2833 in
828 2779 1143 2843 caelestibus,
1190 2777 1425 2833 nondum
1457 2778 1654 2833 factum

144 2880 226 2931 est;
248 2872 316 2925 sed
337 2874 441 2942 quia
480 2872 799 2928 certissime
832 2880 915 2926 est
946 2871 1213 2938 futurum,
1247 2872 1316 2925 ita
1344 2870 1544 2926 dictum
1574 2880 1657 2926 est

138 2964 243 3030 quasi
262 2964 350 3032 jam
368 2964 568 3021 factum
596 2965 688 3020 sit.
714 2962 864 3020 Sicut
889 2975 943 3019 et
966 2964 1081 3034 ipse
1111 2965 1364 3019 Dominus
1385 2963 1657 3034 discipulis

134 3052 243 3119 dixit,
269 3055 425 3110 Omnia
451 3074 571 3128 qua:
615 3057 794 3110 audivi
819 3074 851 3109 a
884 3055 1043 3109 Patre
1066 3072 1207 3121 meo,
1247 3065 1367 3109 nota
1396 3057 1492 3127 feci
1520 3056 1657 3110 vobis

134 3143 221 3213 (Id.
251 3163 329 3215 xv,
356 3150 448 3222 15)
479 3168 491 3203 :
521 3159 580 3205 et
628 3144 786 3219 paulo
815 3157 934 3217 post
957 3147 1106 3213 dicit,
1139 3148 1310 3201 Multa
1335 3148 1493 3202 habeo
1520 3149 1657 3202 vobis

129 3204 277 3303 dicere;
300 3204 376 3296 sed
406 3204 503 3297 nlon
530 3204 745 3314 potestis
765 3204 857 3296 illa
883 3204 1252 3313 portare’modo
1274 3240 1384 3315 (Id.
1410 3259 1518 3309 XVI,
1542 3204 1705 3315 12).⁴

127 3326 346 3393 Quomodo
379 3350 501 3406 ergo
541 3334 801 3399 dixerat,
853 3333 1037 3387 Omnia
1073 3350 1187 3402 quae
1216 3334 1386 3387 audivi
1425 3351 1457 3387 a
1505 3332 1658 3388 Patre

127 3436 221 3487 meo,
245 3435 343 3478 nota
363 3426 455 3495 feci
476 3428 645 3493 vobis,
673 3426 777 3481 nisi
807 3428 931 3497 quia
961 3426 1090 3480 illud
1117 3427 1257 3497 quod
1284 3442 1381 3496 per
1399 3426 1656 3496 Spiritum

124 3523 315 3571 sanctum
336 3521 636 3575 certissime
665 3518 902 3574 facturus
931 3528 1065 3585 erat,
1097 3520 1249 3590 quasi
1275 3519 1386 3589 jam
1414 3519 1651 3587 fecisset,

122 3602 281 3663 locutus
316 3611 428 3666 est?
468 3612 558 3669 Sic
588 3626 723 3681 ergo
760 3627 882 3668 cum
923 3612 1204 3678 audimus,
1255 3611 1356 3679 Qui
1399 3612 1556 3666 credit
1602 3613 1657 3667 in

123 3698 356 3772 Christum,
395 3723 495 3761 non
540 3708 708 3760 veniet
738 3708 793 3761 in
820 3707 1118 3776 judicium;
1149 3706 1505 3776 intelligamus
1533 3706 1656 3776 quia

121 3806 198 3846 non
229 3799 381 3852 veniet
414 3799 479 3853 ad
513 3798 941 3854 damnationem.
985 3797 1187 3852 Dicitur
1228 3798 1372 3852 enim
1396 3797 1656 3867 judicium

120 3897 193 3951 pro
213 3885 544 3958 damnatione,
581 3890 723 3944 sicut
760 3889 889 3945 dicit
911 3889 1218 3959 Apostolus,
1256 3888 1356 3956 Qui
1385 3905 1486 3943 non
1512 3906 1660 3944 man-

118 3976 261 4046 ducet,
299 3985 682 4038 manducantem
710 3999 811 4037 non
844 3982 1040 4052 judicet
1076 3981 1269 4051 (Rom.
1313 3982 1425 4047 xw,
1455 3980 1523 4052 '5)
1558 4000 1570 4035 :
1603 3982 1657 4037 id

118 4075 209 4131 est,
235 4084 325 4125 non
355 4071 419 4127 de
451 4073 544 4129 illo
590 4072 732 4127 male
761 4072 1055 4127 existimet.
1089 4070 1158 4124 Et
1184 4071 1443 4126 Dominus
1478 4070 1607 4126 dicit
1638 4087 1677 4148 ;_

119 4153 255 4211 Nolite
272 4162 512 4231 judicare,
542 4180 610 4217 ne
624 4163 883 4234 judicatur
920 4163 983 4216 de
1020 4162 1158 4217 vobis
1186 4160 1407 4232 (Matth.
1440 4178 1534 4231 vn,
1562 4164 1585 4217 1
1610 4162 1654 4234 ).

120 4244 209 4302 Νοη
231 4253 355 4307 enim
376 4254 511 4309 tollit
534 4254 697 4310 nobis
719 4253 1120 4323 intelligentiam
1139 4253 1435 4322 judicandi,
1460 4268 1580 4309 cum
1604 4264 1659 4310 et

119 4341 329 4409 propheta
355 4345 523 4413 dicat,
559 4345 624 4401 Si
652 4362 766 4401 vere
795 4346 1052 4417 justitiam
1079 4346 1289 4417 diligitis
1308 4388 1321 4415 ,
1362 4356 1496 4401 recta
1510 4349 1659 4419 judi-

120 4439 217 4495 cete,
243 4434 326 4500 ﬁlii
357 4437 617 4492 hominum
649 4435 838 4510 (Psal.
871 4453 1002 4503 Lvu,
1031 4437 1066 4491 2
1087 4438 1135 4508 );
1164 4446 1218 4493 ει
1246 4439 1361 4508 ipse
1399 4439 1657 4495 Dominus

120 4521 244 4590 dicat,
269 4526 430 4583 Nolite
442 4531 685 4601 judicare
714 4531 1062 4600 personaliter,
1092 4531 1180 4585 sed
1192 4532 1392 4602 justum
1402 4532 1659 4603 judicium

119 4613 298 4679 iudicate
327 4620 511 4689 (Joan.
538 4638 635 4689 vu,
673 4620 743 4676 24
765 4620 805 4694 ).
842 4621 946 4678 Sed
972 4622 1063 4677 illo
1094 4622 1213 4679 loco
1244 4623 1333 4679 ubi
1354 4632 1496 4679 vetat
1516 4623 1660 4693 judi-

123 4716 232 4770 (are,
252 4709 364 4765 illud
385 4712 659 4780 admonet,
683 4730 753 4769 ne
774 4712 1091 4769 damnemus
1116 4715 1369 4785 aliquem,
1399 4715 1550 4785 cujus
1572 4717 1658 4771 vel

124 4799 328 4866 cogitatio
368 4805 519 4861 nobis
550 4819 660 4860 non
691 4814 776 4861 est
800 4817 1015 4876 aperta,
1054 4805 1138 4861 vel
1178 4806 1445 4861 nescimus
1485 4806 1659 4877 qualis

125 4898 267 4951 postea
303 4895 367 4949 sit
396 4894 627 4952 futurus.
671 4895 763 4953 Sic
794 4912 923 4968 ergo
957 4912 1080 4953 cum
1122 4896 1284 4963 dixit,
1314 4898 1383 4950 ad
1409 4898 1659 4965 iudicium

126 4993 202 5033 non
230 4988 403 5055 veniet;
443 4990 548 5044 hoc
572 4990 742 5058 dixit,
783 4992 907 5061 quia
934 5005 1041 5045 non
1070 4989 1251 5045 veniet
1273 4989 1340 5043 ad
1364 4990 1661 5045 damnatio-

126 5083 236 5126 nem.
260 5075 345 5142 Qui
361 5090 526 5135 autem
554 5098 657 5135 non
681 5082 873 5148 credit,
905 5082 1016 5153 jam
1032 5082 1294 5152 judicatus
1316 5091 1385 5135 est
1413 5081 1430 5152 (
1455 5080 1541 5134 Id.
1571 5097 1656 5147 ιιι,

129 5158 230 5231 ίδ);
258 5166 346 5223 hoc
386 5171 552 5237 dixit,
590 5172 712 5242 quia
746 5172 856 5242 jam
888 5172 1172 5227 damnatus
1206 5180 1288 5227 est
1326 5172 1659 5242 praescientia

129 5249 217 5318 Dei,
243 5260 323 5328 qui
346 5263 485 5317 novit
514 5263 641 5333 quid
673 5264 946 5319 immineat
972 5280 1077 5320 non
1099 5264 1458 5319 credentibus.

181 5342 372 5407 CAPUT
413 5353 859 5411 XXVlll.—30.
904 5354 1018 5411 Nec
1065 5356 1151 5428 qui
1196 5356 1368 5409 dicunt
1409 5354 1662 5426 Spiritum

132 5441 381 5501 mmmam
401 5448 592 5502 venisse
612 5449 666 5503 in
690 5447 882 5519 Paulo,
908 5460 995 5503 aut
1018 5448 1287 5515 Montano,
1310 5458 1407 5504 etc.
1436 5449 1545 5505 Nec
1569 5464 1663 5504 eos

132 5527 390 5604 audiamus,
428 5539 519 5609 qui
561 5538 743 5595 dicunt
780 5540 1036 5612 Spiritum
1085 5551 1365 5609 sanctum,
1410 5557 1567 5612 quem
1608 5542 1662 5596 in

133 5612 370 5692 Erangelio
397 5627 648 5687 Dominus
685 5632 931 5701 promisit
969 5632 1270 5703 discipulis,
1298 5641 1391 5687 aut
1416 5633 1475 5686 in‘
1498 5632 1663 5687 Paulo

136 5716 332 5777 apostolo
353 5722 558 5779 venisse
581 5764 597 5785 .
630 5734 722 5780 aut
751 5725 807 5780 in
848 5725 1099 5781 Montano
1127 5735 1181 5782 et
1208 5726 1447 5782 Priscilla
1468 5768 1483 5794 ,
1525 5726 1665 5781 sicut

138 5797 446 5884 cataPhryges
469 5815 669 5885 dicunt,
693 5826 786 5872 aut
811 5818 863 5872 in
885 5818 1065 5874 nescio
1085 5834 1190 5889 quo
1216 5819 1421 5873 Maneto
1446 5818 1527 5873 vel
1556 5817 1663 5872 Ma-

140 5893 303 5959 nichteo
322 5946 335 5972 ,
364 5908 492 5964 sicut
523 5909 796 5968 Manichasi
827 5911 1030 5969 dicunt.
1057 5912 1188 5969 Tam
1220 5914 1360 5969 enim
1388 5914 1513 5967 eieci
1541 5918 1665 5968 sunt

1491 442 1697 498 LIBER
1739 442 1937 499 UNUS.

3204 452 3364 512 .306

1774 560 1883 630 isti,
1918 570 1972 618 ut
1997 561 2297 633 Scripturas
2324 563 2633 621 manifestas
2653 579 2757 621 non
2786 566 3112 639 intelligant;
3133 577 3228 625 aut
3248 580 3361 627 tam

1772 654 2101 725 negligentes
2130 655 2315 710 salutis
2344 671 2455 711 sua:
2473 698 2489 721 ,
2532 665 2590 711 ut
2612 658 2835 713 omnino
2859 674 2967 714 non
2992 658 3190 731 legant.
3220 661 3357 730 Quis

1768 747 1945 815 enim,
1976 763 2096 803 cum
2144 748 2368 819 legerit,
2414 763 2517 804 non
2548 750 2810 821 intelligat
2846 752 2929 806 vel
2969 750 3024 805 in
3065 750 3356 822 Evangelio

1768 839 1909 909 quod
1951 849 2071 910 post
2114 841 2323 895 Domini
2364 842 2813 898 resurrectionem
2842 844 3098 914 scriptum
3124 853 3243 914 εει,
3277 846 3363 901 di-

1767 942 1921 988 cente
1945 933 2191 1001 Domino,
2214 933 2330 1006 Ego
2352 936 2497 989 mitto
2521 936 2821 1006 promissum
2844 936 3019 993 Patris
3040 939 3135 993 mei
3154 939 3208 993 in
3235 954 3322 994 vos
3338 956 3362 1005 ,'

1766 1043 1853 1081 vos
1882 1037 2049 1081 autem
2087 1027 2252 1082 sedete
2288 1030 2369 1082 hic
2403 1029 2457 1082 in
2495 1029 2720 1097 civitate,
2762 1046 3019 1102 quousque
3070 1030 3360 1085 induamini

1766 1120 1946 1173 virtute
1975 1136 2039 1174 ex
2068 1121 2170 1175 alto
2197 1120 2344 1191 (Luc.
2374 1138 2523 1189 xxrv,
2546 1122 2615 1177 49
2636 1122 2688 1192 )?
2709 1123 2774 1177 Et
2801 1124 2855 1177 in
2880 1123 3100 1179 Actibus
3125 1125 3361 1195 Aposto-

1766 1210 1960 1278 lorum,
1992 1220 2336 1283 posteaquam
2361 1214 2613 1269 Dominus
2639 1214 2897 1270 abscessit
2916 1230 2945 1269 a
2973 1215 3357 1287 discipulorum

1766 1303 1939 1358 oculis
1965 1304 2019 1358 in
2055 1304 2249 1360 coelum
2275 1347 2289 1371 ,
2318 1304 2505 1360 decem
2536 1305 2721 1360 diebus
2749 1305 3000 1375 peractis,
3042 1305 3130 1361 die
3163 1307 3359 1362 Pente-
3396 1348 3403 1355 .

1765 1402 1943 1450 costes
1986 1411 2091 1450 non
2131 1395 2413 1451 attendunt
2460 1396 2795 1466 apertissime
2842 1396 3055 1452 venisse
3095 1396 3357 1466 Spiritum

1765 1495 2040 1553 sanctum;
2070 1496 2124 1543 et
2148 1503 2267 1542 cum
2297 1497 2478 1544 essent
2503 1488 2580 1542 illi
2605 1489 2656 1542 in
2683 1487 2918 1554 civitate,
2951 1489 3087 1543 sicut
3108 1504 3200 1543 eos
3228 1498 3355 1545 ante

1765 1588 2064 1644 monuerat,
2094 1579 2395 1649 implevisse
2419 1580 2560 1645 illos,
2590 1580 2660 1634 ita
2682 1587 2742 1634 ut
2762 1580 3110 1650 loquerentur
3136 1582 3352 1651 linguis.

1764 1670 1897 1725 Nam
1920 1670 2145 1727 diversa:
2174 1672 2419 1727 nationes
2439 1686 2557 1741 quae
2577 1678 2702 1725 tunc
2721 1671 2961 1739 aderant,
2989 1674 3354 1742 unusquisque

1764 1763 2094 1819 audientium
2124 1778 2273 1820 suam
2305 1764 2535 1833 linguam
2562 1764 3077 1834 intelligebant(Act.
3099 1766 3349 1838 11.141).

1764 1855 1869 1913 Sed
1893 1857 1977 1912 isti
2006 1857 2248 1912 homines
2274 1856 2545 1927 decipiunt
2571 1870 2664 1910 eos
2694 1857 2783 1926 qui
2812 1857 3141 1928 negligentes
3165 1858 3353 1912 catho-

1765 1949 1921 2005 licam
1945 1949 2101 2004 lidem
2127 1949 2166 2015 ί,
2199 1958 2251 2003 ει
2277 1948 2445 2017 ipsam
2469 1947 2627 2002 ﬁdem
2656 1961 2804 2001 suam
2835 1962 2953 2017 quae
2980 1947 3032 2002 in
3060 1946 3352 2018 Scripturis

1764 2044 2047 2100 manifesta
2073 2051 2173 2108 est,
2208 2044 2395 2098 nolunt
2418 2043 2627 2098 discere
2650 2044 2695 2111 ²,
2742 2051 2796 2099 ει
2845 2043 2984 2112 quod
3010 2051 3092 2098 est
3135 2044 3354 2115 gravius

1764 2146 1820 2193 et
1849 2138 2073 2192 multum
2104 2135 2390 2191 dolendum
2414 2178 2429 2202 ,
2468 2150 2591 2190 cum
2632 2134 2686 2189 in
2727 2133 2999 2190 Catholica
3024 2134 3045 2167 ³
3076 2136 3355 2206 negligen-

1767 2240 1847 2286 ter
1870 2239 2151 2286 versentur
2173 2270 2188 2296 ,
2221 2227 2487 2284 haereticis
2516 2241 2700 2283 aurem
2727 2227 3011 2297 diligenter
3044 2241 3353 2283 accommo-

1764 2324 1912 2379 danL

1828 2415 2052 2472 CAPUT
2079 2414 2410 2471 XXIX—51
2424 2454 2438 2468 .
2457 2415 2565 2470 Nec
2576 2413 2817 2469 audiendi
2828 2414 3110 2470 Donatista:
3118 2424 3356 2487 negantes

1763 2510 2045 2565 Ecclesiam
2076 2526 2164 2580 per
2206 2510 2374 2563 orbem
2395 2524 2500 2563 esse
2516 2507 2776 2575 diffusam.
2810 2507 3041 2562 Donatus
3061 2510 3170 2579 ipse
3189 2525 3221 2561 a
3248 2509 3357 2562 suis

1764 2603 1971 2657 divisus.
2000 2600 2231 2655 Donatus
2259 2600 2436 2655 Roma:
2462 2617 2577 2653 cum
2602 2599 2874 2654 Caaciliano
2911 2615 3119 2654 causam
3143 2600 3312 2655 dicens
3335 2642 3353 2668 ,

1763 2695 1892 2749 nihil
1922 2693 2117 2764 probat.
2150 2691 2432 2746 Donatista:
2467 2690 2786 2760 Baptismum
2818 2691 2917 2744 nisi
2950 2690 3051 2762 ipsi
3096 2690 3347 2755 dederint,

1761 2789 1965 2843 inanem
2003 2804 2109 2842 esse
2147 2785 2339 2841 volunt.
2378 2784 2487 2839 Nec
2515 2799 2608 2839 eos
2636 2782 2937 2848 audiamus,
2978 2782 3069 2853 qui
3110 2792 3351 2837 sanctam

1763 2881 2079 2947 Ecclesiam,
2124 2894 2242 2949 quae
2270 2893 2375 2934 una
2401 2876 2664 2932 catholica
2688 2884 2788 2940 est,
2817 2883 3009 2946 negant
3038 2889 3136 2945 per
3164 2874 3354 2930 orbem

1764 2987 1885 3029 esse
1925 2972 2193 3037 diﬂ'usam,
2241 2969 2335 3026 sed
2378 2970 2431 3024 in
2458 2968 2571 3023 sola
2612 2967 2810 3033 Africa,
2840 2966 2945 3021 hoc
2967 2975 3072 3034 est,
3106 2966 3161 3021 in
3201 2974 3357 3036 parte

1765 3065 1955 3119 Donati
1998 3063 2200 3134 pollere
2239 3062 2584 3117 arbitramur.
2627 3059 2701 3113 Ita
2750 3058 2897 3114 surdi
2934 3066 3059 3114 sunt
3095 3057 3357 3113 adversus

1763 3158 2078 3228 prophetam
2124 3154 2411 3220 dicentem,
2454 3150 2624 3205 Filius
2670 3166 2809 3204 meus
2850 3165 2901 3203 es
2949 3157 3025 3218 tu,
3071 3164 3164 3219 ego
3207 3147 3359 3201 hodie

1764 3251 1914 3321 genui
1941 3258 1987 3302 te
2005 3264 2024 3301 .'
2051 3247 2251 3318 postulo
2274 3262 2306 3298 a
2329 3260 2427 3311 me,
2466 3252 2512 3297 et
2537 3242 2665 3297 dabo
2696 3242 2781 3295 tibi
2807 3249 2977 3312 gentes
3014 3239 3357 3294 htereditatem

1766 3349 1925 3409 tuam,
1963 3349 2008 3394 et
2038 3339 2397 3410 possessionem
2439 3345 2577 3389 tuam
2606 3336 2842 3389 terminos
2890 3344 3037 3388 terra:
3065 3332 3238 3396 (Psal.
3275 3348 3354 3401 ιι,

1766 3434 1817 3499 7,
1853 3432 1931 3504 8).
1973 3433 2039 3487 Et
2058 3432 2157 3485 alia
2188 3429 2373 3495 multa,
2401 3428 2513 3483 sive
2538 3428 2592 3482 in
2617 3425 2847 3491 Veteris,
2877 3425 2990 3480 sive
3013 3427 3067 3479 in
3093 3424 3227 3479 Novi
3252 3423 3357 3481 Te-

1765 3526 2014 3581 stamenti
2045 3524 2217 3591 libris,
2260 3538 2380 3593 quae
2407 3522 2603 3591 scripta
2632 3529 2775 3587 sunt,
2804 3527 2866 3575 ut
2890 3519 3226 3590 apertissime
3253 3518 3357 3575 de-

1765 3618 1968 3673 clarent
1993 3615 2286 3671 Ecclesiam
2316 3611 2512 3667 Christi
2540 3626 2636 3681 per
2662 3611 2844 3667 orbem
2871 3618 3029 3666 terra!
3054 3625 3173 3666 esse
3200 3608 3357 3663 diffu-

1765 3725 1900 3765 sam.
1942 3708 2094 3776 Quod
2123 3722 2245 3762 cum
2273 3706 2351 3761 eis
2376 3704 2676 3774 objicimus,
2704 3703 2885 3758 dicunt
2906 3702 3016 3772 jam
3036 3701 3137 3758 ista
3175 3701 3358 3758 omnia

1764 3804 1928 3858 fuisse
1976 3801 2272 3871 completa,
2323 3808 2607 3869 antequam
2652 3806 2797 3854 esset
2841 3811 2963 3867 pars
3002 3796 3211 3861 Donati,
3260 3796 3358 3852 sed

1764 3903 1948 3967 postea
2000 3902 2164 3948 totam
2222 3891 2519 3947 Ecclesiam
2547 3890 2769 3961 perisse,
2802 3896 2859 3944 et
2911 3889 2964 3942 in
3007 3888 3122 3943 sola
3166 3888 3358 3943 Donati

1764 4001 1917 4063 parte
1957 3990 2210 4060 reliquias
2255 3987 2373 4058 ejus
2418 3985 2737 4041 remansisse
2776 3982 3124 4039 contendunt.
3166 3980 3212 4039 0
3254 3981 3359 4036 lin-

1765 4101 1924 4157 guam
1963 4083 2246 4155 superbam
2284 4089 2339 4136 et
2360 4079 2651 4135 nefariam!
2697 4092 2796 4132 nec
2823 4078 2867 4132 si
2906 4091 3032 4131 vere
3084 4077 3162 4131 sic
3210 4076 3358 4129 vive-

1765 4186 1906 4242 rent,
1939 4184 1997 4229 ut
2023 4176 2107 4229 vel
2132 4175 2269 4227 inter
2297 4186 2355 4226 se
2381 4186 2565 4241 pacem
2607 4175 2791 4238 postea
2821 4166 3171 4221 custodirent.
3202 4164 3355 4221 Nunc

1766 4278 1943 4324 autem
1972 4282 2078 4321 non
2107 4264 2385 4319 attendunt
2406 4266 2515 4332 jam
2552 4262 2603 4315 in
2645 4260 2760 4331 ipso
2800 4260 3005 4313 Donato
3028 4257 3355 4328 completum

1769 4363 1933 4418 fuisse
1957 4359 2097 4431 quod
2127 4358 2325 4413 dictum
2353 4363 2455 4423 est,
2484 4354 2550 4409 In
2577 4371 2678 4426 qua
2698 4369 2931 4407 mensura
2953 4350 3109 4406 mensi
3134 4350 3354 4423 fueritis,

1765 4456 1820 4510 in
1842 4472 1900 4509 ea
1918 4452 2203 4508 remetietur
2220 4450 2356 4505 vobis
2381 4447 2596 4521 (Matth.
2624 4463 2718 4513 vn,
2745 4444 2824 4517 Ξ).
2865 4443 3016 4500 Sicut
3035 4442 3175 4498 enim
3195 4440 3356 4496 Cliri-

1767 4558 1908 4603 stum
1936 4544 2175 4601 dividere
2203 4549 2427 4598 conatus
2450 4549 2549 4608 est,
2581 4541 2659 4596 sic
2697 4540 2811 4610 ipse
2853 4552 2882 4591 a
2911 4536 3021 4591 suis
3049 4533 3356 4604 quotidiana

1767 4641 2077 4696 concisione
2121 4638 2393 4694 dividitur.
2452 4636 2534 4692 Ad
2582 4635 2686 4691 hoc
2743 4633 2901 4688 etiam
2948 4630 3183 4702 pertinet
3226 4627 3357 4683 illud

1767 4734 1910 4805 quod
1933 4733 2189 4789 Dominus
2219 4732 2365 4798 dicit,
2409 4730 2511 4797 Qui
2533 4730 2665 4784 enim
2691 4726 2860 4798 gladio
2895 4722 3212 4796 percusserit,
3240 4721 3358 4793 gla-

1767 4826 1854 4882 dio
1898 4827 2139 4881 morietur
2167 4823 2279 4895 (Id.
2326 4839 2473 4889 xxv1,
2505 4820 2615 4893 52).
2657 4818 2876 4876 Gladius
2912 4816 3053 4871 enim
3086 4815 3181 4871 illo
3211 4814 3353 4880 loco,

1768 4917 2031 4988 siquidem
2079 4917 2131 4970 in
2158 4916 2300 4969 malo
2346 4913 2549 4984 positus
2578 4919 2679 4975 est,
2712 4908 3093 4964 discordiosam
3120 4906 3359 4977 linguam

1767 5010 2051 5080 signiﬁcat,
2084 5023 2188 5078 qua
2233 5017 2359 5061 tunc
2389 5006 2475 5060 ille
2518 5003 2701 5059 infelix
2731 5002 3023 5057 Ecclesiam
3053 4998 3356 5070 percussit,

1767 5102 1861 5155 sed
1892 5115 1999 5155 non
2025 5098 2239 5153 occidit.
2268 5098 2385 5154 Non
2427 5096 2567 5152 enim
2593 5095 2732 5150 dixit
2774 5094 3055 5159 Dominus,
3087 5090 3187 5159 Qui
3213 5088 3362 5143 occi-

1767 5194 1908 5249 derit
1944 5192 2141 5264 gladio,
2173 5192 2352 5263 gladio
2394 5192 2690 5257 morietur;
2736 5188 2851 5256 sed,
2901 5186 2999 5253 Qui
3028 5184 3199 5257 gladio
3237 5196 3363 5235 usus

1769 5286 1939 5357 fuerit,
1968 5286 2159 5357 inquit,
2189 5286 2361 5357 gladio
2382 5284 2642 5339 morietur.
2682 5284 2826 5353 Ergo
2856 5280 2941 5334 ille
2971 5274 3233 5348 percussit
3254 5271 3360 5325 Ec-

1769 5377 1983 5435 clesiam
2022 5380 2197 5452 lingua
2225 5380 2476 5452 litigiosa,
2505 5395 2609 5451 qua
2637 5393 2782 5434 nunc
2812 5376 2926 5446 ipse
2951 5369 3268 5430 conciditur,
3301 5374 3361 5418 ut

1770 5474 1986 5528 omnino
2009 5473 2460 5544 dispereatatque
2480 5473 2759 5528 moriatur.
2790 5470 2854 5524 Et
2878 5477 3051 5521 tamen
3080 5457 3208 5515 illud
3236 5464 3363 5511 tunc

1834 5608 2023 5679 ’.βάίιίν
2051 5606 2568 5679 ηυίηερρεθεηεςεβαηι
2582 5586 3366 5679 ίη.εαε¹ιριίςει,ἧίέε;.¹ἔξέίὲξ;ι9ἔέξ

1768 5648 2568 5734 negttQE'tiiés"£duE7ic"ZJii"ﬁdem?
2583 5648 2789 5730 ἕξειζῆἇί
2796 5648 3081 5728 negligentes
3096 5653 3150 5706 in
3163 5648 3367 5702 catholi-

1768 5732 1875 5781 cain
1897 5732 2061 5797 Iidem.
2291 5792 2302 5797 Α
2380 5732 2388 5734 ἡ
2542 5732 2545 5733 ⁷
2806 5795 2833 5797 _
2913 5791 2959 5797 _,
3097 5775 3143 5797 Δ,

1832 5796 1849 5825 ²
1884 5781 2109 5843 έίεινξιιτγ.
2162 5800 2213 5843 et
2256 5792 2423 5852 plures
2444 5801 2551 5842 Mss.
2582 5800 2642 5842 at
2680 5798 2779 5837 Am.
2804 5795 2879 5836 Er.
2913 5791 3044 5852 Lov_.,
3089 5781 3273 5852 dicere.

1834 5856 1854 5886 ³
1880 5857 2002 5918 νι-;‹]ῐιί
2029 5855 2233 5913 addunt,
2257 5844 2356 5918 '[ide
2382 5844 2401 5905 ξ
2426 5856 2576 5917 cujus.
2620 5854 2725 5903 loco
2768 5845 3016 5901 subaudiri
3039 5846 3234 5908 potest,
3279 5844 3370 5889 Ec-

1772 5916 1931 5968 clt’sm.
2214 5932 2223 5941 ’
2544 5958 2582 6015 ἐξ
2928 5954 2931 5957 ν
