3882 6286
457 203 572 312 sit

425 405 430 410 ρ
475 377 631 440 pacto
671 365 952 422 commode
993 361 1342 419 intimandum
1371 362 1472 427 sil;
1517 359 1659 416 unde
1699 357 2061 425 cxordicnda,

472 474 753 533 quousque
778 458 850 514 sit
874 455 1214 528 perducenda
1240 454 1508 519 narratio;
1533 462 1710 507 utrum
1734 448 2064 506 exhortatio-

472 567 600 609 nem
630 552 863 622 aliquam
908 549 1187 605 tcrminata
1232 546 1538 601 narratione
1581 543 1837 599 adhibere
1875 540 2069 597 debea-

471 664 597 706 mus
617 691 633 718 ,
683 663 750 704 an
780 653 1047 719 pracepta
1074 646 1185 699 sola
1204 685 1218 709 ,
1268 643 1462 713 quibus
1491 637 1838 695 observandis
1862 635 1949 692 cui
1988 636 2062 690 lo-

474 742 694 812 quimur
731 738 944 796 noverit
981 737 1328 793 christianum
1371 734 1532 789 vitam
1573 730 2068 804 professionemque

473 833 699 891 retineri
726 835 766 888 ³.
813 832 970 903 Saepe
995 839 1170 886 autem
1197 828 1292 883 tibi
1322 826 1580 882 accidisse
1606 823 1882 880 confessus
1911 829 2070 890 atque

477 934 807 997 conquestus
828 939 905 989 es,
938 931 992 978 ut
1021 923 1074 976 in
1103 935 1350 976 sermone
1371 918 1528 988 longo
1556 924 1610 971 et
1637 914 1817 986 tepido
1839 913 1932 968 tibi
1956 913 2070 983 ipse

477 1020 770 1076 vilescercs
821 1031 1074 1086 essesque
1122 1013 1358 1078 fastidio,
1415 1010 1611 1065 nedum
1659 1007 1735 1062 illi
1783 1021 1943 1077 quem
1986 1004 2071 1059 lo-

480 1111 697 1182 quendo
725 1108 1026 1172 imbuebas,
1057 1116 1112 1161 et
1139 1105 1349 1161 caeteris
1375 1104 1465 1175 qui
1493 1103 1772 1158 audientes
1797 1099 2021 1154 aderant
2051 1115 2065 1152 :

483 1217 654 1273 caque
699 1211 750 1257 te
795 1200 1114 1257 necessitate
1155 1198 1319 1252 fuisse
1356 1196 1688 1266 compulsum
1715 1234 1730 1260 ,
1781 1201 1839 1247 ut
1881 1205 1942 1246 ea
1985 1203 2073 1245 me

481 1310 638 1366 quam
655 1293 744 1349 tibi
765 1292 936 1348 debeo
951 1290 1207 1347 charitatc
1233 1288 1602 1359 compelleres,
1621 1301 1690 1341 nc
1712 1299 1961 1356 gravarer
1985 1282 2071 1336 in-

483 1394 568 1441 ter
595 1384 970 1455 occupationes
995 1397 1143 1437 meas
1169 1381 1260 1437 tibi
1285 1380 1352 1436 de
1377 1380 1475 1434 hac
1501 1394 1559 1434 re
1589 1375 1787 1448 aliquid
1805 1375 2068 1430 scribere.

479 1511 482 1516 -
553 1477 610 1532 2.
646 1477 755 1547 Ego
782 1491 909 1532 vero
935 1490 1040 1531 non
1072 1490 1134 1530 ea
1165 1482 1368 1528 tantum
1401 1488 1556 1543 quam
1587 1469 1917 1524 familiariter
1946 1467 2072 1535 tibi,

483 1571 581 1628 sed
629 1571 790 1626 etiam
837 1585 995 1641 quam
1049 1569 1205 1624 matri
1251 1567 1504 1623 Ecclesia:
1557 1565 1928 1621 universaliter
1977 1563 2074 1618 dc-

483 1665 619 1730 bco,
668 1664 930 1720 charitatc
966 1678 1029 1718 ac
1063 1664 1318 1718 servitute
1361 1661 1687 1730 compellor,
1729 1660 1774 1714 si
1814 1658 1940 1729 quid
1983 1673 2078 1728 per

485 1771 709 1828 operam
747 1770 922 1810 meam
954 1769 1114 1824 quam
1134 1754 1347 1808 Domini
1376 1752 1542 1808 nostri
1583 1752 1827 1822 largitate
1860 1766 2078 1821 possum

489 1848 747 1904 exhibere
766 1889 780 1914 ,
814 1847 956 1902 idem
983 1861 1077 1902 eos
1107 1847 1364 1902 Dominus
1389 1861 1524 1917 quos
1554 1845 1685 1899 mihi
1713 1842 1906 1900 fratres
1932 1845 2076 1913 fecit,

490 1939 732 2009 adjuvari
776 1938 958 2008 jubet,
1011 1939 1157 1993 nullo
1204 1938 1364 1994 modo
1411 1953 1698 2004 recusare,
1756 1938 1850 1993 sed
1904 1939 2080 2008 potius

490 2039 739 2102 prompta
771 2039 825 2084 et
850 2029 1047 2086 devota
1072 2030 1342 2084 voluntate
1371 2029 1660 2100 suscipere.
1694 2028 1906 2096 Quanto
1935 2030 2080 2084 enim

435 2105 443 2114 ’
491 2120 655 2190 cupio
702 2121 860 2175 latius
903 2120 1156 2192 crogari'
1203 2120 1484 2191 pecuniam
1527 2119 1845 2174 dominicam
1872 2161 1887 2188 ,
1936 2129 2083 2176 tanto

491 2212 665 2282 magis
699 2227 788 2268 me
815 2220 1027 2282 oportet
1051 2255 1066 2280 ,
1107 2212 1152 2267 si
1183 2227 1342 2282 quam
1371 2212 1765 2282 dispensatores
1790 2226 2080 2268 conservos

490 2318 644 2358 meos
689 2302 1062 2359 difﬁcultatem
1112 2304 1165 2358 in
1209 2303 1478 2374 erogando
1525 2303 1726 2359 sentire
1770 2317 2079 2374 cognosco,

493 2409 657 2466 agere
698 2404 953 2466 quantum
985 2397 1037 2451 in
1069 2412 1155 2452 me
1185 2405 1297 2463 est,
1345 2406 1403 2450 ut
1442 2396 1597 2452 facile
1636 2406 1794 2467 atque
1835 2396 2085 2468 expedite

492 2488 736 2558 possint,
766 2488 909 2559 quod
939 2489 1162 2560 impigre
1191 2504 1255 2544 ac
1285 2488 1524 2544 studiose
1554 2489 1760 2544 volunt.

565 2577 791 2636 CAPUT
832 2579 896 2636 ll.
930 2611 999 2622 ——
1022 2581 1075 2637 5.
1108 2581 1290 2636 Sermo
1321 2597 1454 2651 stupe
1489 2582 1578 2652 qui
1615 2581 1846 2636 audienti
1884 2582 2080 2652 placet,

495 2671 726 2743 displicet
756 2673 942 2727 dicenti
967 2690 987 2728 :
1013 2673 1146 2728 unde
1170 2673 1224 2727 id
1248 2675 1525 2746 contingat.
1561 2674 1662 2742 Qui
1685 2691 1966 2728 sermonem
1986 2675 2084 2728 Ita-

493 2763 612 2832 bet,
642 2773 779 2818 curet
816 2772 871 2818 ut
894 2764 1004 2819 sine
1042 2765 1250 2834 fastidio
1281 2775 1326 2819 et
1351 2766 1582 2819 hilariter
1607 2765 1760 2820 dicat.
1803 2764 1909 2822 Sed
1939 2765 2084 2836 quod

494 2859 564 2915 ad
589 2869 732 2914 tuam
777 2860 993 2931 proprie
1018 2861 1500 2916 considerationem
1530 2862 1797 2931 pertinet,
1842 2863 2004 2916 nolim
2033 2870 2086 2918 te

493 2952 698 3007 moveri
728 2966 796 3006 ex
825 2967 891 3007 eo
920 2952 1062 3022 quod
1088 2967 1230 3022 saepe
1257 2953 1352 3008 tibi
1371 2954 1638 3023 abjectum
1669 2970 1970 3010 sermonem
2003 2957 2085 3011 fa-

493 3045 884 3117 stidiosumque
910 3044 1108 3102 habere
1134 3046 1279 3100 visus
1302 3062 1380 3102 es.
1411 3033 1552 3102 Fieri
1578 3048 1719 3103 enim
1748 3057 1926 3118 potest
1951 3056 2010 3102 ut
2036 3050 2086 3104 ei

495 3152 658 3209 quem
687 3136 993 3193 instruebas
1019 3152 1124 3192 non
1167 3140 1237 3193 ita
1275 3138 1345 3192 sit
1370 3138 1547 3194 visum
1572 3180 1586 3204 ,
1617 3139 1712 3194 sed
1755 3141 1877 3210 quia
1909 3149 1964 3195 tu
1989 3141 2087 3196 ali-

496 3231 625 3304 quid
651 3231 846 3287 melius
871 3231 1044 3287 audiri
1073 3231 1415 3288 desiderabas
1434 3275 1448 3299 ,
1485 3247 1551 3288 eo
1577 3232 1671 3288 tibi
1697 3232 1838 3304 quod
1868 3233 2086 3290 dicebas

494 3323 771 3380 videretur
809 3324 1084 3396 indignum
1121 3325 1338 3380 auribus
1382 3326 1631 3381 aliorum.
1681 3325 1813 3381 Nam
1855 3335 1909 3382 et
1954 3328 2086 3382 mihi

497 3433 669 3489 prope
703 3433 916 3489 semper
957 3434 1136 3475 sermo
1177 3435 1328 3475 meus
1359 3419 1623 3490 displicet.
1671 3421 1902 3476 Melioris
1943 3421 2085 3476 enim

497 3511 688 3568 avidus
716 3526 857 3579 sum,
885 3527 993 3583 quo
1022 3528 1164 3582 saepe
1191 3513 1340 3568 fruor
1365 3514 1587 3569 interius
1606 3555 1621 3581 ,
1649 3523 1935 3584 antequam
1963 3530 2087 3570 eum

497 3604 768 3675 explicare
795 3604 978 3660 verbis
1004 3605 1317 3661 sonantibus
1344 3621 1559 3676 cmpero
1588 3605 1765 3676 :quod
1791 3605 1880 3660 ubi
1909 3605 2087 3662 minus

497 3712 660 3768 quam
703 3695 835 3752 mihi
880 3705 1038 3752 notus
1066 3707 1149 3752 est
1193 3697 1480 3764 evaluero,
1523 3697 1810 3753 contristor
1851 3698 2085 3768 linguam

497 3805 677 3846 meam
697 3790 849 3846 cordi
869 3805 990 3846 meo
1012 3805 1117 3846 non
1138 3790 1375 3861 potuisse
1396 3791 1416 3822 ³
1438 3789 1704 3847 sufﬁcere.
1730 3791 1920 3846 Totum
1942 3792 2086 3848 enim

497 3882 643 3952 quod
665 3883 924 3954 intelligo,
949 3883 1071 3938 volo
1096 3890 1156 3938 ut
1178 3883 1266 3954 qui
1288 3897 1373 3938 me
1398 3882 1546 3938 audit
1569 3882 1863 3954 intelligat;
1890 3893 1945 3939 et
1967 3898 2089 3938 sen-

500 3977 577 4034 tio
611 3992 698 4033 me
727 3992 833 4031 non
860 3977 934 4031 ita
965 3976 1108 4047 loqui
1133 4018 1146 4042 ,
1178 3985 1236 4030 ut
1265 3975 1368 4031 hoc
1398 3975 1628 4032 efﬁciam
1664 3995 1678 4030 :
1709 3976 1940 4031 maxime
1966 3977 2088 4047 quia

496 4070 593 4126 ille
635 4071 936 4126 intellectus
973 4071 1124 4142 quasi
1170 4071 1355 4140 rapida
1401 4071 1770 4127 coruscatione
1819 4071 2092 4142 perfundit

496 4163 771 4229 animum;
803 4164 891 4219 illa
917 4171 1095 4219 autem
1137 4164 1338 4220 locutio
1366 4164 1516 4219 tarda
1554 4173 1608 4220 et
1636 4165 1794 4237 longa
1825 4174 1942 4234 est,
1970 4166 2089 4223 lon-

497 4270 671 4326 geque
699 4255 972 4310 dissimilis
1004 4274 1017 4309 :
1050 4265 1103 4311 et
1127 4255 1252 4310 dum
1282 4256 1380 4310 ista
1410 4257 1644 4312 volvitur
1663 4301 1676 4323 ,
1702 4259 1812 4328 jam
1839 4275 1895 4315 se
1923 4259 2009 4314 ille
2037 4260 2089 4314 in

497 4359 708 4405 secreta
743 4363 836 4402 sua
876 4348 1158 4404 condidit:
1191 4357 1367 4405 tamen
1414 4351 1536 4421 quia
1576 4354 1798 4423 vestigia
1844 4353 2088 4424 quzedam

501 4441 639 4496 miro
670 4439 831 4495 modo
859 4440 1132 4510 impressit
1163 4441 1473 4509 memoriae,
1515 4443 1806 4514 perdurant
1844 4447 1932 4500 illa
1968 4462 2088 4501 cum

498 4533 824 4606 syllabarum
856 4532 1107 4598 merulis;
1135 4541 1294 4603 atque
1319 4548 1384 4588 ex
1409 4534 1611 4590 eisdem
1636 4537 1868 4608 vestigiis
1895 4553 2092 4593 sonan-

500 4625 574 4679 tia
599 4626 748 4696 signa
779 4627 1084 4698 peragimus
1106 4666 1121 4691 ,
1153 4641 1274 4697 qua:
1312 4625 1490 4697 lingua
1538 4627 1732 4683 dicitur
1768 4631 1853 4685 vel
1895 4631 2087 4701 latina,

498 4715 589 4770 vel
615 4730 786 4785 graeca
808 4756 825 4782 ,
864 4717 952 4773 vel
977 4717 1220 4786 hebrma,
1248 4717 1333 4773 vel
1359 4717 1460 4774 alia
1490 4719 1739 4789 quaelibet
1759 4738 1775 4788 ;
1798 4721 1910 4777 sive
1937 4724 2088 4796 cogi-

500 4817 683 4864 tentur
709 4809 823 4864 haec
851 4812 1028 4881 signa,
1057 4813 1171 4869 sive
1196 4811 1358 4869 etiam
1387 4827 1518 4869 voce
1547 4814 1920 4884 proferantur;
1967 4833 2086 4874 cum

501 4901 595 4958 illa
644 4901 863 4972 vestigia
907 4917 1008 4958 nec
1053 4904 1250 4972 latina,
1290 4921 1391 4961 nec
1443 4921 1653 4977 graeca,
1708 4910 1789 4964 vel
1846 4910 2086 4980 hebraea,

500 5007 606 5047 nec
654 4991 912 5063 cujusque
953 4994 1171 5050 alterius
1215 4997 1388 5067 gentis
1436 4999 1544 5053 sint
1592 5001 1826 5070 propria,
1875 5003 1968 5058 sed
2018 5004 2087 5059 ita

501 5086 802 5142 efﬁciantur
844 5086 896 5139 in
944 5086 1154 5151 animo,
1199 5096 1260 5142 ut
1297 5089 1475 5145 vultus
1524 5091 1575 5145 in
1621 5108 1866 5164 corpore.
1921 5096 2092 5151 Aliter

503 5180 648 5238 enim
680 5178 843 5233 latine
865 5177 944 5233 ira
972 5177 1197 5247 dicitur,
1229 5179 1385 5236 aliter
1403 5197 1594 5252 graece,
1623 5187 1775 5242 aliter
1801 5196 1960 5259 atquc
1991 5192 2089 5245 ali-

502 5284 588 5332 ter
628 5272 852 5327 aliarum
886 5271 1194 5328 diversitate
1227 5272 1525 5344 linguarum
1559 5295 1572 5330 :
1604 5294 1710 5333 non
1753 5290 1926 5336 autem
1973 5283 2092 5337 lati-

501 5382 606 5426 nus
647 5375 740 5421 aut
777 5379 986 5438 graecus
1023 5373 1106 5419 est
1130 5367 1304 5422 vultus
1343 5367 1482 5422 irati.
1526 5368 1639 5424 Non
1679 5370 1856 5442 itaque
1903 5389 2089 5430 omnes

503 5469 689 5533 gentes
712 5457 1036 5529 intelligunt,
1056 5471 1179 5512 cum
1201 5459 1424 5530 quisque
1452 5461 1600 5530 dicit,
1630 5461 1798 5519 Iratus
1829 5479 1967 5534 sum,
1997 5467 2090 5524 sed

567 5619 584 5650 ι
620 5617 694 5681 sic
710 5617 759 5681 in
783 5625 886 5668 MSS.
914 5624 970 5668 At
990 5618 1042 5667 in
1065 5617 1224 5681 editis,
1247 5619 1471 5671 retinere.

566 5681 587 5746 ξ
621 5680 766 5746 F.d_i_ti_,
789 5692 1005 5743 erogare.
1033 5688 1090 5731 Αι
1111 5680 1240 5743 Mss.,
1263 5682 1472 5746 erogari.

571 5742 591 5774 ⁸
625 5741 761 5801 Editi,
778 5741 1044 5804 non’posse.
1071 5751 1194 5805 Mss.,
1215 5741 1308 5794 non
1327 5741 1544 5808 noluisse.

1357 246 1442 302 ns
1482 243 2018 302 CATEClllZANDIS
2061 239 2379 312 RUDlBUS,
2418 244 2475 300 s.
2519 244 2888 304 AUGUSTlNl
3657 254 3749 314 ω

2179 357 2353 414 Latini
2374 369 2577 416 tantum
2593 379 2607 416 :
2626 370 2681 416 at
2695 363 2738 418 si
2751 360 2972 419 affectus
2981 363 3419 424 excandescentis
3435 367 3604 424 animi
3613 381 3749 431 exeat

2175 451 2230 505 in
2273 451 2486 520 faciem,
2528 453 2840 526 vultumque
2889 454 3047 512 faciat
3070 455 3168 530 (a),
3193 473 3379 516 omnes
3414 460 3746 535 sentiuntqui

2177 545 2451 601 intuentur
2470 547 2683 602 iratum.
2708 547 2816 603 Sed
2842 563 3016 620 neque
3042 550 3111 605 ita
3133 550 3258 607 licet
3275 551 3514 608 educere
3539 562 3596 609 et
3619 559 3748 626 quasi

2177 639 2521 710 exporrigere
2555 639 2610 694 in
2639 653 2856 696 sensum
2895 641 3220 697 audientium
3254 659 3346 714 per
3383 658 3587 700 sonum
3624 649 3753 704 vocis

2179 728 2269 784 illa
2290 729 2536 801 vestigia,
2561 746 2679 802 qua:
2701 731 2957 803 imprimit
2980 733 3280 791 intellectus
3305 736 3610 804 memoriae,
3630 739 3751 795 sicut

2179 832 2396 894 apertus
2415 831 2469 879 et
2493 822 2808 879 manifestus
2828 834 2910 880 est
2935 825 3114 881 vultus
3145 845 3160 882 :
3191 827 3282 882 illa
3307 828 3456 883 enim
3480 839 3609 883 sunt
3631 830 3753 888 intus

2182 914 2236 968 in
2261 915 2462 983 animo,
2492 915 2594 971 iste
2616 915 2744 970 foris
2766 917 2819 970 in
2841 930 3085 987 corpore.
3109 917 3446 988 Quapropter
3475 921 3754 990 conjicien-

2181 1005 2308 1062 dum
2337 1018 2419 1062 est
2445 1015 2702 1079 quantum
2727 1009 2888 1065 distet
2916 1025 3079 1065 sonus
3105 1011 3214 1066 oris
3236 1011 3407 1066 nostri
3443 1013 3518 1066 ab
3549 1013 3640 1068 illo
3667 1015 3757 1070 ictu

2181 1100 2562 1172 intelligentiae,
2594 1101 2807 1172 quando
2838 1118 2905 1158 ne
2927 1103 3028 1174 ipsi
3050 1103 3264 1174 quidem
3290 1105 3640 1177 impressioni
3665 1123 3761 1161 mc-

2182 1194 2369 1249 moriae
2393 1194 2582 1249 similis
2609 1203 2708 1250 est.
2739 1193 2848 1251 Nos
2873 1206 3051 1252 autem
3095 1197 3404 1269 plerumque
3434 1199 3493 1252 in
3523 1197 3763 1255 auditoris

2184 1285 2467 1341 utilitatem
2506 1285 2851 1343 vehementer
2883 1286 3162 1354 ardentes,
3198 1289 3270 1344 ita
3310 1290 3456 1361 loqui
3490 1291 3757 1358 volumus,

2184 1377 2632 1448 quemadmodum
2662 1387 2786 1434 tunc
2819 1379 3183 1451 intelligimus,
3222 1397 3343 1437 cum
3373 1397 3472 1452 per
3503 1382 3673 1452 ipsam
3697 1383 3762 1438 in-

2185 1470 2478 1526 tentionem
2509 1470 2653 1541 loqui
2697 1485 2802 1526 non
2849 1487 3133 1542 possumus
3164 1491 3177 1528 :
3207 1483 3260 1528 ct
3285 1474 3408 1544 quia
3439 1490 3556 1529 non
3597 1489 3762 1530 succe-

2185 1561 2295 1630 dit,
2326 1564 2572 1634 angimur
2597 1604 2610 1628 ,
2656 1572 2712 1618 et
2733 1565 2879 1619 velut
2914 1563 3111 1620 frustra
3150 1581 3368 1636 operam
3397 1567 3761 1635 insumamus,

2188 1654 2346 1710 tzcdio
2385 1654 2797 1719 marcescimus;
2839 1664 3003 1727 atque
3031 1671 3097 1712 ex
3133 1657 3248 1728 ipso
3278 1659 3437 1714 tzcdio
3480 1658 3762 1732 languidior

2188 1747 2248 1802 fit
2273 1746 2414 1802 idem
2442 1762 2641 1815 sermo,
2673 1756 2728 1803 et
2754 1747 2998 1804 hebetior
3017 1765 3178 1820 quam
3202 1759 3340 1819 erat,
3365 1749 3510 1808 unde
3536 1751 3764 1823 perduxit

2186 1839 2254 1894 ad
2281 1839 2517 1894 ttcdium.

2258 1935 2310 1989 4.
2343 1933 2449 1989 Sed
2475 1934 2606 1990 mihi
2647 1949 2791 2006 saepe
2823 1935 3023 1992 indicat
3061 1950 3244 1992 eorum
3272 1936 3513 1994 studium
3533 1977 3549 2003 ,
3581 1937 3670 2008 qui
3693 1952 3763 1994 me

2187 2025 2372 2082 audire
2429 2027 2683 2098 cupiunt,
2748 2043 2854 2083 non
2908 2029 2980 2083 ita
3033 2043 3154 2084 esse
3212 2028 3464 2099 frigidum
3513 2029 3760 2101 eloquium

2188 2135 2404 2188 meum,
2451 2129 2512 2176 ut
2550 2120 2758 2177 videtur
2809 2121 2943 2177 mihi
2978 2139 2993 2175 :
3034 2131 3089 2177 et
3130 2136 3224 2178 eos
3252 2122 3377 2178 inde
3419 2122 3626 2194 aliquid
3655 2125 3763 2178 utile

2189 2228 2412 2284 capere,
2466 2229 2532 2269 cx
2573 2229 2760 2269 eorum
2801 2213 3153 2270 delectatione
3197 2229 3502 2286 cognosco;
3547 2231 3762 2273 mecum-

2189 2321 2293 2376 que
2332 2321 2432 2376 ago
2475 2305 2693 2373 sedulo,
2742 2313 2800 2361 ut
2839 2305 2966 2362 huic
3002 2305 3304 2362 exhibendo
3340 2307 3642 2364 ministerio
3671 2323 3760 2363 non

2189 2399 2398 2464 desim,
2432 2400 2483 2454 in
2515 2415 2620 2470 quo
2651 2400 2770 2456 illos
2811 2399 2965 2456 video
3005 2400 3141 2457 bene
3168 2401 3412 2472 accipere
3450 2401 3599 2473 quod
3633 2401 3760 2458 exhi-

2189 2489 2366 2544 betur.
2399 2490 2487 2546 Sic
2519 2499 2574 2546 et
2617 2501 2706 2557 tu,
2743 2506 2809 2546 eo
2838 2490 2955 2561 ipso
2990 2491 3134 2562 quod
3171 2491 3239 2547 ad
3271 2501 3322 2548 te
3369 2494 3572 2563 saepius
3618 2492 3760 2551 addu-

2191 2589 2384 2636 cuntur
2413 2583 2502 2652 qui
2531 2581 2637 2638 ﬁde
2667 2582 2938 2639 imbuendi
2963 2592 3117 2653 sunt,
3151 2583 3315 2640 debes
3341 2585 3639 2657 intelligere
3671 2601 3758 2640 non

2193 2675 2266 2730 ita
2290 2675 2574 2745 displicere
2614 2676 2732 2732 aliis
2770 2692 3074 2733 sermonem
3103 2686 3250 2733 tuum
3277 2689 3334 2734 ut
3356 2679 3609 2751 displicet
3632 2679 3712 2734 tibi
3745 2697 3756 2731 :

2192 2782 2293 2822 nec
2342 2767 2726 2824 infructuosum
2775 2777 2827 2825 te
2869 2769 3035 2826 debes
3079 2780 3302 2842 putare,
3358 2772 3502 2843 quod
3553 2788 3619 2829 ea
3661 2787 3756 2842 qua

2192 2859 2368 2915 cernis
2406 2875 2512 2915 non
2559 2861 2792 2932 explicas
2841 2862 2913 2917 ita
2962 2871 3022 2917 ut
3057 2863 3244 2933 cupis;
3289 2863 3504 2935 quando
3549 2863 3680 2920 forte
3711 2871 3757 2917 ut

2192 2953 2342 3023 cupis
2370 2967 2466 3008 nec
2505 2967 2726 3008 cernere
2755 2953 2956 3010 valeas.
2981 2955 3113 3022 Quis
3149 2956 3292 3011 enim
3321 2956 3377 3010 in
3395 2967 3400 2970 '
3421 2955 3521 3012 hac
3545 2957 3651 3012 vita
3673 2955 3753 3010 nisi

2161 3045 2246 3100 zin
2277 3044 2556 3115 aenigmate
2595 3055 2650 3100 et
2681 3060 2782 3116 per
2813 3047 3088 3118 speculum
3127 3047 3268 3103 videt
3294 3048 3339 3121 (Ι
3363 3047 3482 3104 Cor.
3511 3051 3627 3117 xui,
3649 3046 3754 3118 l2)?

2192 3137 2302 3193 Nec
2329 3138 2443 3208 ipse
2460 3142 2617 3193 amor
2642 3148 2819 3194 tantus
2845 3149 2927 3195 est
2950 3182 2964 3208 ,
2993 3149 3051 3195 ut
3075 3141 3251 3196 carnis
3278 3140 3516 3212 disrupta
3556 3139 3754 3212 caligine

2193 3241 2438 3302 penetret
2475 3233 2526 3286 in
2556 3241 2814 3287 aeternum
2841 3248 3120 3300 serenum,
3167 3233 3310 3290 unde
3347 3243 3638 3305 utcumque
3671 3231 3754 3286 ful-

2192 3331 2319 3393 gent
2349 3323 2514 3379 etiam
2542 3325 2640 3379 ista
2671 3340 2790 3394 quae
2827 3333 3122 3381 transeunt.
3168 3325 3273 3382 Sed
3312 3326 3434 3396 quia
3483 3325 3610 3381 boni
3649 3338 3751 3396 pro-

2193 3415 2377 3471 ﬁciunt
2401 3415 2469 3472 de
2502 3416 2588 3472 die
2629 3417 2681 3470 in
2710 3417 2850 3472 diem
2876 3417 2944 3472 ad
2970 3419 3256 3475 videndum
3293 3419 3435 3475 diem
3469 3421 3586 3476 sine
3625 3418 3750 3474 volu-

2192 3511 2338 3565 mine
2365 3510 2486 3566 coeli
2511 3520 2565 3566 et
2589 3511 2704 3567 sine
2743 3513 2914 3568 noctis
2954 3513 3200 3580 incursu,
3243 3528 3400 3584 quem
3442 3513 3627 3568 oculus
3667 3524 3751 3565 non

2193 3602 2364 3670 vidit,
2402 3619 2502 3660 nec
2525 3604 2669 3660 auris
2694 3604 2929 3674 audivit,
2957 3620 3061 3660 nec
3088 3605 3139 3660 in
3168 3619 3262 3660 cor
3284 3604 3517 3660 hominis
3541 3601 3751 3660 ascendit

2195 3696 2309 3768 (Id.
2342 3713 2399 3762 ιι,
2427 3698 2504 3770 9);
2533 3699 2674 3753 nulla
2704 3697 2875 3768 major
2900 3713 3060 3753 causa
3079 3708 3162 3754 est
3175 3713 3271 3754 cur
3288 3697 3442 3754 nobis
3462 3698 3515 3753 in
3542 3698 3751 3753 imbuen-

2195 3788 2277 3844 dis
2306 3789 2527 3845 rudibus
2550 3800 2734 3846 noster
2761 3805 2941 3847 sermo
2977 3791 3229 3857 vilescat,
3268 3791 3369 3846 nisi
3398 3790 3522 3860 quia
3549 3790 3668 3846 libet
3687 3788 3751 3842 in-

2195 3879 2389 3935 usitate
2414 3895 2634 3937 cernere
2653 3922 2668 3948 ,
2699 3889 2754 3936 et
2781 3881 2940 3936 taedet
2966 3882 3161 3938 usitate
3192 3882 3454 3954 proloqui.
3487 3883 3554 3938 Et
3578 3897 3634 3938 re
3659 3879 3751 3952 qui-

2195 3971 2317 4028 dem
2344 3988 2466 4028 vera
2498 3972 2666 4028 multo
2689 3974 2891 4045 gratius
2915 3974 3163 4030 audimur
3183 4017 3197 4038 ,
3231 3990 3352 4030 cum
3380 3983 3437 4032 et
3461 3989 3559 4031 nos
3588 3972 3748 4030 eodem

2196 4079 2359 4135 opere
2406 4065 2733 4122 delectamur
2779 4085 2792 4122 :
2839 4067 3069 4123 afﬁcitur
3112 4069 3256 4124 enim
3299 4067 3444 4123 ﬁlum
3499 4065 3750 4124 locutionis

2196 4166 2394 4212 nostra:
2421 4157 2538 4228 ipso
2583 4165 2766 4214 nostro
2788 4158 2983 4230 gaudio
3005 4200 3022 4227 ,
3053 4168 3108 4215 et
3135 4161 3243 4216 exit
3272 4160 3479 4216 facilius
3519 4169 3668 4231 atque
3687 4169 3750 4211 ac-

2197 4251 2420 4320 ceptius.
2453 4249 2787 4322 Quapropter
2817 4267 2923 4306 non
2966 4251 3189 4308 arduum
3233 4263 3316 4308 est
3359 4254 3659 4324 negotium,
3700 4261 3750 4303 ea

2196 4359 2316 4415 qua:
2345 4343 2608 4399 credenda
2638 4343 2972 4400 insinuantur
2993 4386 3008 4411 ,
3038 4347 3330 4417 praecipere
3371 4345 3514 4402 unde
3557 4354 3610 4402 et
3649 4356 3751 4415 quo-

2197 4451 2366 4507 usque
2394 4436 2658 4491 narranda
2687 4437 2826 4503 sint;
2868 4452 2968 4494 nec
2991 4437 3260 4508 quomodo
3284 4437 3353 4493 sit
3387 4436 3632 4493 varianda
3658 4449 3749 4490 nar-

2197 4528 2353 4596 ratio,
2385 4535 2444 4582 ut
2470 4527 2753 4598 aliquando
2781 4528 3025 4596 brevior,
3050 4528 3334 4599 aliquando
3363 4528 3603 4601 longior,
3631 4541 3748 4582 sem-

2197 4635 2294 4690 per
2335 4628 2514 4676 tamen
2543 4620 2698 4690 plena
2725 4628 2882 4692 atque
2928 4622 3160 4692 perfecta
3197 4621 3303 4686 sit;
3335 4629 3390 4678 et
3429 4621 3635 4692 quando
3657 4619 3750 4674 bre-

2196 4713 2344 4769 viore
2365 4753 2382 4780 ,
2427 4720 2482 4768 et
2519 4713 2733 4784 quando
2759 4713 2999 4785 longiore
3033 4713 3105 4769 sit
3140 4713 3395 4770 utendum
3428 4714 3562 4770 :sed
3590 4712 3748 4782 quibus

2196 4806 2372 4862 modis
2411 4805 2706 4863 faciendum
2734 4807 2835 4873 sit,
2863 4815 2920 4862 ut
2961 4807 3198 4879 gaudens
3241 4808 3466 4879 quisque
3493 4806 3750 4864 catcchizet

2202 4897 2371 4969 (tanto
2391 4899 2533 4954 enim
2556 4901 2769 4955 suavior
2791 4899 2912 4966 erit,
2935 4909 3132 4971 quanto
3153 4901 3321 4971 magis
3343 4899 3395 4955 id
3421 4897 3684 4971 potuerit),
3703 4908 3748 4951 ea

2196 5005 2322 5046 cura
2350 4991 2577 5046 maxima
2607 5002 2708 5046 cSt.
2743 4990 2812 5045 Et
2841 4998 3161 5061 praeceptum
3193 4991 3409 5061 quidem
3438 4993 3516 5048 rei
3546 4991 3688 5060 hujus
3711 4988 3746 5041 in

2196 5092 2445 5154 promptu
2485 5092 2584 5139 est.
2633 5082 2688 5140 Si
2727 5083 2868 5139 enim
2903 5083 2956 5138 in
2991 5084 3214 5154 pecunia
3261 5084 3560 5154 corporali,
3587 5087 3747 5154 quanto

2197 5175 2366 5246 magis
2391 5175 2444 5229 in
2474 5175 2737 5245 spirituali
2778 5174 3002 5230 hilarem
3045 5175 3287 5232 datorem
3323 5175 3494 5248 diligit
3534 5175 3663 5231 Deus
3699 5167 3745 5242 (Π

2199 5269 2317 5324 Cor.
2349 5285 2401 5324 rx
2419 5311 2433 5336 ,
2467 5270 2560 5339 7)?
2587 5270 2691 5326 Sed
2713 5269 2828 5326 haec
2850 5271 3088 5326 hilaritas
3107 5271 3174 5327 ad
3197 5271 3382 5327 horam
3410 5281 3469 5328 ut
3487 5270 3637 5333 adsit,
3657 5271 3746 5336 ejus

2197 5370 2280 5417 cst
2325 5361 2703 5417 misericordiae
2744 5363 2832 5433 qui
2876 5363 2975 5418 ista
3008 5363 3277 5436 praecepit.
3315 5363 3498 5436 Itaque
3527 5361 3661 5434 prius
3697 5357 3746 5412 de

2197 5454 2358 5510 modo
2386 5454 2703 5510 narrationis
2730 5455 2873 5527 quod
2899 5465 2951 5512 te
2979 5456 3120 5514 velle
3142 5462 3386 5529 cognovi,
3420 5467 3529 5512 tum
3548 5455 3612 5511 de
3636 5465 3743 5523 prat-

2199 5545 2444 5617 cipiendo
2471 5554 2629 5618 atque
2670 5547 3001 5604 cohortando
3021 5591 3035 5615 ,
3079 5557 3261 5620 postea
3289 5549 3356 5605 de
3386 5549 3488 5605 hac
3518 5545 3742 5604 hilaritate
3777 5591 3800 5629 η

2199 5637 2574 5709 comparanda,
2597 5655 2715 5710 quae
2741 5639 2881 5698 Deus
2909 5642 3251 5715 suggesserit,
3273 5641 3612 5700 disseremus.

2263 5763 2334 5825 (τι)
2356 5770 2510 5828 Forte,
2537 5762 2734 5829 anitiat.
