3882 6286
71 346 158 410 ³η,
1461 339 1596 395 Ltnt

1708 338 1896 396 UNUS.

126 462 318 524 CAPUT
352 459 436 516 ΙΙΙ.
469 489 541 500 -
575 460 632 515 5.
678 460 919 517 Narratio
960 462 1112 533 plena
1137 474 1249 532 qua:
1285 458 1397 529 ﬁeri
1432 456 1608 511 debeat

70 556 390 619 catechizando.
430 555 512 610 Ad
553 556 818 611 clraritatis
855 557 1010 626 ﬁnem
1053 554 1320 627 dirigenda
1358 552 1604 607 narratio.

71 656 305 723 Scriptum
338 659 518 706 veteres
560 659 770 721 propter
807 648 1265 704 commendandum
1302 646 1488 703 Christi
1515 646 1610 700 ad-

68 758 259 814 emtam,
281 745 417 815 cujus
439 743 560 814 ﬁnis
593 744 833 799 charitas.
873 742 1119 800 Narratio
1143 743 1295 813 plena
1329 750 1444 810 est,
1484 757 1608 798 cum

70 840 250 909 quisque
279 837 444 907 primo
476 836 841 892 catechizatur
860 836 927 892 ab
956 851 1022 893 eo
1046 835 1187 908 quod
1215 836 1470 907 scriptum
1500 846 1602 903 est,

69 932 119 986 1η
156 930 374 1001 principio
410 929 529 999 fecit
566 928 709 984 Deus
737 929 919 984 emtum
945 940 992 985 et
1023 940 1205 986 terram
1235 929 1389 1004 (Gen.
1431 948 1482 992 ι,
1517 931 1605 1002 1),

69 1038 201 1092 usque
236 1020 295 1075 ad
339 1021 627 1091 praesentia
673 1030 911 1092 tempora
956 1023 1233 1079 Ecclesiae.
1267 1022 1383 1077 Non
1429 1030 1607 1078 tamen

70 1122 300 1185 propterea
340 1111 600 1167 debemus
649 1122 813 1168 totum
862 1114 1319 1184 Pentateuchum,
1360 1125 1610 1187 totosque

68 1207 264 1262 iudicum
304 1213 354 1260 et
393 1206 706 1276 Regnorum
735 1214 789 1262 et
834 1207 1021 1264 Esdrte
1050 1210 1068 1240 ί
1099 1209 1281 1275 libros,
1335 1218 1609 1281 totumque

70 1296 359 1368 Evangelium
382 1305 435 1351 et
456 1297 633 1353 Actus
669 1300 1069 1369 Apostolorum,
1097 1302 1201 1367 vel,
1227 1301 1271 1357 si
1291 1301 1358 1357 ad
1384 1303 1607 1358 verbum

69 1391 325 1445 edidicimus
346 1431 359 1454 ,
392 1391 715 1446 memoriter
756 1392 984 1449 reddere
1007 1435 1023 1461 ,
1056 1394 1140 1449 vel
1189 1395 1384 1450 nostris
1429 1395 1608 1451 verbis

74 1481 216 1536 omnia
253 1495 356 1551 quae
405 1479 490 1536 bis
541 1484 891 1539 continentur
932 1485 1291 1541 voluminibus
1340 1487 1608 1544 narrando

70 1575 265 1630 evolvere
298 1582 347 1628 et
382 1574 697 1644 explicare;
746 1576 885 1648 quod
913 1593 1011 1633 nec
1038 1587 1247 1647 tempus
1288 1582 1461 1651 capit,
1510 1597 1608 1637 nec

66 1665 146 1719 ulla
168 1665 426 1721 necessitas
455 1669 704 1737 postulat
732 1687 746 1725 :
778 1670 871 1725 sed
900 1680 1089 1726 cuncta
1118 1675 1422 1727 summatim
1445 1690 1607 1745 gene-

65 1758 278 1826 ratimque
306 1760 621 1828 complecti,
652 1761 723 1815 ita
748 1770 807 1815 ut
836 1762 1099 1833 eligantur
1127 1765 1370 1835 qumdam
1400 1765 1608 1821 mirabi-

63 1847 166 1903 liora
186 1864 289 1919 quze
311 1851 523 1906 suavius
552 1852 849 1908 audiuntur
868 1896 881 1920 ,
925 1862 1084 1926 atque
1114 1857 1167 1911 in
1196 1857 1326 1926 ipsis
1367 1859 1606 1914 articulis

63 1941 294 1996 constituta
321 1952 438 1997 sunt
463 1942 541 2015 (α)
562 1986 577 2009 ,
610 1953 669 1999 ut
695 1960 757 2000 ea
787 1948 807 1977 ²
832 1954 1083 2017 tanquam
1108 1948 1158 2002 in
1195 1947 1484 2005 involucris
1519 1965 1605 2005 os-

62 2031 261 2101 tendere,
296 2036 582 2107 statimque
626 2051 657 2091 a
702 2049 990 2107 conspectu
1016 2040 1405 2109 abriperenon
1447 2056 1605 2113 opor-

63 2134 160 2189 teat,
180 2127 257 2181 sed
277 2128 601 2199 aliquantum
622 2130 959 2186 immorando
975 2132 1128 2202 quasi
1154 2133 1423 2189 resolvere
1444 2143 1606 2204 atque

64 2218 307 2287 expandere
328 2262 343 2286 ,
375 2230 427 2275 et
449 2220 793 2290 inspicienda
820 2232 978 2293 atque
1000 2224 1240 2279 miranda
1268 2225 1464 2281 offerre
1498 2226 1604 2281 ani-

63 2309 137 2362 mis
157 2310 458 2377 auditorum;
492 2322 697 2369 caetera
730 2329 857 2369 vero
884 2315 1047 2370 celeri
1079 2318 1423 2386 percursione
1461 2318 1604 2374 inse-

63 2400 187 2456 rendo
212 2414 501 2460 contexere.
533 2405 614 2459 [ta
645 2415 701 2461 et
726 2406 815 2460 illa
842 2422 960 2477 quae
984 2407 1216 2463 maxime
1237 2409 1601 2466 commendari

65 2494 289 2562 volumus,
318 2497 541 2552 aliorum
576 2498 941 2555 submissione
970 2501 1141 2581 magis
1178 2501 1453 2567 eminent;
1501 2518 1601 2559 nec

63 2586 109 2639 ad
131 2602 178 2641 ea
200 2587 426 2660 fatigatus
451 2593 726 2660 pervenit,
760 2608 921 2664 quem
952 2595 1217 2650 narrando
1249 2597 1490 2653 volumus
1516 2613 1600 2654 ex-

63 2680 211 2744 citare;
247 2697 339 2737 nec
379 2683 520 2738 illius
563 2686 829 2741 memoria
870 2686 1248 2757 confunditur,
1298 2705 1457 2760 quem
1501 2690 1599 2747 do—

64 2770 187 2824 cendo
210 2771 451 2829 debemus
480 2776 777 2833 instruere.

114 2864 153 2917 6.
174 2865 220 2919 ln
246 2868 482 2924 omnibus
512 2884 653 2926 sane
678 2885 783 2926 non
812 2879 1015 2927 tantum
1046 2888 1145 2928 nos
1165 2882 1377 2945 oportet
1404 2876 1598 2933 intueri

63 2959 251 3027 pnncepti
290 2959 441 3016 linem
465 3003 480 3027 ,
528 2961 680 3032 quod
708 2971 789 3017 est
817 2961 1051 3019 cbaritas
1079 2964 1146 3019 de
1174 2967 1340 3021 corde
1383 2982 1516 3037 puro
1544 2980 1598 3025 et

63 3051 316 3107 conscientia
336 3054 470 3109 bona
500 3070 558 3111 et
591 3054 700 3111 ﬁde
727 3071 832 3111 non
855 3057 976 3112 licta
1006 3057 1048 3129 (Ι
1074 3056 1202 3112 Tim.
1230 3074 1270 3126 ι,
1295 3059 1374 3131 5),
1404 3076 1509 3131 quo
1533 3076 1595 3117 ea

63 3155 146 3209 qua:
179 3142 419 3214 loquimur
468 3155 671 3202 cuncta
724 3147 1057 3216 referamus;
1104 3150 1199 3205 sed
1248 3152 1410 3206 etiam
1452 3153 1596 3211 illius

62 3250 179 3303 quem
205 3237 448 3309 loquendo
487 3241 811 3297 instruimus
833 3282 849 3308 ,
881 3242 947 3297 ad
978 3242 1033 3297 id
1062 3243 1359 3300 movendus
1388 3244 1410 3276 ⁸
1436 3255 1596 3317 atque

62 3326 155 3383 iiluc
180 3330 459 3403 dirigendus
485 3344 746 3408 aspectus
785 3343 888 3390 est.
919 3334 1103 3406 Neque
1149 3336 1294 3391 enim
1333 3339 1401 3393 ob
1448 3337 1593 3394 aliud

62 3428 151 3475 ante
184 3422 443 3480 adventum
490 3425 714 3481 Domini
743 3427 940 3496 scripta
979 3435 1106 3481 sunt
1147 3428 1327 3483 omnia
1372 3444 1491 3499 quae
1538 3429 1593 3484 in

60 3513 207 3568 sanctis
238 3514 512 3586 Scripturis
543 3517 776 3589 legimus
795 3560 809 3583 ,
843 3518 943 3573 nisi
972 3528 1031 3574 ut
1058 3518 1203 3575 illius
1248 3522 1595 3578 commenda-

62 3613 169 3659 retur
189 3606 421 3665 adventus
440 3653 455 3677 ,
485 3618 542 3667 et
566 3610 743 3665 futura
779 3611 1193 3683 praesignaretur
1216 3613 1458 3670 Ecclesia
1482 3658 1496 3681 ,
1540 3617 1594 3673 id

64 3706 146 3759 est,
166 3702 365 3770 populus
392 3704 487 3760 Dei
517 3720 623 3776 per
650 3719 838 3761 omnes
866 3712 1054 3775 gentes
1074 3748 1089 3773 ,
1120 3706 1263 3777 quod
1290 3716 1375 3763 est
1395 3723 1592 3780 corpus

64 3786 173 3854 ejus;
195 3792 435 3861 adjunctis
463 3803 631 3867 atque
669 3798 1031 3853 annumeratis
1075 3799 1324 3854 omnibus
1350 3802 1550 3857 sanctis
1574 3844 1589 3869 ,

62 3886 125 3953 qui
140 3888 270 3945 etiam
289 3901 406 3948 ante
435 3891 727 3949 adventum
749 3893 866 3963 ejus
894 3894 947 3948 in
978 3893 1081 3950 hoc
1099 3894 1296 3949 saeculo
1319 3896 1587 3966 vixerunt,

64 3976 112 4031 ita
138 3996 235 4037 eum
259 3984 529 4043 credentes
556 3994 839 4042 venturum
867 4002 989 4043 esse
1006 4029 1021 4054 ,
1053 3988 1191 4043 sicut
1226 4004 1326 4045 nos
1354 3991 1587 4047 venisse.

64 4066 174 4125 Sicut
210 4076 333 4131 enim
373 4077 543 4134 Jacob
586 4093 803 4133 manum
849 4079 1032 4149 prius,
1073 4080 1199 4135 dum
1241 4092 1585 4153 nasceretur,

64 4162 194 4219 emisit
211 4181 268 4221 ex
296 4177 462 4239 utero,
478 4186 590 4243 qua
610 4171 770 4226 etiam
793 4171 981 4241 pedem
1004 4174 1385 4242 praenascentis
1412 4175 1590 4233 fratris

66 4254 258 4325 tenebat,
296 4260 482 4318 deinde
533 4263 719 4334 utique
756 4270 999 4320 secutum
1028 4274 1111 4319 est
1137 4276 1326 4335 caput,
1359 4274 1469 4322 tum
1496 4268 1591 4323 de-

67 4356 173 4401 mum
195 4356 471 4411 necessario
494 4356 737 4412 membra
762 4366 957 4411 caetera
984 4355 1136 4429 (Gen.
1165 4374 1265 4412 xxv
1284 4400 1300 4425 ,
1332 4358 1423 4431 25)
1447 4375 1462 4425 ;
1493 4361 1589 4418 sed

70 4441 200 4492 tamen
216 4453 356 4512 caput
382 4462 484 4501 non
512 4454 718 4501 tantum
741 4462 803 4502 ea
832 4447 1066 4503 membra
1089 4464 1207 4519 quae
1234 4458 1414 4505 secuta
1441 4462 1585 4519 sunt,

71 4525 135 4579 sed
157 4531 288 4587 etiam
315 4535 474 4604 ipsam
510 4553 730 4593 manum
758 4554 876 4607 quae
904 4538 955 4593 in
985 4541 1254 4595 nascendo
1276 4544 1584 4611 praecessit,

72 4615 263 4687 dignitate
284 4642 340 4683 ac
360 4638 627 4701 potestate
648 4631 919 4702 przecedit;
949 4639 1003 4687 et
1039 4634 1282 4704 quamvis
1312 4649 1417 4688 non
1448 4645 1588 4691 tem-

74 4723 167 4777 Wre
186 4724 440 4789 apparendi
463 4767 477 4790 ,
518 4734 695 4780 tamen
736 4732 941 4780 natura:
967 4723 1154 4780 ordine
1183 4726 1328 4796 prius
1353 4737 1434 4782 est
1467 4746 1479 4783 :
1514 4729 1588 4786 ita

75 4814 113 4857 et
140 4808 350 4871 Dominus
376 4818 529 4875 Jesus
557 4819 801 4874 Christus
844 4818 948 4873 etsi
976 4827 1260 4889 antequam
1303 4832 1587 4892 appareret

76 4895 115 4952 in
135 4916 287 4977 tame,
321 4921 370 4967 et
396 4913 621 4985 quodam
670 4912 830 4967 modo
857 4928 926 4967 ex
972 4919 1125 4968 utero
1156 4914 1347 4968 secreti
1391 4914 1473 4969 sui
1516 4915 1586 4971 ad

80 4988 284 5057 hominum
308 5008 479 5063 oculos
499 5006 755 5063 Mediator
771 5006 863 5061 Dei
885 5014 939 5060 et
970 5005 1242 5060 hominum
1273 5004 1430 5060 homo
1456 5023 1582 5077 pro-

80 5088 261 5158 cederet,
288 5100 366 5168 qui
390 5109 470 5157 est
495 5115 659 5171 super
683 5113 870 5155 omnes
893 5099 1031 5153 Deus
1059 5096 1371 5153 benedictus
1397 5097 1449 5152 in
1478 5114 1585 5153 sae-

82 5183 163 5238 cula
187 5185 330 5257 (Rom.
352 5209 405 5248 ix
425 5237 439 5260 ,
470 5193 524 5266 5)
544 5236 560 5262 ,
591 5192 846 5264 praemisit
874 5192 925 5246 in
956 5192 1155 5247 sanctis
1182 5190 1505 5247 Patriarchis
1529 5202 1585 5248 et

75 5273 295 5363 ’Prnphetis
314 5290 579 5360 quamdam
611 5297 817 5361 partem
844 5288 1085 5359 corporis
1126 5288 1245 5354 sui,
1291 5304 1393 5360 qua
1437 5289 1584 5345 velut

128 5458 140 5489 ι

128 5521 143 5550 ¹
165 5464 525 5600 ἓιῇἰξοῒῗέι
558 5544 650 5600 ea._
670 5535 728 5580 At
748 5536 872 5589 Am.,
910 5526 1216 5600 utea.‘Et‘sic
1230 5519 1567 5600 potioresﬂMss.

88 5586 287 5704 mlum
300 5586 458 5654 postea
480 5594 789 5659 corrigimus,
810 5586 905 5642 nan
927 5595 1172 5656 oporteat;
1194 5586 1279 5638 ubi
1303 5589 1421 5639 editi
1445 5588 1579 5639 fere-

137 5704 144 5706 .
198 5659 276 5700 ut
291 5661 469 5706 ωσι-εει.

134 5664 182 5735 ξι,
198 5664 276 5700 non
291 5664 469 5731 oportet:

171 5714 343 5776 Itala,
358 5717 467 5769 Bdtu
487 5731 624 5781 vero,
644 5716 926 5769 morwndus.

97 5788 188 5901 ἐξ)
210 5798 368 5849 Artium
404 5810 667 5868 temporum
702 5804 918 5866 quinque
955 5805 1183 5851 notantur
1222 5795 1361 5859 infra,
1381 5809 1415 5847 n
1460 5797 1492 5847 6
1525 5804 1578 5849 et

2440 274 2528 296 ,πί
2566 280 2611 319 Ἣ

2585 317 2614 337 ,λ

3198 355 3306 417 3H

1718 473 1880 514 manu
1905 474 1964 517 se
1993 464 2318 520 nasciturum
2352 480 2472 524 esse
2498 469 2897 542 praenuntians,
2936 474 3098 533 etiam
3133 492 3305 550 papu-

1718 550 1827 606 lum
1852 555 2242 622 prrecedentem
2270 560 2516 630 superbe,
2534 561 2756 619 vinculis
2776 562 2933 637 Legis
2952 577 3201 641 tanquam
3219 572 3306 629 di-

1716 645 1840 715 gitis
1859 647 2090 718 quinque
2120 651 2514 721 supplantavit‘
2538 655 2683 726 (quia
2706 664 2760 712 et
2790 674 2885 728 per
2912 662 3147 733 quinque
3173 674 3306 722 tem-

1717 751 1905 808 porum
1936 741 2187 796 articulos
2216 747 2560 815 prasnuntiari
2600 757 2856 805 venturus
2891 754 3306 828 prophetarique

1717 844 1823 885 non
1851 830 2072 902 destitit;
2095 842 2148 889 et
2169 833 2291 890 huic
2319 836 2399 891 rei
2427 852 2727 895 consonans
2746 856 2843 911 per
2861 858 3018 914 quem
3048 844 3162 901 Lex
3185 847 3308 905 data

1716 929 1828 989 est,
1860 924 2095 996 quinque
2121 926 2286 982 libros
2310 931 2627 1001 conscripsit
2659 950 2672 987 :
2699 942 2753 988 et
2777 936 2991 1005 superbi
3020 940 3310 997 carnaliter

1717 1016 2042 1085 sentientes,
2088 1029 2143 1075 et
2187 1036 2335 1075 suam
2377 1021 2634 1093 justitiam
2684 1026 2927 1083 volentes
2979 1032 3311 1088 constituere

1720 1106 1894 1180 (Rom.
1924 1127 1978 1179 χ,
2009 1109 2085 1184 5],
2104 1127 2210 1168 non
2232 1124 2413 1185 aperta
2436 1132 2591 1172 manu
2621 1117 2819 1175 Christi
2845 1123 3032 1192 repleti
3063 1136 3187 1180 sunt
3209 1128 3307 1183 be-

1716 1203 2057 1274 nedictione,
2112 1208 2207 1263 sed
2264 1210 2549 1265 constricta
2605 1220 2765 1283 atque
2811 1217 3063 1274 conclusa
3112 1221 3306 1277 retenti

1716 1309 1841 1354 sunt
1870 1318 1883 1355 :
1911 1300 2090 1372 itaque
2111 1302 2213 1357 illis
2239 1304 2454 1376 obligati
2479 1315 2603 1361 sunt
2630 1306 2791 1377 pedes
2814 1350 2827 1373 ,
2871 1317 2925 1365 et
2959 1313 3302 1383 ceciderunt;

1716 1407 1813 1447 nos
1834 1402 2009 1450 autem
2036 1397 2364 1453 surreximus
2389 1408 2441 1455 et
2461 1402 2626 1456 erecti
2648 1415 2832 1457 sumus
2855 1402 3023 1476 [PsaL
3049 1423 3139 1462 χιιι
3159 1451 3172 1476 ,
3196 1408 3302 1482 9]):

1715 1488 1958 1556 quamvis
1989 1504 2144 1560 ergo,
2170 1498 2229 1545 ut
2253 1491 2395 1557 dixi,
2427 1494 2743 1562 pratmiserit
2774 1495 3031 1554 Dominus
3062 1497 3306 1559 Christus

1714 1580 1996 1648 quamdam
2042 1592 2247 1652 partem
2295 1586 2536 1655 corporis
2564 1588 2645 1643 sui
2690 1589 2743 1643 in
2786 1594 3018 1660 sanctis,
3065 1597 3152 1665 qui
3179 1612 3304 1652 eum

1715 1674 1969 1729 nascendi
2010 1684 2247 1746 tempore
2292 1680 2612 1748 prmierunt;
2665 1692 2840 1739 tamen
2882 1686 2996 1756 ipse
3024 1697 3106 1743 est
3147 1700 3307 1761 caput

1714 1766 1953 1835 corporis
1981 1766 2234 1825 Ecclesiae
2264 1768 2481 1843 (Coloss.
2508 1789 2542 1839 ι,
2570 1774 2684 1845 18);
2711 1777 2893 1847 illique
2914 1793 3101 1837 omnes
3129 1783 3305 1840 eidem

1713 1859 1926 1926 corpori
1953 1859 2105 1929 cujus
2135 1861 2224 1918 ille
2248 1871 2407 1932 caput
2431 1873 2515 1920 est
2542 1866 2882 1924 cohaeserunt
2902 1911 2919 1937 ,
2949 1871 3218 1929 credendo
3251 1876 3304 1931 in

1713 1964 1835 2005 eum
1881 1967 2038 2021 quem
2086 1956 2527 2024 praenuntiabant.
2574 1958 2693 2015 Non
2736 1962 2881 2017 enim
2928 1969 3306 2033 prmcuncndo

1712 2043 1905 2100 divulsi
1938 2056 2093 2117 sunt,
2136 2050 2232 2104 sed
2275 2050 2509 2122 adjuncti
2551 2053 2728 2123 potius
2773 2055 3138 2128 obsequendo.
3169 2060 3305 2117 Nam

1712 2139 1811 2193 etsi
1842 2154 2031 2194 manus
2064 2155 2093 2195 a
2123 2143 2294 2212 capite
2319 2146 2567 2213 praemitti
2594 2154 2799 2218 potest,
2832 2152 3093 2208 connexio
3123 2161 3303 2210 tamen
3380 2136 3389 2145 ’

1712 2232 1828 2301 ejus
1870 2233 1969 2287 sub
2017 2235 2189 2304 capite
2241 2245 2343 2292 est.
2394 2238 2734 2311 Quapropter
2779 2245 2957 2299 omnia
3008 2261 3126 2316 quae
3177 2257 3303 2305 ante

1710 2324 1903 2393 scripta
1935 2334 2095 2392 sunt,
2126 2334 2187 2382 ut
2224 2344 2323 2383 nos
2370 2329 2689 2387 doceremur
2730 2334 2927 2405 scripta
2968 2346 3092 2393 sunt
3125 2338 3299 2411 (Rom.

1712 2430 1805 2481 xv,
1828 2418 1886 2487 Ιι)
1908 2460 1922 2485 ,
1947 2429 2000 2473 et
2030 2420 2211 2491 ﬁgurae
2241 2430 2440 2478 nostra:
2465 2423 2717 2493 fuerunt,
2749 2437 2804 2484 et
2830 2428 2883 2483 in
2912 2431 3081 2502 ﬁgura
3107 2435 3304 2489 contin-

1706 2508 1891 2578 gebant
1911 2511 1962 2563 in
1988 2511 2059 2565 eis
2085 2514 2139 2577 ²;
2170 2515 2357 2585 scripta
2382 2526 2500 2571 sunt
2526 2526 2694 2572 autem
2720 2530 2925 2591 propter
2948 2538 3070 2591 nos,
3098 2525 3152 2579 in
3178 2541 3303 2596 quos

1709 2600 1827 2669 ﬁnis
1851 2604 2153 2659 swculorum
2180 2609 2374 2663 obvenit
2409 2608 2453 2682 (ῐ
2479 2610 2597 2666 Cor.
2629 2628 2686 2679 x,
2722 2614 2837 2686 11).

1777 2696 2006 2753 CAPUT
2038 2697 2124 2753 1V.
2142 2730 2212 2739 —
2238 2700 2290 2753 7.
2324 2700 2597 2772 Prtecipua
2625 2721 2778 2758 causa
2801 2707 3044 2764 adventus
3074 2710 3296 2781 Christi,

1706 2786 1971 2843 charitatis
2008 2791 2394 2847 commendatio.
2428 2794 2507 2848 Ad
2535 2794 2852 2853 dilectionem
2889 2804 3152 2872 referenda
3194 2822 3303 2860 esse

1704 2897 1819 2951 qua:
1846 2880 1908 2935 de
1935 2880 2136 2938 Christo
2172 2901 2235 2939 ex
2264 2885 2543 2957 Scripturis
2569 2900 2845 2945 narrantur
2883 2893 2936 2947 in
2974 2897 3297 2954 catechismo.

1704 2970 1836 3040 Quae
1857 2982 2033 3029 autem
2062 2975 2232 3046 major
2251 2992 2410 3033 causa
2436 2988 2519 3034 est
2546 2980 2807 3038 adventus
2836 2985 3081 3056 Domini,
3114 2989 3215 3045 nisi
3242 3000 3301 3047 ut

1705 3065 2013 3122 ostenderet
2034 3068 2175 3123 Deus
2203 3069 2542 3127 dilectionem
2568 3087 2717 3129 suam
2744 3075 2797 3129 in
2826 3078 2998 3144 nobis,
3025 3094 3302 3137 commen-

1703 3158 1837 3215 dans
1856 3176 1984 3216 eam
2012 3162 2394 3220 vehementer?
2422 3168 2544 3237 quia
2574 3182 2694 3223 cum
2721 3169 2894 3227 adhuc
2920 3173 3117 3229 inimici
3155 3190 3302 3232 esse-

1703 3266 1824 3306 mus
1846 3294 1859 3319 ,
1887 3252 2128 3309 Christus
2158 3271 2256 3326 pro
2294 3258 2449 3313 nobis
2486 3270 2730 3316 mortuus
2758 3271 2841 3318 est
2862 3264 3038 3335 (Rom.
3071 3283 3122 3333 v,
3155 3267 3297 3342 6-9).

1703 3344 1819 3401 Hoc
1844 3356 2021 3402 autem
2048 3348 2168 3403 ideo
2188 3391 2203 3413 ,
2249 3351 2373 3420 quia
2399 3351 2519 3407 ﬁnis
2551 3356 2804 3425 praecepti
2833 3366 2888 3412 et
2917 3358 3190 3428 plenitudo
3217 3362 3299 3417 le—

1700 3438 1806 3509 gis,
1835 3438 2068 3495 Charitas
2094 3451 2179 3497 est
2208 3442 2252 3513 (l
2285 3442 2418 3499 Tim.
2450 3461 2488 3511 ι,
2516 3446 2571 3514 5,
2600 3456 2648 3501 et
2677 3447 2826 3502 Rom.
2860 3466 2975 3515 xm,
3003 3450 3093 3524 10)
3125 3469 3139 3507 :
3168 3462 3226 3508 ut
3247 3462 3301 3509 et

1701 3547 1803 3587 nos
1844 3534 2071 3589 invicem
2102 3534 2419 3607 diligamus,
2469 3549 2524 3594 et
2567 3541 3019 3610 quemadmodum
3071 3546 3161 3602 ille
3202 3563 3300 3617 pro

1700 3627 1859 3682 nobis
1894 3629 2123 3684 animam
2168 3647 2317 3685 suam
2349 3634 2564 3702 posuit,
2592 3635 2670 3690 sic
2695 3645 2749 3691 et
2784 3652 2884 3693 nos
2913 3654 3008 3709 pro
3045 3638 3300 3698 fratribus

1700 3722 1935 3776 animam
1961 3738 2221 3792 ponamus
2248 3724 2292 3795 (l
2322 3725 2479 3782 .Ioan.
2511 3744 2601 3796 ιιι,
2634 3728 2723 3803 16)
2748 3747 2763 3797 ;
2788 3740 2843 3787 et
2869 3734 3040 3804 ipsum
3084 3735 3249 3790 Deum
3275 3778 3290 3802 ,

1702 3816 1954 3884 quoniam
1983 3817 2129 3886 prior
2154 3818 2341 3875 dilexit
2378 3836 2473 3877 nos
2502 3820 2614 3896 (Id.
2648 3841 2731 3891 tv,
2763 3827 2892 3899 10),
2934 3838 2989 3883 et
3026 3828 3161 3884 Filio
3203 3846 3301 3888 suo

1700 3907 1859 3962 unico
1899 3923 2006 3963 non
2047 3912 2311 3980 pepercit,
2359 3912 2454 3968 sed
2492 3930 2590 3985 pro
2621 3917 2775 3972 nobis
2800 3920 3050 3977 omnibus
3082 3922 3302 3979 tradidit

1701 4013 1824 4054 eum
1859 3999 2033 4073 (Rom.
2066 4018 2158 4057 vui
2178 4046 2192 4071 ,
2226 4002 2316 4075 52)
2336 4046 2352 4073 ,
2381 4005 2425 4059 si
2451 4021 2634 4063 amare
2664 4009 2906 4080 pigebat,
2940 4013 3127 4069 saltem
3159 4031 3301 4072 nunc

1699 4092 1979 4147 redamare
2007 4109 2112 4148 non
2143 4096 2318 4165 pigeat
2339 4096 2379 4149 ³.
2407 4096 2563 4152 Nulla
2590 4109 2675 4153 est
2694 4101 2835 4154 enim
2868 4103 3038 4172 major
3060 4104 3126 4158 ad
3150 4120 3301 4161 amo-

1700 4196 1815 4238 rem
1839 4184 2077 4239 invitatio
2094 4227 2108 4251 ,
2139 4202 2297 4256 quam
2323 4189 2618 4257 prmvenire
2643 4191 2906 4257 amando;
2939 4204 2993 4249 et
3012 4195 3173 4250 nimis
3195 4196 3298 4251 du-

1698 4291 1792 4332 rus
1811 4286 1893 4332 est
1929 4277 2140 4333 animus
2171 4281 2262 4350 qui
2286 4279 2625 4337 dilectionem
2651 4283 2697 4338 si
2719 4284 2935 4340 nolebat
2959 4286 3292 4358 impendere,

1698 4369 1833 4424 nolit
1861 4369 2177 4441 rependere.
2200 4373 2353 4439 Quod
2379 4373 2425 4428 si
2454 4374 2509 4429 in
2535 4375 2665 4446 ipsis
2694 4375 2971 4448 flagitiosis
2990 4387 3044 4434 et
3068 4380 3298 4437 sordidis

1698 4462 1970 4518 amoribus
1990 4463 2253 4531 videmus,
2282 4465 2415 4522 nihil
2440 4468 2581 4523 aliud
2610 4485 2705 4525 eos
2724 4484 2883 4542 agere
2902 4472 2994 4542 qui
3023 4473 3189 4527 amari
3219 4474 3299 4528 vi-

1698 4554 1879 4610 cissim
1914 4556 2134 4627 volunt,
2164 4561 2266 4615 nisi
2300 4570 2359 4616 ut
2384 4561 2717 4619 documentis
2742 4564 2935 4634 quibus
2959 4568 3141 4621 valent
3164 4583 3297 4639 ape-

1696 4646 1840 4701 riant
1868 4656 1921 4702 et
1946 4650 2234 4706 ostendant
2250 4662 2503 4722 quantum
2527 4665 2726 4720 ament;
2751 4670 2981 4727 eamque
3009 4658 3296 4730 imaginem

1691 4739 1913 4810 justitiae
1939 4745 2270 4812 prmtcndere
2297 4746 2565 4814 alicctant,
2594 4756 2651 4803 ut
2671 4748 2839 4805 vicem
2858 4750 2959 4805 sibi
2982 4752 3131 4807 reddi
3162 4769 3297 4825 quo—

1696 4832 1818 4887 dam
1865 4835 2025 4890 modo
2072 4836 2310 4908 ﬂagitent
2360 4839 2427 4894 ab
2452 4840 2528 4895 eis
2568 4842 2762 4895 animis
2797 4857 2934 4913 quos
2982 4844 3297 4905 illecebrare

1696 4925 2019 4993 moliuntur;
2049 4928 2254 4999 ipsique
2281 4930 2554 4986 ardentius
2583 4942 2844 5001 aestuant,
2883 4951 3005 4992 cum
3030 4938 3140 5008 jam
3173 4955 3294 4994 mo-

1694 5022 1807 5075 veri
1839 5020 2028 5077 eodem
2079 5024 2199 5093 igne
2245 5026 2403 5081 etiam
2449 5027 2567 5082 illas
2607 5036 2814 5083 mentes
2856 5045 2990 5101 quas
3038 5042 3297 5104 appetunt

1693 5111 1932 5166 sentiunt
1964 5130 1976 5165 :
2007 5113 2051 5167 si
2092 5128 2219 5185 ergo
2259 5125 2314 5171 et
2356 5116 2566 5173 animus
2606 5119 2693 5188 qui
2744 5121 3025 5190 torpebat,
3069 5138 3191 5179 cum
3235 5140 3296 5180 se

1693 5208 1861 5261 amari
1889 5208 2119 5277 senserit
2146 5211 2424 5277 excitatur,
2450 5220 2504 5278 et
2529 5212 2618 5283 qui
2642 5214 2752 5283 jam
2780 5212 3055 5283 fervebat,
3080 5232 3202 5272 cum
3233 5233 3294 5273 se

1692 5301 1956 5357 redamari
1981 5302 2228 5359 didicerit
2256 5306 2425 5377 magis
2462 5307 2804 5375 accenditur;
2839 5311 3179 5366 manifestum
3209 5322 3292 5367 est

1690 5394 1890 5448 nullam
1922 5409 2042 5450 esse
2081 5396 2339 5467 majorem
2370 5412 2585 5454 causam
2616 5415 2718 5471 qua
2761 5400 2846 5455 vel
2886 5402 3168 5457 inchoetur
3206 5404 3289 5459 vel

1694 5494 1953 5555 augeatur
1980 5502 2166 5553 arnor,
2211 5504 2369 5559 quam
2414 5504 2533 5545 cum
2579 5491 2745 5547 amari
2780 5505 2839 5547 se
2881 5492 3155 5564 cognoscit
3197 5496 3289 5564 qui

1755 5601 1775 5678 ξ
1812 5599 1999 5678 aliquot
2024 5612 2155 5678 Mss,
2180 5604 2527 5678 supptantaret.
2573 5670 2583 5678 _
2778 5674 2786 5678 Α
2876 5668 2889 5678 _
2971 5667 2982 5678 ,

1754 5667 1775 5697 ²
1814 5668 1960 5725 Editi,
1984 5667 2317 5730 contingebant
2348 5670 2419 5719 eis
2448 5683 2465 5720 :
2490 5670 2667 5717 omissa
2688 5668 2937 5730 particula,
2962 5667 3030 5731 in,
3056 5683 3168 5731 quae
3211 5678 3287 5724 ta-

1686 5746 1803 5782 men
1835 5732 1912 5781 bic
1930 5732 2176 5794 reperitur
2200 5733 2247 5779 in
2272 5740 2378 5795 Mss.
2406 5741 2458 5783 et
2480 5733 2531 5779 in
2554 5742 2715 5792 graeco
2737 5737 2876 5781 textu
2901 5732 3128 5795 Apostoli.

1754 5798 1775 5828 ³
1797 5802 1896 5843 Αιιι.
1917 5803 1988 5843 Fr.
2011 5803 2061 5844 et
2086 5804 2209 5853 Mss,
2238 5794 2405 5844 saltem
2444 5794 2704 5845 redmnare
2741 5807 2831 5847 non
2867 5794 3061 5866 pigeat;
3084 5801 3285 5862 omisso,

1689 5872 1815 5908 "ile
1822 5895 1832 5906 .
