3882 6286
582 398 695 456 315

584 514 821 583 nondum
847 519 1022 589 amat,
1054 518 1145 568 aut
1172 508 1433 573 redamari
1476 523 1533 564 se
1557 508 1636 563 vel
1668 521 1823 579 posse
1846 516 2057 577 sperat,
2085 504 2171 561 vel

583 609 691 682 iam
723 606 912 680 probat
935 603 1025 676 qui
1054 602 1197 675 prior
1220 609 1383 669 amat,
1414 600 1480 659 Et
1506 600 1548 655 si
1590 599 1695 655 hoc
1732 598 1888 653 etiam
1921 598 1972 654 in
2002 598 2170 668 turpi-

580 698 687 757 bus
714 695 985 754 amoribus
1005 736 1019 763 ,
1047 700 1244 767 quanto
1269 692 1385 763 plus
1416 692 1434 723 ί
1463 691 1515 745 in
1560 690 1827 751 amicitia?
1852 687 1989 757 Quid
2028 688 2168 743 enim

585 792 732 855 aliud
757 804 1006 849 cavemus
1028 787 1083 842 in
1111 787 1402 841 offensione
1426 784 1676 843 amicitia:
1694 824 1711 853 ,
1740 782 1843 837 nisi
1870 797 1937 838 ne
1970 782 2171 837 amicus

585 887 871 942 arbitretur
894 881 1034 959 quod
1058 896 1176 935 eum
1207 879 1287 933 vel
1320 894 1424 935 non
1449 876 1737 948 diligimus,
1761 873 1842 929 vel
1873 874 2050 929 minus
2085 872 2172 929 di-

582 982 797 1055 ligimus
837 993 993 1059 quam
1038 976 1153 1047 ipse
1189 989 1287 1029 nos
1322 972 1528 1044 diligit?
1567 971 1719 1042 Quod
1757 972 1803 1027 si
1844 969 2169 1039 crediderit,

586 1072 823 1149 frigidior
858 1070 956 1125 erit
984 1069 1037 1123 in
1067 1082 1130 1122 eo
1156 1080 1339 1123 amore
1374 1081 1480 1143 quo
1510 1064 1733 1120 invicem
1762 1064 2009 1121 homines
2051 1079 2172 1119 mu-

588 1175 674 1220 tua
698 1160 1055 1218 familiaritate
1084 1157 1425 1228 perfruuntur
1452 1175 1465 1210 :
1502 1164 1557 1211 et
1585 1155 1629 1211 si
1669 1171 1776 1213 non
1814 1156 1886 1210 ita
1915 1162 1999 1211 est
2023 1153 2172 1217 infir-

585 1270 703 1311 mus
727 1295 743 1320 ,
774 1261 830 1307 ut
858 1251 976 1307 haec
1004 1251 1150 1304 illum
1179 1247 1404 1303 offensio
1430 1247 1589 1303 faciat
1617 1247 1685 1302 ab
1714 1247 1858 1305 omni
1886 1246 2173 1305 dilectione

578 1347 903 1419 frigescere;
933 1344 985 1411 in
1010 1356 1072 1398 ca
1096 1355 1153 1397 se
1176 1350 1352 1409 tenet,
1381 1355 1484 1412 qua
1512 1355 1616 1395 non
1643 1347 1699 1394 ut
1725 1338 1964 1405 fruatur,
1996 1337 2090 1394 sed
2118 1345 2177 1393 ut

583 1437 824 1492 consulat
849 1434 1039 1505 diligit.
1071 1430 1261 1503 Opera:
1303 1432 1534 1501 pretium
1576 1439 1659 1487 est
1705 1439 1883 1485 autem
1927 1428 2172 1485 animad-

584 1537 792 1584 vertere
816 1568 831 1591 ,
860 1524 1127 1595 quomodo
1148 1566 1163 1589 ,
1192 1537 1491 1594 quanquam
1520 1530 1575 1578 et
1603 1523 1910 1593 superiores
1928 1521 2094 1577 velint
2114 1535 2174 1577 se

582 1620 651 1676 ab
675 1618 1014 1674 inferioribus
1037 1615 1219 1687 diligi,
1251 1629 1543 1688 eorumque
1566 1614 1623 1669 in
1660 1628 1719 1669 se
1748 1613 1988 1670 studioso
2014 1615 2037 1646 ²
2078 1613 2175 1669 de-

576 1710 847 1767 iectentur
882 1707 1173 1777 obsequio,
1214 1715 1269 1761 et
1308 1715 1507 1777 quanto
1552 1709 1720 1776 magis
1769 1704 1821 1777 id
1869 1706 2171 1773 senserint,

580 1811 732 1860 tanto
758 1802 925 1872 magis
948 1816 1041 1856 eos
1071 1799 1324 1871 diligant,
1344 1806 1527 1853 tamen
1554 1806 1752 1869 quanto
1794 1812 1978 1865 amore
2020 1814 2174 1854 exar-

578 1896 768 1951 descat
787 1888 1034 1958 inferior,
1061 1905 1183 1946 cum
1212 1906 1242 1946 a
1266 1891 1542 1960 superiore
1562 1903 1622 1946 se
1640 1889 1786 1961 diligi
1814 1890 2060 1947 senserit.
2092 1888 2174 1946 lbi

586 1989 727 2044 enim
754 1985 953 2058 gratior
972 1998 1122 2038 amor
1148 1990 1251 2047 est,
1282 1983 1372 2037 ubi
1399 1998 1502 2037 non
1525 1990 1713 2037 aestuat
1734 1982 2036 2053 indigentiae
2063 1981 2173 2038 sic-

580 2079 746 2135 citate
763 2120 778 2144 ,
808 2075 906 2131 sed
933 2074 1176 2131 ubertate
1198 2073 1563 2130 beneﬁcentia:
1582 2073 1607 2107 ³
1635 2072 1864 2146 proﬂuit.
1898 2075 1993 2129 ille
2018 2090 2173 2130 nam-

582 2186 692 2244 que
731 2184 884 2225 amor
906 2183 973 2224 ex
994 2167 1211 2224 miseria
1234 2175 1357 2234 est,
1392 2167 1491 2221 iste
1519 2180 1584 2222 ex
1624 2165 2010 2222 misericordia.
2053 2165 2173 2222 Jam

584 2276 716 2319 vero
743 2261 789 2317 si
815 2260 975 2316 etiam
998 2273 1059 2315 se
1099 2258 1265 2313 amari
1289 2271 1451 2328 posse
1483 2274 1514 2313 a
1552 2259 1828 2329 superiore
1856 2257 2177 2329 desperabat

586 2353 826 2419 inferior,
853 2351 1194 2408 ineii'abiliter
1210 2349 1632 2407 commovebitur
1652 2352 1706 2406 in
1734 2366 1996 2420 amorem,
2019 2352 2063 2407 si
2092 2351 2175 2407 ul-

582 2454 676 2503 tro
699 2446 789 2502 i‘iie
816 2445 977 2501 fuerit
997 2444 1241 2516 dignatus
1264 2443 1548 2500 ostendere
1576 2451 1830 2516 quantum
1851 2444 2033 2518 diligat
2051 2459 2174 2500 eum

582 2536 678 2608 qui
704 2549 1035 2607 nequaquam
1062 2535 1165 2591 sibi
1191 2543 1394 2591 tantum
1418 2533 1619 2591 bonum
1661 2534 1972 2606 promittere
2012 2535 2177 2591 aude-

586 2636 691 2683 ret.
716 2625 853 2694 Quid
881 2635 1060 2681 autem
1090 2625 1333 2695 superius
1358 2625 1468 2680 Deo
1484 2624 1791 2703 judicante,
1831 2633 1885 2681 et
1912 2626 2038 2699 quid
2081 2624 2175 2682 de-

582 2717 850 2791 spsntius
880 2717 1100 2773 nomine
1120 2716 1415 2788 peccante?
1437 2716 1528 2787 qui
1554 2732 1613 2772 se
1650 2724 1797 2772 tanto
1822 2718 1989 2798 magis
2014 2726 2174 2774 tuen-

580 2811 714 2868 dum
736 2819 794 2867 et
816 2809 1207 2882 subjugandum
1230 2808 1484 2880 superbis
1501 2809 1851 2880 potestatibus
1875 2809 2174 2879 addixerat,

584 2921 706 2977 qum
730 2902 1034 2959 beatiﬁcare
1063 2916 1171 2956 non
1209 2909 1466 2970 possunt,
1486 2911 1690 2970 quanto
1716 2901 1885 2972 magis
1916 2901 2175 2973 despera-

586 3003 738 3051 verat
774 3008 933 3066 posse
952 2992 1037 3047 sui
1062 3006 1245 3047 curam
1285 2992 1398 3062 geri
1428 2990 1497 3045 ab
1519 3004 1584 3046 ea
1628 3000 1888 3062 potestate
1910 3008 2030 3062 qnzc
2068 3007 2175 3048 non

588 3087 789 3145 malitia
826 3083 1066 3141 sublimis
1095 3096 1217 3139 esse
1246 3081 1392 3149 vult,
1414 3079 1513 3137 sed
1539 3080 1776 3137 bonitate
1801 3081 2044 3138 sublimis
2069 3091 2172 3139 est.

661 3177 715 3234 8.
747 3176 801 3233 Si
829 3189 959 3246 ergo
995 3174 1227 3229 maxime
1250 3182 1531 3243 propterea
1572 3171 1818 3229 Christus
1845 3171 2085 3241 advenit,
2114 3182 2178 3230 ut

584 3278 935 3343 cognosceret
962 3267 1122 3323 homo
1142 3274 1396 3337 quantum
1426 3279 1549 3321 eum
1570 3264 1757 3336 diligat
1780 3266 1949 3334 Deus;
1978 3275 2036 3323 et
2054 3267 2176 3323 ideo

587 3370 968 3432 cognosceret,
1002 3358 1143 3415 utin
1166 3357 1284 3427 ejus
1308 3357 1647 3417 dilectionem
1685 3372 1715 3411 a
1739 3372 1847 3429 quo
1870 3359 2019 3429 prior
2044 3358 2177 3415 (me.

584 3461 709 3509 etus
743 3460 846 3517 est,
881 3449 1271 3515 inaudeseeret,
1306 3449 1710 3519 proximumque
1748 3448 1841 3504 illo
1862 3449 2085 3520 iubente
2123 3458 2179 3507 et

586 3546 988 3603 demonstrante
1006 3542 1269 3613 diligeret,
1295 3542 1386 3612 qui
1404 3556 1511 3596 non
1538 3543 1836 3612 proximum
1862 3584 1879 3611 ,
1906 3543 2001 3600 sed
2020 3544 2177 3615 longe

590 3638 1019 3712 peregrinantem
1040 3634 1309 3706 diligendo
1328 3632 1501 3690 factus
1527 3642 1612 3690 est
1635 3635 1944 3705 proximus;
1973 3639 2178 3695 omnis-

590 3745 698 3802 que
715 3728 984 3799 Scriptura
1008 3726 1186 3787 divina
1202 3742 1323 3798 quae
1345 3736 1470 3783 ante
1489 3727 1688 3799 seripta
1707 3738 1809 3798 est,
1832 3730 1897 3785 ad
1924 3744 2176 3800 praenun-

586 3822 830 3883 tiandum
870 3820 1154 3879 adventum
1194 3820 1404 3877 Domini
1444 3822 1639 3892 scripta
1678 3830 1790 3888 est;
1828 3831 1884 3879 et
1919 3824 2177 3896 quidquid

590 3924 778 3987 postea
806 3912 1111 3969 mandatum
1138 3921 1222 3968 est
1239 3912 1433 3969 litteris
1461 3922 1517 3969 et
1545 3912 1721 3969 divina
1742 3916 2059 3972 auctoritate
2087 3918 2178 3972 ilr-

591 4014 815 4074 rnatum,
837 4002 1105 4062 Christum
1130 4012 1339 4069 narrat,
1362 4014 1422 4060 et
1444 4003 1782 4062 dilectionem
1809 4014 1991 4064 monet
2016 4026 2033 4063 :
2058 4022 2178 4064 ma-

592 4098 845 4156 nifestum
890 4104 975 4155 est
1018 4112 1125 4152 non
1165 4104 1369 4152 taan
1409 4105 1572 4152 totam
1612 4096 1806 4170 Legem
1846 4108 1902 4154 et
1942 4098 2179 4169 Prophe-

592 4199 678 4249 tas
710 4190 764 4247 in
785 4189 894 4246 illis
912 4187 1121 4249 duobus
1156 4187 1392 4258 pendere
1432 4190 1715 4260 praeceptis
1765 4188 2067 4247 dilectionis
2082 4192 2179 4248 Dei

590 4291 648 4345 et
668 4278 1119 4355 proximiﬂfauh.
1145 4295 1284 4348 χιιι,
1309 4277 1423 4353 ιθ),
1440 4280 1746 4352 quzadbuc
1769 4283 1883 4338 sola
1899 4283 2174 4356 Scriptura

590 4383 776 4433 saneta
802 4382 1062 4430 eratcum
1083 4371 1187 4435 hoe
1206 4372 1462 4429 Dominus
1481 4372 1705 4439 diceret,
1726 4375 1821 4430 sed
1848 4377 2008 4433 etiam
2034 4392 2180 4449 qum.

594 4478 826 4539 «mque
850 4464 1117 4537 posterius
1143 4463 1426 4520 salubriter
1451 4465 1749 4535 conscripta
1773 4465 1797 4501 δ
1825 4478 1948 4522 sunt
1971 4482 2178 4523 memo-

593 4562 793 4633 aviaeque
852 4557 1098 4618 mandata
1154 4556 1450 4613 divinarum
1510 4557 1777 4613 volumina
1838 4559 2174 4621 Litterarum.

594 4653 928 4723 Quapropter
947 4649 1002 4723 iu
1030 4650 1206 4707 Veteri
1236 4648 1580 4705 Testamento
1603 4657 1687 4704 est
1710 4650 1993 4708 occultatio
2021 4652 2173 4721 Novi,

595 4745 652 4805 in
687 4743 837 4801 Novo
861 4743 1201 4804 Testamento
1227 4749 1310 4799 est
1336 4739 1693 4798 mauii‘estatio
1720 4741 1945 4800 Veteris.
1972 4744 2179 4801 Secum

594 4834 723 4897 dum
748 4834 891 4897 illam
931 4834 1339 4897 occultationem
1363 4833 1652 4892 carnaliter
1674 4834 2030 4905 iutelligentes
2056 4852 2178 4894 ear-

594 4926 778 4993 naies.
805 4932 861 4988 et
895 4932 1021 4988 tunc
1057 4935 1112 4987 ot
1136 4942 1277 4986 nunc
1306 4926 1505 4998 νωτιαιί
1533 4926 1724 4989 timore
1744 4928 2010 5001 subjugatl
2032 4942 2175 4989 sunt.

593 5017 897 5087 mundum
920 5017 1247 5081 inuocantem
1272 5019 1759 5079 manifestationem
1775 5021 2100 5095 spirituales,
2124 5033 2181 5082 et

594 5124 724 5175 tune
747 5111 939 5183 quibus
968 5111 1054 5181 pie
1080 5112 1409 5181 pulsantibus
1433 5114 1593 5170 etiam
1625 5115 1834 5171 oocuita
1860 5126 2175 5187 patuerunt,

593 5214 651 5269 et
690 5220 835 5269 nunc
859 5204 950 5275 qui
978 5217 1085 5259 non
1114 5204 1343 5274 superbe
1377 5215 1661 5276 quarunt,
1704 5223 1774 5264 ne
1807 5211 1968 5266 etiam
1995 5227 2178 5285 aperta

591 5297 929 5365 claudantur,
955 5295 1303 5367 spiritualiter
1327 5299 1689 5370 intelligean
1705 5301 1897 5360 donata
1917 5305 2181 5365 charitato

592 5389 805 5457 liberati
822 5398 967 5451 sunt,
987 5387 1121 5456 Quia
1143 5403 1269 5459 ergo
1288 5389 1533 5447 eheritati
1564 5391 1699 5448 nihil
1724 5394 1999 5453 adversius
2016 5414 2179 5470 quam

593 5480 923 5551 invidentia;
952 5490 1123 5543 mater
1169 5490 1351 5541 autern
1397 5482 1698 5541 iuvidenlhe
1748 5489 1997 5558 superbi:
2036 5500 2119 5547 est
2159 5509 2181 5548 ζμ

654 5650 680 5727 ξ
693 5648 918 5727 uterique
1432 5658 1482 5704 et
1505 5659 1610 5705 Mss.
1638 5657 1865 5715 Vaticani.
1889 5655 2123 5720 plurim?

657 5688 918 5774 ξἐῗῐᾘῗ
934 5688 1173 5774 AT"
1182 5688 1405 5766 graia-5:5;

660 5771 683 5842 ξ
712 5781 918 5829 Veteres
940 5775 1068 5842 libri,
1092 5771 1430 5842 beneﬁcentiw.

662 5831 687 5865 δ
711 5842 816 5943 zAm.
842 5842 902 5885 Er
947 5845 996 5887 et
1020 5831 1185 5901 plures
1208 5831 1336 5903 διες,
1360 5847 1653 5892 ronsecrata.
1694 5842 1774 5892 alii
1797 5843 2036 5905 (111οΜ88.,
2063 5857 2179 5897 con-

662 5907 708 5943 :u
728 5910 775 5943 α.

597 5907 756 5947 tecum
764 5931 775 5945 .

1461 391 1547 447 DE
1583 386 2126 447 CATECHIZANDIS
2162 384 2478 458 RUDIBUS,
2516 387 2573 445 S.
2613 389 2982 448 AUGUSTINI
3703 402 3775 469 διο

2278 500 2425 561 idem
2448 504 2707 562 Dominus
2734 504 2892 563 Jesus
2921 502 3183 575 Christus,
3207 508 3345 577 Deus
3366 508 3552 589 homt).
3575 522 3624 581 et
3640 508 3774 585 divina

2276 593 2334 659 in
2362 611 2461 654 nos
2483 594 2781 661 dilectionis
2806 595 3061 657 indicium
3097 607 3215 679 est,
3241 608 3295 656 et
3331 598 3564 660 humanae
3585 608 3774 679 apud“

2280 685 2590 745 humilitatis
2618 689 2917 769 exemplum
2941 732 2960 769 ,
2985 697 3044 753 nt
3070 707 3290 769 magnus
3306 702 3482 761 tumor
3507 709 3666 756 noster
3696 720 3772 771 ma.

2274 780 2395 853 jore
2436 784 2703 845 contraria
2739 784 3003 845 medicina
3046 795 3342 843 sanaretur.
3382 788 3557 865 Magna
3589 804 3656 849 est
3681 799 3775 856 enim

2274 872 2513 939 miseria,
2544 876 2808 946 superbus
2832 876 3015 943 homo;
3042 878 3139 934 sed
3167 877 3338 953 major
3360 881 3699 955 misericordia,
3714 886 3776 945 hu-

2274 964 2422 1020 milis
2465 966 2626 1027 Deus.
2675 965 2790 1023 Hac
2834 982 2964 1042 ergo
3007 967 3293 1026 dilectione
3328 968 3419 1026 tibi
3466 972 3679 1049 tanquam
3710 980 3778 1038 ﬁne

2276 1057 2583 1128 proposito,
2626 1072 2734 1129 quo
2773 1058 2977 1116 referas
3014 1061 3192 1115 omnia
3235 1076 3354 1132 quae
3400 1061 3561 1132 dicis,
3596 1067 3779 1141 quidquid

2276 1163 2467 1206 narras
2496 1151 2568 1206 ita
2603 1166 2761 1207 narra
2782 1194 2797 1219 ,
2828 1160 2887 1207 ut
2914 1153 3003 1213 ille
3044 1154 3131 1209 cui
3160 1153 3395 1227 loqueris
3434 1156 3667 1221 audiendo
3700 1179 3778 1220 cre-

2279 1238 2400 1311 dat,
2431 1242 2700 1298 credendo
2729 1252 2927 1313 speret,
2956 1244 3220 1319 sperando
3241 1254 3405 1302 amet.

2348 1330 2577 1389 CAPUT
2608 1331 2669 1388 V.
2697 1364 2769 1374 -—
2795 1333 2848 1390 9.
2870 1333 3123 1391 Accedens
3150 1336 3219 1391 ad
3244 1337 3582 1395 catechismum
3607 1356 3775 1401 scrutat-

2280 1424 2375 1478 ἀίω
2399 1441 2498 1495 quo
2524 1426 2625 1495 ﬁne
2649 1417 2767 1480 uelit
2792 1426 2905 1497 ﬁeri
2928 1427 3251 1483 Christianus.
3282 1429 3360 1485 De
3389 1430 3497 1505 ipsa
3525 1430 3662 1487 etiam
3680 1450 3782 1492 seve-

2277 1517 2439 1573 ritate
2470 1517 2588 1585 Dei,
2616 1533 2717 1590 qua
2746 1518 2907 1574 corda
2934 1520 3237 1575 mortalium
3278 1520 3615 1579 saluberrimo
3639 1532 3781 1583 terrore

2280 1608 2623 1678 quatiuntur,
2655 1608 2890 1664 charitas
2920 1610 3229 1667 aediﬁcanda
3258 1618 3380 1678 est;
3430 1618 3485 1667 ut
3510 1613 3571 1669 ab
3600 1628 3654 1669 eo
3675 1632 3781 1687 quem

2280 1700 2454 1767 timet,
2484 1701 2650 1755 amari
2675 1715 2733 1757 se
2761 1701 3020 1773 gaudens,
3041 1717 3165 1759 eum
3187 1703 3465 1761 redamare
3491 1705 3674 1781 audeat,
3695 1707 3783 1782 ejus-

2280 1807 2384 1865 que
2412 1793 2467 1848 in
2501 1783 2577 1850 se
2612 1791 2908 1861 dilectioni,
2956 1796 3168 1851 etiamsi
3213 1794 3430 1869 impune
3455 1808 3636 1871 posset,
3660 1808 3783 1857 tamen

2278 1881 2567 1956 displicere
2596 1894 2865 1941 vereatur.
2915 1884 3208 1943 Rarissime
3257 1888 3455 1961 quippe
3498 1886 3783 1961 accidit,imo

2280 1989 2411 2031 vero
2437 1989 2727 2046 nunquam,
2759 1986 2818 2031 ut
2845 1976 3129 2049 quisquam
3159 1979 3342 2034 veniat
3365 1979 3546 2037 volens
3572 1979 3668 2036 fieri
3686 1978 3783 2039 chri-

2280 2072 2507 2137 stianus,
2540 2070 2629 2141 qui
2656 2085 2762 2125 non
2803 2069 2872 2125 sit
2910 2069 3088 2143 aliquo
3117 2070 3213 2127 Dei
3241 2073 3438 2129 timore
3474 2072 3719 2151 perculsus.
3748 2072 3783 2130 Si

2282 2164 2423 2231 enim
2453 2161 2668 2237 aliquod
2688 2161 3026 2219 commodum
3054 2164 3421 2237 exspectando
3449 2162 3513 2222 ab
3537 2152 3784 2236 hominibus,

2281 2254 2475 2326 quibus
2514 2268 2573 2310 se
2618 2254 2774 2311 aliter
2811 2252 3132 2326 placiturum
3171 2272 3279 2311 non
3327 2264 3492 2330 putat,
3522 2263 3604 2313 aut
3635 2254 3785 2328 aliquod

2281 2344 2349 2401 ab
2375 2345 2681 2401 hominibus
2710 2344 3103 2401 incommodum
3126 2344 3436 2413 devitando,
3458 2364 3656 2421 quorum
3675 2344 3785 2403 clien-

2280 2435 2489 2492 sionem
2517 2447 2609 2492 aut
2643 2437 2947 2495 inimicitias
2972 2436 3309 2506 reformidat,
3341 2440 3455 2495 vult
3482 2438 3590 2499 fieri
3611 2437 3785 2495 christia-

2278 2543 2417 2595 uus;
2449 2544 2556 2584 non
2589 2527 2705 2585 fieri
2732 2529 2845 2585 vult
2883 2531 3062 2602 potius
3096 2544 3258 2602 quam
3290 2531 3508 2604 lingere.
3536 2527 3671 2590 Fides
3688 2531 3782 2587 enim

2280 2633 2387 2677 non
2417 2635 2505 2677 res
2530 2630 2613 2677 est
2636 2620 2916 2678 salutantls
2942 2624 2958 2655 ί
2977 2623 3234 2695 corporis,
3261 2624 3363 2681 sed
3389 2622 3639 2681 credentis
3657 2622 3781 2680 animi.

2279 2712 2387 2769 Sed
2417 2713 2575 2785 plane
2608 2729 2752 2786 saepe
2781 2713 2933 2771 adeSt
2972 2716 3343 2774 misericordia
3374 2716 3466 2775 Dei
3494 2734 3581 2790 per
3612 2718 3781 2775 ministe-

2280 2806 2421 2861 rium
2462 2809 2863 2875 catechizantis,
2896 2818 2956 2864 ut
2981 2821 3229 2867 sermone
3274 2821 3567 2871 commotus
3596 2811 3687 2885 jam
3711 2808 3782 2871 ﬁeri

2281 2896 2415 2951 velit
2441 2896 2583 2968 quod
2613 2898 2925 2955 decreverat
2951 2899 3150 2971 lingere
3179 2919 3193 2957 :
3221 2903 3369 2975 quod
3393 2918 3510 2960 cum
3529 2898 3647 2960 velle
3667 2917 3786 2975 cmpt-

2281 2986 2372 3051 rit,
2408 2996 2534 3043 tunc
2562 3003 2686 3044 eum
2718 2992 2929 3047 venisse
2956 2984 3299 3063 deputemus.
3351 2996 3418 3051 Et
3445 2995 3677 3051 occultum
3707 2990 3784 3065 qui-

2281 3076 2403 3133 dem
2448 3077 2602 3134 nobis
2651 3086 2734 3135 est
2777 3076 3035 3153 quando'
3070 3080 3248 3139 veniat
3297 3085 3494 3153 animo,
3537 3099 3671 3157 quem
3698 3078 3770 3154 jam

2284 3183 2516 3241 corpore
2549 3181 2867 3242 praesentem
2893 3172 3136 3230 videmus
3166 3195 3179 3231 ε
3210 3174 3309 3232 sed
3340 3187 3512 3235 tamen
3549 3179 3617 3234 sic
3638 3191 3725 3235 cum
3743 3188 3785 3229 eo

2282 3259 2540 3317 debemus
2566 3276 2746 3333 agere,
2779 3273 2835 3319 ut
2864 3263 2955 3320 flat
2982 3261 3036 3320 ln
3080 3262 3171 3321 illo
3200 3264 3319 3322 inec
3358 3269 3618 3336 voluntas,
3644 3258 3786 3323 (etiam!

2282 3364 2391 3408 non
2417 3360 2516 3408 est.
2558 3352 2700 3408 Nihil
2739 3353 2879 3411 enim
2914 3350 3152 3427 deperit,
3198 3356 3415 3430 quando
3452 3362 3493 3417 sl
3529 3370 3628 3425 est,
3662 3359 3785 3433 utique

2285 3444 2379 3498 tali
2408 3453 2593 3500 nostra
2638 3434 2851 3503 actione
2897 3450 3156 3518 firmatur,
3189 3455 3435 3521 quamvis
3462 3466 3561 3531 quo
3599 3456 3783 3521 tempore.

2282 3535 2369 3591 vel
2399 3550 2502 3607 qua
2534 3536 2663 3592 hora
2698 3538 2949 3612 cmperit,
2984 3540 3312 3613 ignoremus.
3360 3542 3495 3602 Utile
3522 3552 3596 3602 est
3629 3554 3726 3600 sane
3751 3547 3789 3595 ut

2283 3640 2712 3698 prmmoneamur
2751 3639 2905 3686 antea
2927 3670 2943 3699 ,
2984 3628 3029 3687 si
3058 3628 3173 3688 fieri
3205 3644 3384 3705 poteSt
3405 3680 3419 3704 ,
3448 3632 3510 3692 ab
3536 3630 3591 3691 Iis
3616 3635 3686 3706 qui
3705 3642 3785 3688 eum

2281 3727 2515 3789 norunt,
2565 3722 2617 3777 in
2663 3736 2769 3794 quo
2819 3727 2956 3779 statu
2994 3724 3156 3780 animi
3198 3728 3306 3794 sit,
3337 3726 3419 3784 vel
3465 3724 3637 3801 quibus
3669 3720 3787 3780 causis

2285 3820 2586 3867 commotus
2609 3811 2677 3868 ad
2704 3813 3095 3885 suscipiendam
3120 3815 3437 3888 religionem
3461 3817 3662 3875 venerit.
3684 3810 3787 3883 Quod

2283 3905 2329 3962 si
2357 3905 2584 3963 defuerit
2611 3907 2747 3964 alius
2790 3916 2820 3963 a
2848 3922 2955 3981 quo
2982 3907 3036 3965 id
3079 3911 3409 3980 noverimus,
3442 3912 3589 3969 etiam
3615 3906 3705 3981 ipse
3734 3905 3786 3959 ἱιιο

2283 4000 2634 4071 terrogandus
2659 4006 2743 4056 est
2761 4043 2776 4070 ,
2805 4010 2865 4057 ut
2887 4014 2952 4058 ex
2983 4018 3051 4059 eo
3080 4002 3221 4075 quod
3252 4003 3581 4083 responderit
3603 4003 3788 4060 «luamus

2283 4094 2546 4150 sermonis
2588 4094 2884 4151 exordium.
2942 4094 3050 4152 Sed
3098 4096 3145 4152 si
3191 4093 3316 4156 ﬁcto
3363 4107 3567 4172 pectore
3610 4089 3784 4154 accessit.

2284 4185 2517 4243 humana
2541 4187 2820 4244 commoda
2859 4189 3081 4261 cupiens
3103 4232 3119 4254 .
3146 4188 3231 4249 vel
3273 4184 3599 4250 incommoda
3622 4182 3783 4260 fugiens,

2283 4274 2471 4353 utique
2498 4281 2817 4339 mentiturus
2842 4291 2926 4340 est
2957 4301 2973 4340 :
3002 4290 3183 4342 tamen
3209 4300 3276 4343 ex
3307 4300 3373 4344 eo
3402 4282 3513 4360 ipso
3539 4278 3661 4358 quod
3683 4288 3785 4336 men-

2284 4372 2451 4442 titur,
2482 4373 2796 4443 capiendum
2835 4384 2919 4431 est
2962 4374 3321 4449 principium;
3368 4394 3470 4434 non
3500 4383 3555 4433 ut
3586 4366 3788 4431 refellatur

2284 4462 2403 4532 ejus
2447 4464 2821 4533 mendacium,
2870 4467 3024 4537 quasi
3069 4464 3162 4524 tibi
3200 4476 3406 4525 certum
3450 4463 3533 4534 sit,
3575 4458 3655 4523 sed
3688 4467 3731 4515 ιιι
3757 4454 3786 4512 εί

2284 4552 2480 4610 dixerit
2504 4568 2571 4609 eo
2599 4554 2875 4625 proposito
2911 4570 2972 4613 se
2999 4558 3215 4616 venisse
3239 4559 3382 4631 quod
3408 4572 3533 4616 vere
3555 4546 3783 4629 approbau-

2284 4644 2415 4702 dum
2452 4654 2555 4713 est,
2604 4647 2721 4703 sive
2757 4648 2847 4706 ille
2872 4660 3056 4705 verum
3089 4650 3205 4707 sive
3244 4650 3437 4709 falsum
3461 4646 3605 4716 dicit,
3633 4642 3717 4702 tale
3734 4650 3786 4695 ta-

2284 4748 2411 4794 men
2437 4740 2771 4810 propositum
2813 4740 2961 4812 quali
2995 4752 3057 4798 se
3092 4742 3305 4800 venisse
3346 4741 3629 4816 respondit,
3650 4743 3789 4806 ερρω-

2283 4827 2479 4885 bantes
2511 4836 2672 4901 atque
2712 4830 3011 4900 laudantes,
3040 4832 3299 4890 faciams
3325 4847 3445 4890 eum
3468 4824 3786 4889 deicetaricssc

2284 4932 2347 4976 se
2369 4920 2550 4989 talem,
2575 4922 2784 4992 qualem
2810 4920 2981 4979 videri
3007 4926 3171 4996 cupit.
3198 4925 3255 4983 Si
3279 4934 3459 4983 autem
3477 4920 3605 4980 aliud
3628 4912 3781 4975 dixerit.

2285 5025 2447 5082 qum
2485 5022 2699 5082 (ἱροί-τοι
2721 5025 2847 5070 esse
2874 5014 2927 5070 in
2954 5015 3136 5072 animo
3162 5017 3280 5088 ejus
3307 5018 3396 5089 qui
3436 5011 3686 5071 christiana
3716 5001 3786 5056 Me
3858 5010 3859 5059 ί

2286 5104 2613 5162 imbuendus
2655 5115 2771 5175 est;
2822 5104 3067 5165 Manilius
3113 5119 3169 5167 et
3210 5112 3386 5169 tenuis
3426 5095 3785 5181 γερνὼθυάοπάο

2285 5202 2537 5265 tanquam
2565 5197 2757 5253 rudem
2784 5206 2841 5254 et
2877 5199 3118 5270 ignarum
3137 5238 3154 5269 ,
3185 5210 3241 5258 et
3277 5188 3781 5258 christianum

2286 5286 2450 5343 ﬁnem
2501 5288 2849 5345 verissimum
2911 5290 3331 5349 demonutatllo
3381 5299 3533 5362 atque
3583 5273 3785 5339 W

2285 5378 2521 5435 breviter
2549 5390 2604 5435 et
2630 5383 2883 5451 graviter,
2909 5397 2977 5438 ne
3004 5393 3097 5438 aut
3123 5393 3362 5455 tempora
3385 5382 3564 5438 futurae
3586 5366 3783 5431 ιιπηιὶο·

2285 5471 2369 5526 nis
2415 5485 2680 5543 occupes,
2729 5480 2821 5541 aut
2867 5488 2985 5541 eam
3034 5491 3140 5530 non
3190 5476 3335 5548 prius
3382 5473 3625 5529 satietate
3652 5458 3781 5517 animo

2285 5563 2489 5622 audeas
2528 5562 2827 5635 imponere,
2872 5563 3045 5623 facias
3087 5582 3213 5624 eum
3257 5565 3395 5637 velle
3439 5559 3571 5636 quod
3605 5559 3681 5613 alii
3717 5555 3783 5619 9“

2350 5663 2522 5734 {sum
2652 5670 2710 5734 et
2733 5669 2866 5734 tam,
2905 5663 3140 5734 εαιηωιάί.
3187 5663 3402 5734 sanguini
3440 5638 3783 5734 manca-lg

2285 5712 2497 5798 Quidam,
2514 5712 2757 5798 ωιωπιῖει
2774 5712 2867 5798 Sed
2882 5712 3119 5798 ,ὀπέέῆγῖ
3589 5712 3778 5798 Ξειέῗι
3806 5734 3814 5757 ‘

2288 5775 2502 5862 eam
3473 5775 3779 5837 είκαεωω

2287 5857 2434 5911 gestu
2458 5850 2787 5912 signiﬁcantis.

2351 5914 2372 5942 ι
2404 5912 2476 5959 sic
2502 5921 2603 5960 ira.
2630 5917 2702 5959 Fr.
2732 5919 2779 5961 ct
2803 5918 2911 5963 Mss.
2943 5920 2993 5964 at
3015 5920 3144 5978 hom,
3170 5926 3276 5981 quo.
