3882 6286
556 357 665 418 519

551 471 774 529 rudibus
815 467 1148 541 indoctisque
1176 463 1485 522 inculcanda
1528 470 1654 518 sunt
1691 478 1704 515 :
1757 467 1816 515 ut
1862 456 1961 513 etsi
2007 452 2136 527 quid

552 565 702 621 novit
725 564 965 621 eruditus
1003 561 1123 629 iste,
1156 574 1263 615 non
1307 567 1554 629 tanquam
1582 571 1613 611 a
1650 554 1870 610 doctore
1916 549 2136 615 audiat;

553 664 610 712 et
637 655 683 712 si
722 654 846 727 quid
889 653 1061 709 adhuc
1101 651 1376 724 ignorat‘,
1404 649 1534 704 dum
1564 662 1626 703 ea
1653 653 2137 701 commemoramus

557 764 678 820 qua
702 747 848 803 illum
875 760 1033 802 nosse
1053 745 1163 817 jam
1190 742 1479 807 credimus,
1508 739 1701 795 discat.
1732 735 1841 791 Nec
1866 735 1980 805 ipse
2009 747 2141 788 sane

556 841 816 898 inutiliter
861 840 1251 911 interrogatur,
1300 836 1492 908 quibus
1537 832 1700 889 rebus
1749 838 1928 885 motus
1972 827 2041 883 sit
2085 832 2143 879 ut

554 932 684 989 velit
702 947 820 988 esse
840 930 1198 987 christianus:
1228 937 1286 984 ut
1309 928 1352 982 si
1383 926 1532 982 libris
1558 925 1605 981 ei
1632 936 1946 996 persuasum
1973 920 1995 951 ¹
2023 932 2144 974 esse

558 1023 778 1090 videris,
826 1024 940 1078 sive
988 1019 1278 1085 canonicis,
1305 1018 1418 1074 sive
1446 1016 1652 1071 utilium
1681 1021 2044 1076 tractatorum,
2075 1008 2143 1064 de

559 1113 647 1170 his
682 1111 880 1185 aliquid
910 1112 963 1168 in
1003 1110 1268 1183 principio
1306 1107 1560 1179 loquaris,
1593 1103 1899 1161 collaudans
1926 1115 2020 1156 eos
2046 1113 2143 1170 pro

559 1206 865 1263 diversitate
892 1205 1206 1260 meritorum
1235 1200 1507 1257 canonica
1542 1195 1872 1253 auctoritatis
1896 1202 1951 1249 et
1979 1206 2145 1263 expo-

560 1298 801 1353 nentium
830 1296 851 1329 ⁸
878 1294 1241 1352 solertissima
1265 1291 1550 1363 diligentia
1574 1306 1589 1356 ;
1626 1287 1963 1357 maximeque
1990 1296 2142 1337 com-

563 1389 822 1447 mendans
851 1389 905 1444 in
932 1385 1221 1458 Scripturis
1261 1384 1533 1441 canonicis
1560 1379 1884 1437 admiranda
1909 1374 2144 1458 altitudi—

557 1481 643 1538 nis
691 1456 1100 1537 saluberrimam
1145 1476 1522 1542 humilitatem,
1570 1474 1621 1528 in
1670 1472 1776 1527 illis
1821 1480 1998 1526 autem
2049 1456 2144 1539 pro

457 1590 463 1596 '
556 1590 654 1631 sua
694 1575 953 1646 cujusque
999 1570 1251 1628 facultate
1294 1576 1476 1641 aptum
1505 1564 1922 1638 superbioribus,
1954 1571 2006 1618 et
2047 1576 2144 1631 per

558 1669 660 1726 hoc
698 1667 1080 1725 iniirmioribus
1106 1665 1297 1721 animis
1315 1704 1330 1729 ,
1358 1663 1538 1719 stilum
1566 1658 1888 1716 sonantioris
1913 1663 1968 1712 et
1992 1653 2145 1725 quasi

556 1761 865 1820 tornatioris
909 1759 1106 1831 eloquii
1147 1757 1192 1812 ⁸.
1241 1756 1382 1813 Sane
1422 1754 1581 1809 etiam
1625 1747 2028 1822 exprimendum
2076 1745 2146 1801 de

560 1856 655 1911 illo
681 1862 765 1910 est
805 1861 863 1909 ut
903 1851 1103 1908 indicet
1144 1863 1304 1921 quem
1342 1848 1573 1903 maxime
1614 1844 1823 1916 legerit.
1856 1850 1910 1897 et
1951 1839 2144 1912 quibus

561 1946 714 2001 libris
738 1942 1054 1999 familiarius
1095 1940 1385 2006 inhaserit,
1419 1937 1561 1994 unde
1596 1936 1673 1992 illi
1711 1948 2023 2007 persuasum
2062 1940 2147 1987 est

561 2045 621 2091 ut
648 2035 843 2092 sociari
866 2035 1027 2091 vellet
1051 2032 1326 2089 Ecclesia.
1355 2029 1509 2098 Quod
1538 2043 1661 2085 cum
1692 2026 1908 2094 dixerit,
1947 2033 2058 2080 tum
2099 2024 2145 2080 si

557 2127 713 2183 nobis
741 2127 852 2183 noti
876 2133 999 2181 sunt
1022 2124 1098 2181 illi
1128 2123 1270 2191 libri,
1293 2130 1385 2178 aut
1402 2118 1763 2177 ecclesiastica
1790 2116 1930 2172 fama
1955 2117 2146 2171 saltem

561 2219 864 2290 accepimus
906 2232 936 2272 a
974 2215 1238 2273 catholico
1278 2214 1455 2285 aliquo
1498 2210 1829 2267 memorabili
1868 2209 1985 2263 viro
2026 2221 2146 2263 esse

562 2313 917 2383 conscriptos,
945 2309 1055 2366 lati
1096 2308 1475 2380 approbemus.
1521 2302 1576 2361 Si
1604 2311 1782 2359 autem
1826 2302 1879 2357 in
1920 2299 2145 2371 alicujus

565 2403 800 2460 haretici
841 2400 1107 2458 volumina
1151 2397 1408 2465 incurrit,
1440 2405 1495 2452 et
1536 2394 1782 2451 nesciens
1823 2391 1961 2447 forte
2004 2388 2146 2460 quod

556 2509 683 2551 vera
727 2493 861 2550 fides
908 2491 1193 2563 improbat,
1243 2488 1414 2545 tenuit
1462 2487 1680 2552 animo,
1726 2492 1782 2541 et
1821 2480 2145 2538 catholicum

557 2601 677 2642 esse
703 2586 1024 2650 arbitratur;
1050 2568 1237 2639 sedulo
1263 2579 1569 2637 edocendus
1592 2584 1694 2642 est,
1725 2576 1940 2647 pralata
1962 2581 2147 2629 aucto-

556 2680 715 2736 ritate
738 2678 1055 2734 universalis
1078 2674 1334 2732 Ecclesia
1356 2673 1689 2742 aliorumque
1712 2660 2146 2725 doctissimorum

564 2772 842 2828 hominum
866 2778 921 2827 et
961 2768 1407 2841 disputationibus
1445 2774 1501 2822 et
1540 2763 1921 2834 scriptionibus
1948 2761 2000 2816 in
2031 2762 2146 2832 ejus

565 2866 789 2922 veritate
828 2863 1155 2920 florentium.
1201 2862 1513 2931 Quanquam
1554 2866 1608 2914 et
1649 2856 1727 2911 illi
1769 2857 1858 2927 qui
1900 2854 2146 2910 catholici

558 2971 631 3012 ex
656 2955 757 3010 hac
779 2954 887 3009 vita
911 2954 1227 3024 migrarunt,
1256 2962 1310 3007 et
1335 2948 1535 3021 aliquid
1576 2948 1875 3003 litterarum
1901 2945 2147 3001 christia-

559 3061 748 3102 narum
775 3044 1006 3116 posteris
1043 3043 1407 3114 reliquerunt,
1436 3040 1490 3095 in
1518 3038 1832 3110 quibusdam
1857 3037 1991 3093 locis
2016 3050 2149 3107 opu-

560 3137 829 3193 sculorum
875 3150 1116 3203 suorum,
1145 3134 1233 3190 vel
1271 3148 1376 3189 non
1424 3130 1700 3197 intellemi,
1741 3129 1824 3185 vel
1865 3129 2021 3184 sicuti
2065 3137 2149 3184 est

560 3230 793 3286 humana
821 3229 1122 3294 infirmitas,
1167 3226 1343 3282 minus
1365 3224 1605 3279 valentes
1630 3222 1746 3278 acie
1772 3221 1968 3277 mentis
1996 3219 2147 3276 abdi—

566 3323 701 3376 tiora
742 3328 1063 3392 penetrare,
1111 3325 1168 3373 et
1212 3315 1325 3371 veri
1375 3313 1720 3370 similitudine
1764 3313 2076 3368 aberrantes
2115 3327 2147 3367 a

561 3412 806 3477 veritate,
836 3407 1311 3481 prasumptoribus
1340 3413 1394 3462 et
1416 3404 1708 3461 audacibus
1733 3402 1952 3459 fuerunt
1986 3417 2143 3458 occa-

561 3505 699 3561 sioni
731 3503 797 3560 ad
823 3503 1054 3574 aliquam
1099 3501 1342 3555 haresim
1369 3497 1695 3554 moliendam
1728 3503 1887 3567 atque
1920 3497 2146 3567 gignen-

561 3596 707 3651 dam.
734 3594 886 3663 Quod
918 3594 1110 3648 mirum
1155 3607 1261 3646 non
1300 3598 1403 3659 est,
1432 3604 1555 3644 cum
1596 3588 1663 3644 de
1706 3588 1836 3660 ipsis
1878 3587 2149 3643 canonicis

564 3686 803 3756 Litteris,
833 3686 923 3742 ubi
949 3684 1127 3741 omnia
1150 3682 1434 3739 sanissimc
1463 3680 1604 3738 dicta
1629 3691 1770 3747 sunt,
1804 3693 1909 3735 non
1934 3680 2148 3751 quidem

565 3780 720 3835 aliter
763 3776 1073 3848 accipiendo
1098 3774 1363 3848 quaedam,
1389 3788 1548 3845 quam
1573 3773 1659 3828 vel
1688 3772 1918 3843 scriptor
1959 3773 2146 3840 sensit,

563 3872 651 3927 vel
675 3885 735 3926 se
762 3871 877 3940 ipsa
905 3868 1103 3925 veritas
1134 3866 1334 3933 habet;
1365 3865 1511 3938 (nam
1552 3865 1596 3920 si
1637 3863 1738 3919 hoc
1776 3863 1948 3918 solum
1984 3872 2150 3932 esset,

564 3964 685 4035 quis
711 3976 818 4017 non
842 3960 1089 4018 humana
1128 3957 1423 4013 inﬁrmitati
1448 3956 1515 4011 ad
1547 3954 1921 4027 corrigendum
1951 3964 2153 4026 parata

563 4055 795 4112 libenter
820 4048 1191 4124 ignosceret?)
1222 4048 1315 4104 sed
1344 4046 1396 4103 id
1421 4045 1561 4118 quod
1598 4060 1847 4116 perverse
1886 4060 1951 4101 ac
1989 4059 2154 4117 prave

565 4146 768 4220 opinati
792 4154 936 4213 sunt,
964 4141 1303 4199 animositate
1339 4138 1598 4195 acerrima
1626 4147 1683 4194 et
1708 4137 1969 4208 pervicaci
1998 4151 2150 4193 arro-

562 4240 741 4312 gantia
760 4235 1165 4300 defensitantes,
1189 4230 1341 4286 multi
1364 4230 1529 4285 multa
1553 4228 1853 4300 perniciosa
1879 4227 2151 4299 dogmata,

566 4329 783 4387 concisa
804 4324 1196 4383 communionis
1222 4322 1425 4377 unitate
1451 4329 1791 4392 pepererunt.
1819 4320 1946 4375 Haec
1973 4320 2154 4375 omnia

566 4437 690 4479 cum
734 4420 828 4475 illo
869 4416 961 4488 qui
1004 4414 1071 4471 ad
1117 4413 1428 4469 societatem
1474 4410 1655 4482 populi
1698 4410 1996 4476 christiani,
2044 4426 2154 4467 non

566 4517 753 4582 idiota,
782 4521 837 4567 ut
872 4510 1041 4575 aiunt,
1063 4506 1157 4563 sed
1186 4506 1466 4561 doctorum
1502 4502 1654 4558 libris
1688 4501 1960 4573 expolitus
1994 4511 2156 4574 atque

492 4592 505 4605 ”
566 4608 811 4665 excultus
839 4602 1062 4666 accedit,
1108 4598 1349 4655 modesta
1383 4596 1668 4652 collatione
1696 4595 1969 4650 tractanda
1993 4604 2151 4651 sunt:

568 4708 774 4755 tantum
803 4703 1074 4766 assumpta
1118 4687 1458 4761 praeipiendi
1503 4686 1839 4752 auctoritate,
1869 4696 1926 4741 ut
1968 4697 2157 4743 caveat

568 4789 998 4865 prasumptionis
1022 4799 1274 4851 errores;
1319 4788 1575 4853 quantum
1599 4779 1716 4849 ejus
1740 4777 2010 4834 humilitas
2035 4794 2157 4850 qua

570 4883 725 4941 illum
765 4879 1004 4944 adduxit,
1034 4878 1140 4949 iam
1185 4876 1414 4932 sentitur
1442 4872 1749 4928 admittere.
1790 4870 1998 4926 Caetera
2025 4886 2156 4926 vero

568 4972 861 5032 secundum
903 4971 1117 5041 regulas
1158 4967 1417 5024 doctrinae
1462 4965 1732 5032 salutaris,
1776 4963 1889 5019 sive
1918 4962 1985 5018 de
2027 4961 2151 5030 fide,

568 5077 921 5138 quaecumque
964 5057 1229 5115 narranda
1259 5056 1344 5112 vel
1392 5054 1704 5111 disserenda
1748 5061 1890 5120 sunt,
1932 5054 2044 5109 sive
2087 5054 2157 5110 de

569 5158 832 5223 moribus,
859 5154 974 5210 sive
997 5151 1065 5207 de
1095 5147 1494 5211 tentationibus,
1517 5162 1584 5203 eo
1610 5144 1769 5201 modo
1796 5145 2157 5216 percurrendo

570 5266 679 5324 quo
722 5247 855 5316 dixi,
900 5243 967 5300 ad
1014 5242 1158 5298 illam
1202 5237 1772 5310 supereminentiorem
1800 5238 1940 5293 viam
1977 5237 2155 5294 omnia

570 5339 851 5402 referenda
889 5344 1034 5393 sunt.

666 5429 895 5491 CAPUT
934 5427 1026 5485 IX.
1060 5455 1132 5469 -—
1168 5425 1257 5482 13.
1298 5420 1628 5478 Grammatici
1664 5431 1712 5476 et
1767 5432 1990 5477 oratores
2027 5439 2156 5494 qua-

634 5573 652 5605 :
677 5568 797 5619 ωίιί
812 5602 828 5630 ,
867 5569 915 5618 ει
957 5562 1002 5617 si
1045 5559 1165 5628 quid
1197 5558 1320 5625 forte
1349 5555 1513 5610 adhuc
1555 5556 1763 5624 ignora.
1812 5559 1983 5619 Abest,
2016 5559 2157 5622 forte,

571 5641 1576 5753 ’ψωηιιεᾷιίὺτίηωῃρενωαδηῃ

637 5762 660 5793 ι
692 5743 861 5806 Plures
1111 5756 1163 5819 et
1178 5747 1244 5798 ad
1262 5743 1631 5819 exponendum.

637 5821 659 5854 δ
691 5825 825 5879 tam,
846 5812 1102 5867 σηπιιὶοὼ
1117 5810 1309 5876 eloquii.

2570 244 2707 269 Mr
2826 239 2864 249 ”“’
3324 257 3456 269 νλ,,μ.

3276 268 3329 279 ,μ

1415 347 1505 406 DE
1540 338 2084 405 CATECHIZANDIS
2123 337 2443 405 RUDIBUS,
2485 336 2544 392 S.
2587 334 2959 394 AUGUSTINI
3684 348 3762 409 ω

2245 452 2396 506 modo
2423 452 2692 507 tractandi.
2726 451 2837 508 Vox
2855 454 2925 507 ad
2948 469 3096 509 aures
3112 453 3231 522 Dei,
3255 455 3414 511 aninti
3437 455 3645 526 aleam.
3666 463 3759 524 sunt

2247 543 2374 599 item
2403 543 2615 615 quidam
2641 542 2709 599 de
2746 544 2944 600 scholis
2968 544 3333 603 usitatissimis
3367 553 3760 619 grammaticorum

2245 646 2624 708 oratorumque
2658 639 2970 707 venientes,
2999 654 3131 711 quos
3157 656 3340 713 neque
3367 642 3503 699 inter
3523 645 3685 705 idiotas
3698 668 3763 709 nu-

2245 745 2455 787 merare
2470 729 2689 798 audeas,
2709 746 2883 803 neque
2911 732 3050 788 inter
3075 733 3195 790 illos
3218 735 3570 809 doctissimos,
3597 758 3764 812 quorum

2249 836 2399 878 mens
2430 838 2741 894 magnarum
2773 839 2953 880 rerum
2980 834 3062 880 est
3098 828 3393 883 exercitata
3434 832 3764 900 quaestionibus.

2246 913 2341 971 His
2367 931 2494 987 ergo
2539 916 2627 986 qui
2654 916 2904 987 loquendi
2933 924 3050 974 arte
3087 919 3301 975 caeteris
3330 919 3619 980 hominibus
3639 930 3782 987 excel-I

2248 1006 2359 1062 lere
2400 1007 2669 1074 videntur,
2710 985 2832 1063 cum
2869 1010 3093 1065 veniunt
3126 1020 3185 1066 ut
3221 1011 3505 1068 christiani
3542 1015 3668 1083 fiant,
3699 985 3782 1079 hoc:

2248 1114 2331 1152 am
2341 1100 2475 1169 plins
2491 1116 2651 1171 quam
2666 1101 2769 1156 illis
2792 1100 3081 1158 illitteratis
3102 1103 3385 1175 impertire
3403 1104 3656 1176 debemus,
3669 1114 3769 1182 quod

2249 1190 2436 1245 sedulo
2465 1190 2719 1248 monendi
2748 1202 2871 1249 sunt
2901 1203 2959 1248 ut
2985 1194 3288 1250 humilitate
3316 1196 3487 1251 induti
3512 1198 3768 1271 christiana,

2248 1284 2455 1339 discant
2485 1299 2591 1340 non
2619 1285 2967 1343 contemnere
2993 1303 3130 1359 quos
3159 1291 3511 1361 cognoverint
3533 1299 3770 1351 morumvi-

2248 1376 2321 1429 tia
2347 1391 2507 1446 quam
2535 1378 2818 1433 verborum
2848 1380 3075 1450 amplius
3099 1381 3383 1451 devitare;
3424 1392 3480 1440 et
3519 1387 3650 1442 cordi
3668 1401 3770 1447 casto

2249 1467 2481 1539 linguam
2519 1471 2860 1526 exercitatam
2902 1488 3002 1529 nec
3038 1472 3290 1530 conferre
3335 1476 3353 1507 ¹
3378 1475 3632 1548 audeant,
3659 1498 3769 1552 quam

2250 1560 2409 1615 etiam
2441 1561 2695 1632 praferre
2719 1574 3129 1621 consueverant.
3160 1566 3393 1624 Maxime
3419 1577 3588 1625 autem
3618 1573 3688 1627 isti
3707 1574 3773 1631 do.

2250 1652 2403 1709 cendi
2431 1664 2557 1710 sunt
2584 1654 2886 1727 Scripturas
2912 1658 3099 1715 audire
3139 1659 3372 1729 divinas,
3405 1678 3472 1717 ne
3513 1664 3697 1721 sordeat
3720 1671 3772 1724 eis

2250 1746 2477 1801 solidum
2517 1747 2805 1818 eloquium,
2836 1750 2961 1820 quia
2989 1766 3096 1806 non
3124 1760 3207 1808 est
3238 1751 3515 1821 inﬂatum;
3545 1770 3692 1827 neque
3717 1774 3773 1813 ar-

2249 1838 2516 1895 bitrentur
2570 1842 2877 1898 carnalibus
2937 1844 3323 1916 integumentis
3389 1847 3609 1904 involuta
3661 1860 3771 1921 atque

2250 1941 2433 2002 operta
2462 1933 2603 1990 dicta
2632 1935 2716 1991 vel
2746 1935 2887 1992 facta
2917 1936 3210 2006 hominum,
3234 1955 3359 2011 qua
3384 1939 3438 1995 in
3464 1941 3564 1996 illis
3583 1940 3706 1997 libris
3726 1944 3775 1997 le-

2250 2035 2465 2097 guntur,
2495 2042 2604 2082 non
2634 2029 2928 2084 evolvenda
2957 2038 3116 2101 atque
3144 2030 3437 2102 aperienda
3462 2041 3519 2087 ut
3543 2033 3772 2104 intelligan-

2250 2123 2359 2184 tur,
2390 2116 2485 2173 sed
2515 2117 2593 2173 sic
2620 2119 2924 2190 accipienda
2954 2129 3013 2175 ut
3042 2121 3236 2177 littera
3274 2130 3500 2186 sonant;
3528 2122 3676 2194 deque
3696 2124 3772 2194 ipsa

2250 2207 2480 2263 utilitate
2505 2209 2720 2275 secreti,
2764 2209 2905 2266 unde
2933 2212 3093 2266 etiam
3133 2213 3393 2284 mysteria
3419 2222 3666 2281 vocantur,
3687 2213 3772 2285 quid

2250 2299 2462 2355 valeant
2507 2301 2847 2372 aenigmatum
2912 2303 3131 2360 latebra
3193 2303 3265 2359 ad
3326 2319 3558 2360 amorem
3596 2305 3773 2360 veritatis

2251 2390 2550 2447 acuendum
2568 2433 2582 2460 ,
2613 2392 3097 2466 decutiendumque
3123 2396 3144 2426 ³
3174 2393 3379 2451 fastidii
3408 2403 3672 2467 torporem,
3695 2395 3772 2466 ipsa

2253 2485 2583 2554 experientia
2627 2485 2960 2555 probandum
2987 2497 3071 2543 est
3113 2488 3331 2555 talibus,
3381 2502 3501 2545 cum
3538 2487 3701 2558 aliquid
3719 2488 3772 2541 eis

2251 2575 2391 2644 quod
2424 2577 2475 2630 in
2506 2550 2752 2647 promptu
2781 2578 3015 2649 positum
3051 2594 3155 2633 non
3199 2580 3273 2634 ita
3315 2550 3594 2647 movebat,
3616 2550 3770 2634 enoda-

2252 2668 2399 2723 tione
2442 2670 2710 2740 allegoria
2751 2670 2977 2741 alicujus
3017 2660 3243 2727 eruitur.
3299 2672 3394 2728 llis
3435 2671 3571 2728 enim
3604 2670 3771 2725 maxime

2254 2759 2385 2815 utile
2409 2768 2489 2814 est
2521 2775 2700 2827 nosse,
2740 2762 2810 2815 ita
2837 2776 2957 2817 esse
2984 2764 3378 2834 praponendas
3405 2764 3575 2819 verbis
3610 2770 3769 2818 senten-
3830 2760 3841 2855 ί

2254 2851 2374 2920 tias,
2405 2861 2460 2907 ut
2484 2855 2813 2925 praeponitur
2836 2856 3045 2911 animus
3070 2858 3306 2927 corpori.
3354 2859 3429 2913 Ex
3457 2872 3557 2929 quo
3582 2856 3632 2911 fit
3657 2864 3701 2910 ut
3722 2855 3769 2910 ita
3830 2851 3841 2927 ξ

2252 2946 2411 3000 malle
2435 2946 2665 3002 debeant
2698 2950 2938 3005 veriores
2977 2966 3134 3020 quam
3176 2952 3493 3008 disertiores
3520 2950 3676 3006 audire
3695 2962 3770 3002 ser-

2251 3053 2462 3106 mones,
2509 3038 2647 3094 sicut
2685 3042 2845 3096 malle
2883 3041 3078 3097 debent
3120 3043 3517 3114 prudentiores,
3545 3056 3679 3112 quam
3698 3039 3771 3094 for-

2252 3132 2515 3187 mosiorcs
2543 3133 2741 3189 habere
2764 3135 2985 3190 amicos.
3011 3134 3271 3190 Noverint
3294 3136 3456 3192 etiam
3482 3149 3581 3190 non
3601 3146 3695 3188 esse
3713 3143 3771 3184 vo-

2252 3239 2368 3281 cem
2395 3225 2461 3281 ad
2488 3241 2646 3281 aures
2673 3227 2786 3293 Dei,
2826 3227 2929 3282 nisi
2959 3228 3123 3282 animi
3150 3227 3405 3284 affectum
3429 3246 3443 3283 :
3472 3228 3538 3282 ita
3561 3225 3679 3282 enim
3699 3236 3769 3277 non

2253 3318 2568 3385 irridehunt,
2600 3319 2644 3374 si
2670 3320 2876 3391 aliquos
2903 3321 3170 3377 antistites
3194 3330 3251 3378 et
3280 3322 3550 3378 ministros
3582 3316 3770 3374 Ecclesiae

2253 3412 2391 3468 forte
2413 3412 2910 3480 animadverterint,
2945 3413 3023 3469 vel
3055 3429 3177 3469 cum
3218 3413 3559 3471 barbarismis
3583 3420 3630 3465 et
3661 3407 3771 3463 sola

2253 3503 2435 3560 cismis
2461 3504 2628 3559 Deum
2657 3504 2926 3571 invocare,
2954 3505 3039 3560 vel
3069 3505 3257 3561 eadem
3290 3506 3449 3561 verba
3468 3519 3577 3575 qua
3599 3512 3772 3572 pronun-

2255 3597 2390 3653 tiant
2415 3612 2522 3654 non
2550 3598 2868 3670 intelligere,
2897 3599 3313 3670 perturbateque
3344 3600 3661 3668 distinguere.
3692 3590 3770 3646 Non

2254 3690 2379 3762 quia
2407 3690 2510 3745 ista
2540 3691 2760 3745 minime
2796 3692 3107 3762 corrigenda
3154 3702 3300 3759 sunt,
3335 3701 3393 3747 ut
3424 3689 3632 3764 populus
3654 3683 3705 3739 ad
3736 3678 3771 3734 id

2255 3780 2398 3852 quod
2427 3781 2586 3851 plane
2624 3780 2891 3861 intelligit,
2916 3782 3059 3837 dicat
3083 3784 3285 3851 Amen;
3317 3782 3409 3840 sed
3444 3793 3602 3837 tamen
3631 3776 3696 3847 pic
3716 3780 3770 3826 t0-

2256 3873 2476 3929 leranda
2501 3883 2626 3928 sunt
2650 3873 2718 3939 ab
2743 3874 2821 3929 eis
2844 3874 2933 3945 qui
2959 3874 3263 3944 didicerint,
3293 3885 3352 3931 ut
3376 3890 3505 3930 sono
3528 3872 3578 3927 in
3600 3863 3771 3932 foro,sic

2257 3976 2384 4021 voto
2404 3965 2458 4020 in
2483 3965 2717 4021 Ecclesia
2746 3965 3009 4022 benedici.
3033 3967 3213 4038 itaque
3240 3967 3464 4024 forensis
3490 3965 3567 4020 illa
3591 3970 3767 4016 nonnun-

2258 4074 2418 4129 quam
2456 4057 2595 4114 forte
2632 4058 2771 4114 bona
2819 4059 3003 4125 dictio,
3031 4076 3303 4131 nunquam
3337 4070 3510 4117 tamen
3543 4048 3771 4113 benedictio

2260 4150 2362 4207 dici
2405 4158 2598 4222 potest.
2646 4150 2721 4206 De
2774 4150 3122 4208 Sacramenlo
3169 4162 3348 4210 autem
3390 4149 3523 4224 quod
3567 4136 3771 4214 accepturi

2261 4253 2403 4310 sunt,
2436 4242 2632 4299 sufficit
2667 4243 3100 4314 prudentioribus
3143 4244 3332 4302 audire
3359 4242 3482 4316 quid
3520 4253 3597 4296 res
3635 4234 3703 4291 illa
3722 4228 3772 4284 si-

2260 4334 2514 4406 gnificet:
2546 4349 2667 4390 cum
2707 4333 3028 4389 tardioribus
3070 4346 3247 4391 autem
3292 4337 3553 4407 aliquanto
3592 4322 3770 4399 pluribus

2260 4429 2441 4484 verbis
2461 4436 2517 4484 et
2539 4427 2976 4485 similitudinibus
2996 4429 3259 4500 agendum
3281 4438 3382 4497 est,
3409 4441 3475 4483 ne
3501 4418 3771 4481 contemnam

2261 4520 2405 4592 quod
2433 4519 2633 4575 vident.

2333 4631 2561 4689 CAPUT
2584 4632 2652 4687 X.
2680 4663 2751 4673 —
2778 4633 2866 4689 14.
2906 4632 3030 4688 lam
3076 4633 3139 4689 de
3186 4634 3438 4689 hilaritate
3475 4616 3767 4699 comparanda.

2264 4726 2444 4783 Causa:
2471 4744 2560 4782 sea:
2601 4727 2806 4782 (adium
2855 4726 3122 4796 afferentes
3165 4725 3505 4784 calechizanti.
3542 4712 3769 4777 Remedium

2263 4829 2440 4874 contra
2478 4820 2695 4888 primam
2722 4835 2927 4874 causam
2958 4821 3114 4874 radii.
3157 4820 3253 4876 llic
3298 4830 3353 4876 tu
3394 4819 3599 4873 fortasse
3635 4815 3768 4863 θιείιισ

2263 4912 2411 4985 plum
2448 4912 2661 4983 aliquod
2705 4914 2969 4968 sermonis
3012 4914 3306 4981 desideras,
3341 4923 3394 4969 ut
3422 4914 3529 4982 ipso
3555 4903 3632 4961 tibi
3653 4905 3768 4985 cpitie

2264 5005 2542 5061 ostendam
2588 5005 2857 5077 quomodo
2897 5006 3137 5062 facienda
3189 5008 3297 5062 sint
3339 5008 3434 5062 ista
3473 5015 3578 5074 qua
3617 4983 3766 5048 monui.

2264 5097 2417 5168 Quod
2444 5096 2658 5169 quidem
2687 5096 2898 5163 faciam,
2924 5108 3179 5169 quantum
3206 5100 3425 5156 Domino
3444 5090 3767 5169 adjuvantepOf

2264 5164 2420 5246 tuero
2446 5164 2584 5245 :vscd
2609 5190 2756 5260 prius
2782 5190 2849 5246 de
2876 5164 2962 5245 illa
2992 5190 3263 5248 hilaritate
3290 5181 3632 5261 comparanda,
3668 5164 3765 5243 αυοά

2263 5286 2534 5358 pollicitus
2559 5302 2698 5353 sum,
2722 5286 2902 5342 dicere
2930 5286 3119 5342 debeo.
3147 5287 3264 5344 Jam
3291 5288 3427 5344 enim
3453 5282 3514 5337 de
3538 5274 3647 5348 ἱρεῖε
3668 5276 3769 5348 prmi

2264 5378 2433 5448 ceptis
2477 5378 2775 5448 explicandi
2804 5379 3087 5447 sermonis,
3130 5379 3184 5433 in
3228 5368 3583 5436 catechizando
3618 5375 3671 5418 eo
3703 5365 3761 5424 (1⁸η

2265 5472 2345 5528 sic
2375 5473 2523 5531 venit
2547 5484 2607 5527 ut
2633 5472 2956 5530 christianus
2976 5474 3087 5539 fiat,
3113 5483 3363 5545 quantum
3392 5469 3510 5527 satis
3533 5464 3671 5517 visum
3689 5454 3760 5545 cii»

2265 5564 2408 5637 quod
2439 5563 2787 5636 promiseram
2816 5565 3040 5621 exsolvi.
3077 5544 3372 5622 lndebitum
3412 5558 3585 5632 ψιῐρρο
3606 5552 3687 5610 θεῖν
3722 5544 3762 5587 ⁸⁸

2330 5744 2348 5776 ¹
2383 5744 2615 5808 Pracipui
2651 5750 2757 5792 Mss.
2775 5777 2791 5804 ,
2836 5740 3050 5808 linguam
3083 5750 3349 5808 exercitum
3374 5751 3456 5791 nec
3488 5726 3681 5795 confer"-

2331 5809 2353 5840 ί
2384 5807 2457 5855 sic
2486 5806 2652 5869 plures
2675 5813 2780 5856 MSS.
2816 5813 2870 5857 At
2890 5806 3026 5868 editi,
3051 5807 3492 5868 discutiendumque-
3662 5862 3665 5867 η
3770 5848 3778 5874 ,
