3882 6286
682 276 740 306 κ

70 351 141 408 εει
1366 333 1568 391 LIBER
1608 334 1805 393 unus.

72 468 191 524 etiam
208 460 302 530 ipse
319 455 495 512 faciam
519 453 571 509 in
595 452 697 509 hoc
715 451 1006 518 volumine,
1024 449 1164 521 quod
1188 449 1301 504 fieri
1325 457 1573 519 oportere

71 554 281 629 pmipio.
308 550 357 606 Si
383 562 505 618 ergo
533 546 730 612 fecero,
760 544 827 599 ad
870 544 1141 599 cumulum
1174 542 1373 598 valebit
1417 560 1429 595 :
1480 557 1574 596 cu-

71 650 201 703 mulus
223 652 376 697 autem
404 655 505 710 quo
532 649 692 709 pacto
716 653 745 692 a
771 653 858 691 me
898 634 1211 707 superfundi
1249 643 1443 706 potest.
1479 651 1577 689 an-

73 754 232 811 thuam
255 748 538 791 mensuram
568 730 735 787 debiti
762 728 1092 797 eaplevero?
1118 727 1297 799 Neque
1341 728 1480 782 enim
1526 736 1578 783 te

72 835 247 891 maxime
269 826 504 898 conqueri
531 824 732 892 audivi,
780 822 885 877 nisi
926 821 1069 893 quod
1099 822 1191 877 tibi
1237 835 1415 875 sermo
1459 830 1579 875 tuus

72 927 159 980 vilis
188 922 493 992 abjectusquc
518 916 808 982 videretur,
847 928 969 969 cum
1011 913 1241 985 aliquem
1285 912 1579 968 christiano

73 1017 234 1072 nomine
258 1010 521 1067 inibuercs.
552 1008 671 1063 Hoc
693 1015 868 1061 autem
901 1006 1010 1060 scio
1030 1046 1044 1071 ,
1095 1020 1202 1059 non
1245 1014 1353 1059 tam
1397 1019 1579 1061 rerum

75 1125 158 1180 quae
192 1103 397 1161 dicenda:
437 1112 583 1165 sunt,
624 1099 818 1171 quibus
853 1107 903 1155 te
938 1098 1068 1154 satis
1094 1098 1218 1153 novi
1249 1106 1491 1168 paratum
1525 1104 1582 1152 et

74 1204 338 1261 instructum,
364 1208 533 1264 neque
563 1192 729 1262 ipsius
754 1190 1035 1246 locutionis
1064 1189 1266 1260 inopia,
1296 1188 1390 1244 sed
1416 1187 1580 1243 animi

75 1293 191 1347 tullo
226 1287 350 1351 fieri;
379 1286 458 1341 vel
481 1284 571 1339 illa
601 1298 760 1338 causa
787 1298 947 1353 quam
974 1282 1105 1349 dixi,
1135 1280 1259 1351 quia
1288 1280 1458 1350 magis
1484 1294 1581 1335 nos

74 1388 247 1440 delectat
269 1390 311 1435 ct
334 1388 488 1443 tenet,
528 1376 676 1448 quod
722 1376 774 1430 in
819 1375 1033 1431 silentio
1078 1382 1258 1429 mente
1285 1373 1575 1439 cernimus,

78 1493 156 1534 nec
174 1474 265 1531 inde
282 1472 504 1527 volumus
530 1469 747 1525 avocari
778 1467 845 1522 ad
881 1468 1166 1523 verborum
1206 1468 1365 1537 longe
1403 1465 1583 1536 dispa-

76 1585 162 1623 rem
182 1566 445 1635 strepitum;
478 1562 562 1617 vel
588 1562 713 1632 quia
743 1560 902 1615 etiam
931 1573 1051 1613 cum
1097 1572 1277 1613 sermo
1314 1555 1583 1627 jucundus

76 1672 149 1725 est,
171 1660 306 1729 magis
326 1672 417 1712 nos
443 1655 574 1709 libet
599 1654 787 1709 audire
813 1661 905 1707 aut
928 1652 1106 1723 legere
1135 1667 1253 1721 quae
1278 1652 1472 1706 melius
1497 1650 1583 1705 di-

75 1767 132 1808 cta
151 1763 263 1818 sunt,
286 1759 334 1806 et
354 1766 466 1820 qua:
491 1749 611 1804 sine
638 1754 821 1802 nostra
846 1761 971 1801 cura
997 1754 1051 1801 et
1077 1744 1436 1801 sollicitudine
1461 1760 1585 1815 pro-

76 1856 249 1912 muntur,
286 1858 429 1913 quam
469 1842 538 1896 ad
573 1842 810 1896 alienum
853 1855 1069 1895 sensum
1108 1841 1383 1909 repentina
1423 1840 1585 1895 verba

75 1948 261 2007 coaptare
278 1938 464 1991 incerto
490 1934 663 1999 exitu,
692 1933 804 1988 sive
832 1942 1009 1986 utrum
1035 1940 1318 1987 occurrant
1346 1946 1442 2001 pro
1471 1946 1585 1986 seu-

77 2034 212 2098 teutia,
238 2031 333 2085 sive
360 2039 531 2086 utrum
567 2028 903 2097 accipiantur
925 2027 1159 2092 utiliter;
1200 2026 1286 2081 vel
1330 2026 1454 2096 quia
1494 2025 1585 2080 illa

77 2144 159 2194 qua:
189 2124 377 2179 rudibus
415 2124 778 2189 insinuantur,
819 2136 885 2176 eo
923 2121 1065 2191 quod
1110 2120 1263 2176 nobis
1308 2120 1585 2175 notissima

79 2226 178 2282 sunt,
214 2225 257 2271 et
282 2216 539 2287 provectui
571 2224 763 2270 nostro
788 2213 898 2284 jam
929 2228 1034 2268 non
1064 2213 1361 2269 necessaria
1382 2253 1398 2279 ,
1443 2213 1589 2284 piget

79 2311 187 2364 adea
208 2308 467 2378 saepissime
492 2306 699 2375 redire,
718 2322 817 2362 nec
845 2306 899 2360 in
926 2305 1003 2361 eis
1031 2314 1136 2360 tam
1165 2304 1371 2361 usitatis
1395 2314 1449 2361 et
1473 2314 1586 2359 tan-

82 2420 187 2473 quam
221 2401 519 2457 iufantilibus
573 2416 705 2456 cum
753 2400 929 2471 aliqua
965 2400 1236 2470 voluptate
1274 2400 1384 2469 jam
1428 2414 1588 2470 gran-

83 2495 280 2549 diusculus
304 2494 502 2549 animus
539 2493 805 2564 graditur.
838 2492 989 2547 Facit
1016 2493 1174 2547 etiam
1208 2492 1445 2563 loquenti
1488 2501 1585 2548 tae-

84 2589 179 2643 dium
208 2589 390 2644 auditor
425 2587 742 2662 [immobilis
783 2587 868 2643 vel
897 2588 1019 2658 quia
1048 2602 1154 2643 non
1185 2595 1429 2642 movetur
1453 2587 1586 2643 affe~

83 2684 230 2743 ctu,vel
247 2686 351 2753 quia
371 2684 512 2738 nullo
537 2693 694 2738 motu
719 2681 960 2753 corporis
980 2680 1180 2736 indicat
1206 2697 1263 2737 se
1286 2680 1587 2752 intelligere

84 2774 139 2828 vel
164 2776 239 2828 sibi
271 2775 463 2846 placere
500 2790 628 2845 qua:
659 2772 983 2847 dicuntur‘]
1015 2792 1028 2828 :
1061 2788 1164 2829 non
1193 2774 1314 2844 quia
1340 2773 1587 2829 humanae

87 2866 204 2921 laudis
220 2882 299 2923 nos
322 2883 434 2923 esse
458 2869 651 2924 avidos
691 2868 867 2935 decet,
897 2868 993 2923 sed
1029 2868 1152 2939 quia
1178 2883 1242 2924 ea
1270 2883 1389 2939 quae
1428 2868 1587 2923 mini-

85 2970 248 3014 stramus
270 2962 351 3017 Dei
376 2972 530 3029 sunt;
552 2973 613 3018 et
641 2972 840 3033 quanto
866 2962 1036 3033 magis
1056 2962 1323 3033 diligimus
1346 2976 1438 3018 eos
1462 2962 1583 3032 qui-

87 3050 151 3105 bus
170 3052 412 3123 loquimur,
458 3064 610 3110 tanto
640 3055 808 3125 magis
851 3054 931 3110 eis
958 3054 1203 3125 cupimus
1246 3064 1305 3109 ut
1340 3056 1587 3126 placeant

86 3160 164 3213 qua:
182 3146 231 3199 ad
248 3162 409 3203 eorum
438 3150 786 3219 porriguntur
806 3147 1033 3202 salutem
1059 3166 1073 3202 :
1095 3147 1236 3219 quod
1264 3148 1309 3203 si
1334 3164 1441 3203 non
1466 3165 1586 3205 suc-

85 3239 196 3305 cedit,
221 3242 591 3307 contristamur,
620 3251 675 3296 et
710 3241 765 3295 in
805 3241 921 3311 ipso
959 3255 1117 3295 cursu
1155 3240 1496 3297 debilitamur
1532 3250 1587 3298 et

86 3330 317 3402 frangimur,
352 3337 496 3405 quasi
539 3336 742 3390 frustra
779 3348 996 3404 operam
1043 3344 1404 3392 couteramus.
1435 3334 1583 3391 Non-

86 3441 280 3498 nunquam
314 3431 462 3486 etiam
510 3446 637 3487 cum
677 3430 971 3485 avertimur
1007 3430 1075 3485 ab
1112 3429 1288 3500 aliqua
1328 3445 1387 3485 re
1424 3446 1583 3501 quam

88 3518 368 3578 desideramus
392 3540 573 3596 agere,
600 3532 657 3579 et
681 3523 835 3594 cujus
860 3523 999 3579 actio
1022 3532 1114 3577 aut
1138 3522 1433 3579 delectabat
1460 3540 1580 3592 nos,

88 3623 147 3666 aut
171 3617 304 3687 magis
326 3619 469 3675 nobis
495 3618 801 3675 necessaria
828 3617 1125 3684 videbatur,
1154 3627 1209 3673 et
1233 3620 1470 3689 cogimur
1492 3630 1586 3674 aut

86 3705 185 3772 jussu
207 3709 299 3777 ejus
326 3728 471 3781 quem
513 3710 789 3768 offendere
837 3710 1083 3766 nolumus
1106 3752 1121 3777 ,
1163 3720 1255 3766 aut
1284 3712 1584 3783 aliquorum

89 3798 304 3857 iucvitabili
326 3804 564 3860 instantia
595 3803 926 3860 catechizare
952 3805 1211 3875 aliquem;
1232 3804 1341 3874 jam
1369 3814 1584 3862 contur-

86 3888 162 3945 bati
183 3896 439 3951 accedimus
463 3898 527 3953 ad
562 3897 855 3968 negotium,
880 3896 965 3951 cui
989 3911 1176 3967 magna
1207 3898 1585 3967 tranquillitate

88 3996 180 4049 opus
198 3996 277 4052 est,
302 3988 531 4046 dolentes
556 3989 699 4060 quod
727 4003 901 4059 neque
930 3987 1171 4043 ordinem
1195 3989 1461 4043 actionum
1489 4004 1584 4044 no-

88 4076 143 4130 bis
169 4082 427 4139 conceditur
464 4096 650 4141 tenere
689 4098 847 4154 quem
889 4082 1155 4151 volumus,
1199 4098 1297 4137 nec
1340 4084 1585 4139 sufficere

89 4174 269 4230 omnibus
292 4194 557 4248 possumus
588 4196 600 4231 :
632 4187 790 4249 atque
815 4177 885 4231 ita
912 4192 978 4232 ex
1017 4177 1129 4247 ipsa
1166 4176 1377 4232 tristitia
1404 4193 1586 4234 sermo

92 4266 311 4327 procedens
334 4271 495 4327 minus
518 4280 704 4341 gratus
730 4277 832 4333 est,
862 4269 981 4339 quia
1013 4267 1081 4323 de
1107 4268 1353 4324 ariditate
1381 4271 1585 4326 mmsti-

94 4354 151 4407 tia:
177 4358 316 4415 minus
342 4364 607 4419 exuberat.
644 4362 944 4432 Aliquando
974 4362 1100 4416 item
1138 4378 1202 4416 ex
1232 4362 1410 4432 aliquo
1438 4376 1587 4417 scan-

95 4444 175 4501 dalu
204 4466 368 4508 maeror
390 4465 571 4525 pectus
597 4453 809 4509 obsedit
828 4454 869 4520 ³,
916 4462 970 4508 et
1010 4461 1135 4508 tunc
1165 4453 1318 4508 nobis
1363 4453 1579 4521 dicitur,

97 4534 202 4601 Veni,
235 4542 420 4613 loquere
450 4548 598 4612 huic;
642 4545 963 4600 cliristianus
994 4545 1106 4599 vult
1152 4544 1285 4600 fieri.
1330 4545 1531 4601 Dicitur
1558 4547 1579 4577 ³

98 4630 193 4684 enim
214 4634 267 4688 ab
288 4638 631 4707 ignorantibus
651 4637 775 4708 quid
802 4651 899 4691 nos
928 4637 1165 4691 clausum
1190 4637 1331 4691 intus
1357 4648 1577 4692 exurat:

100 4723 232 4785 quibus
283 4731 319 4783 si
360 4732 595 4788 affectum
644 4742 883 4786 nostrum
930 4732 1139 4801 aperire
1180 4746 1285 4785 non
1335 4742 1578 4802 oportet,

101 4818 335 4888 SUSCipimus
361 4827 605 4897 ingratius
631 4825 771 4897 quod
799 4825 980 4881 volunt
1005 4824 1059 4889 ";
1104 4833 1159 4879 et
1201 4823 1437 4894 profecto
1468 4826 1581 4879 lan-

104 4907 233 4972 guidus
253 4922 296 4968 et
318 4916 532 4974 insuavis
562 4919 650 4973 ille
680 4932 857 4973 sermo
885 4917 989 4972 erit
1034 4931 1127 4986 per
1168 4932 1357 4971 venam
1404 4916 1581 4973 cordis

104 5007 331 5061 iisluantcm
354 5008 736 5081 fumantemque
765 5008 1034 5079 trajectus.
1058 5008 1161 5064 Tot
1186 5010 1344 5080 igitur
1369 5024 1434 5065 ex
1457 5026 1584 5065 cau-

107 5087 166 5152 sis,
187 5096 381 5162 qualibet
402 5117 576 5158 earum
601 5102 939 5158 serenitatem
968 5110 1164 5156 nostra:
1193 5102 1387 5157 mentis
1410 5102 1582 5158 obnu-

105 5177 208 5251 bilet,
241 5193 489 5250 secundum
520 5197 682 5251 Deum
713 5204 837 5250 sunt
864 5194 1147 5266 qumrenda
1174 5194 1430 5260 remedia,
1465 5196 1583 5266 qui—

107 5267 175 5327 bus
194 5278 405 5341 relaxetur
430 5288 515 5344 illa
545 5289 858 5356 contractio,
890 5296 943 5341 et
983 5286 1195 5342 fervore
1234 5288 1453 5358 spiritus
1480 5302 1582 5343 ex-

109 5362 294 5429 snllemtts
312 5387 357 5432 et
376 5379 712 5449 jucundemur
733 5380 786 5435 in
816 5379 1197 5451 tranquillitate
1223 5380 1350 5435 boni
1378 5380 1578 5451 operis.

114 5571 306 5685 “Lg-rbi
321 5582 385 5633 hic
400 5587 524 5637 uncis
546 5585 730 5636 inclusa
750 5584 924 5636 absunt
946 5596 974 5634 a
998 5582 1248 5647 plerisque
1291 5588 1399 5633 Itss.
1436 5589 1487 5633 et
1520 5582 1583 5633 ab

154 5696 167 5787 ἶ
188 5700 497 5798 ᾕξίιιὲῗξξίὲεές.
514 5710 938 5798 Αίηὲἓικίέθδεάίι

156 5761 167 5829 .'
282 5761 403 5821 ulitio
418 5761 536 5833 Lov.,
553 5761 784 5825 nescitur.

156 5824 165 5849 ³
189 5824 312 5879 “ures
329 5841 437 5899 διὰ»,
454 5824 728 5902 Sttsi'ipimus
744 5834 921 5903 ingrati
939 5837 1067 5902 quod
1095 5837 1265 5888 ruluut.

3170 342 3279 403 322

1688 448 1921 503 Hilarem
1952 450 2081 504 enim
2111 450 2338 505 datorem
2366 452 2531 525 diligit
2560 452 2698 509 Deus
2725 455 2744 525 (
2761 455 2804 510 ll
2837 455 2958 511 Cor.
2992 474 3068 527 tx,
3100 460 3133 513 7
3156 458 3199 534 ).

1758 542 1845 597 15.
1887 541 1944 597 Si
1971 543 2114 597 enim
2141 557 2300 598 causa
2326 544 2415 598 illa
2446 545 2746 615 contristat,
2771 547 2913 618 quod
2940 549 3271 610 intellectum

1683 642 1926 688 nostrum
1949 634 2158 690 auditor
2177 651 2283 691 non
2306 636 2466 707 capit,
2497 653 2528 692 a
2564 638 2716 709 cujus
2740 641 3015 697 cacumine
3035 644 3266 713 quodam

1682 725 1843 782 modo
1869 726 2258 783 descendentes
2285 729 2524 799 cogimur
2549 729 2602 785 in
2634 731 2957 802 syllabarum
2991 734 3147 805 longe
3192 736 3275 791 in-

1682 817 1762 872 fra
1793 818 2102 874 distantium
2133 819 2380 875 tarditate
2405 820 2691 890 demorari,
2726 833 2781 878 et
2817 840 2998 879 curam
3040 828 3273 897 gerimus

1682 911 2133 979 quemadmodum
2163 912 2333 983 longis
2358 924 2413 969 et
2440 915 2708 985 perplexis
2731 915 3059 972 anfractibus
3090 934 3277 989 proce-

1686 1002 1778 1058 dat
1805 1019 1871 1059 ex
1901 1019 1995 1060 ore
2021 1005 2220 1073 carnis,
2248 1005 2388 1077 quod
2419 1007 2700 1063 celerrimo
2728 1008 2919 1064 haustu
2945 1011 3140 1067 mentis
3172 1012 3276 1066 im-

1684 1095 1901 1162 bibitur,
1924 1106 1980 1152 et
2007 1098 2128 1167 quia
2148 1096 2370 1153 multum
2397 1099 2729 1157 dissimiliter
2758 1102 2889 1166 exit,
2914 1102 3077 1159 taedet
3105 1105 3272 1175 loqui,

1687 1196 1740 1243 et
1766 1187 1897 1244 libet
1926 1198 2135 1255 tacere;
2169 1191 2463 1262 cogitemus
2484 1192 2611 1263 quid
2634 1193 2790 1249 nobis
2820 1206 3176 1267 praerogatum
3207 1198 3279 1254 sit

1684 1279 1753 1334 ab
1780 1279 1873 1334 illo
1903 1281 1992 1347 qui
2032 1280 2421 1337 demonstravit
2459 1284 2614 1339 nobis
2642 1286 2968 1356 exemplum,
2999 1297 3056 1343 ut
3082 1305 3277 1360 sequa-

1686 1386 1809 1424 mur
1834 1370 2054 1441 vestigia
2085 1372 2200 1442 ejus
2223 1372 2283 1444 (Ι
2313 1372 2455 1439 Petr.
2485 1390 2543 1439 ιι,
2576 1374 2701 1447 21).
2745 1375 3098 1445 Quantumvis
3133 1382 3277 1436 enim

1686 1461 1895 1518 differat
1934 1464 2212 1519 articulata
2242 1482 2346 1521 vox
2384 1477 2566 1522 nostra
2592 1468 2659 1524 ab
2689 1469 3053 1542 intelligentia:
3079 1484 3279 1531 nostra:

1690 1553 1989 1620 vivacitate,
2016 1555 2172 1627 longe
2196 1556 2528 1612 differentior
2549 1568 2633 1614 est
2670 1562 2967 1617 mortalitas
3002 1566 3179 1620 carnis
3208 1570 3278 1622 ab

1689 1646 1991 1715 aequalitate
2017 1647 2131 1701 Dei.
2164 1648 2231 1701 Et
2261 1658 2441 1705 tamen
2469 1666 2588 1705 cum
2620 1652 2672 1706 in
2700 1652 2888 1709 eadem
2926 1655 3090 1725 forma
3128 1670 3277 1729 esset,

1687 1737 2007 1808 semetipsum
2034 1740 2306 1795 exinanivit
2334 1744 2552 1814 formam
2575 1746 2705 1800 servi
2734 1747 3006 1817 accipiens,
3031 1759 3160 1819 etc.,
3185 1769 3275 1808 us-

1688 1844 1790 1899 que
1814 1828 1881 1884 ad
1909 1828 1982 1902 (a)
2008 1842 2217 1912 mortem
2241 1835 2405 1888 crucis
2432 1834 2449 1905 (
2470 1834 2703 1907 Philipp.
2734 1854 2800 1905 tt,
2834 1839 2983 1912 6-8).
3009 1841 3177 1908 Quam
3207 1845 3279 1900 ob

1688 1936 1927 1991 causam,
1976 1906 2077 1980 nisi
2107 1927 2230 1997 quia
2261 1928 2431 1983 factus
2456 1940 2539 1985 est
2573 1932 2801 1987 infirmis
2829 1933 3089 2004 infirmus,
3118 1947 3175 1993 ut
3198 1940 3281 1995 in-

1689 2015 1875 2071 firmos
1904 2016 2221 2075 lucrificaret
2256 2020 2275 2092 (
2299 2022 2316 2075 l
2348 2022 2467 2076 Cor.
2502 2039 2578 2091 ιι,
2606 2023 2679 2077 22
2701 2024 2762 2095 )?
2790 2028 2928 2082 Audi
2957 2030 3071 2099 ejus
3100 2031 3279 2087 imita-

1689 2116 1859 2162 torem
1887 2108 2009 2164 alibi
2035 2111 2196 2165 etiam
2226 2111 2491 2168 dicentem
2519 2131 2531 2167 :
2566 2114 2686 2171 Sive
2715 2118 2847 2171 enim
2870 2130 3035 2175 mente
3060 2124 3280 2178 excessi-

1690 2219 1819 2268 mus,
1850 2202 1992 2270 Deo;
2018 2205 2119 2259 sive
2146 2216 2476 2277 temperantes
2494 2226 2685 2276 sumus,
2710 2212 2863 2266 vobis.
2889 2213 3121 2269 Charitas
3145 2218 3283 2273 enim

1688 2291 1877 2349 Christi
1901 2296 2154 2366 compellit
2176 2315 2285 2365 nos,
2301 2300 2593 2369 judicantes
2619 2304 2733 2370 hoc,
2750 2305 2869 2375 quia
2893 2324 3023 2362 unus
3054 2326 3145 2379 pro
3171 2326 3281 2364 om-

1690 2386 1834 2440 nibus
1861 2397 2087 2443 mortuus
2113 2400 2185 2443 est
2213 2390 2287 2459 (ll
2318 2392 2432 2446 Cor.
2452 2409 2505 2459 v,
2531 2396 2598 2450 15
2621 2405 2667 2449 et
2692 2397 2805 2466 14).
2837 2397 3115 2464 Quomodo
3135 2403 3280 2460 enim

1691 2487 1907 2548 paratus
1934 2491 2078 2535 esset
2108 2482 2343 2552 impendi
2372 2500 2467 2553 pro
2499 2487 2779 2543 animabus
2806 2505 2993 2546 eorum
3022 2490 3148 2565 (Id.
3180 2511 3277 2565 xu,

1693 2571 1759 2625 15
1780 2570 1819 2642 ),
1853 2572 1897 2625 si
1941 2588 2061 2628 eum
2107 2575 2313 2644 pigeret
2341 2576 2583 2632 inclinari
2610 2579 2677 2633 ad
2704 2595 2861 2637 aures
2890 2586 3114 2639 eorum?
3146 2586 3281 2642 Hinc

1692 2679 1822 2735 ergo
1851 2665 2020 2722 factus
2046 2674 2129 2721 est
2156 2668 2407 2737 parvulus
2437 2670 2488 2723 iu
2519 2672 2696 2727 medio
2723 2685 2991 2741 nostrum,
3027 2685 3278 2747 tanquam

1691 2756 1868 2811 nutrix
1897 2758 2081 2813 fovens
2111 2759 2247 2815 filios
2277 2775 2401 2815 suos
2430 2762 2448 2833 (
2473 2762 2494 2816 Ι
2538 2762 2712 2819 Thess.
2747 2780 2814 2833 ll,
2847 2766 2938 2838 7).
2970 2767 3102 2822 Num
3134 2771 3277 2826 cnim

1689 2851 1945 2919 delectat,
1974 2855 2079 2910 nisi
2105 2870 2256 2910 amor
2277 2858 2485 2924 invitet,
2515 2858 2789 2915 decurtata
2820 2870 2873 2917 et
2896 2864 3137 2921 mutilata
3160 2881 3278 2919 ver-

1689 2947 1756 3003 ba
1783 2948 2235 3005 immurmurare?
2262 2950 2329 3005 Et
2361 2961 2535 3008 tamen
2575 2963 2761 3025 optant
2798 2955 3042 3013 homines
3080 2958 3279 3015 habere

1691 3039 1947 3109 infantes,
1988 3042 2182 3112 quibus
2220 3042 2273 3098 id
2311 3043 2600 3100 exhibeant
2630 3062 2643 3099 :
2676 3054 2731 3102 et
2758 3049 2971 3103 suavius
3000 3060 3081 3104 est
3121 3052 3281 3107 matri

1688 3133 1895 3188 minuta
1944 3149 2133 3189 mansa
2174 3135 2423 3205 iuspuere
2462 3138 2685 3207 parvulo
2724 3138 2862 3206 filio,
2903 3156 3059 3211 quam
3108 3142 3278 3211 ipsam

1690 3225 1944 3280 mandere
1975 3241 2036 3281 ac
2065 3226 2322 3281 devorare
2347 3228 2651 3299 grandiora.
2675 3229 2791 3284 Non
2819 3247 2945 3302 ergo
2970 3233 3186 3287 recedat
3211 3234 3280 3289 de

1691 3328 1909 3390 pectore
1947 3320 2105 3374 etiam
2138 3320 2390 3391 cogitatio
2415 3322 2624 3393 gallinze
2654 3322 2817 3388 illius,
2850 3340 2969 3394 quae
3000 3325 3277 3395 languidu-

1688 3411 1752 3465 lis
1786 3411 1981 3481 plumis
2021 3420 2235 3468 teneros
2277 3412 2416 3468 fetus
2438 3414 2629 3484 operit,
2658 3424 2711 3471 et
2735 3426 3074 3472 susurrantes
3105 3418 3276 3487 pullos

1689 3501 1959 3558 confracta
1989 3518 2119 3559 voce
2143 3504 2398 3571 advocat;
2426 3504 2581 3575 cujus
2619 3505 2839 3561 blandas
2866 3507 2977 3562 alas
3006 3509 3280 3580 refugien-

1694 3605 1776 3652 tes
1805 3596 2041 3667 superbi,
2071 3595 2249 3666 pracda
2280 3596 2411 3651 ﬁunt
2437 3596 2652 3652 alitibus
2682 3597 2909 3667 (Matth.
2961 3615 3118 3665 χχιιι,
3150 3601 3216 3655 ’57
3236 3601 3276 3670 ).

1690 3688 1748 3745 Si
1774 3689 1917 3744 enim
1950 3688 2255 3744 intellectus
2284 3689 2513 3744 delectat
2546 3690 2599 3744 in
2638 3690 3003 3760 penetralibus
3031 3693 3283 3748 sinceris-

1689 3784 1859 3851 simis,
1892 3781 1994 3838 hoc
2019 3783 2181 3838 etiam
2213 3783 2510 3853 intelligere
2535 3783 2785 3851 delectat,
2811 3784 3080 3854 quomodo
3106 3784 3281 3841 citari-

1691 3885 1793 3945 tas,
1826 3885 2026 3947 quanto
2065 3876 2357 3931 officiosius
2382 3875 2660 3931 descendit
2689 3876 2740 3930 in
2779 3877 2989 3945 infima,
3020 3886 3165 3934 tanto
3193 3894 3282 3933 ro-

1690 3970 1898 4026 bustius
1926 3972 2156 4027 recurrit
2194 3970 2247 4025 in
2288 3970 2472 4024 intima
2522 3985 2617 4039 per
2659 3970 2852 4025 bonam
2896 3972 3280 4031 conscientiam

1690 4063 1821 4117 nihil
1846 4062 2119 4133 qumrcndi
2146 4063 2161 4093 ¹
2188 4062 2255 4117 ab
2282 4062 2360 4117 eis
2387 4061 2453 4115 ad
2481 4076 2614 4131 quos
2640 4061 2937 4129 descendit,
2969 4072 3164 4132 prteter
3187 4080 3282 4120 eo-

1689 4170 1806 4210 rum
1838 4156 2213 4223 scmpiternam
2249 4153 2491 4207 salutem.

1761 4245 1986 4301 CAPUT
2015 4244 2280 4299 XL—lG.
2307 4243 2603 4299 Remedium
2634 4252 2810 4297 contra
2837 4244 3111 4299 secundum
3140 4246 3280 4301 (tedii

1691 4353 1919 4392 causam.
1938 4335 1993 4391 Si
2016 4343 2193 4390 autem
2212 4334 2378 4405 magis
2402 4333 2721 4403 appetimus,
2741 4349 2804 4390 ea
2826 4350 2943 4405 qua:
2964 4334 3077 4406 jam
3095 4344 3279 4405 parata

1691 4440 1816 4488 sunt
1846 4438 1900 4485 et
1933 4430 2127 4485 melius
2156 4430 2297 4484 dicta
2325 4428 2502 4499 legere
2531 4428 2612 4484 vel
2640 4428 2845 4497 audire,
2887 4437 2942 4483 et
2984 4429 3107 4485 ideo
3135 4429 3282 4501 piget

1690 4525 1897 4581 incerto
1918 4525 2064 4581 exitu
2089 4523 2157 4579 ad
2195 4533 2401 4594 tempus
2424 4531 2676 4593 coaptare
2695 4538 2814 4594 quae
2835 4522 3101 4593 loquimur
3126 4540 3137 4576 :
3163 4532 3279 4579 tan-

1693 4628 1803 4673 tum
1843 4634 1872 4671 a
1902 4619 2127 4674 veritate
2154 4632 2332 4672 rerum
2356 4631 2461 4671 non
2489 4614 2700 4670 aberret
2737 4615 2967 4680 animus,
2995 4614 3149 4672 facile
3198 4624 3283 4674 est

1690 4713 1812 4767 utsi
1845 4713 1896 4767 in
1917 4712 2096 4767 verbis
2121 4710 2420 4767 auditorem
2464 4709 2663 4779 aliquid
2689 4708 2970 4764 offenderit
2997 4752 3012 4777 ,
3064 4724 3131 4765 ex
3161 4711 3277 4781 ipsa

1690 4804 1972 4861 occasione
1998 4804 2168 4859 discat
2192 4818 2350 4873 quam
2391 4803 2463 4856 sit
2508 4816 2567 4856 re
2618 4800 2887 4856 intellecta
2916 4810 3273 4858 contemnen-

1690 4896 1837 4962 dum,
1869 4896 1913 4951 si
1939 4896 2113 4950 minus
2140 4895 2367 4964 integre,
2397 4900 2489 4948 aut
2509 4892 2554 4948 si
2592 4892 2769 4947 minus
2827 4893 3042 4963 proprie
3086 4908 3282 4951 sonare

1690 4990 1880 5060 potuit,
1910 4987 2050 5058 quod
2082 4986 2204 5041 ideo
2233 4985 2457 5041 sonabat
2485 4993 2543 5039 ut
2569 4999 2657 5040 res
2687 4984 3094 5056 intelligeretur.
3125 4985 3280 5053 Quod

1691 5080 1735 5135 si
1764 5079 2011 5133 humana:
2040 5076 2366 5132 infirmitatis
2397 5076 2620 5132 intentio
2650 5075 2811 5131 etiam
2846 5076 2913 5131 ab
2936 5076 3046 5147 ipsa
3101 5092 3281 5133 rerum

1688 5171 1915 5229 veritate
1941 5169 2307 5235 abcrraverit;
2340 5183 2642 5239 quanquam
2675 5167 2727 5223 in
2750 5167 3147 5225 catechizandis
3186 5186 3280 5224 ru-

1690 5264 1865 5331 dibus,
1888 5261 1982 5318 ubi
2005 5262 2089 5317 via
2117 5260 2391 5317 tritissima
2420 5260 2646 5316 tenenda
2688 5268 2810 5328 est,
2858 5259 3075 5316 difficile
3104 5266 3282 5330 potest

1689 5356 1969 5414 accidere:
1993 5364 2167 5411 tamen
2195 5369 2263 5410 ne
2291 5353 2433 5411 forte
2458 5353 2664 5409 accidat
2693 5353 2932 5409 utetiam
2954 5353 3079 5407 hinc
3118 5350 3283 5405 offen-

1690 5452 1846 5508 datur
1875 5451 2103 5517 auditor,
2140 5465 2249 5505 non
2291 5448 2506 5504 aliunde
2531 5448 2687 5504 nobis
2714 5447 2876 5503 debet
2924 5444 3097 5501 videri
3138 5442 3280 5499 acci-

1705 5544 1870 5612 disse,
1901 5543 2000 5598 nisi
2018 5542 2140 5613 quia
2172 5540 2313 5597 Deus
2329 5540 2559 5611 experiri
2588 5554 2685 5595 nos
2714 5537 2906 5603 voluit,
2933 5546 3108 5590 utrum
3156 5549 3279 5597 cum

1757 5706 1771 5735 ί
1808 5704 1880 5752 sic
1900 5709 2006 5751 Mss.
2033 5700 2153 5749 mliti
2177 5710 2315 5759 vero,
2340 5694 2461 5747 nihil
2485 5695 2764 5765 maerendo.-

1753 5766 1833 5829 (a)_
1860 5771 1965 5813 Ista:
1991 5776 2151 5829 voces,
2180 5755 2766 5829 etc.,'usque‘aa,_librarii
2780 5760 2893 5805 sunt
2914 5756 3280 5825 praetereuntis,

1691 5838 1743 5881 ut
1759 5817 1909 5887 ‘sdlet,
1929 5825 2080 5875 verba
2103 5817 2395 5873 intermedia
2413 5819 2543 5870 citati
2568 5817 2676 5868 loci.
