  <div class='ocr_page' id='page_1' title='image "/cluster/home/n/w/nwhite01/storage/ocr_20150623/40/uva.x000669811/170.png"; bbox 0 0 3874 6404; ppageno 0'>
   <div class='ocr_carea' id='block_1_1' title="bbox 68 322 176 391">
    <p class='ocr_par' dir='ltr' id='par_1_1' title="bbox 68 322 176 391">
     <span class='ocr_line' id='line_1_1' title="bbox 68 322 176 391; baseline 0.019 -13"><span class='ocrx_word' id='word_1_1' title='bbox 68 322 176 391; x_wconf 69' lang='lat'><strong>535</strong></span> 
     </span>
    </p>
   </div>
   <div class='ocr_carea' id='block_1_2' title="bbox 84 424 1634 505">
    <p class='ocr_par' dir='ltr' id='par_1_2' title="bbox 84 424 1634 505">
     <span class='ocr_line' id='line_1_2' title="bbox 84 424 1634 505; baseline -0.01 -13"><span class='ocrx_word' id='word_1_2' title='bbox 84 452 179 501; x_wconf 74' lang='lat' dir='ltr'><strong>tur,</strong></span> <span class='ocrx_word' id='word_1_3' title='bbox 207 432 367 489; x_wconf 87' lang='lat' dir='ltr'><strong>libere</strong></span> <span class='ocrx_word' id='word_1_4' title='bbox 392 435 649 505; x_wconf 88' lang='lat' dir='ltr'><strong>proferat.</strong></span> <span class='ocrx_word' id='word_1_5' title='bbox 674 430 1039 503; x_wconf 78' lang='lat' dir='ltr'><strong>Quaerendum</strong></span> <span class='ocrx_word' id='word_1_6' title='bbox 1058 434 1221 482; x_wconf 76' lang='lat' dir='ltr'><strong>etiam</strong></span> <span class='ocrx_word' id='word_1_7' title='bbox 1240 424 1306 481; x_wconf 88' lang='lat' dir='ltr'><strong>de</strong></span> <span class='ocrx_word' id='word_1_8' title='bbox 1342 426 1437 479; x_wconf 84' lang='lat' dir='ltr'><strong>illo</strong></span> <span class='ocrx_word' id='word_1_9' title='bbox 1458 431 1634 478; x_wconf 83' lang='lat' dir='ltr'><strong>utrum</strong></span> 
     </span>
    </p>
   </div>
   <div class='ocr_carea' id='block_1_3' title="bbox 94 518 1638 596">
    <p class='ocr_par' dir='ltr' id='par_1_3' title="bbox 94 518 1638 596">
     <span class='ocr_line' id='line_1_3' title="bbox 94 518 1638 596; baseline -0.01 -13"><span class='ocrx_word' id='word_1_10' title='bbox 94 534 189 585; x_wconf 63' lang='lat' dir='ltr'><strong>haec</strong></span> <span class='ocrx_word' id='word_1_11' title='bbox 214 525 614 596; x_wconf 47' lang='lat' dir='ltr'><strong>aliquando”</strong></span> <span class='ocrx_word' id='word_1_12' title='bbox 629 522 955 587; x_wconf 49' lang='lat' dir='ltr'><strong>audieritget</strong></span> <span class='ocrx_word' id='word_1_13' title='bbox 984 518 1222 575; x_wconf 73' lang='lat' dir='ltr'><strong>fortassis</strong></span> <span class='ocrx_word' id='word_1_14' title='bbox 1245 530 1367 572; x_wconf 87' lang='lat' dir='ltr'><strong>eum</strong></span> <span class='ocrx_word' id='word_1_15' title='bbox 1390 525 1638 585; x_wconf 75' lang='lat' dir='ltr'><strong>tanquam</strong></span> 
     </span>
    </p>
   </div>
   <div class='ocr_carea' id='block_1_4' title="bbox 106 608 1646 687">
    <p class='ocr_par' dir='ltr' id='par_1_4' title="bbox 106 608 1646 687">
     <span class='ocr_line' id='line_1_4' title="bbox 106 608 1646 687; baseline -0.008 -13"><span class='ocrx_word' id='word_1_16' title='bbox 106 628 205 675; x_wconf 77' lang='lat' dir='ltr'><strong>nota</strong></span> <span class='ocrx_word' id='word_1_17' title='bbox 226 617 591 687; x_wconf 65' lang='lat' dir='ltr'><strong>etpervulgata</strong></span> <span class='ocrx_word' id='word_1_18' title='bbox 614 630 723 671; x_wconf 78' lang='lat' dir='ltr'><strong>non</strong></span> <span class='ocrx_word' id='word_1_19' title='bbox 750 610 1024 680; x_wconf 71' lang='lat' dir='ltr'><strong>moveant;</strong></span> <span class='ocrx_word' id='word_1_20' title='bbox 1043 612 1103 667; x_wconf 79' lang='lat' dir='ltr'><strong>et</strong></span> <span class='ocrx_word' id='word_1_21' title='bbox 1119 610 1381 682; x_wconf 78' lang='lat' dir='ltr'><strong>agendum</strong></span> <span class='ocrx_word' id='word_1_22' title='bbox 1408 618 1507 681; x_wconf 88' lang='lat' dir='ltr'><strong>pro</strong></span> <span class='ocrx_word' id='word_1_23' title='bbox 1527 608 1646 679; x_wconf 86' lang='lat' dir='ltr'><strong>ejus</strong></span> 
     </span>
    </p>
   </div>
   <div class='ocr_carea' id='block_1_5' title="bbox 66 696 1647 780">
    <p class='ocr_par' dir='ltr' id='par_1_5' title="bbox 66 696 1647 780">
     <span class='ocr_line' id='line_1_5' title="bbox 66 696 1647 780; baseline -0.008 -14"><span class='ocrx_word' id='word_1_24' title='bbox 66 696 68 711; x_wconf 17' lang='grc' dir='ltr'><strong><em>ἴ</em></strong></span> <span class='ocrx_word' id='word_1_25' title='bbox 110 711 505 780; x_wconf 75' lang='lat' dir='ltr'><strong>responsione,ut</strong></span> <span class='ocrx_word' id='word_1_26' title='bbox 549 715 643 762; x_wconf 88' lang='lat' dir='ltr'><strong>aut</strong></span> <span class='ocrx_word' id='word_1_27' title='bbox 668 707 881 777; x_wconf 68' lang='lat' dir='ltr'><strong>planius</strong></span> <span class='ocrx_word' id='word_1_28' title='bbox 924 714 981 762; x_wconf 80' lang='lat' dir='ltr'><strong>et</strong></span> <span class='ocrx_word' id='word_1_29' title='bbox 1026 703 1647 772; x_wconf 65' lang='lat' dir='ltr'><strong>enodatius-loquamur,-</strong></span> 
     </span>
    </p>
   </div>
   <div class='ocr_carea' id='block_1_6' title="bbox 115 792 1649 872">
    <p class='ocr_par' dir='ltr' id='par_1_6' title="bbox 115 792 1649 872">
     <span class='ocr_line' id='line_1_6' title="bbox 115 792 1649 872; baseline -0.006 -17"><span class='ocrx_word' id='word_1_30' title='bbox 115 814 176 857; x_wconf 58' lang='grc' dir='ltr'>λιιι</span> <span class='ocrx_word' id='word_1_31' title='bbox 196 802 481 872; x_wconf 78' lang='lat' dir='ltr'><strong>opinionem</strong></span> <span class='ocrx_word' id='word_1_32' title='bbox 506 796 1182 861; x_wconf 64' lang='lat' dir='ltr'><strong>eontrariamrefelbﬂrds,</strong></span> <span class='ocrx_word' id='word_1_33' title='bbox 1208 804 1301 850; x_wconf 85' lang='lat' dir='ltr'><strong>aut</strong></span> <span class='ocrx_word' id='word_1_34' title='bbox 1327 808 1389 849; x_wconf 85' lang='lat' dir='ltr'><strong>ea</strong></span> <span class='ocrx_word' id='word_1_35' title='bbox 1416 807 1535 865; x_wconf 76' lang='lat' dir='ltr'><strong>quae</strong></span> <span class='ocrx_word' id='word_1_36' title='bbox 1556 792 1649 848; x_wconf 73' lang='lat' dir='ltr'><strong>iiii</strong></span> 
     </span>
    </p>
   </div>
   <div class='ocr_carea' id='block_1_7' title="bbox 115 884 1644 962">
    <p class='ocr_par' dir='ltr' id='par_1_7' title="bbox 115 884 1644 962">
     <span class='ocr_line' id='line_1_7' title="bbox 115 884 1644 962; baseline -0.006 -14"><span class='ocrx_word' id='word_1_37' title='bbox 115 898 347 948; x_wconf 64' lang='lat' dir='ltr'><strong>notatione</strong></span> <span class='ocrx_word' id='word_1_38' title='bbox 370 907 469 945; x_wconf 88' lang='lat' dir='ltr'><strong>non</strong></span> <span class='ocrx_word' id='word_1_39' title='bbox 494 890 829 962; x_wconf 73' lang='lat' dir='ltr'><strong>explicemus</strong></span> <span class='ocrx_word' id='word_1_40' title='bbox 851 889 1037 953; x_wconf 56' lang='lat' dir='ltr'><strong>latius,</strong></span> <span class='ocrx_word' id='word_1_41' title='bbox 1066 887 1171 943; x_wconf 77' lang='lat' dir='ltr'><strong>sed</strong></span> <span class='ocrx_word' id='word_1_42' title='bbox 1207 884 1442 942; x_wconf 72' lang='lat' dir='ltr'><strong>breviter</strong></span> <span class='ocrx_word' id='word_1_43' title='bbox 1490 898 1644 940; x_wconf 88' lang='lat' dir='ltr'><strong>com-</strong></span> 
     </span>
    </p>
   </div>
   <div class='ocr_carea' id='block_1_8' title="bbox 115 976 1647 1053">
    <p class='ocr_par' dir='ltr' id='par_1_8' title="bbox 115 976 1647 1053">
     <span class='ocr_line' id='line_1_8' title="bbox 115 976 1647 1053; baseline -0.004 -18"><span class='ocrx_word' id='word_1_44' title='bbox 115 984 353 1051; x_wconf 62' lang='lat' dir='ltr'><strong>plieetnus,</strong></span> <span class='ocrx_word' id='word_1_45' title='bbox 382 982 747 1053; x_wconf 71' lang='lat' dir='ltr'><strong>eligenmsque</strong></span> <span class='ocrx_word' id='word_1_46' title='bbox 766 982 947 1052; x_wconf 82' lang='lat' dir='ltr'><strong>aliqua</strong></span> <span class='ocrx_word' id='word_1_47' title='bbox 986 995 1058 1036; x_wconf 81' lang='lat' dir='ltr'><strong>ex</strong></span> <span class='ocrx_word' id='word_1_48' title='bbox 1112 978 1203 1034; x_wconf 74' lang='lat' dir='ltr'><strong>his</strong></span> <span class='ocrx_word' id='word_1_49' title='bbox 1248 990 1375 1049; x_wconf 67' lang='lat' dir='ltr'><strong>quae</strong></span> <span class='ocrx_word' id='word_1_50' title='bbox 1420 976 1647 1049; x_wconf 84' lang='lat' dir='ltr'><strong>mystice</strong></span> 
     </span>
    </p>
   </div>
   <div class='ocr_carea' id='block_1_9' title="bbox 107 1069 1648 1140">
    <p class='ocr_par' dir='ltr' id='par_1_9' title="bbox 107 1069 1648 1140">
     <span class='ocr_line' id='line_1_9' title="bbox 107 1069 1648 1140; baseline -0.004 -11"><span class='ocrx_word' id='word_1_51' title='bbox 107 1072 655 1130; x_wconf 66' lang='lat' dir='ltr'><strong>dictasuuﬁirrsanctie</strong></span> <span class='ocrx_word' id='word_1_52' title='bbox 698 1072 897 1137; x_wconf 66' lang='lat' dir='ltr'><strong>bibris,</strong></span> <span class='ocrx_word' id='word_1_53' title='bbox 940 1081 999 1127; x_wconf 86' lang='lat' dir='ltr'><strong>et</strong></span> <span class='ocrx_word' id='word_1_54' title='bbox 1036 1071 1273 1126; x_wconf 65' lang='lat' dir='ltr'><strong>maxime</strong></span> <span class='ocrx_word' id='word_1_55' title='bbox 1297 1069 1489 1140; x_wconf 76' lang='lat' dir='ltr'><strong>in&#39;ipsa</strong></span> <span class='ocrx_word' id='word_1_56' title='bbox 1522 1084 1648 1124; x_wconf 51' lang='lat' dir='ltr'><strong>pars</strong></span> 
     </span>
    </p>
   </div>
   <div class='ocr_carea' id='block_1_10' title="bbox 98 1162 1653 1235">
    <p class='ocr_par' dir='ltr' id='par_1_10' title="bbox 98 1162 1653 1235">
     <span class='ocr_line' id='line_1_10' title="bbox 98 1162 1653 1235; baseline -0.002 -16"><span class='ocrx_word' id='word_1_57' title='bbox 98 1166 435 1235; x_wconf 43' lang='lat' dir='ltr'><strong>reﬂuumque</strong></span> <span class='ocrx_word' id='word_1_58' title='bbox 452 1162 738 1233; x_wconf 79' lang='lat' dir='ltr'><strong>aperiendo</strong></span> <span class='ocrx_word' id='word_1_59' title='bbox 784 1171 838 1218; x_wconf 80' lang='lat' dir='ltr'><strong>et</strong></span> <span class='ocrx_word' id='word_1_60' title='bbox 893 1162 1189 1219; x_wconf 76' lang='lat' dir='ltr'><strong>revelandu</strong></span> <span class='ocrx_word' id='word_1_61' title='bbox 1228 1166 1417 1217; x_wconf 71' lang='lat' dir='ltr'><strong>noster</strong></span> <span class='ocrx_word' id='word_1_62' title='bbox 1467 1168 1653 1216; x_wconf 62' lang='lat' dir='ltr'><strong>sermo</strong></span> 
     </span>
    </p>
   </div>
   <div class='ocr_carea' id='block_1_11' title="bbox 97 1251 1645 1320">
    <p class='ocr_par' dir='ltr' id='par_1_11' title="bbox 97 1251 1645 1320">
     <span class='ocr_line' id='line_1_11' title="bbox 97 1251 1645 1320; baseline -0.002 -12"><span class='ocrx_word' id='word_1_63' title='bbox 97 1255 362 1310; x_wconf 63' lang='grc' dir='ltr'><strong>ἀνείρεαι.</strong></span> <span class='ocrx_word' id='word_1_64' title='bbox 388 1253 541 1320; x_wconf 69' lang='lat' dir='ltr'><strong>Quod.</strong></span> <span class='ocrx_word' id='word_1_65' title='bbox 559 1254 607 1307; x_wconf 82' lang='lat' dir='ltr'><strong>si</strong></span> <span class='ocrx_word' id='word_1_66' title='bbox 634 1254 791 1308; x_wconf 88' lang='lat' dir='ltr'><strong>nimis</strong></span> <span class='ocrx_word' id='word_1_67' title='bbox 818 1252 1005 1308; x_wconf 80' lang='lat' dir='ltr'><strong>tardus</strong></span> <span class='ocrx_word' id='word_1_68' title='bbox 1035 1262 1138 1318; x_wconf 81' lang='lat' dir='ltr'><strong>est,</strong></span> <span class='ocrx_word' id='word_1_69' title='bbox 1189 1261 1247 1306; x_wconf 65' lang='lat' dir='ltr'><strong>et</strong></span> <span class='ocrx_word' id='word_1_70' title='bbox 1280 1251 1519 1307; x_wconf 61' lang='lat' dir='ltr'><strong>ab‘omni</strong></span> <span class='ocrx_word' id='word_1_71' title='bbox 1552 1252 1645 1305; x_wconf 84' lang='lat' dir='ltr'><strong>tali</strong></span> 
     </span>
    </p>
   </div>
   <div class='ocr_carea' id='block_1_12' title="bbox 108 1340 1649 1407">
    <p class='ocr_par' dir='ltr' id='par_1_12' title="bbox 108 1340 1649 1407">
     <span class='ocr_line' id='line_1_12' title="bbox 108 1340 1649 1407; baseline -0.001 -10"><span class='ocrx_word' id='word_1_72' title='bbox 108 1344 361 1398; x_wconf 76' lang='lat' dir='ltr'><strong>suavitate-</strong></span> <span class='ocrx_word' id='word_1_73' title='bbox 396 1342 655 1399; x_wconf 73' lang='lat' dir='ltr'><strong>absurdus</strong></span> <span class='ocrx_word' id='word_1_74' title='bbox 686 1351 742 1397; x_wconf 89' lang='lat' dir='ltr'><strong>et</strong></span> <span class='ocrx_word' id='word_1_75' title='bbox 785 1350 1023 1407; x_wconf 79' lang='lat' dir='ltr'><strong>aversus,</strong></span> <span class='ocrx_word' id='word_1_76' title='bbox 1056 1342 1474 1397; x_wconf 67' lang='lat' dir='ltr'><strong>misericorditer</strong></span> <span class='ocrx_word' id='word_1_77' title='bbox 1494 1340 1649 1396; x_wconf 58' lang='lat' dir='ltr'><strong>suae</strong></span> 
     </span>
    </p>
   </div>
   <div class='ocr_carea' id='block_1_13' title="bbox 102 1434 1649 1504">
    <p class='ocr_par' dir='ltr' id='par_1_13' title="bbox 102 1434 1649 1504">
     <span class='ocr_line' id='line_1_13' title="bbox 102 1434 1649 1504; baseline -0.003 -14"><span class='ocrx_word' id='word_1_78' title='bbox 102 1434 290 1490; x_wconf 82' lang='lat' dir='ltr'><strong>rendus</strong></span> <span class='ocrx_word' id='word_1_79' title='bbox 312 1443 399 1500; x_wconf 78' lang='lat' dir='ltr'><strong>est,</strong></span> <span class='ocrx_word' id='word_1_80' title='bbox 424 1434 757 1504; x_wconf 66' lang='lat' dir='ltr'><strong>breviterque</strong></span> <span class='ocrx_word' id='word_1_81' title='bbox 775 1434 1021 1489; x_wconf 73' lang='lat' dir='ltr'><strong>decursis</strong></span> <span class='ocrx_word' id='word_1_82' title='bbox 1047 1434 1282 1501; x_wconf 61' lang='lat' dir='ltr'><strong>(steteris,</strong></span> <span class='ocrx_word' id='word_1_83' title='bbox 1312 1448 1380 1489; x_wconf 75' lang='lat' dir='ltr'><strong>ea</strong></span> <span class='ocrx_word' id='word_1_84' title='bbox 1396 1440 1517 1503; x_wconf 64' lang='lat' dir='ltr'><strong>qua:</strong></span> <span class='ocrx_word' id='word_1_85' title='bbox 1534 1446 1649 1486; x_wconf 59' lang='lat' dir='ltr'><strong>mas</strong></span> 
     </span>
    </p>
   </div>
   <div class='ocr_carea' id='block_1_14' title="bbox 106 1524 1648 1592">
    <p class='ocr_par' dir='ltr' id='par_1_14' title="bbox 106 1524 1648 1592">
     <span class='ocr_line' id='line_1_14' title="bbox 106 1524 1648 1592; baseline 0 -13"><span class='ocrx_word' id='word_1_86' title='bbox 106 1527 251 1581; x_wconf 74' lang='lat' dir='ltr'><strong>xime</strong></span> <span class='ocrx_word' id='word_1_87' title='bbox 271 1524 541 1581; x_wconf 72' lang='lat' dir='ltr'><strong>necessaria</strong></span> <span class='ocrx_word' id='word_1_88' title='bbox 565 1535 711 1592; x_wconf 82' lang='lat' dir='ltr'><strong>sunt,</strong></span> <span class='ocrx_word' id='word_1_89' title='bbox 738 1524 1037 1581; x_wconf 41' lang='lat' dir='ltr'><strong>(ieiunitate</strong></span> <span class='ocrx_word' id='word_1_90' title='bbox 1054 1524 1343 1580; x_wconf 71' lang='lat' dir='ltr'><strong>Cathoiieaa</strong></span> <span class='ocrx_word' id='word_1_91' title='bbox 1367 1526 1409 1592; x_wconf 71' lang='grc' dir='ltr'><strong>ί,</strong></span> <span class='ocrx_word' id='word_1_92' title='bbox 1429 1524 1499 1579; x_wconf 90' lang='lat' dir='ltr'><strong>de</strong></span> <span class='ocrx_word' id='word_1_93' title='bbox 1534 1534 1648 1580; x_wconf 87' lang='lat' dir='ltr'><strong>ten-</strong></span> 
     </span>
    </p>
   </div>
   <div class='ocr_carea' id='block_1_15' title="bbox 108 1618 1645 1690">
    <p class='ocr_par' dir='ltr' id='par_1_15' title="bbox 108 1618 1645 1690">
     <span class='ocr_line' id='line_1_15' title="bbox 108 1618 1645 1690; baseline -0.001 -17"><span class='ocrx_word' id='word_1_94' title='bbox 108 1620 391 1684; x_wconf 79' lang='lat' dir='ltr'><strong>tationibus,</strong></span> <span class='ocrx_word' id='word_1_95' title='bbox 415 1620 475 1674; x_wconf 87' lang='lat' dir='ltr'><strong>de</strong></span> <span class='ocrx_word' id='word_1_96' title='bbox 502 1618 793 1673; x_wconf 74' lang='lat' dir='ltr'><strong>christiana</strong></span> <span class='ocrx_word' id='word_1_97' title='bbox 814 1619 1222 1676; x_wconf 73' lang='lat' dir='ltr'><strong>conversatione</strong></span> <span class='ocrx_word' id='word_1_98' title='bbox 1256 1627 1479 1690; x_wconf 76' lang='lat' dir='ltr'><strong>propter</strong></span> <span class='ocrx_word' id='word_1_99' title='bbox 1502 1619 1645 1673; x_wconf 45' lang='lat' dir='ltr'><strong>futue</strong></span> 
     </span>
    </p>
   </div>
   <div class='ocr_carea' id='block_1_16' title="bbox 108 1709 1649 1780">
    <p class='ocr_par' dir='ltr' id='par_1_16' title="bbox 108 1709 1649 1780">
     <span class='ocr_line' id='line_1_16' title="bbox 108 1709 1649 1780; baseline 0.001 -16"><span class='ocrx_word' id='word_1_100' title='bbox 108 1722 213 1765; x_wconf 84' lang='lat' dir='ltr'><strong>rum</strong></span> <span class='ocrx_word' id='word_1_101' title='bbox 224 1710 467 1780; x_wconf 70' lang='lat' dir='ltr'><strong>judicium</strong></span> <span class='ocrx_word' id='word_1_102' title='bbox 480 1709 787 1765; x_wconf 69' lang='lat' dir='ltr'><strong>terribiliter</strong></span> <span class='ocrx_word' id='word_1_103' title='bbox 820 1709 1141 1764; x_wconf 72' lang='lat' dir='ltr'><strong>inculcanda</strong></span> <span class='ocrx_word' id='word_1_104' title='bbox 1177 1716 1307 1764; x_wconf 75' lang='lat' dir='ltr'><strong>sunt</strong></span> <span class='ocrx_word' id='word_1_105' title='bbox 1329 1710 1649 1779; x_wconf 69' lang='lat' dir='ltr'><strong>,:megisqud</strong></span> 
     </span>
    </p>
   </div>
   <div class='ocr_carea' id='block_1_17' title="bbox 108 1803 1593 1873">
    <p class='ocr_par' dir='ltr' id='par_1_17' title="bbox 108 1803 1593 1873">
     <span class='ocr_line' id='line_1_17' title="bbox 108 1803 1593 1873; baseline -0.001 -16"><span class='ocrx_word' id='word_1_106' title='bbox 108 1817 197 1871; x_wconf 81' lang='lat' dir='ltr'><strong>pro</strong></span> <span class='ocrx_word' id='word_1_107' title='bbox 226 1803 399 1858; x_wconf 79' lang='lat' dir='ltr'><strong>ilload</strong></span> <span class='ocrx_word' id='word_1_108' title='bbox 420 1804 607 1868; x_wconf 59' lang='lat' dir='ltr'><strong>Beumg-</strong></span> <span class='ocrx_word' id='word_1_109' title='bbox 627 1810 797 1873; x_wconf 79' lang='lat' dir='ltr'><strong>quam</strong></span> <span class='ocrx_word' id='word_1_110' title='bbox 812 1804 895 1857; x_wconf 74' lang='lat' dir='ltr'><strong>illi</strong></span> <span class='ocrx_word' id='word_1_111' title='bbox 914 1803 1127 1858; x_wconf 57' lang='lat' dir='ltr'><strong>debeoY</strong></span> <span class='ocrx_word' id='word_1_112' title='bbox 1151 1804 1331 1857; x_wconf 48' lang='lat' dir='ltr'><strong>multat</strong></span> <span class='ocrx_word' id='word_1_113' title='bbox 1347 1803 1593 1858; x_wconf 76' lang='lat' dir='ltr'><strong>dicenda.</strong></span> 
     </span>
    </p>
   </div>
   <div class='ocr_carea' id='block_1_18' title="bbox 174 1892 1644 1964">
    <p class='ocr_par' dir='ltr' id='par_1_18' title="bbox 174 1892 1644 1964">
     <span class='ocr_line' id='line_1_18' title="bbox 174 1892 1644 1964; baseline -0.001 -15"><span class='ocrx_word' id='word_1_114' title='bbox 174 1892 258 1949; x_wconf 66' lang='lat' dir='ltr'><strong>i9.</strong></span> <span class='ocrx_word' id='word_1_115' title='bbox 282 1893 421 1964; x_wconf 66' lang='lat' dir='ltr'><strong>Saepe</strong></span> <span class='ocrx_word' id='word_1_116' title='bbox 434 1895 582 1949; x_wconf 83' lang='lat' dir='ltr'><strong>etiam</strong></span> <span class='ocrx_word' id='word_1_117' title='bbox 605 1892 662 1948; x_wconf 80' lang='lat' dir='ltr'><strong>lit</strong></span> <span class='ocrx_word' id='word_1_118' title='bbox 681 1902 739 1948; x_wconf 84' lang='lat' dir='ltr'><strong>ut</strong></span> <span class='ocrx_word' id='word_1_119' title='bbox 761 1894 863 1964; x_wconf 66' lang='lat' dir='ltr'><strong>quif</strong></span> <span class='ocrx_word' id='word_1_120' title='bbox 880 1895 1059 1964; x_wconf 69' lang='lat' dir='ltr'><strong>primo</strong></span> <span class='ocrx_word' id='word_1_121' title='bbox 1087 1895 1323 1950; x_wconf 75' lang='lat' dir='ltr'><strong>libenter</strong></span> <span class='ocrx_word' id='word_1_122' title='bbox 1374 1894 1644 1961; x_wconf 77' lang='lat' dir='ltr'><strong>audiebat,</strong></span> 
     </span>
    </p>
   </div>
   <div class='ocr_carea' id='block_1_19' title="bbox 108 1985 1651 2057">
    <p class='ocr_par' dir='ltr' id='par_1_19' title="bbox 108 1985 1651 2057">
     <span class='ocr_line' id='line_1_19' title="bbox 108 1985 1651 2057; baseline 0.001 -19"><span class='ocrx_word' id='word_1_123' title='bbox 108 1986 184 2040; x_wconf 81' lang='lat' dir='ltr'><strong>vel</strong></span> <span class='ocrx_word' id='word_1_124' title='bbox 196 1985 447 2041; x_wconf 71' lang='lat' dir='ltr'><strong>audiendo</strong></span> <span class='ocrx_word' id='word_1_125' title='bbox 458 1986 545 2041; x_wconf 74' lang='lat' dir='ltr'><strong>vel</strong></span> <span class='ocrx_word' id='word_1_126' title='bbox 556 1985 742 2041; x_wconf 83' lang='lat' dir='ltr'><strong>stando</strong></span> <span class='ocrx_word' id='word_1_127' title='bbox 760 1985 1149 2057; x_wconf 55' lang='lat' dir='ltr'><strong>fatigatumnon</strong></span> <span class='ocrx_word' id='word_1_128' title='bbox 1160 1985 1536 2056; x_wconf 78' lang='lat' dir='ltr'><strong>jamlaudans,</strong></span> <span class='ocrx_word' id='word_1_129' title='bbox 1552 1985 1651 2040; x_wconf 85' lang='lat' dir='ltr'><strong>sed</strong></span> 
     </span>
    </p>
   </div>
   <div class='ocr_carea' id='block_1_20' title="bbox 106 2076 1661 2143">
    <p class='ocr_par' dir='ltr' id='par_1_20' title="bbox 106 2076 1661 2143">
     <span class='ocr_line' id='line_1_20' title="bbox 106 2076 1661 2143; baseline 0 -13"><span class='ocrx_word' id='word_1_130' title='bbox 106 2076 465 2131; x_wconf 70' lang='lat' dir='ltr'><strong>osoitamlabia</strong></span> <span class='ocrx_word' id='word_1_131' title='bbox 488 2076 713 2143; x_wconf 88' lang='lat' dir='ltr'><strong>diducat,</strong></span> <span class='ocrx_word' id='word_1_132' title='bbox 741 2086 803 2133; x_wconf 86' lang='lat' dir='ltr'><strong>et-</strong></span> <span class='ocrx_word' id='word_1_133' title='bbox 820 2092 879 2132; x_wconf 85' lang='lat' dir='ltr'><strong>se</strong></span> <span class='ocrx_word' id='word_1_134' title='bbox 905 2078 1063 2132; x_wconf 57' lang='lat' dir='ltr'><strong>abire»</strong></span> <span class='ocrx_word' id='word_1_135' title='bbox 1081 2078 1225 2133; x_wconf 14' lang='lat' dir='ltr'><strong>vellet</strong></span> <span class='ocrx_word' id='word_1_136' title='bbox 1258 2079 1417 2132; x_wconf 86' lang='lat' dir='ltr'><strong>etiam</strong></span> <span class='ocrx_word' id='word_1_137' title='bbox 1449 2077 1661 2131; x_wconf 83' lang='lat' dir='ltr'><strong>invitus</strong></span> 
     </span>
    </p>
   </div>
   <div class='ocr_carea' id='block_1_21' title="bbox 110 2167 1656 2240">
    <p class='ocr_par' dir='ltr' id='par_1_21' title="bbox 110 2167 1656 2240">
     <span class='ocr_line' id='line_1_21' title="bbox 110 2167 1656 2240; baseline 0.001 -18"><span class='ocrx_word' id='word_1_138' title='bbox 110 2167 361 2225; x_wconf 74' lang='lat' dir='ltr'><strong>ostendat.</strong></span> <span class='ocrx_word' id='word_1_139' title='bbox 382 2168 515 2237; x_wconf 79' lang='lat' dir='ltr'><strong>Quod</strong></span> <span class='ocrx_word' id='word_1_140' title='bbox 540 2169 999 2236; x_wconf 73' lang='lat' dir='ltr'><strong>ubisenserimus,</strong></span> <span class='ocrx_word' id='word_1_141' title='bbox 1027 2180 1129 2225; x_wconf 58' lang='lat' dir='ltr'><strong>aut»</strong></span> <span class='ocrx_word' id='word_1_142' title='bbox 1146 2184 1407 2225; x_wconf 88' lang='lat' dir='ltr'><strong>renovare</strong></span> <span class='ocrx_word' id='word_1_143' title='bbox 1434 2178 1656 2240; x_wconf 79' lang='lat' dir='ltr'><strong>oportet</strong></span> 
     </span>
    </p>
   </div>
   <div class='ocr_carea' id='block_1_22' title="bbox 114 2258 1648 2331">
    <p class='ocr_par' dir='ltr' id='par_1_22' title="bbox 114 2258 1648 2331">
     <span class='ocr_line' id='line_1_22' title="bbox 114 2258 1648 2331; baseline 0.002 -19"><span class='ocrx_word' id='word_1_144' title='bbox 114 2258 226 2327; x_wconf 71' lang='lat' dir='ltr'><strong>ejtu</strong></span> <span class='ocrx_word' id='word_1_145' title='bbox 244 2260 471 2325; x_wconf 68' lang='lat' dir='ltr'><strong>annuum,</strong></span> <span class='ocrx_word' id='word_1_146' title='bbox 494 2259 726 2316; x_wconf 72' lang='lat' dir='ltr'><strong>dicendo</strong></span> <span class='ocrx_word' id='word_1_147' title='bbox 738 2260 941 2331; x_wconf 83' lang='lat' dir='ltr'><strong>aliquid</strong></span> <span class='ocrx_word' id='word_1_148' title='bbox 961 2261 1181 2316; x_wconf 80' lang='lat' dir='ltr'><strong>honesta</strong></span> <span class='ocrx_word' id='word_1_149' title='bbox 1222 2261 1491 2315; x_wconf 71' lang='lat' dir='ltr'><strong>hilaritate</strong></span> <span class='ocrx_word' id='word_1_150' title='bbox 1515 2276 1648 2317; x_wconf 88' lang='lat' dir='ltr'><strong>con-</strong></span> 
     </span>
    </p>
   </div>
   <div class='ocr_carea' id='block_1_23' title="bbox 118 2350 1649 2423">
    <p class='ocr_par' dir='ltr' id='par_1_23' title="bbox 118 2350 1649 2423">
     <span class='ocr_line' id='line_1_23' title="bbox 118 2350 1649 2423; baseline 0.002 -19"><span class='ocrx_word' id='word_1_151' title='bbox 118 2350 610 2422; x_wconf 69' lang='lat' dir='ltr'><strong>ditumeeaptumrei</strong></span> <span class='ocrx_word' id='word_1_152' title='bbox 637 2367 757 2423; x_wconf 68' lang='lat' dir='ltr'><strong>quas</strong></span> <span class='ocrx_word' id='word_1_153' title='bbox 782 2353 981 2423; x_wconf 80' lang='lat' dir='ltr'><strong>agitur,</strong></span> <span class='ocrx_word' id='word_1_154' title='bbox 1007 2352 1091 2407; x_wconf 86' lang='lat' dir='ltr'><strong>vel</strong></span> <span class='ocrx_word' id='word_1_155' title='bbox 1129 2352 1343 2423; x_wconf 85' lang='lat' dir='ltr'><strong>aliquid</strong></span> <span class='ocrx_word' id='word_1_156' title='bbox 1374 2352 1531 2407; x_wconf 83' lang='lat' dir='ltr'><strong>valde</strong></span> <span class='ocrx_word' id='word_1_157' title='bbox 1557 2353 1649 2407; x_wconf 53' lang='lat' dir='ltr'><strong>mi‘</strong></span> 
     </span>
    </p>
   </div>
   <div class='ocr_carea' id='block_1_24' title="bbox 123 2439 1657 2515">
    <p class='ocr_par' dir='ltr' id='par_1_24' title="bbox 123 2439 1657 2515">
     <span class='ocr_line' id='line_1_24' title="bbox 123 2439 1657 2515; baseline 0.003 -20"><span class='ocrx_word' id='word_1_158' title='bbox 123 2439 326 2496; x_wconf 78' lang='lat' dir='ltr'><strong>randum</strong></span> <span class='ocrx_word' id='word_1_159' title='bbox 347 2452 392 2497; x_wconf 83' lang='lat' dir='ltr'><strong>et</strong></span> <span class='ocrx_word' id='word_1_160' title='bbox 415 2444 759 2512; x_wconf 71' lang='lat' dir='ltr'><strong>stupendum,</strong></span> <span class='ocrx_word' id='word_1_161' title='bbox 803 2445 903 2499; x_wconf 88' lang='lat' dir='ltr'><strong>vel-</strong></span> <span class='ocrx_word' id='word_1_162' title='bbox 936 2445 1095 2499; x_wconf 85' lang='lat' dir='ltr'><strong>etiam</strong></span> <span class='ocrx_word' id='word_1_163' title='bbox 1134 2444 1439 2499; x_wconf 87' lang='lat' dir='ltr'><strong>dolendum</strong></span> <span class='ocrx_word' id='word_1_164' title='bbox 1487 2452 1657 2515; x_wconf 87' lang='lat' dir='ltr'><strong>atque</strong></span> 
     </span>
    </p>
   </div>
   <div class='ocr_carea' id='block_1_25' title="bbox 130 2531 1646 2607">
    <p class='ocr_par' dir='ltr' id='par_1_25' title="bbox 130 2531 1646 2607">
     <span class='ocr_line' id='line_1_25' title="bbox 130 2531 1646 2607; baseline 0.003 -20"><span class='ocrx_word' id='word_1_165' title='bbox 130 2531 462 2602; x_wconf 65' lang='lat' dir='ltr'><strong>pingendum;</strong></span> <span class='ocrx_word' id='word_1_166' title='bbox 489 2542 542 2589; x_wconf 89' lang='lat' dir='ltr'><strong>et</strong></span> <span class='ocrx_word' id='word_1_167' title='bbox 560 2535 727 2604; x_wconf 78' lang='lat' dir='ltr'><strong>magis</strong></span> <span class='ocrx_word' id='word_1_168' title='bbox 755 2534 823 2590; x_wconf 83' lang='lat' dir='ltr'><strong>de</strong></span> <span class='ocrx_word' id='word_1_169' title='bbox 841 2536 1003 2605; x_wconf 65' lang='lat' dir='ltr'><strong>ipso,</strong></span> <span class='ocrx_word' id='word_1_170' title='bbox 1021 2544 1077 2591; x_wconf 90' lang='lat' dir='ltr'><strong>ut</strong></span> <span class='ocrx_word' id='word_1_171' title='bbox 1106 2537 1321 2606; x_wconf 85' lang='lat' dir='ltr'><strong>propria</strong></span> <span class='ocrx_word' id='word_1_172' title='bbox 1352 2552 1479 2592; x_wconf 90' lang='lat' dir='ltr'><strong>cura</strong></span> <span class='ocrx_word' id='word_1_173' title='bbox 1508 2552 1646 2607; x_wconf 76' lang='lat' dir='ltr'><strong>pun-</strong></span> 
     </span>
    </p>
   </div>
   <div class='ocr_carea' id='block_1_26' title="bbox 132 2624 1651 2697">
    <p class='ocr_par' dir='ltr' id='par_1_26' title="bbox 132 2624 1651 2697">
     <span class='ocr_line' id='line_1_26' title="bbox 132 2624 1651 2697; baseline 0.007 -23"><span class='ocrx_word' id='word_1_174' title='bbox 132 2624 613 2696; x_wconf 66' lang='lat' dir='ltr'><strong>ctusevigiletgqnod</strong></span> <span class='ocrx_word' id='word_1_175' title='bbox 638 2635 829 2682; x_wconf 80' lang='lat' dir='ltr'><strong>tamen</strong></span> <span class='ocrx_word' id='word_1_176' title='bbox 845 2643 953 2683; x_wconf 88' lang='lat' dir='ltr'><strong>non</strong></span> <span class='ocrx_word' id='word_1_177' title='bbox 974 2626 1211 2682; x_wconf 71' lang='lat' dir='ltr'><strong>offendat</strong></span> <span class='ocrx_word' id='word_1_178' title='bbox 1239 2629 1357 2697; x_wconf 89' lang='lat' dir='ltr'><strong>ejus</strong></span> <span class='ocrx_word' id='word_1_179' title='bbox 1398 2643 1651 2684; x_wconf 62' lang='lat' dir='ltr'><strong>verecuw</strong></span> 
     </span>
    </p>
   </div>
   <div class='ocr_carea' id='block_1_27' title="bbox 137 2713 1649 2790">
    <p class='ocr_par' dir='ltr' id='par_1_27' title="bbox 137 2713 1649 2790">
     <span class='ocr_line' id='line_1_27' title="bbox 137 2713 1649 2790; baseline 0.009 -25"><span class='ocrx_word' id='word_1_180' title='bbox 137 2713 273 2768; x_wconf 86' lang='lat' dir='ltr'><strong>diam</strong></span> <span class='ocrx_word' id='word_1_181' title='bbox 292 2719 517 2786; x_wconf 80' lang='lat' dir='ltr'><strong>asperitate</strong></span> <span class='ocrx_word' id='word_1_182' title='bbox 546 2720 745 2790; x_wconf 78' lang='lat' dir='ltr'><strong>aliqua,</strong></span> <span class='ocrx_word' id='word_1_183' title='bbox 783 2720 878 2775; x_wconf 88' lang='lat' dir='ltr'><strong>sed</strong></span> <span class='ocrx_word' id='word_1_184' title='bbox 908 2723 1088 2789; x_wconf 84' lang='lat' dir='ltr'><strong>potius</strong></span> <span class='ocrx_word' id='word_1_185' title='bbox 1110 2719 1471 2777; x_wconf 83' lang='lat' dir='ltr'><strong>familiaritate</strong></span> <span class='ocrx_word' id='word_1_186' title='bbox 1519 2737 1649 2777; x_wconf 83' lang='lat' dir='ltr'><strong>con-</strong></span> 
     </span>
    </p>
   </div>
   <div class='ocr_carea' id='block_1_28' title="bbox 137 2808 1663 2886">
    <p class='ocr_par' dir='ltr' id='par_1_28' title="bbox 137 2808 1663 2886">
     <span class='ocr_line' id='line_1_28' title="bbox 137 2808 1663 2886; baseline 0.005 -23"><span class='ocrx_word' id='word_1_187' title='bbox 137 2808 269 2863; x_wconf 82' lang='lat' dir='ltr'><strong>ciliet</strong></span> <span class='ocrx_word' id='word_1_188' title='bbox 294 2820 403 2875; x_wconf 61' lang='grc' dir='ltr'><strong>μοι</strong></span> <span class='ocrx_word' id='word_1_189' title='bbox 431 2812 605 2868; x_wconf 63' lang='lat' dir='ltr'><strong>oblata</strong></span> <span class='ocrx_word' id='word_1_190' title='bbox 637 2814 879 2869; x_wconf 82' lang='lat' dir='ltr'><strong>sessione</strong></span> <span class='ocrx_word' id='word_1_191' title='bbox 902 2816 923 2846; x_wconf 80' lang='lat'>&#39;</span> <span class='ocrx_word' id='word_1_192' title='bbox 947 2828 1258 2869; x_wconf 74' lang='lat' dir='ltr'><strong>succurrere</strong></span> <span class='ocrx_word' id='word_1_193' title='bbox 1287 2832 1302 2880; x_wconf 86' lang='lat'><strong>;</strong></span> <span class='ocrx_word' id='word_1_194' title='bbox 1346 2828 1663 2886; x_wconf 39' lang='lat' dir='ltr'><strong>quanquam.</strong></span> 
     </span>
    </p>
   </div>
   <div class='ocr_carea' id='block_1_29' title="bbox 130 2898 1659 2975">
    <p class='ocr_par' dir='ltr' id='par_1_29' title="bbox 130 2898 1659 2975">
     <span class='ocr_line' id='line_1_29' title="bbox 130 2898 1659 2975; baseline 0.005 -23"><span class='ocrx_word' id='word_1_195' title='bbox 130 2898 539 2959; x_wconf 76' lang='lat' dir='ltr'><strong>sinedubitatione</strong></span> <span class='ocrx_word' id='word_1_196' title='bbox 558 2901 753 2961; x_wconf 81' lang='lat' dir='ltr'><strong>melius</strong></span> <span class='ocrx_word' id='word_1_197' title='bbox 779 2904 889 2970; x_wconf 83' lang='lat' dir='ltr'><strong>ﬂat,</strong></span> <span class='ocrx_word' id='word_1_198' title='bbox 912 2904 998 2958; x_wconf 87' lang='lat' dir='ltr'><strong>ubi</strong></span> <span class='ocrx_word' id='word_1_199' title='bbox 1028 2903 1285 2960; x_wconf 85' lang='lat' dir='ltr'><strong>decenter</strong></span> <span class='ocrx_word' id='word_1_200' title='bbox 1310 2904 1431 2960; x_wconf 80' lang='lat' dir='ltr'><strong>ﬁeri</strong></span> <span class='ocrx_word' id='word_1_201' title='bbox 1447 2914 1659 2975; x_wconf 84' lang='lat' dir='ltr'><strong>potest,</strong></span> 
     </span>
    </p>
   </div>
   <div class='ocr_carea' id='block_1_30' title="bbox 126 2995 1663 3070">
    <p class='ocr_par' dir='ltr' id='par_1_30' title="bbox 126 2995 1663 3070">
     <span class='ocr_line' id='line_1_30' title="bbox 126 2995 1663 3070; baseline 0.007 -26"><span class='ocrx_word' id='word_1_202' title='bbox 126 3002 215 3046; x_wconf 81' lang='lat' dir='ltr'><strong>uta</strong></span> <span class='ocrx_word' id='word_1_203' title='bbox 226 2995 456 3067; x_wconf 75' lang='lat' dir='ltr'><strong>principio</strong></span> <span class='ocrx_word' id='word_1_204' title='bbox 479 2998 674 3055; x_wconf 83' lang='lat' dir='ltr'><strong>sedens</strong></span> <span class='ocrx_word' id='word_1_205' title='bbox 701 2999 902 3065; x_wconf 80' lang='lat' dir='ltr'><strong>audiat;</strong></span> <span class='ocrx_word' id='word_1_206' title='bbox 946 2999 1214 3070; x_wconf 83' lang='lat' dir='ltr'><strong>longeque</strong></span> <span class='ocrx_word' id='word_1_207' title='bbox 1255 3000 1549 3055; x_wconf 76' lang='lat' dir='ltr'><strong>consultius</strong></span> <span class='ocrx_word' id='word_1_208' title='bbox 1592 3002 1663 3055; x_wconf 36' lang='lat' dir='ltr'><strong>int</strong></span> 
     </span>
    </p>
   </div>
   <div class='ocr_carea' id='block_1_31' title="bbox 117 3086 1649 3151">
    <p class='ocr_par' dir='ltr' id='par_1_31' title="bbox 117 3086 1649 3151">
     <span class='ocr_line' id='line_1_31' title="bbox 117 3086 1649 3151; baseline 0.005 -11"><span class='ocrx_word' id='word_1_209' title='bbox 117 3086 669 3151; x_wconf 76' lang='lat' dir='ltr'><strong>quibusdamEcclesiis</strong></span> <span class='ocrx_word' id='word_1_210' title='bbox 698 3092 1069 3146; x_wconf 81' lang='lat' dir='ltr'><strong>transmarinis</strong></span> <span class='ocrx_word' id='word_1_211' title='bbox 1097 3106 1203 3147; x_wconf 91' lang='lat' dir='ltr'><strong>non</strong></span> <span class='ocrx_word' id='word_1_212' title='bbox 1236 3092 1407 3147; x_wconf 89' lang='lat' dir='ltr'><strong>solum</strong></span> <span class='ocrx_word' id='word_1_213' title='bbox 1437 3094 1649 3148; x_wconf 73' lang='lat' dir='ltr'><strong>antistiu</strong></span> 
     </span>
    </p>
   </div>
   <div class='ocr_carea' id='block_1_32' title="bbox 111 3177 1648 3252">
    <p class='ocr_par' dir='ltr' id='par_1_32' title="bbox 111 3177 1648 3252">
     <span class='ocr_line' id='line_1_32' title="bbox 111 3177 1648 3252; baseline 0.008 -26"><span class='ocrx_word' id='word_1_214' title='bbox 111 3177 423 3234; x_wconf 72' lang='lat' dir='ltr'><strong>tessedentes</strong></span> <span class='ocrx_word' id='word_1_215' title='bbox 446 3181 733 3250; x_wconf 83' lang='lat' dir='ltr'><strong>loquuntur</strong></span> <span class='ocrx_word' id='word_1_216' title='bbox 761 3180 829 3236; x_wconf 82' lang='lat' dir='ltr'><strong>ad</strong></span> <span class='ocrx_word' id='word_1_217' title='bbox 856 3182 1135 3252; x_wconf 84' lang='lat' dir='ltr'><strong>populum,</strong></span> <span class='ocrx_word' id='word_1_218' title='bbox 1184 3182 1278 3238; x_wconf 84' lang='lat' dir='ltr'><strong>sed</strong></span> <span class='ocrx_word' id='word_1_219' title='bbox 1334 3184 1449 3252; x_wconf 72' lang='lat' dir='ltr'><strong>ipsi</strong></span> <span class='ocrx_word' id='word_1_220' title='bbox 1487 3183 1648 3239; x_wconf 81' lang='lat' dir='ltr'><strong>etiam</strong></span> 
     </span>
    </p>
   </div>
   <div class='ocr_carea' id='block_1_33' title="bbox 104 3268 1649 3343">
    <p class='ocr_par' dir='ltr' id='par_1_33' title="bbox 104 3268 1649 3343">
     <span class='ocr_line' id='line_1_33' title="bbox 104 3268 1649 3343; baseline 0.005 -19"><span class='ocrx_word' id='word_1_221' title='bbox 104 3268 283 3336; x_wconf 75' lang='lat' dir='ltr'><strong>populo</strong></span> <span class='ocrx_word' id='word_1_222' title='bbox 306 3269 489 3326; x_wconf 79' lang='lat' dir='ltr'><strong>sedilia</strong></span> <span class='ocrx_word' id='word_1_223' title='bbox 508 3271 811 3341; x_wconf 84' lang='lat' dir='ltr'><strong>subjaeent,</strong></span> <span class='ocrx_word' id='word_1_224' title='bbox 834 3286 905 3327; x_wconf 84' lang='lat' dir='ltr'><strong>ne</strong></span> <span class='ocrx_word' id='word_1_225' title='bbox 918 3274 1649 3343; x_wconf 33' lang='lat' dir='ltr'><strong>quisquamlinlirmiorstano</strong></span> 
     </span>
    </p>
   </div>
   <div class='ocr_carea' id='block_1_34' title="bbox 103 3354 1661 3431">
    <p class='ocr_par' dir='ltr' id='par_1_34' title="bbox 103 3354 1661 3431">
     <span class='ocr_line' id='line_1_34' title="bbox 103 3354 1661 3431; baseline 0.008 -21"><span class='ocrx_word' id='word_1_226' title='bbox 103 3354 447 3415; x_wconf 64' lang='lat' dir='ltr'><strong>delassatus-a</strong></span> <span class='ocrx_word' id='word_1_227' title='bbox 474 3362 829 3418; x_wconf 83' lang='lat' dir='ltr'><strong>saluberrima</strong></span> <span class='ocrx_word' id='word_1_228' title='bbox 875 3364 1174 3418; x_wconf 83' lang='lat' dir='ltr'><strong>intentione</strong></span> <span class='ocrx_word' id='word_1_229' title='bbox 1214 3373 1527 3431; x_wconf 42' lang='lat' dir='ltr'><strong>avertatur,</strong></span> <span class='ocrx_word' id='word_1_230' title='bbox 1559 3374 1661 3422; x_wconf 44' lang='lat' dir='ltr'><strong>aut.</strong></span> 
     </span>
    </p>
   </div>
   <div class='ocr_carea' id='block_1_35' title="bbox 100 3449 1657 3525">
    <p class='ocr_par' dir='ltr' id='par_1_35' title="bbox 100 3449 1657 3525">
     <span class='ocr_line' id='line_1_35' title="bbox 100 3449 1657 3525; baseline 0.009 -26"><span class='ocrx_word' id='word_1_231' title='bbox 100 3449 471 3523; x_wconf 75' lang='lat' dir='ltr'><strong>ctiamccgatur</strong></span> <span class='ocrx_word' id='word_1_232' title='bbox 484 3454 791 3509; x_wconf 81' lang='lat' dir='ltr'><strong>abscedere.</strong></span> <span class='ocrx_word' id='word_1_233' title='bbox 823 3454 899 3509; x_wconf 83' lang='lat' dir='ltr'><strong>Et</strong></span> <span class='ocrx_word' id='word_1_234' title='bbox 922 3462 1097 3509; x_wconf 88' lang='lat' dir='ltr'><strong>tamen</strong></span> <span class='ocrx_word' id='word_1_235' title='bbox 1130 3456 1352 3511; x_wconf 83' lang='lat' dir='ltr'><strong>multum</strong></span> <span class='ocrx_word' id='word_1_236' title='bbox 1406 3457 1657 3525; x_wconf 64' lang='lat' dir='ltr'><strong>interest,</strong></span> 
     </span>
    </p>
   </div>
   <div class='ocr_carea' id='block_1_36' title="bbox 94 3537 1670 3615">
    <p class='ocr_par' dir='ltr' id='par_1_36' title="bbox 94 3537 1670 3615">
     <span class='ocr_line' id='line_1_36' title="bbox 94 3537 1670 3615; baseline 0.006 -22"><span class='ocrx_word' id='word_1_237' title='bbox 94 3537 207 3594; x_wconf 71' lang='lat' dir='ltr'><strong>sise</strong></span> <span class='ocrx_word' id='word_1_238' title='bbox 228 3542 499 3614; x_wconf 75' lang='lat' dir='ltr'><strong>quisquam</strong></span> <span class='ocrx_word' id='word_1_239' title='bbox 549 3544 616 3599; x_wconf 90' lang='lat' dir='ltr'><strong>de</strong></span> <span class='ocrx_word' id='word_1_240' title='bbox 646 3560 834 3615; x_wconf 85' lang='lat' dir='ltr'><strong>magna</strong></span> <span class='ocrx_word' id='word_1_241' title='bbox 873 3545 1205 3601; x_wconf 87' lang='lat' dir='ltr'><strong>multitudine</strong></span> <span class='ocrx_word' id='word_1_242' title='bbox 1258 3547 1535 3603; x_wconf 76' lang='lat' dir='ltr'><strong>subtrahat</strong></span> <span class='ocrx_word' id='word_1_243' title='bbox 1580 3549 1670 3604; x_wconf 84' lang='lat' dir='ltr'><strong>ad-</strong></span> 
     </span>
    </p>
   </div>
   <div class='ocr_carea' id='block_1_37' title="bbox 99 3633 1673 3705">
    <p class='ocr_par' dir='ltr' id='par_1_37' title="bbox 99 3633 1673 3705">
     <span class='ocr_line' id='line_1_37' title="bbox 99 3633 1673 3705; baseline 0.009 -24"><span class='ocrx_word' id='word_1_244' title='bbox 99 3633 403 3701; x_wconf 75' lang='lat' dir='ltr'><strong>reparandas</strong></span> <span class='ocrx_word' id='word_1_245' title='bbox 433 3636 601 3700; x_wconf 84' lang='lat' dir='ltr'><strong>vires,</strong></span> <span class='ocrx_word' id='word_1_246' title='bbox 626 3636 717 3705; x_wconf 88' lang='lat' dir='ltr'><strong>qui</strong></span> <span class='ocrx_word' id='word_1_247' title='bbox 742 3634 852 3705; x_wconf 85' lang='lat' dir='ltr'><strong>jam</strong></span> <span class='ocrx_word' id='word_1_248' title='bbox 907 3645 1360 3691; x_wconf 84' lang='lat' dir='ltr'><strong>sacramentorum</strong></span> <span class='ocrx_word' id='word_1_249' title='bbox 1396 3640 1673 3697; x_wconf 85' lang='lat' dir='ltr'><strong>societate-</strong></span> 
     </span>
    </p>
   </div>
   <div class='ocr_carea' id='block_1_38' title="bbox 91 3717 1650 3800">
    <p class='ocr_par' dir='ltr' id='par_1_38' title="bbox 91 3717 1650 3800">
     <span class='ocr_line' id='line_1_38' title="bbox 91 3717 1650 3800; baseline 0.009 -29"><span class='ocrx_word' id='word_1_250' title='bbox 91 3717 347 3779; x_wconf 71' lang='lat' dir='ltr'><strong>devinctus</strong></span> <span class='ocrx_word' id='word_1_251' title='bbox 363 3734 545 3791; x_wconf 87' lang='lat' dir='ltr'><strong>est;et</strong></span> <span class='ocrx_word' id='word_1_252' title='bbox 566 3727 613 3779; x_wconf 86' lang='lat' dir='ltr'><strong>si</strong></span> <span class='ocrx_word' id='word_1_253' title='bbox 634 3726 724 3781; x_wconf 90' lang='lat' dir='ltr'><strong>ille</strong></span> <span class='ocrx_word' id='word_1_254' title='bbox 748 3725 985 3781; x_wconf 85' lang='lat' dir='ltr'><strong>discedat</strong></span> <span class='ocrx_word' id='word_1_255' title='bbox 1012 3726 1173 3800; x_wconf 89' lang='lat' dir='ltr'><strong>(quod</strong></span> <span class='ocrx_word' id='word_1_256' title='bbox 1216 3728 1525 3799; x_wconf 86' lang='lat' dir='ltr'><strong>plerumque</strong></span> <span class='ocrx_word' id='word_1_257' title='bbox 1564 3731 1650 3785; x_wconf 86' lang='lat' dir='ltr'><strong>in-</strong></span> 
     </span>
    </p>
   </div>
   <div class='ocr_carea' id='block_1_39' title="bbox 88 3812 1644 3889">
    <p class='ocr_par' dir='ltr' id='par_1_39' title="bbox 88 3812 1644 3889">
     <span class='ocr_line' id='line_1_39' title="bbox 88 3812 1644 3889; baseline 0.01 -24"><span class='ocrx_word' id='word_1_258' title='bbox 88 3812 391 3873; x_wconf 68' lang='lat' dir='ltr'><strong>evitabiliter</strong></span> <span class='ocrx_word' id='word_1_259' title='bbox 416 3826 657 3889; x_wconf 78' lang='lat' dir='ltr'><strong>urgetur,</strong></span> <span class='ocrx_word' id='word_1_260' title='bbox 692 3836 761 3875; x_wconf 89' lang='lat' dir='ltr'><strong>ne</strong></span> <span class='ocrx_word' id='word_1_261' title='bbox 786 3821 1040 3877; x_wconf 87' lang='lat' dir='ltr'><strong>interiore</strong></span> <span class='ocrx_word' id='word_1_262' title='bbox 1060 3820 1267 3877; x_wconf 86' lang='lat' dir='ltr'><strong>defectu</strong></span> <span class='ocrx_word' id='word_1_263' title='bbox 1293 3824 1461 3879; x_wconf 88' lang='lat' dir='ltr'><strong>victus</strong></span> <span class='ocrx_word' id='word_1_264' title='bbox 1484 3826 1644 3880; x_wconf 86' lang='lat' dir='ltr'><strong>etiam</strong></span> 
     </span>
    </p>
   </div>
   <div class='ocr_carea' id='block_1_40' title="bbox 83 3902 1647 3988">
    <p class='ocr_par' dir='ltr' id='par_1_40' title="bbox 83 3902 1647 3988">
     <span class='ocr_line' id='line_1_40' title="bbox 83 3902 1647 3988; baseline 0.011 -31"><span class='ocrx_word' id='word_1_265' title='bbox 83 3902 235 3979; x_wconf 78' lang='lat' dir='ltr'><strong>cadat)</strong></span> <span class='ocrx_word' id='word_1_266' title='bbox 267 3910 358 3978; x_wconf 90' lang='lat' dir='ltr'><strong>qui</strong></span> <span class='ocrx_word' id='word_1_267' title='bbox 387 3910 570 3981; x_wconf 88' lang='lat' dir='ltr'><strong>primis</strong></span> <span class='ocrx_word' id='word_1_268' title='bbox 599 3914 950 3968; x_wconf 85' lang='lat' dir='ltr'><strong>sacramentis</strong></span> <span class='ocrx_word' id='word_1_269' title='bbox 977 3913 1298 3970; x_wconf 85' lang='lat' dir='ltr'><strong>imbuendus</strong></span> <span class='ocrx_word' id='word_1_270' title='bbox 1326 3925 1442 3971; x_wconf 89' lang='lat' dir='ltr'><strong>est:</strong></span> <span class='ocrx_word' id='word_1_271' title='bbox 1477 3926 1528 3972; x_wconf 86' lang='lat' dir='ltr'><strong>et</strong></span> <span class='ocrx_word' id='word_1_272' title='bbox 1551 3935 1647 3988; x_wconf 87' lang='lat' dir='ltr'><strong>pu-</strong></span> 
     </span>
    </p>
   </div>
   <div class='ocr_carea' id='block_1_41' title="bbox 26 3991 1663 4079">
    <p class='ocr_par' dir='ltr' id='par_1_41' title="bbox 26 3991 1663 4079">
     <span class='ocr_line' id='line_1_41' title="bbox 26 3991 1663 4079; baseline 0.012 -32"><span class='ocrx_word' id='word_1_273' title='bbox 26 4022 31 4079; x_wconf 64' lang='grc' dir='ltr'><strong> </strong></span> <span class='ocrx_word' id='word_1_274' title='bbox 83 3991 193 4051; x_wconf 78' lang='lat' dir='ltr'><strong>dore</strong></span> <span class='ocrx_word' id='word_1_275' title='bbox 214 4000 355 4055; x_wconf 89' lang='lat' dir='ltr'><strong>enim</strong></span> <span class='ocrx_word' id='word_1_276' title='bbox 385 4016 492 4056; x_wconf 85' lang='lat' dir='ltr'><strong>non</strong></span> <span class='ocrx_word' id='word_1_277' title='bbox 512 4001 643 4057; x_wconf 87' lang='lat' dir='ltr'><strong>dicit</strong></span> <span class='ocrx_word' id='word_1_278' title='bbox 663 4018 759 4060; x_wconf 88' lang='lat' dir='ltr'><strong>cur</strong></span> <span class='ocrx_word' id='word_1_279' title='bbox 791 4012 895 4071; x_wconf 85' lang='lat' dir='ltr'><strong>eat,</strong></span> <span class='ocrx_word' id='word_1_280' title='bbox 916 4014 969 4059; x_wconf 90' lang='lat' dir='ltr'><strong>et</strong></span> <span class='ocrx_word' id='word_1_281' title='bbox 994 4005 1525 4065; x_wconf 80' lang='lat' dir='ltr'><strong>imbecillitatestare</strong></span> <span class='ocrx_word' id='word_1_282' title='bbox 1542 4024 1663 4066; x_wconf 87' lang='lat' dir='ltr'><strong>nou-</strong></span> 
     </span>
    </p>
   </div>
   <div class='ocr_carea' id='block_1_42' title="bbox 30 4082 1642 4172">
    <p class='ocr_par' dir='ltr' id='par_1_42' title="bbox 30 4082 1642 4172">
     <span class='ocr_line' id='line_1_42' title="bbox 30 4082 1642 4172; baseline 0.014 -35"><span class='ocrx_word' id='word_1_283' title='bbox 30 4104 35 4145; x_wconf 61' lang='grc' dir='ltr'>π</span> <span class='ocrx_word' id='word_1_284' title='bbox 84 4082 273 4147; x_wconf 84' lang='lat' dir='ltr'><strong>sinitur.</strong></span> <span class='ocrx_word' id='word_1_285' title='bbox 310 4092 578 4164; x_wconf 82' lang='lat' dir='ltr'><strong>Expertus</strong></span> <span class='ocrx_word' id='word_1_286' title='bbox 602 4096 717 4151; x_wconf 60' lang='lat' dir='ltr'><strong>haec</strong></span> <span class='ocrx_word' id='word_1_287' title='bbox 746 4096 901 4154; x_wconf 89' lang='lat' dir='ltr'><strong>dico:</strong></span> <span class='ocrx_word' id='word_1_288' title='bbox 932 4113 1053 4153; x_wconf 88' lang='lat' dir='ltr'><strong>nam</strong></span> <span class='ocrx_word' id='word_1_289' title='bbox 1084 4098 1209 4154; x_wconf 86' lang='lat' dir='ltr'><strong>fecit</strong></span> <span class='ocrx_word' id='word_1_290' title='bbox 1246 4100 1351 4156; x_wconf 87' lang='lat' dir='ltr'><strong>hoc</strong></span> <span class='ocrx_word' id='word_1_291' title='bbox 1389 4103 1605 4172; x_wconf 88' lang='lat' dir='ltr'><strong>quidam</strong></span> <span class='ocrx_word' id='word_1_292' title='bbox 1627 4146 1642 4171; x_wconf 94' lang='lat'><strong>,</strong></span> 
     </span>
    </p>
   </div>
   <div class='ocr_carea' id='block_1_43' title="bbox 28 4178 1651 4259">
    <p class='ocr_par' dir='ltr' id='par_1_43' title="bbox 28 4178 1651 4259">
     <span class='ocr_line' id='line_1_43' title="bbox 28 4178 1651 4259; baseline 0.012 -28"><span class='ocrx_word' id='word_1_293' title='bbox 84 4191 185 4235; x_wconf 73' lang='lat' dir='ltr'><strong>cum</strong></span> <span class='ocrx_word' id='word_1_294' title='bbox 206 4197 325 4240; x_wconf 88' lang='lat' dir='ltr'><strong>eum</strong></span> <span class='ocrx_word' id='word_1_295' title='bbox 348 4185 760 4253; x_wconf 85' lang='lat' dir='ltr'><strong>catecbizarem,</strong></span> <span class='ocrx_word' id='word_1_296' title='bbox 790 4187 950 4243; x_wconf 92' lang='lat' dir='ltr'><strong>homo</strong></span> <span class='ocrx_word' id='word_1_297' title='bbox 968 4192 1271 4247; x_wconf 89' lang='lat' dir='ltr'><strong>rusticanus</strong></span> <span class='ocrx_word' id='word_1_298' title='bbox 1297 4234 1310 4257; x_wconf 92' lang='lat'><strong>,</strong></span> <span class='ocrx_word' id='word_1_299' title='bbox 1352 4194 1495 4250; x_wconf 85' lang='lat' dir='ltr'><strong>unde</strong></span> <span class='ocrx_word' id='word_1_300' title='bbox 1544 4211 1651 4250; x_wconf 82' lang='lat' dir='ltr'><strong>ma-</strong></span> 
     </span>
    </p>
   </div>
   <div class='ocr_carea' id='block_1_44' title="bbox 34 4268 1649 4353">
    <p class='ocr_par' dir='ltr' id='par_1_44' title="bbox 34 4268 1649 4353">
     <span class='ocr_line' id='line_1_44' title="bbox 34 4268 1649 4353; baseline 0.012 -29"><span class='ocrx_word' id='word_1_301' title='bbox 34 4268 37 4277; x_wconf 78' lang='grc'><em>’</em></span> <span class='ocrx_word' id='word_1_302' title='bbox 88 4284 299 4343; x_wconf 76' lang='lat' dir='ltr'><strong>gnopere</strong></span> <span class='ocrx_word' id='word_1_303' title='bbox 340 4281 747 4349; x_wconf 64' lang='lat' dir='ltr'><strong>praecavendum</strong></span> <span class='ocrx_word' id='word_1_304' title='bbox 800 4298 922 4338; x_wconf 88' lang='lat' dir='ltr'><strong>esse</strong></span> <span class='ocrx_word' id='word_1_305' title='bbox 947 4284 1127 4339; x_wconf 85' lang='lat' dir='ltr'><strong>didici.</strong></span> <span class='ocrx_word' id='word_1_306' title='bbox 1159 4285 1301 4353; x_wconf 83' lang='lat' dir='ltr'><strong>Quis</strong></span> <span class='ocrx_word' id='word_1_307' title='bbox 1328 4288 1485 4342; x_wconf 86' lang='lat' dir='ltr'><strong>enim</strong></span> <span class='ocrx_word' id='word_1_308' title='bbox 1514 4286 1649 4343; x_wconf 84' lang='lat' dir='ltr'><strong>ferat</strong></span> 
     </span>
    </p>
   </div>
   <div class='ocr_carea' id='block_1_45' title="bbox 92 4370 1646 4446">
    <p class='ocr_par' dir='ltr' id='par_1_45' title="bbox 92 4370 1646 4446">
     <span class='ocr_line' id='line_1_45' title="bbox 92 4370 1646 4446; baseline 0.012 -30"><span class='ocrx_word' id='word_1_309' title='bbox 92 4370 418 4437; x_wconf 70' lang='lat' dir='ltr'><strong>arrogantiam</strong></span> <span class='ocrx_word' id='word_1_310' title='bbox 446 4382 685 4427; x_wconf 87' lang='lat' dir='ltr'><strong>nostram</strong></span> <span class='ocrx_word' id='word_1_311' title='bbox 707 4414 722 4439; x_wconf 93' lang='lat'><strong>,</strong></span> <span class='ocrx_word' id='word_1_312' title='bbox 778 4389 903 4428; x_wconf 84' lang='lat' dir='ltr'><strong>cum</strong></span> <span class='ocrx_word' id='word_1_313' title='bbox 942 4376 1086 4429; x_wconf 90' lang='lat' dir='ltr'><strong>viros</strong></span> <span class='ocrx_word' id='word_1_314' title='bbox 1106 4376 1125 4406; x_wconf 81' lang='grc'><strong>³</strong></span> <span class='ocrx_word' id='word_1_315' title='bbox 1157 4376 1349 4433; x_wconf 86' lang='lat' dir='ltr'><strong>fratres</strong></span> <span class='ocrx_word' id='word_1_316' title='bbox 1398 4386 1608 4433; x_wconf 87' lang='lat' dir='ltr'><strong>nostros</strong></span> <span class='ocrx_word' id='word_1_317' title='bbox 1629 4421 1646 4446; x_wconf 94' lang='lat'><strong>,</strong></span> 
     </span>
    </p>
   </div>
   <div class='ocr_carea' id='block_1_46' title="bbox 94 4455 1650 4537">
    <p class='ocr_par' dir='ltr' id='par_1_46' title="bbox 94 4455 1650 4537">
     <span class='ocr_line' id='line_1_46' title="bbox 94 4455 1650 4537; baseline 0.012 -29"><span class='ocrx_word' id='word_1_318' title='bbox 94 4455 159 4508; x_wconf 61' lang='lat' dir='ltr'><strong>vel</strong></span> <span class='ocrx_word' id='word_1_319' title='bbox 185 4460 335 4514; x_wconf 85' lang='lat' dir='ltr'><strong>etiam</strong></span> <span class='ocrx_word' id='word_1_320' title='bbox 358 4463 500 4532; x_wconf 89' lang='lat' dir='ltr'><strong>quod</strong></span> <span class='ocrx_word' id='word_1_321' title='bbox 527 4463 732 4532; x_wconf 88' lang='lat' dir='ltr'><strong>majore</strong></span> <span class='ocrx_word' id='word_1_322' title='bbox 749 4465 1105 4522; x_wconf 87' lang='lat' dir='ltr'><strong>sollicitudine</strong></span> <span class='ocrx_word' id='word_1_323' title='bbox 1132 4468 1433 4523; x_wconf 86' lang='lat' dir='ltr'><strong>curandum</strong></span> <span class='ocrx_word' id='word_1_324' title='bbox 1456 4479 1559 4537; x_wconf 85' lang='lat' dir='ltr'><strong>est,</strong></span> <span class='ocrx_word' id='word_1_325' title='bbox 1592 4480 1650 4527; x_wconf 91' lang='lat' dir='ltr'><strong>ut</strong></span> 
     </span>
    </p>
   </div>
   <div class='ocr_carea' id='block_1_47' title="bbox 99 4546 1644 4629">
    <p class='ocr_par' dir='ltr' id='par_1_47' title="bbox 99 4546 1644 4629">
     <span class='ocr_line' id='line_1_47' title="bbox 99 4546 1644 4629; baseline 0.013 -30"><span class='ocrx_word' id='word_1_326' title='bbox 99 4546 184 4602; x_wconf 76' lang='lat' dir='ltr'><strong>sint</strong></span> <span class='ocrx_word' id='word_1_327' title='bbox 208 4549 391 4610; x_wconf 87' lang='lat' dir='ltr'><strong>fratres</strong></span> <span class='ocrx_word' id='word_1_328' title='bbox 418 4557 604 4623; x_wconf 79' lang='lat' dir='ltr'><strong>nostri,</strong></span> <span class='ocrx_word' id='word_1_329' title='bbox 643 4572 822 4610; x_wconf 88' lang='lat' dir='ltr'><strong>coram</strong></span> <span class='ocrx_word' id='word_1_330' title='bbox 846 4558 1000 4614; x_wconf 88' lang='lat' dir='ltr'><strong>nobis</strong></span> <span class='ocrx_word' id='word_1_331' title='bbox 1026 4560 1214 4615; x_wconf 82' lang='lat' dir='ltr'><strong>sedere</strong></span> <span class='ocrx_word' id='word_1_332' title='bbox 1240 4576 1345 4617; x_wconf 92' lang='lat' dir='ltr'><strong>non</strong></span> <span class='ocrx_word' id='word_1_333' title='bbox 1380 4563 1602 4618; x_wconf 74' lang='lat' dir='ltr'><strong>iacimus</strong></span> <span class='ocrx_word' id='word_1_334' title='bbox 1629 4581 1644 4629; x_wconf 90' lang='lat'><strong>;</strong></span> 
     </span>
    </p>
   </div>
   <div class='ocr_carea' id='block_1_48' title="bbox 52 4640 1645 4725">
    <p class='ocr_par' dir='ltr' id='par_1_48' title="bbox 52 4640 1645 4725">
     <span class='ocr_line' id='line_1_48' title="bbox 52 4640 1645 4725; baseline 0.011 -32"><span class='ocrx_word' id='word_1_335' title='bbox 52 4698 59 4725; x_wconf 8' lang='grc' dir='ltr'>ἢ</span> <span class='ocrx_word' id='word_1_336' title='bbox 103 4640 311 4711; x_wconf 79' lang='lat' dir='ltr'><strong>etipsum</strong></span> <span class='ocrx_word' id='word_1_337' title='bbox 332 4646 609 4701; x_wconf 89' lang='lat' dir='ltr'><strong>Dominum</strong></span> <span class='ocrx_word' id='word_1_338' title='bbox 655 4658 931 4717; x_wconf 84' lang='lat' dir='ltr'><strong>nostrum,</strong></span> <span class='ocrx_word' id='word_1_339' title='bbox 968 4652 1051 4705; x_wconf 90' lang='lat' dir='ltr'><strong>cui</strong></span> <span class='ocrx_word' id='word_1_340' title='bbox 1100 4654 1356 4707; x_wconf 87' lang='lat' dir='ltr'><strong>assistunt</strong></span> <span class='ocrx_word' id='word_1_341' title='bbox 1412 4656 1599 4725; x_wconf 83' lang='lat' dir='ltr'><strong>Angeli</strong></span> <span class='ocrx_word' id='word_1_342' title='bbox 1628 4698 1645 4725; x_wconf 95' lang='lat'><strong>,</strong></span> 
     </span>
    </p>
   </div>
   <div class='ocr_carea' id='block_1_49' title="bbox 54 4722 1650 4813">
    <p class='ocr_par' dir='ltr' id='par_1_49' title="bbox 54 4722 1650 4813">
     <span class='ocr_line' id='line_1_49' title="bbox 54 4722 1650 4813; baseline 0.013 -30"><span class='ocrx_word' id='word_1_343' title='bbox 54 4722 59 4813; x_wconf 60' lang='grc' dir='ltr'>ξ</span> <span class='ocrx_word' id='word_1_344' title='bbox 108 4728 265 4788; x_wconf 80' lang='lat' dir='ltr'><strong>sedens</strong></span> <span class='ocrx_word' id='word_1_345' title='bbox 287 4730 475 4792; x_wconf 87' lang='lat' dir='ltr'><strong>mulier</strong></span> <span class='ocrx_word' id='word_1_346' title='bbox 493 4738 928 4809; x_wconf 74' lang='lat' dir='ltr'><strong>audiebat(Luc.</strong></span> <span class='ocrx_word' id='word_1_347' title='bbox 978 4758 1050 4807; x_wconf 81' lang='lat' dir='ltr'><strong>x,</strong></span> <span class='ocrx_word' id='word_1_348' title='bbox 1098 4742 1224 4813; x_wconf 77' lang='lat'><strong>59)?</strong></span> <span class='ocrx_word' id='word_1_349' title='bbox 1273 4744 1421 4800; x_wconf 83' lang='lat' dir='ltr'><strong>Sane</strong></span> <span class='ocrx_word' id='word_1_350' title='bbox 1465 4722 1520 4801; x_wconf 79' lang='lat' dir='ltr'><strong>si</strong></span> <span class='ocrx_word' id='word_1_351' title='bbox 1557 4722 1650 4803; x_wconf 84' lang='lat' dir='ltr'><strong>aut</strong></span> 
     </span>
    </p>
   </div>
   <div class='ocr_carea' id='block_1_50' title="bbox 64 4818 1651 4903">
    <p class='ocr_par' dir='ltr' id='par_1_50' title="bbox 64 4818 1651 4903">
     <span class='ocr_line' id='line_1_50' title="bbox 64 4818 1651 4903; baseline 0.013 -29"><span class='ocrx_word' id='word_1_352' title='bbox 64 4846 65 4903; x_wconf 36' lang='grc' dir='ltr'>ξ</span> <span class='ocrx_word' id='word_1_353' title='bbox 111 4818 252 4881; x_wconf 80' lang='lat' dir='ltr'><strong>brevis</strong></span> <span class='ocrx_word' id='word_1_354' title='bbox 272 4842 439 4884; x_wconf 89' lang='lat' dir='ltr'><strong>sermo</strong></span> <span class='ocrx_word' id='word_1_355' title='bbox 463 4829 672 4887; x_wconf 91' lang='lat' dir='ltr'><strong>futurus</strong></span> <span class='ocrx_word' id='word_1_356' title='bbox 706 4842 808 4897; x_wconf 88' lang='lat' dir='ltr'><strong>est,</strong></span> <span class='ocrx_word' id='word_1_357' title='bbox 833 4842 923 4887; x_wconf 88' lang='lat' dir='ltr'><strong>aut</strong></span> <span class='ocrx_word' id='word_1_358' title='bbox 945 4836 1219 4889; x_wconf 90' lang='lat' dir='ltr'><strong>consessui</strong></span> <span class='ocrx_word' id='word_1_359' title='bbox 1251 4836 1399 4892; x_wconf 88' lang='lat' dir='ltr'><strong>locus</strong></span> <span class='ocrx_word' id='word_1_360' title='bbox 1420 4853 1528 4893; x_wconf 89' lang='lat' dir='ltr'><strong>non</strong></span> <span class='ocrx_word' id='word_1_361' title='bbox 1566 4849 1651 4895; x_wconf 90' lang='lat' dir='ltr'><strong>est</strong></span> 
     </span>
    </p>
   </div>
   <div class='ocr_carea' id='block_1_51' title="bbox 66 4918 1651 4999">
    <p class='ocr_par' dir='ltr' id='par_1_51' title="bbox 66 4918 1651 4999">
     <span class='ocr_line' id='line_1_51' title="bbox 66 4918 1651 4999; baseline 0.012 -27"><span class='ocrx_word' id='word_1_362' title='bbox 66 4918 73 4999; x_wconf 58' lang='grc' dir='ltr'><strong>ξ</strong></span> <span class='ocrx_word' id='word_1_363' title='bbox 117 4925 252 4987; x_wconf 66' lang='lat' dir='ltr'><strong>aptus,</strong></span> <span class='ocrx_word' id='word_1_364' title='bbox 274 4932 467 4980; x_wconf 85' lang='lat' dir='ltr'><strong>stantes</strong></span> <span class='ocrx_word' id='word_1_365' title='bbox 486 4925 738 4991; x_wconf 76' lang='lat' dir='ltr'><strong>audiant;</strong></span> <span class='ocrx_word' id='word_1_366' title='bbox 782 4927 875 4981; x_wconf 86' lang='lat' dir='ltr'><strong>sed</strong></span> <span class='ocrx_word' id='word_1_367' title='bbox 925 4944 1050 4983; x_wconf 77' lang='lat' dir='ltr'><strong>cum</strong></span> <span class='ocrx_word' id='word_1_368' title='bbox 1100 4930 1253 4983; x_wconf 90' lang='lat' dir='ltr'><strong>multi</strong></span> <span class='ocrx_word' id='word_1_369' title='bbox 1302 4932 1562 4999; x_wconf 83' lang='lat' dir='ltr'><strong>audiunt,</strong></span> <span class='ocrx_word' id='word_1_370' title='bbox 1593 4944 1651 4991; x_wconf 79' lang='lat' dir='ltr'><strong>et</strong></span> 
     </span>
    </p>
   </div>
   <div class='ocr_carea' id='block_1_52' title="bbox 122 5015 1648 5094">
    <p class='ocr_par' dir='ltr' id='par_1_52' title="bbox 122 5015 1648 5094">
     <span class='ocr_line' id='line_1_52' title="bbox 122 5015 1648 5094; baseline 0.012 -28"><span class='ocrx_word' id='word_1_371' title='bbox 122 5018 323 5069; x_wconf 64' lang='lat' dir='ltr'><strong>noctune</strong></span> <span class='ocrx_word' id='word_1_372' title='bbox 346 5015 586 5071; x_wconf 86' lang='lat' dir='ltr'><strong>initiandi</strong></span> <span class='ocrx_word' id='word_1_373' title='bbox 613 5016 655 5072; x_wconf 76' lang='grc'><strong>⁸⁵.</strong></span> <span class='ocrx_word' id='word_1_374' title='bbox 674 5017 807 5072; x_wconf 87' lang='lat' dir='ltr'><strong>Nam</strong></span> <span class='ocrx_word' id='word_1_375' title='bbox 851 5035 972 5074; x_wconf 91' lang='lat' dir='ltr'><strong>cum</strong></span> <span class='ocrx_word' id='word_1_376' title='bbox 1019 5037 1155 5076; x_wconf 90' lang='lat' dir='ltr'><strong>unus</strong></span> <span class='ocrx_word' id='word_1_377' title='bbox 1186 5064 1200 5087; x_wconf 94' lang='lat'><strong>,</strong></span> <span class='ocrx_word' id='word_1_378' title='bbox 1243 5033 1333 5079; x_wconf 90' lang='lat' dir='ltr'><strong>aut</strong></span> <span class='ocrx_word' id='word_1_379' title='bbox 1380 5025 1524 5094; x_wconf 90' lang='lat' dir='ltr'><strong>duo,</strong></span> <span class='ocrx_word' id='word_1_380' title='bbox 1556 5038 1648 5085; x_wconf 89' lang='lat' dir='ltr'><strong>aut</strong></span> 
     </span>
    </p>
   </div>
   <div class='ocr_carea' id='block_1_53' title="bbox 124 5100 1649 5191">
    <p class='ocr_par' dir='ltr' id='par_1_53' title="bbox 124 5100 1649 5191">
     <span class='ocr_line' id='line_1_53' title="bbox 124 5100 1649 5191; baseline 0.009 -28"><span class='ocrx_word' id='word_1_381' title='bbox 124 5100 254 5171; x_wconf 57' lang='lat' dir='ltr'><strong>Pauci,</strong></span> <span class='ocrx_word' id='word_1_382' title='bbox 279 5106 364 5177; x_wconf 90' lang='lat' dir='ltr'><strong>qui</strong></span> <span class='ocrx_word' id='word_1_383' title='bbox 380 5119 669 5191; x_wconf 87' lang='lat' dir='ltr'><strong>propterea</strong></span> <span class='ocrx_word' id='word_1_384' title='bbox 695 5121 957 5167; x_wconf 86' lang='lat' dir='ltr'><strong>venerunt</strong></span> <span class='ocrx_word' id='word_1_385' title='bbox 988 5120 1047 5167; x_wconf 87' lang='lat' dir='ltr'><strong>ut</strong></span> <span class='ocrx_word' id='word_1_386' title='bbox 1060 5112 1343 5171; x_wconf 82' lang='lat' dir='ltr'><strong>christiani</strong></span> <span class='ocrx_word' id='word_1_387' title='bbox 1387 5118 1535 5185; x_wconf 83' lang='lat' dir='ltr'><strong>ﬁant,</strong></span> <span class='ocrx_word' id='word_1_388' title='bbox 1556 5136 1649 5191; x_wconf 82' lang='lat' dir='ltr'><strong>pe-</strong></span> 
     </span>
    </p>
   </div>
   <div class='ocr_carea' id='block_1_54' title="bbox 123 5188 1645 5283">
    <p class='ocr_par' dir='ltr' id='par_1_54' title="bbox 123 5188 1645 5283">
     <span class='ocr_line' id='line_1_54' title="bbox 123 5188 1645 5283; baseline 0.015 -38"><span class='ocrx_word' id='word_1_389' title='bbox 123 5188 302 5253; x_wconf 68' lang='lat' dir='ltr'><strong>nemore</strong></span> <span class='ocrx_word' id='word_1_390' title='bbox 325 5190 586 5269; x_wconf 88' lang='lat' dir='ltr'><strong>loquimur</strong></span> <span class='ocrx_word' id='word_1_391' title='bbox 613 5202 897 5259; x_wconf 84' lang='lat' dir='ltr'><strong>stantibus.</strong></span> <span class='ocrx_word' id='word_1_392' title='bbox 927 5203 1150 5260; x_wconf 82' lang='lat' dir='ltr'><strong>Tamen</strong></span> <span class='ocrx_word' id='word_1_393' title='bbox 1170 5208 1217 5261; x_wconf 90' lang='lat' dir='ltr'><strong>si</strong></span> <span class='ocrx_word' id='word_1_394' title='bbox 1239 5207 1350 5278; x_wconf 89' lang='lat' dir='ltr'><strong>jam</strong></span> <span class='ocrx_word' id='word_1_395' title='bbox 1387 5211 1467 5267; x_wconf 88' lang='lat' dir='ltr'><strong>sic</strong></span> 
     </span>
    </p>
   </div>
   <div class='ocr_carea' id='block_1_55' title="bbox 122 5282 1648 5368">
    <p class='ocr_par' dir='ltr' id='par_1_55' title="bbox 122 5282 1648 5368">
     <span class='ocr_line' id='line_1_55' title="bbox 122 5282 1648 5368; baseline 0.016 -29"><span class='ocrx_word' id='word_1_396' title='bbox 122 5297 225 5354; x_wconf 79' lang='lat' dir='ltr'><strong>mos,</strong></span> <span class='ocrx_word' id='word_1_397' title='bbox 250 5282 427 5345; x_wconf 79' lang='lat' dir='ltr'><strong>saltem</strong></span> <span class='ocrx_word' id='word_1_398' title='bbox 457 5292 831 5349; x_wconf 87' lang='lat' dir='ltr'><strong>animadverso</strong></span> <span class='ocrx_word' id='word_1_399' title='bbox 875 5295 1155 5353; x_wconf 73' lang='lat' dir='ltr'><strong>auditoris</strong></span> <span class='ocrx_word' id='word_1_400' title='bbox 1185 5300 1342 5357; x_wconf 76' lang='lat' dir='ltr'><strong>taedio</strong></span> <span class='ocrx_word' id='word_1_401' title='bbox 1363 5344 1377 5368; x_wconf 94' lang='lat'><strong>,</strong></span> <span class='ocrx_word' id='word_1_402' title='bbox 1427 5312 1481 5359; x_wconf 85' lang='lat' dir='ltr'><strong>et</strong></span> <span class='ocrx_word' id='word_1_403' title='bbox 1523 5282 1648 5363; x_wconf 65' lang='lat' dir='ltr'><strong>olle-</strong></span> 
     </span>
    </p>
   </div>
   <div class='ocr_carea' id='block_1_56' title="bbox 116 5377 1661 5465">
    <p class='ocr_par' dir='ltr' id='par_1_56' title="bbox 116 5377 1661 5465">
     <span class='ocr_line' id='line_1_56' title="bbox 116 5377 1661 5465; baseline 0.011 -33"><span class='ocrx_word' id='word_1_404' title='bbox 116 5377 241 5436; x_wconf 82' lang='lat' dir='ltr'><strong>renda</strong></span> <span class='ocrx_word' id='word_1_405' title='bbox 254 5380 412 5438; x_wconf 85' lang='lat' dir='ltr'><strong>sessio</strong></span> <span class='ocrx_word' id='word_1_406' title='bbox 427 5392 530 5451; x_wconf 83' lang='lat' dir='ltr'><strong>est,</strong></span> <span class='ocrx_word' id='word_1_407' title='bbox 555 5385 663 5441; x_wconf 90' lang='lat' dir='ltr'><strong>imo</strong></span> <span class='ocrx_word' id='word_1_408' title='bbox 684 5402 811 5442; x_wconf 88' lang='lat' dir='ltr'><strong>vero</strong></span> <span class='ocrx_word' id='word_1_409' title='bbox 828 5402 1047 5458; x_wconf 86' lang='lat' dir='ltr'><strong>prorsus</strong></span> <span class='ocrx_word' id='word_1_410' title='bbox 1058 5392 1334 5462; x_wconf 76' lang='lat' dir='ltr'><strong>urgendus</strong></span> <span class='ocrx_word' id='word_1_411' title='bbox 1346 5404 1419 5449; x_wconf 55' lang='lat' dir='ltr'><strong>«ut</strong></span> <span class='ocrx_word' id='word_1_412' title='bbox 1434 5396 1641 5465; x_wconf 75' lang='lat' dir='ltr'><strong>sedeat,</strong></span> <span class='ocrx_word' id='word_1_413' title='bbox 1656 5444 1661 5449; x_wconf 82' lang='lat'><strong>.</strong></span> 
     </span>
    </p>
   </div>
   <div class='ocr_carea' id='block_1_57' title="bbox 160 5516 1640 5598">
    <p class='ocr_par' dir='ltr' id='par_1_57' title="bbox 160 5516 1640 5598">
     <span class='ocr_line' id='line_1_57' title="bbox 160 5516 1640 5598; baseline 0.013 -34"><span class='ocrx_word' id='word_1_414' title='bbox 160 5520 177 5598; x_wconf 55' lang='grc' dir='ltr'><strong>ξ</strong></span> <span class='ocrx_word' id='word_1_415' title='bbox 200 5516 629 5598; x_wconf 28' lang='grc' dir='ltr'><strong>[ιρι-,ΛΨ</strong></span> <span class='ocrx_word' id='word_1_416' title='bbox 809 5522 1189 5598; x_wconf 26' lang='lat' dir='ltr'><strong>suntverum;</strong></span> <span class='ocrx_word' id='word_1_417' title='bbox 1205 5534 1255 5578; x_wconf 87' lang='lat' dir='ltr'><strong>et</strong></span> <span class='ocrx_word' id='word_1_418' title='bbox 1276 5530 1499 5598; x_wconf 73' lang='lat' dir='ltr'><strong>plerique</strong></span> <span class='ocrx_word' id='word_1_419' title='bbox 1535 5536 1640 5585; x_wconf 75' lang='lat' dir='ltr'><strong>Mss.</strong></span> 
     </span>
    </p>
   </div>
   <div class='ocr_carea' id='block_1_58' title="bbox 113 5578 1517 5651">
    <p class='ocr_par' dir='ltr' id='par_1_58' title="bbox 113 5578 1517 5651">
     <span class='ocr_line' id='line_1_58' title="bbox 113 5578 1517 5651; baseline 0.011 -23"><span class='ocrx_word' id='word_1_420' title='bbox 113 5592 182 5651; x_wconf 69' lang='lat' dir='ltr'><strong>mn</strong></span> <span class='ocrx_word' id='word_1_421' title='bbox 200 5578 382 5651; x_wconf 68' lang='lat' dir='ltr'><strong>habent,</strong></span> <span class='ocrx_word' id='word_1_422' title='bbox 590 5578 678 5651; x_wconf 65' lang='lat' dir='ltr'><strong>prb</strong></span> <span class='ocrx_word' id='word_1_423' title='bbox 694 5598 791 5651; x_wconf 80' lang='lat' dir='ltr'><strong>quo</strong></span> <span class='ocrx_word' id='word_1_424' title='bbox 806 5587 1051 5651; x_wconf 81' lang='lat' dir='ltr'><strong>subaudiri</strong></span> <span class='ocrx_word' id='word_1_425' title='bbox 1067 5588 1243 5651; x_wconf 84' lang='lat' dir='ltr'><strong>debet,</strong></span> <span class='ocrx_word' id='word_1_426' title='bbox 1278 5578 1517 5644; x_wconf 52' lang='lat' dir='ltr'><strong>taleas.</strong></span> 
     </span>
    </p>
   </div>
   <div class='ocr_carea' id='block_1_59' title="bbox 159 5642 1641 5719">
    <p class='ocr_par' dir='ltr' id='par_1_59' title="bbox 159 5642 1641 5719">
     <span class='ocr_line' id='line_1_59' title="bbox 159 5642 1641 5719; baseline 0.013 -31"><span class='ocrx_word' id='word_1_427' title='bbox 159 5646 175 5719; x_wconf 64' lang='grc' dir='ltr'><strong>ξ</strong></span> <span class='ocrx_word' id='word_1_428' title='bbox 199 5642 993 5719; x_wconf 36' lang='grc' dir='ltr'><strong>έμιιιρν-εόάπιίιηεέα</strong></span> <span class='ocrx_word' id='word_1_429' title='bbox 1012 5642 1641 5719; x_wconf 52' lang='grc' dir='ltr'><strong>ςαὴὰῡωόηόὺῐυίόῥὸνιρι.</strong></span> 
     </span>
    </p>
   </div>
   <div class='ocr_carea' id='block_1_60' title="bbox 160 5704 721 5766">
    <p class='ocr_par' dir='ltr' id='par_1_60' title="bbox 160 5704 721 5766">
     <span class='ocr_line' id='line_1_60' title="bbox 160 5704 721 5766; baseline 0.007 -13"><span class='ocrx_word' id='word_1_430' title='bbox 160 5707 175 5738; x_wconf 76' lang='grc'>³</span> <span class='ocrx_word' id='word_1_431' title='bbox 199 5704 393 5755; x_wconf 64' lang='lat' dir='ltr'><strong>scamilli</strong></span> <span class='ocrx_word' id='word_1_432' title='bbox 416 5712 547 5766; x_wconf 61' lang='grc' dir='ltr'><strong>Μεδι,</strong></span> <span class='ocrx_word' id='word_1_433' title='bbox 569 5718 721 5757; x_wconf 62' lang='lat' dir='ltr'><strong>saeros.</strong></span> 
     </span>
    </p>
   </div>
   <div class='ocr_carea' id='block_1_61' title="bbox 160 5767 1215 5835">
    <p class='ocr_par' dir='ltr' id='par_1_61' title="bbox 160 5767 1215 5835">
     <span class='ocr_line' id='line_1_61' title="bbox 160 5767 1215 5835; baseline 0.008 -18"><span class='ocrx_word' id='word_1_434' title='bbox 160 5780 172 5800; x_wconf 71' lang='grc' dir='ltr'>ι</span> <span class='ocrx_word' id='word_1_435' title='bbox 199 5767 442 5817; x_wconf 68' lang='lat' dir='ltr'><strong>sola‘editio</strong></span> <span class='ocrx_word' id='word_1_436' title='bbox 463 5774 595 5827; x_wconf 87' lang='lat' dir='ltr'><strong>Lov.,</strong></span> <span class='ocrx_word' id='word_1_437' title='bbox 620 5782 724 5831; x_wconf 80' lang='lat' dir='ltr'><strong>pro,</strong></span> <span class='ocrx_word' id='word_1_438' title='bbox 742 5774 873 5835; x_wconf 76' lang='lat' dir='ltr'><strong>tunc,</strong></span> <span class='ocrx_word' id='word_1_439' title='bbox 900 5770 1062 5835; x_wconf 84' lang='lat' dir='ltr'><strong>habet,</strong></span> <span class='ocrx_word' id='word_1_440' title='bbox 1090 5780 1215 5825; x_wconf 68' lang='lat' dir='ltr'><strong>amat.</strong></span> 
     </span>
    </p>
   </div>
   <div class='ocr_carea' id='block_1_62' title="bbox 1483 305 1918 364">
    <p class='ocr_par' dir='ltr' id='par_1_62' title="bbox 1483 305 1918 364">
     <span class='ocr_line' id='line_1_62' title="bbox 1483 305 1918 364; baseline 0.002 -3"><span class='ocrx_word' id='word_1_441' title='bbox 1483 305 1684 361; x_wconf 75' lang='lat' dir='ltr'><strong>LIBER</strong></span> <span class='ocrx_word' id='word_1_442' title='bbox 1722 306 1918 364; x_wconf 78' lang='lat' dir='ltr'><strong>UNUS.</strong></span> 
     </span>
    </p>
   </div>
   <div class='ocr_carea' id='block_1_63' title="bbox 3233 321 3343 386">
    <p class='ocr_par' dir='ltr' id='par_1_63' title="bbox 3233 321 3343 386">
     <span class='ocr_line' id='line_1_63' title="bbox 3233 321 3343 386; baseline 0.018 -1"><span class='ocrx_word' id='word_1_443' title='bbox 3233 321 3343 386; x_wconf 78' lang='lat'><strong>326</strong></span> 
     </span>
    </p>
   </div>
   <div class='ocr_carea' id='block_1_64' title="bbox 1756 426 3324 519">
    <p class='ocr_par' dir='ltr' id='par_1_64' title="bbox 1756 426 3324 519">
     <span class='ocr_line' id='line_1_64' title="bbox 1756 426 3324 519; baseline 0.016 -39"><span class='ocrx_word' id='word_1_444' title='bbox 1756 436 1809 480; x_wconf 91' lang='lat' dir='ltr'><strong>et</strong></span> <span class='ocrx_word' id='word_1_445' title='bbox 1833 426 2114 484; x_wconf 89' lang='lat' dir='ltr'><strong>dicendum</strong></span> <span class='ocrx_word' id='word_1_446' title='bbox 2136 432 2334 504; x_wconf 86' lang='lat' dir='ltr'><strong>aliquid</strong></span> <span class='ocrx_word' id='word_1_447' title='bbox 2362 452 2467 506; x_wconf 85' lang='lat' dir='ltr'><strong>quo</strong></span> <span class='ocrx_word' id='word_1_448' title='bbox 2494 448 2795 506; x_wconf 89' lang='lat' dir='ltr'><strong>renovetur,</strong></span> <span class='ocrx_word' id='word_1_449' title='bbox 2825 458 2929 512; x_wconf 91' lang='lat' dir='ltr'><strong>quo</strong></span> <span class='ocrx_word' id='word_1_450' title='bbox 2956 446 3115 501; x_wconf 86' lang='lat' dir='ltr'><strong>etiam</strong></span> <span class='ocrx_word' id='word_1_451' title='bbox 3144 463 3275 503; x_wconf 91' lang='lat' dir='ltr'><strong>cura</strong></span> <span class='ocrx_word' id='word_1_452' title='bbox 3308 493 3324 519; x_wconf 93' lang='lat'><strong>,</strong></span> 
     </span>
    </p>
   </div>
   <div class='ocr_carea' id='block_1_65' title="bbox 1754 518 3334 610">
    <p class='ocr_par' dir='ltr' id='par_1_65' title="bbox 1754 518 3334 610">
     <span class='ocr_line' id='line_1_65' title="bbox 1754 518 3334 610; baseline 0.016 -37"><span class='ocrx_word' id='word_1_453' title='bbox 1754 518 1798 573; x_wconf 90' lang='lat' dir='ltr'><strong>si</strong></span> <span class='ocrx_word' id='word_1_454' title='bbox 1824 530 1926 589; x_wconf 84' lang='lat' dir='ltr'><strong>qua</strong></span> <span class='ocrx_word' id='word_1_455' title='bbox 1958 521 2089 578; x_wconf 81' lang='lat' dir='ltr'><strong>forte</strong></span> <span class='ocrx_word' id='word_1_456' title='bbox 2112 525 2319 581; x_wconf 89' lang='lat' dir='ltr'><strong>irruens</strong></span> <span class='ocrx_word' id='word_1_457' title='bbox 2347 542 2468 583; x_wconf 88' lang='lat' dir='ltr'><strong>eum</strong></span> <span class='ocrx_word' id='word_1_458' title='bbox 2492 546 2717 588; x_wconf 87' lang='lat' dir='ltr'><strong>avocare</strong></span> <span class='ocrx_word' id='word_1_459' title='bbox 2746 546 3018 607; x_wconf 73' lang='lat' dir='ltr'><strong>coeperat,</strong></span> <span class='ocrx_word' id='word_1_460' title='bbox 3053 539 3217 610; x_wconf 82' lang='lat' dir='ltr'><strong>fugiat</strong></span> <span class='ocrx_word' id='word_1_461' title='bbox 3266 518 3334 601; x_wconf 66' lang='lat' dir='ltr'><strong>ex</strong></span> 
     </span>
    </p>
   </div>
   <div class='ocr_carea' id='block_1_66' title="bbox 1753 613 3344 699">
    <p class='ocr_par' dir='ltr' id='par_1_66' title="bbox 1753 613 3344 699">
     <span class='ocr_line' id='line_1_66' title="bbox 1753 613 3344 699; baseline 0.018 -35"><span class='ocrx_word' id='word_1_462' title='bbox 1753 613 1951 667; x_wconf 82' lang='lat' dir='ltr'><strong>animo.</strong></span> <span class='ocrx_word' id='word_1_463' title='bbox 1984 613 2114 670; x_wconf 87' lang='lat' dir='ltr'><strong>Cum</strong></span> <span class='ocrx_word' id='word_1_464' title='bbox 2144 618 2283 673; x_wconf 84' lang='lat' dir='ltr'><strong>enim</strong></span> <span class='ocrx_word' id='word_1_465' title='bbox 2315 628 2489 675; x_wconf 55' lang='lat' dir='ltr'><strong>causa;</strong></span> <span class='ocrx_word' id='word_1_466' title='bbox 2511 623 2725 679; x_wconf 57' lang='lat' dir='ltr'><strong>incertae.</strong></span> <span class='ocrx_word' id='word_1_467' title='bbox 2749 626 2854 681; x_wconf 91' lang='lat' dir='ltr'><strong>sint</strong></span> <span class='ocrx_word' id='word_1_468' title='bbox 2891 642 2986 683; x_wconf 87' lang='lat' dir='ltr'><strong>cur</strong></span> <span class='ocrx_word' id='word_1_469' title='bbox 3006 630 3125 699; x_wconf 66' lang='lat' dir='ltr'><strong>jam’</strong></span> <span class='ocrx_word' id='word_1_470' title='bbox 3144 633 3344 692; x_wconf 83' lang='lat' dir='ltr'><strong>tacitus</strong></span> 
     </span>
    </p>
   </div>
   <div class='ocr_carea' id='block_1_67' title="bbox 1753 706 3342 789">
    <p class='ocr_par' dir='ltr' id='par_1_67' title="bbox 1753 706 3342 789">
     <span class='ocr_line' id='line_1_67' title="bbox 1753 706 3342 789; baseline 0.014 -28"><span class='ocrx_word' id='word_1_471' title='bbox 1753 706 1967 764; x_wconf 75' lang='lat' dir='ltr'><strong>recuset</strong></span> <span class='ocrx_word' id='word_1_472' title='bbox 1987 710 2191 778; x_wconf 89' lang='lat' dir='ltr'><strong>audire,</strong></span> <span class='ocrx_word' id='word_1_473' title='bbox 2223 714 2331 783; x_wconf 87' lang='lat' dir='ltr'><strong>jam</strong></span> <span class='ocrx_word' id='word_1_474' title='bbox 2359 715 2563 771; x_wconf 85' lang='lat' dir='ltr'><strong>sedenti</strong></span> <span class='ocrx_word' id='word_1_475' title='bbox 2597 719 2793 789; x_wconf 84' lang='lat' dir='ltr'><strong>aliquid</strong></span> <span class='ocrx_word' id='word_1_476' title='bbox 2819 716 3075 778; x_wconf 75' lang='lat' dir='ltr'><strong>adversus</strong></span> <span class='ocrx_word' id='word_1_477' title='bbox 3096 722 3342 783; x_wconf 84' lang='lat' dir='ltr'><strong>inciden-</strong></span> 
     </span>
    </p>
   </div>
   <div class='ocr_carea' id='block_1_68' title="bbox 1757 802 3343 883">
    <p class='ocr_par' dir='ltr' id='par_1_68' title="bbox 1757 802 3343 883">
     <span class='ocr_line' id='line_1_68' title="bbox 1757 802 3343 883; baseline 0.014 -30"><span class='ocrx_word' id='word_1_478' title='bbox 1757 808 1835 854; x_wconf 81' lang='lat' dir='ltr'><strong>tes</strong></span> <span class='ocrx_word' id='word_1_479' title='bbox 1860 802 2209 871; x_wconf 76' lang='lat' dir='ltr'><strong>cegitationcs</strong></span> <span class='ocrx_word' id='word_1_480' title='bbox 2234 806 2577 861; x_wconf 68' lang='lat' dir='ltr'><strong>Stccularium</strong></span> <span class='ocrx_word' id='word_1_481' title='bbox 2614 806 2949 881; x_wconf 76' lang='lat' dir='ltr'><strong>negetiorum</strong></span> <span class='ocrx_word' id='word_1_482' title='bbox 2990 814 3225 883; x_wconf 77' lang='lat' dir='ltr'><strong>dicatur,</strong></span> <span class='ocrx_word' id='word_1_483' title='bbox 3246 820 3343 876; x_wconf 78' lang='lat' dir='ltr'><strong>aut</strong></span> 
     </span>
    </p>
   </div>
   <div class='ocr_carea' id='block_1_69' title="bbox 1755 891 3349 984">
    <p class='ocr_par' dir='ltr' id='par_1_69' title="bbox 1755 891 3349 984">
     <span class='ocr_line' id='line_1_69' title="bbox 1755 891 3349 984; baseline 0.016 -39"><span class='ocrx_word' id='word_1_484' title='bbox 1755 891 1927 959; x_wconf 86' lang='lat' dir='ltr'><strong>hilari,</strong></span> <span class='ocrx_word' id='word_1_485' title='bbox 1952 900 2013 948; x_wconf 72' lang='lat' dir='ltr'><strong>ut</strong></span> <span class='ocrx_word' id='word_1_486' title='bbox 2036 894 2165 962; x_wconf 82' lang='lat' dir='ltr'><strong>dixi,</strong></span> <span class='ocrx_word' id='word_1_487' title='bbox 2195 900 2287 952; x_wconf 70' lang='lat' dir='ltr'><strong>aut</strong></span> <span class='ocrx_word' id='word_1_488' title='bbox 2314 900 2450 954; x_wconf 66' lang='grc' dir='ltr'><strong>ινξειί</strong></span> <span class='ocrx_word' id='word_1_489' title='bbox 2479 893 2647 957; x_wconf 78' lang='lat' dir='ltr'><strong>modo</strong></span> <span class='ocrx_word' id='word_1_490' title='bbox 2678 917 2699 959; x_wconf 83' lang='lat'><strong>:&#39;</strong></span> <span class='ocrx_word' id='word_1_491' title='bbox 2726 912 2781 959; x_wconf 83' lang='lat' dir='ltr'><strong>ut</strong></span> <span class='ocrx_word' id='word_1_492' title='bbox 2801 907 2849 961; x_wconf 88' lang='lat' dir='ltr'><strong>si</strong></span> <span class='ocrx_word' id='word_1_493' title='bbox 2900 908 3029 978; x_wconf 82' lang='lat' dir='ltr'><strong>ipsae</strong></span> <span class='ocrx_word' id='word_1_494' title='bbox 3069 916 3199 967; x_wconf 72' lang='lat' dir='ltr'><strong>sont</strong></span> <span class='ocrx_word' id='word_1_495' title='bbox 3218 912 3349 984; x_wconf 61' lang='lat' dir='ltr'><strong>quaa‘</strong></span> 
     </span>
    </p>
   </div>
   <div class='ocr_carea' id='block_1_70' title="bbox 1752 988 3341 1068">
    <p class='ocr_par' dir='ltr' id='par_1_70' title="bbox 1752 988 3341 1068">
     <span class='ocr_line' id='line_1_70' title="bbox 1752 988 3341 1068; baseline 0.015 -28"><span class='ocrx_word' id='word_1_496' title='bbox 1752 988 1984 1043; x_wconf 83' lang='lat' dir='ltr'><strong>mentem</strong></span> <span class='ocrx_word' id='word_1_497' title='bbox 2017 990 2429 1062; x_wconf 78' lang='lat' dir='ltr'><strong>oceupaverunt,</strong></span> <span class='ocrx_word' id='word_1_498' title='bbox 2463 996 2657 1052; x_wconf 81' lang='lat' dir='ltr'><strong>cedant</strong></span> <span class='ocrx_word' id='word_1_499' title='bbox 2698 1000 2851 1068; x_wconf 86' lang='lat' dir='ltr'><strong>quasi</strong></span> <span class='ocrx_word' id='word_1_500' title='bbox 2889 1004 3207 1061; x_wconf 81' lang='lat' dir='ltr'><strong>nominatim</strong></span> <span class='ocrx_word' id='word_1_501' title='bbox 3245 1024 3341 1064; x_wconf 81' lang='lat' dir='ltr'><strong>ac-</strong></span> 
     </span>
    </p>
   </div>
   <div class='ocr_carea' id='block_1_71' title="bbox 1754 1080 3338 1172">
    <p class='ocr_par' dir='ltr' id='par_1_71' title="bbox 1754 1080 3338 1172">
     <span class='ocr_line' id='line_1_71' title="bbox 1754 1080 3338 1172; baseline 0.015 -39"><span class='ocrx_word' id='word_1_502' title='bbox 1754 1084 1986 1147; x_wconf 70' lang='lat' dir='ltr'><strong>cusatc;</strong></span> <span class='ocrx_word' id='word_1_503' title='bbox 2018 1080 2064 1136; x_wconf 67' lang='lat' dir='ltr'><strong>Si</strong></span> <span class='ocrx_word' id='word_1_504' title='bbox 2082 1085 2415 1154; x_wconf 69' lang='lat' dir='ltr'><strong>autemipsaa</strong></span> <span class='ocrx_word' id='word_1_505' title='bbox 2444 1099 2551 1141; x_wconf 86' lang='lat' dir='ltr'><strong>non</strong></span> <span class='ocrx_word' id='word_1_506' title='bbox 2580 1100 2738 1158; x_wconf 83' lang='lat' dir='ltr'><strong>sunt,</strong></span> <span class='ocrx_word' id='word_1_507' title='bbox 2765 1098 2819 1147; x_wconf 84' lang='lat' dir='ltr'><strong>et</strong></span> <span class='ocrx_word' id='word_1_508' title='bbox 2848 1094 3116 1153; x_wconf 82' lang='lat' dir='ltr'><strong>audiendo</strong></span> <span class='ocrx_word' id='word_1_509' title='bbox 3145 1096 3338 1172; x_wconf 86' lang='lat' dir='ltr'><strong>fatiga-</strong></span> 
     </span>
    </p>
   </div>
   <div class='ocr_carea' id='block_1_72' title="bbox 1758 1174 3338 1266">
    <p class='ocr_par' dir='ltr' id='par_1_72' title="bbox 1758 1174 3338 1266">
     <span class='ocr_line' id='line_1_72' title="bbox 1758 1174 3338 1266; baseline 0.016 -40"><span class='ocrx_word' id='word_1_510' title='bbox 1758 1180 1853 1227; x_wconf 75' lang='lat' dir='ltr'><strong>tus</strong></span> <span class='ocrx_word' id='word_1_511' title='bbox 1877 1176 1977 1241; x_wconf 69' lang='lat' dir='ltr'><strong>est,</strong></span> <span class='ocrx_word' id='word_1_512' title='bbox 2009 1184 2129 1230; x_wconf 83' lang='lat' dir='ltr'><strong>cum</strong></span> <span class='ocrx_word' id='word_1_513' title='bbox 2152 1174 2221 1233; x_wconf 77' lang='lat' dir='ltr'><strong>d&#39;e</strong></span> <span class='ocrx_word' id='word_1_514' title='bbox 2248 1176 2359 1233; x_wconf 84' lang='lat' dir='ltr'><strong>illis</strong></span> <span class='ocrx_word' id='word_1_515' title='bbox 2382 1186 2630 1251; x_wconf 84' lang='lat' dir='ltr'><strong>tanquam</strong></span> <span class='ocrx_word' id='word_1_516' title='bbox 2663 1184 2789 1254; x_wconf 68' lang='lat' dir='ltr'><strong>ipsa:</strong></span> <span class='ocrx_word' id='word_1_517' title='bbox 2820 1187 2925 1243; x_wconf 86' lang='lat' dir='ltr'><strong>sint</strong></span> <span class='ocrx_word' id='word_1_518' title='bbox 2973 1190 3338 1266; x_wconf 81' lang='lat' dir='ltr'><strong>(quandoqui-</strong></span> 
     </span>
    </p>
   </div>
   <div class='ocr_carea' id='block_1_73' title="bbox 1757 1263 3335 1347">
    <p class='ocr_par' dir='ltr' id='par_1_73' title="bbox 1757 1263 3335 1347">
     <span class='ocr_line' id='line_1_73' title="bbox 1757 1263 3335 1347; baseline 0.016 -29"><span class='ocrx_word' id='word_1_519' title='bbox 1757 1263 1887 1319; x_wconf 73' lang='lat' dir='ltr'><strong>dem</strong></span> <span class='ocrx_word' id='word_1_520' title='bbox 1907 1266 2258 1341; x_wconf 67' lang='lat' dir='ltr'><strong>ignoramus),</strong></span> <span class='ocrx_word' id='word_1_521' title='bbox 2288 1271 2613 1341; x_wconf 85' lang='lat' dir='ltr'><strong>inopinatum</strong></span> <span class='ocrx_word' id='word_1_522' title='bbox 2636 1277 2835 1347; x_wconf 88' lang='lat' dir='ltr'><strong>aliquid</strong></span> <span class='ocrx_word' id='word_1_523' title='bbox 2871 1289 2923 1335; x_wconf 88' lang='lat' dir='ltr'><strong>et</strong></span> <span class='ocrx_word' id='word_1_524' title='bbox 2964 1263 3335 1343; x_wconf 64' lang='lat' dir='ltr'><strong>extraordina-</strong></span> 
     </span>
    </p>
   </div>
   <div class='ocr_carea' id='block_1_74' title="bbox 1753 1358 3342 1438">
    <p class='ocr_par' dir='ltr' id='par_1_74' title="bbox 1753 1358 3342 1438">
     <span class='ocr_line' id='line_1_74' title="bbox 1753 1358 3342 1438; baseline 0.017 -27"><span class='ocrx_word' id='word_1_525' title='bbox 1753 1358 1915 1424; x_wconf 77' lang='lat' dir='ltr'><strong>rium,</strong></span> <span class='ocrx_word' id='word_1_526' title='bbox 1942 1372 2010 1415; x_wconf 88' lang='lat' dir='ltr'><strong>eo</strong></span> <span class='ocrx_word' id='word_1_527' title='bbox 2032 1360 2191 1417; x_wconf 70' lang='lat' dir='ltr'><strong>modo</strong></span> <span class='ocrx_word' id='word_1_528' title='bbox 2217 1374 2321 1433; x_wconf 82' lang='lat' dir='ltr'><strong>quo</strong></span> <span class='ocrx_word' id='word_1_529' title='bbox 2350 1363 2479 1431; x_wconf 81' lang='lat' dir='ltr'><strong>dixi,</strong></span> <span class='ocrx_word' id='word_1_530' title='bbox 2514 1362 2795 1438; x_wconf 76' lang='lat' dir='ltr'><strong>lnquimur,</strong></span> <span class='ocrx_word' id='word_1_531' title='bbox 2819 1387 2847 1426; x_wconf 87' lang='lat' dir='ltr'><strong>a</strong></span> <span class='ocrx_word' id='word_1_532' title='bbox 2873 1374 3027 1429; x_wconf 81' lang='lat' dir='ltr'><strong>taedio</strong></span> <span class='ocrx_word' id='word_1_533' title='bbox 3050 1380 3342 1438; x_wconf 81' lang='lat' dir='ltr'><strong>renovatur</strong></span> 
     </span>
    </p>
   </div>
   <div class='ocr_carea' id='block_1_75' title="bbox 1754 1447 3335 1533">
    <p class='ocr_par' dir='ltr' id='par_1_75' title="bbox 1754 1447 3335 1533">
     <span class='ocr_line' id='line_1_75' title="bbox 1754 1447 3335 1533; baseline 0.017 -30"><span class='ocrx_word' id='word_1_534' title='bbox 1754 1450 1998 1507; x_wconf 53' lang='lat' dir='ltr'><strong>inuentio.</strong></span> <span class='ocrx_word' id='word_1_535' title='bbox 2020 1450 2127 1508; x_wconf 87' lang='lat' dir='ltr'><strong>Sed</strong></span> <span class='ocrx_word' id='word_1_536' title='bbox 2152 1458 2206 1509; x_wconf 85' lang='lat' dir='ltr'><strong>et</strong></span> <span class='ocrx_word' id='word_1_537' title='bbox 2228 1447 2389 1511; x_wconf 78' lang='lat' dir='ltr'><strong>breve</strong></span> <span class='ocrx_word' id='word_1_538' title='bbox 2414 1459 2503 1523; x_wconf 86' lang='lat' dir='ltr'><strong>sit,</strong></span> <span class='ocrx_word' id='word_1_539' title='bbox 2534 1462 2763 1518; x_wconf 75' lang='lat' dir='ltr'><strong>maxime</strong></span> <span class='ocrx_word' id='word_1_540' title='bbox 2781 1466 2901 1533; x_wconf 84' lang='lat' dir='ltr'><strong>quia</strong></span> <span class='ocrx_word' id='word_1_541' title='bbox 2926 1468 3073 1523; x_wconf 74' lang='lat' dir='ltr'><strong>extra</strong></span> <span class='ocrx_word' id='word_1_542' title='bbox 3090 1472 3335 1530; x_wconf 90' lang='lat' dir='ltr'><strong>ordinem</strong></span> 
     </span>
    </p>
   </div>
   <div class='ocr_carea' id='block_1_76' title="bbox 1755 1543 3341 1624">
    <p class='ocr_par' dir='ltr' id='par_1_76' title="bbox 1755 1543 3341 1624">
     <span class='ocr_line' id='line_1_76' title="bbox 1755 1543 3341 1624; baseline 0.016 -27"><span class='ocrx_word' id='word_1_543' title='bbox 1755 1543 2026 1614; x_wconf 78' lang='lat' dir='ltr'><strong>inseritur,</strong></span> <span class='ocrx_word' id='word_1_544' title='bbox 2064 1561 2133 1602; x_wconf 89' lang='lat' dir='ltr'><strong>ne</strong></span> <span class='ocrx_word' id='word_1_545' title='bbox 2173 1548 2417 1603; x_wconf 82' lang='lat' dir='ltr'><strong>morbum</strong></span> <span class='ocrx_word' id='word_1_546' title='bbox 2458 1552 2651 1609; x_wconf 76' lang='lat' dir='ltr'><strong>fastidii</strong></span> <span class='ocrx_word' id='word_1_547' title='bbox 2681 1557 2768 1610; x_wconf 89' lang='lat' dir='ltr'><strong>cui</strong></span> <span class='ocrx_word' id='word_1_548' title='bbox 2796 1559 3341 1624; x_wconf 83' lang='lat' dir='ltr'><strong>subvenirevolumus</strong></span> 
     </span>
    </p>
   </div>
   <div class='ocr_carea' id='block_1_77' title="bbox 1754 1637 3333 1729">
    <p class='ocr_par' dir='ltr' id='par_1_77' title="bbox 1754 1637 3333 1729">
     <span class='ocr_line' id='line_1_77' title="bbox 1754 1637 3333 1729; baseline 0.016 -39"><span class='ocrx_word' id='word_1_549' title='bbox 1754 1637 2122 1710; x_wconf 82' lang='lat' dir='ltr'><strong>etiam&#39;augcat</strong></span> <span class='ocrx_word' id='word_1_550' title='bbox 2138 1642 2248 1711; x_wconf 86' lang='lat' dir='ltr'><strong>ipsa</strong></span> <span class='ocrx_word' id='word_1_551' title='bbox 2267 1645 2548 1701; x_wconf 87' lang='lat' dir='ltr'><strong>medicina:</strong></span> <span class='ocrx_word' id='word_1_552' title='bbox 2566 1657 2617 1702; x_wconf 89' lang='lat' dir='ltr'><strong>et</strong></span> <span class='ocrx_word' id='word_1_553' title='bbox 2630 1651 2861 1706; x_wconf 85' lang='lat' dir='ltr'><strong>accelera</strong></span> <span class='ocrx_word' id='word_1_554' title='bbox 2871 1654 2971 1708; x_wconf 90' lang='lat' dir='ltr'><strong>nda</strong></span> <span class='ocrx_word' id='word_1_555' title='bbox 2985 1666 3333 1729; x_wconf 73' lang='lat' dir='ltr'><strong>suntezctera,</strong></span> 
     </span>
    </p>
   </div>
   <div class='ocr_carea' id='block_1_78' title="bbox 1754 1732 3337 1822">
    <p class='ocr_par' dir='ltr' id='par_1_78' title="bbox 1754 1732 3337 1822">
     <span class='ocr_line' id='line_1_78' title="bbox 1754 1732 3337 1822; baseline 0.016 -38"><span class='ocrx_word' id='word_1_556' title='bbox 1754 1738 1813 1784; x_wconf 76' lang='lat' dir='ltr'><strong>et</strong></span> <span class='ocrx_word' id='word_1_557' title='bbox 1838 1732 2234 1822; x_wconf 68' lang='lat' dir='ltr'><strong>promittendns</strong></span> <span class='ocrx_word' id='word_1_558' title='bbox 2272 1746 2433 1806; x_wconf 81' lang='lat' dir='ltr'><strong>atque</strong></span> <span class='ocrx_word' id='word_1_559' title='bbox 2467 1739 2795 1796; x_wconf 82' lang='lat' dir='ltr'><strong>exhibendus</strong></span> <span class='ocrx_word' id='word_1_560' title='bbox 2824 1743 2941 1800; x_wconf 85' lang='lat' dir='ltr'><strong>ﬁnis</strong></span> <span class='ocrx_word' id='word_1_561' title='bbox 2969 1744 3337 1822; x_wconf 86' lang='lat' dir='ltr'><strong>propinquior.</strong></span> 
     </span>
    </p>
   </div>
   <div class='ocr_carea' id='block_1_79' title="bbox 1825 1816 3340 1913">
    <p class='ocr_par' dir='ltr' id='par_1_79' title="bbox 1825 1816 3340 1913">
     <span class='ocr_line' id='line_1_79' title="bbox 1825 1816 3340 1913; baseline 0.017 -38"><span class='ocrx_word' id='word_1_562' title='bbox 1825 1816 2053 1878; x_wconf 63' lang='lat' dir='ltr'><strong>CRPUT</strong></span> <span class='ocrx_word' id='word_1_563' title='bbox 2086 1820 2226 1880; x_wconf 77' lang='lat' dir='ltr'><strong>XIV.</strong></span> <span class='ocrx_word' id='word_1_564' title='bbox 2259 1858 2329 1867; x_wconf 91' lang='lat'><em>—</em></span> <span class='ocrx_word' id='word_1_565' title='bbox 2354 1825 2445 1883; x_wconf 61' lang='lat'><strong>20&quot;.</strong></span> <span class='ocrx_word' id='word_1_566' title='bbox 2487 1826 2787 1905; x_wconf 76' lang='lat' dir='ltr'><strong>Remedium</strong></span> <span class='ocrx_word' id='word_1_567' title='bbox 2830 1816 3082 1894; x_wconf 59' lang='lat' dir='ltr'><strong>adversus</strong></span> <span class='ocrx_word' id='word_1_568' title='bbox 3111 1816 3340 1913; x_wconf 72' lang='lat' dir='ltr'><strong>quintam</strong></span> 
     </span>
    </p>
   </div>
   <div class='ocr_carea' id='block_1_80' title="bbox 1753 1912 3339 1995">
    <p class='ocr_par' dir='ltr' id='par_1_80' title="bbox 1753 1912 3339 1995">
     <span class='ocr_line' id='line_1_80' title="bbox 1753 1912 3339 1995; baseline 0.018 -30"><span class='ocrx_word' id='word_1_569' title='bbox 1753 1921 1961 1968; x_wconf 65' lang='lat' dir='ltr'><strong>causam</strong></span> <span class='ocrx_word' id='word_1_570' title='bbox 1998 1912 2155 1971; x_wconf 60' lang='lat' dir='ltr'><strong>Icadii.</strong></span> <span class='ocrx_word' id='word_1_571' title='bbox 2207 1914 2505 1977; x_wconf 69' lang='lat' dir='ltr'><strong>Remedium</strong></span> <span class='ocrx_word' id='word_1_572' title='bbox 2539 1930 2714 1979; x_wconf 74' lang='lat' dir='ltr'><strong>contra</strong></span> <span class='ocrx_word' id='word_1_573' title='bbox 2734 1939 2926 1984; x_wconf 76' lang='lat' dir='ltr'><strong>sextam</strong></span> <span class='ocrx_word' id='word_1_574' title='bbox 2947 1912 3151 1988; x_wconf 75' lang='lat' dir='ltr'><strong>causam</strong></span> <span class='ocrx_word' id='word_1_575' title='bbox 3179 1938 3339 1995; x_wconf 77' lang='lat' dir='ltr'><strong>twdii.</strong></span> 
     </span>
    </p>
   </div>
   <div class='ocr_carea' id='block_1_81' title="bbox 1754 2003 3341 2098">
    <p class='ocr_par' dir='ltr' id='par_1_81' title="bbox 1754 2003 3341 2098">
     <span class='ocr_line' id='line_1_81' title="bbox 1754 2003 3341 2098; baseline 0.018 -40"><span class='ocrx_word' id='word_1_576' title='bbox 1754 2003 1884 2060; x_wconf 73' lang='lat' dir='ltr'><strong>Itan</strong></span> <span class='ocrx_word' id='word_1_577' title='bbox 1906 2006 2145 2064; x_wconf 70' lang='lat' dir='ltr'><strong>adversus</strong></span> <span class='ocrx_word' id='word_1_578' title='bbox 2173 2024 2378 2067; x_wconf 80' lang='lat' dir='ltr'><strong>causam</strong></span> <span class='ocrx_word' id='word_1_579' title='bbox 2405 2026 2620 2071; x_wconf 74' lang='lat' dir='ltr'><strong>sextam.</strong></span> <span class='ocrx_word' id='word_1_580' title='bbox 2651 2012 2705 2075; x_wconf 89' lang='lat' dir='ltr'><strong>Si</strong></span> <span class='ocrx_word' id='word_1_581' title='bbox 2734 2020 2910 2077; x_wconf 89' lang='lat' dir='ltr'><strong>autem</strong></span> <span class='ocrx_word' id='word_1_582' title='bbox 2938 2022 3203 2098; x_wconf 81' lang='lat' dir='ltr'><strong>confregit</strong></span> <span class='ocrx_word' id='word_1_583' title='bbox 3221 2031 3341 2086; x_wconf 86' lang='lat' dir='ltr'><strong>ani-</strong></span> 
     </span>
    </p>
   </div>
   <div class='ocr_carea' id='block_1_82' title="bbox 1754 2103 3344 2190">
    <p class='ocr_par' dir='ltr' id='par_1_82' title="bbox 1754 2103 3344 2190">
     <span class='ocr_line' id='line_1_82' title="bbox 1754 2103 3344 2190; baseline 0.018 -40"><span class='ocrx_word' id='word_1_584' title='bbox 1754 2110 1899 2152; x_wconf 89' lang='lat' dir='ltr'><strong>mum</strong></span> <span class='ocrx_word' id='word_1_585' title='bbox 1933 2106 2078 2154; x_wconf 87' lang='lat' dir='ltr'><strong>tuum</strong></span> <span class='ocrx_word' id='word_1_586' title='bbox 2122 2103 2337 2158; x_wconf 85' lang='lat' dir='ltr'><strong>alterius</strong></span> <span class='ocrx_word' id='word_1_587' title='bbox 2370 2108 2626 2176; x_wconf 82' lang='lat' dir='ltr'><strong>actionis,</strong></span> <span class='ocrx_word' id='word_1_588' title='bbox 2660 2110 2743 2164; x_wconf 78' lang='lat' dir='ltr'><strong>c&#39;ui</strong></span> <span class='ocrx_word' id='word_1_589' title='bbox 2773 2116 3018 2184; x_wconf 82' lang='lat' dir='ltr'><strong>tanquam</strong></span> <span class='ocrx_word' id='word_1_590' title='bbox 3051 2119 3219 2190; x_wconf 88' lang='lat' dir='ltr'><strong>magis</strong></span> <span class='ocrx_word' id='word_1_591' title='bbox 3249 2136 3344 2177; x_wconf 90' lang='lat' dir='ltr'><strong>ne-</strong></span> 
     </span>
    </p>
   </div>
   <div class='ocr_carea' id='block_1_83' title="bbox 1753 2191 3341 2282">
    <p class='ocr_par' dir='ltr' id='par_1_83' title="bbox 1753 2191 3341 2282">
     <span class='ocr_line' id='line_1_83' title="bbox 1753 2191 3341 2282; baseline 0.017 -39"><span class='ocrx_word' id='word_1_592' title='bbox 1753 2191 2000 2245; x_wconf 70' lang='lat' dir='ltr'><strong>cessaritc</strong></span> <span class='ocrx_word' id='word_1_593' title='bbox 2023 2192 2132 2261; x_wconf 80' lang='lat' dir='ltr'><strong>jam</strong></span> <span class='ocrx_word' id='word_1_594' title='bbox 2164 2202 2469 2264; x_wconf 81' lang='lat' dir='ltr'><strong>suspensus</strong></span> <span class='ocrx_word' id='word_1_595' title='bbox 2497 2204 2647 2263; x_wconf 78' lang='lat' dir='ltr'><strong>eras,</strong></span> <span class='ocrx_word' id='word_1_596' title='bbox 2690 2205 2926 2272; x_wconf 89' lang='lat' dir='ltr'><strong>omissio,</strong></span> <span class='ocrx_word' id='word_1_597' title='bbox 2977 2217 3030 2262; x_wconf 91' lang='lat' dir='ltr'><strong>et</strong></span> <span class='ocrx_word' id='word_1_598' title='bbox 3060 2222 3341 2282; x_wconf 82' lang='lat' dir='ltr'><strong>propterea</strong></span> 
     </span>
    </p>
   </div>
   <div class='ocr_carea' id='block_1_84' title="bbox 1756 2281 3343 2376">
    <p class='ocr_par' dir='ltr' id='par_1_84' title="bbox 1756 2281 3343 2376">
     <span class='ocr_line' id='line_1_84' title="bbox 1756 2281 3343 2376; baseline 0.018 -41"><span class='ocrx_word' id='word_1_599' title='bbox 1756 2281 1921 2338; x_wconf 86' lang='lat' dir='ltr'><strong>tristis</strong></span> <span class='ocrx_word' id='word_1_600' title='bbox 1958 2283 2247 2341; x_wconf 78' lang='lat' dir='ltr'><strong>insuaviter</strong></span> <span class='ocrx_word' id='word_1_601' title='bbox 2271 2289 2600 2358; x_wconf 81' lang='lat' dir='ltr'><strong>catechizas;</strong></span> <span class='ocrx_word' id='word_1_602' title='bbox 2630 2296 2864 2365; x_wconf 85' lang='lat' dir='ltr'><strong>cogitare</strong></span> <span class='ocrx_word' id='word_1_603' title='bbox 2898 2299 3091 2370; x_wconf 89' lang='lat' dir='ltr'><strong>debes,</strong></span> <span class='ocrx_word' id='word_1_604' title='bbox 3121 2281 3343 2376; x_wconf 79' lang='lat' dir='ltr'><strong>excepto</strong></span> 
     </span>
    </p>
   </div>
   <div class='ocr_carea' id='block_1_85' title="bbox 1753 2378 3344 2473">
    <p class='ocr_par' dir='ltr' id='par_1_85' title="bbox 1753 2378 3344 2473">
     <span class='ocr_line' id='line_1_85' title="bbox 1753 2378 3344 2473; baseline 0.017 -41"><span class='ocrx_word' id='word_1_605' title='bbox 1753 2378 1895 2449; x_wconf 90' lang='lat' dir='ltr'><strong>quod</strong></span> <span class='ocrx_word' id='word_1_606' title='bbox 1917 2381 2113 2436; x_wconf 90' lang='lat' dir='ltr'><strong>scimus</strong></span> <span class='ocrx_word' id='word_1_607' title='bbox 2134 2384 2553 2443; x_wconf 86' lang='lat' dir='ltr'><strong>misericorditer</strong></span> <span class='ocrx_word' id='word_1_608' title='bbox 2579 2391 2732 2447; x_wconf 89' lang='lat' dir='ltr'><strong>nobis</strong></span> <span class='ocrx_word' id='word_1_609' title='bbox 2754 2396 3017 2464; x_wconf 85' lang='lat' dir='ltr'><strong>agendum</strong></span> <span class='ocrx_word' id='word_1_610' title='bbox 3048 2414 3168 2456; x_wconf 91' lang='lat' dir='ltr'><strong>esse</strong></span> <span class='ocrx_word' id='word_1_611' title='bbox 3191 2402 3344 2473; x_wconf 86' lang='lat' dir='ltr'><strong>quid-</strong></span> 
     </span>
    </p>
   </div>
   <div class='ocr_carea' id='block_1_86' title="bbox 1754 2466 3342 2552">
    <p class='ocr_par' dir='ltr' id='par_1_86' title="bbox 1754 2466 3342 2552">
     <span class='ocr_line' id='line_1_86' title="bbox 1754 2466 3342 2552; baseline 0.018 -28"><span class='ocrx_word' id='word_1_612' title='bbox 1754 2468 2024 2542; x_wconf 46' lang='lat' dir='ltr'><strong>quid&#39;c‘um</strong></span> <span class='ocrx_word' id='word_1_613' title='bbox 2070 2466 2374 2533; x_wconf 72' lang='lat' dir='ltr'><strong>hominibus</strong></span> <span class='ocrx_word' id='word_1_614' title='bbox 2403 2481 2640 2551; x_wconf 83' lang='lat' dir='ltr'><strong>agimus,</strong></span> <span class='ocrx_word' id='word_1_615' title='bbox 2681 2494 2735 2539; x_wconf 89' lang='lat' dir='ltr'><strong>et</strong></span> <span class='ocrx_word' id='word_1_616' title='bbox 2779 2503 2845 2542; x_wconf 86' lang='lat' dir='ltr'><strong>ex</strong></span> <span class='ocrx_word' id='word_1_617' title='bbox 2884 2488 3060 2547; x_wconf 85' lang='lat' dir='ltr'><strong>officio</strong></span> <span class='ocrx_word' id='word_1_618' title='bbox 3089 2494 3342 2552; x_wconf 85' lang='lat' dir='ltr'><strong>sinceris-</strong></span> 
     </span>
    </p>
   </div>
   <div class='ocr_carea' id='block_1_87' title="bbox 1753 2564 3347 2648">
    <p class='ocr_par' dir='ltr' id='par_1_87' title="bbox 1753 2564 3347 2648">
     <span class='ocr_line' id='line_1_87' title="bbox 1753 2564 3347 2648; baseline 0.019 -31"><span class='ocrx_word' id='word_1_619' title='bbox 1753 2564 1902 2619; x_wconf 62' lang='lat' dir='ltr'><strong>sima:</strong></span> <span class='ocrx_word' id='word_1_620' title='bbox 1943 2565 2249 2633; x_wconf 76' lang='lat' dir='ltr'><strong>charita‘tis;</strong></span> <span class='ocrx_word' id='word_1_621' title='bbox 2302 2571 2405 2626; x_wconf 89' lang='lat' dir='ltr'><strong>hoc</strong></span> <span class='ocrx_word' id='word_1_622' title='bbox 2447 2589 2573 2645; x_wconf 88' lang='lat' dir='ltr'><strong>ergo</strong></span> <span class='ocrx_word' id='word_1_623' title='bbox 2611 2589 2865 2648; x_wconf 82' lang='lat' dir='ltr'><strong>excepto,</strong></span> <span class='ocrx_word' id='word_1_624' title='bbox 2913 2583 3172 2642; x_wconf 89' lang='lat' dir='ltr'><strong>incertum</strong></span> <span class='ocrx_word' id='word_1_625' title='bbox 3220 2604 3347 2648; x_wconf 85' lang='lat' dir='ltr'><strong>esse</strong></span> 
     </span>
    </p>
   </div>
   <div class='ocr_carea' id='block_1_88' title="bbox 1753 2654 3341 2737">
    <p class='ocr_par' dir='ltr' id='par_1_88' title="bbox 1753 2654 3341 2737">
     <span class='ocr_line' id='line_1_88' title="bbox 1753 2654 3341 2737; baseline 0.019 -31"><span class='ocrx_word' id='word_1_626' title='bbox 1753 2654 1889 2723; x_wconf 88' lang='lat' dir='ltr'><strong>quid</strong></span> <span class='ocrx_word' id='word_1_627' title='bbox 1908 2655 2089 2712; x_wconf 90' lang='lat' dir='ltr'><strong>utilius</strong></span> <span class='ocrx_word' id='word_1_628' title='bbox 2125 2673 2377 2729; x_wconf 82' lang='lat' dir='ltr'><strong>agamus,</strong></span> <span class='ocrx_word' id='word_1_629' title='bbox 2421 2668 2473 2717; x_wconf 85' lang='lat' dir='ltr'><strong>et</strong></span> <span class='ocrx_word' id='word_1_630' title='bbox 2502 2665 2629 2734; x_wconf 89' lang='lat' dir='ltr'><strong>quid</strong></span> <span class='ocrx_word' id='word_1_631' title='bbox 2658 2673 3008 2737; x_wconf 88' lang='lat' dir='ltr'><strong>opportunius</strong></span> <span class='ocrx_word' id='word_1_632' title='bbox 3043 2686 3134 2731; x_wconf 89' lang='lat' dir='ltr'><strong>aut</strong></span> <span class='ocrx_word' id='word_1_633' title='bbox 3172 2679 3341 2735; x_wconf 88' lang='lat' dir='ltr'><strong>inter-</strong></span> 
     </span>
    </p>
   </div>
   <div class='ocr_carea' id='block_1_89' title="bbox 1754 2746 3341 2828">
    <p class='ocr_par' dir='ltr' id='par_1_89' title="bbox 1754 2746 3341 2828">
     <span class='ocr_line' id='line_1_89' title="bbox 1754 2746 3341 2828; baseline 0.018 -30"><span class='ocrx_word' id='word_1_634' title='bbox 1754 2746 2046 2816; x_wconf 83' lang='lat' dir='ltr'><strong>mittamns,</strong></span> <span class='ocrx_word' id='word_1_635' title='bbox 2077 2759 2167 2804; x_wconf 88' lang='lat' dir='ltr'><strong>aut</strong></span> <span class='ocrx_word' id='word_1_636' title='bbox 2209 2753 2426 2808; x_wconf 85' lang='lat' dir='ltr'><strong>omnino</strong></span> <span class='ocrx_word' id='word_1_637' title='bbox 2452 2756 2778 2814; x_wconf 89' lang='lat' dir='ltr'><strong>omittamus.</strong></span> <span class='ocrx_word' id='word_1_638' title='bbox 2814 2760 2945 2828; x_wconf 85' lang='lat' dir='ltr'><strong>Quia</strong></span> <span class='ocrx_word' id='word_1_639' title='bbox 2977 2766 3118 2821; x_wconf 90' lang='lat' dir='ltr'><strong>enim</strong></span> <span class='ocrx_word' id='word_1_640' title='bbox 3151 2772 3341 2827; x_wconf 88' lang='lat' dir='ltr'><strong>merita</strong></span> 
     </span>
    </p>
   </div>
   <div class='ocr_carea' id='block_1_90' title="bbox 1755 2836 3341 2928">
    <p class='ocr_par' dir='ltr' id='par_1_90' title="bbox 1755 2836 3341 2928">
     <span class='ocr_line' id='line_1_90' title="bbox 1755 2836 3341 2928; baseline 0.02 -39"><span class='ocrx_word' id='word_1_641' title='bbox 1755 2836 2027 2893; x_wconf 90' lang='lat' dir='ltr'><strong>hominum</strong></span> <span class='ocrx_word' id='word_1_642' title='bbox 2058 2852 2153 2910; x_wconf 79' lang='lat' dir='ltr'><strong>pro</strong></span> <span class='ocrx_word' id='word_1_643' title='bbox 2175 2843 2363 2911; x_wconf 89' lang='lat' dir='ltr'><strong>quibus</strong></span> <span class='ocrx_word' id='word_1_644' title='bbox 2390 2847 2616 2915; x_wconf 82' lang='lat' dir='ltr'><strong>agimus,</strong></span> <span class='ocrx_word' id='word_1_645' title='bbox 2648 2852 2824 2920; x_wconf 77' lang='lat' dir='ltr'><strong>qualia</strong></span> <span class='ocrx_word' id='word_1_646' title='bbox 2854 2854 2963 2910; x_wconf 89' lang='lat' dir='ltr'><strong>sint</strong></span> <span class='ocrx_word' id='word_1_647' title='bbox 2999 2861 3136 2928; x_wconf 88' lang='lat' dir='ltr'><strong>apud</strong></span> <span class='ocrx_word' id='word_1_648' title='bbox 3169 2862 3341 2919; x_wconf 90' lang='lat' dir='ltr'><strong>Deum</strong></span> 
     </span>
    </p>
   </div>
   <div class='ocr_carea' id='block_1_91' title="bbox 1756 2933 3345 3016">
    <p class='ocr_par' dir='ltr' id='par_1_91' title="bbox 1756 2933 3345 3016">
     <span class='ocr_line' id='line_1_91' title="bbox 1756 2933 3345 3016; baseline 0.018 -31"><span class='ocrx_word' id='word_1_649' title='bbox 1756 2946 1863 2986; x_wconf 89' lang='lat' dir='ltr'><strong>non</strong></span> <span class='ocrx_word' id='word_1_650' title='bbox 1889 2933 2167 3001; x_wconf 86' lang='lat' dir='ltr'><strong>novimus,</strong></span> <span class='ocrx_word' id='word_1_651' title='bbox 2198 2937 2323 3006; x_wconf 86' lang='lat' dir='ltr'><strong>quid</strong></span> <span class='ocrx_word' id='word_1_652' title='bbox 2349 2938 2427 2994; x_wconf 86' lang='lat' dir='ltr'><strong>eis</strong></span> <span class='ocrx_word' id='word_1_653' title='bbox 2452 2940 2517 2994; x_wconf 88' lang='lat' dir='ltr'><strong>ad</strong></span> <span class='ocrx_word' id='word_1_654' title='bbox 2560 2950 2771 3013; x_wconf 89' lang='lat' dir='ltr'><strong>tempus</strong></span> <span class='ocrx_word' id='word_1_655' title='bbox 2807 2949 3056 3016; x_wconf 86' lang='lat' dir='ltr'><strong>expediat</strong></span> <span class='ocrx_word' id='word_1_656' title='bbox 3078 2963 3168 3009; x_wconf 89' lang='lat' dir='ltr'><strong>aut</strong></span> <span class='ocrx_word' id='word_1_657' title='bbox 3197 2944 3345 3013; x_wconf 80' lang='lat' dir='ltr'><strong>nulla</strong></span> 
     </span>
    </p>
   </div>
   <div class='ocr_carea' id='block_1_92' title="bbox 1754 3024 3343 3115">
    <p class='ocr_par' dir='ltr' id='par_1_92' title="bbox 1754 3024 3343 3115">
     <span class='ocr_line' id='line_1_92' title="bbox 1754 3024 3343 3115; baseline 0.018 -40"><span class='ocrx_word' id='word_1_658' title='bbox 1754 3024 2176 3081; x_wconf 60' lang='lat' dir='ltr'><strong>aut‘tenui&#39;ssima</strong></span> <span class='ocrx_word' id='word_1_659' title='bbox 2199 3036 2288 3082; x_wconf 88' lang='lat' dir='ltr'><strong>aut</strong></span> <span class='ocrx_word' id='word_1_660' title='bbox 2314 3030 2667 3088; x_wconf 90' lang='lat' dir='ltr'><strong>incertissima</strong></span> <span class='ocrx_word' id='word_1_661' title='bbox 2684 3038 2989 3107; x_wconf 84' lang='lat' dir='ltr'><strong>conjectura</strong></span> <span class='ocrx_word' id='word_1_662' title='bbox 3012 3045 3343 3115; x_wconf 87' lang='lat' dir='ltr'><strong>suspicamur</strong></span> 
     </span>
    </p>
   </div>
   <div class='ocr_carea' id='block_1_93' title="bbox 1754 3116 3345 3209">
    <p class='ocr_par' dir='ltr' id='par_1_93' title="bbox 1754 3116 3345 3209">
     <span class='ocr_line' id='line_1_93' title="bbox 1754 3116 3345 3209; baseline 0.018 -41"><span class='ocrx_word' id='word_1_663' title='bbox 1754 3116 1976 3184; x_wconf 77' lang='lat' dir='ltr'><strong>potius,</strong></span> <span class='ocrx_word' id='word_1_664' title='bbox 2003 3132 2159 3187; x_wconf 88' lang='lat' dir='ltr'><strong>quam</strong></span> <span class='ocrx_word' id='word_1_665' title='bbox 2187 3122 2711 3191; x_wconf 88' lang='lat' dir='ltr'><strong>comprehendimus.</strong></span> <span class='ocrx_word' id='word_1_666' title='bbox 2752 3126 3088 3203; x_wconf 84' lang='lat' dir='ltr'><strong>QuaprOpter</strong></span> <span class='ocrx_word' id='word_1_667' title='bbox 3116 3153 3202 3193; x_wconf 88' lang='lat' dir='ltr'><strong>res</strong></span> <span class='ocrx_word' id='word_1_668' title='bbox 3226 3140 3345 3209; x_wconf 89' lang='lat' dir='ltr'><strong>qui-</strong></span> 
     </span>
    </p>
   </div>
   <div class='ocr_carea' id='block_1_94' title="bbox 1755 3206 3353 3288">
    <p class='ocr_par' dir='ltr' id='par_1_94' title="bbox 1755 3206 3353 3288">
     <span class='ocr_line' id='line_1_94' title="bbox 1755 3206 3353 3288; baseline 0.018 -27"><span class='ocrx_word' id='word_1_669' title='bbox 1755 3206 1887 3261; x_wconf 84' lang='lat' dir='ltr'><strong>dem</strong></span> <span class='ocrx_word' id='word_1_670' title='bbox 1921 3209 2158 3278; x_wconf 83' lang='lat' dir='ltr'><strong>agendas</strong></span> <span class='ocrx_word' id='word_1_671' title='bbox 2197 3227 2294 3281; x_wconf 89' lang='lat' dir='ltr'><strong>pro</strong></span> <span class='ocrx_word' id='word_1_672' title='bbox 2326 3222 2510 3270; x_wconf 91' lang='lat' dir='ltr'><strong>nostro</strong></span> <span class='ocrx_word' id='word_1_673' title='bbox 2549 3225 2706 3287; x_wconf 85' lang='lat' dir='ltr'><strong>captu</strong></span> <span class='ocrx_word' id='word_1_674' title='bbox 2752 3222 2999 3280; x_wconf 88' lang='lat' dir='ltr'><strong>ordinare</strong></span> <span class='ocrx_word' id='word_1_675' title='bbox 3040 3206 3299 3288; x_wconf 81' lang='lat' dir='ltr'><strong>debemus</strong></span> <span class='ocrx_word' id='word_1_676' title='bbox 3324 3252 3353 3288; x_wconf 57' lang='grc' dir='ltr'><strong>εν</strong></span> 
     </span>
    </p>
   </div>
   <div class='ocr_carea' id='block_1_95' title="bbox 1756 3300 3340 3390">
    <p class='ocr_par' dir='ltr' id='par_1_95' title="bbox 1756 3300 3340 3390">
     <span class='ocr_line' id='line_1_95' title="bbox 1756 3300 3340 3390; baseline 0.018 -39"><span class='ocrx_word' id='word_1_677' title='bbox 1756 3306 1888 3367; x_wconf 86' lang='lat' dir='ltr'><strong>quas</strong></span> <span class='ocrx_word' id='word_1_678' title='bbox 1913 3300 2161 3354; x_wconf 77' lang='lat' dir='ltr'><strong>comedo</strong></span> <span class='ocrx_word' id='word_1_679' title='bbox 2181 3316 2286 3370; x_wconf 91' lang='lat' dir='ltr'><strong>quo</strong></span> <span class='ocrx_word' id='word_1_680' title='bbox 2309 3305 2610 3374; x_wconf 85' lang='lat' dir='ltr'><strong>statuimus,</strong></span> <span class='ocrx_word' id='word_1_681' title='bbox 2643 3309 2687 3363; x_wconf 93' lang='lat' dir='ltr'><strong>si</strong></span> <span class='ocrx_word' id='word_1_682' title='bbox 2716 3312 2969 3383; x_wconf 84' lang='lat' dir='ltr'><strong>peragere</strong></span> <span class='ocrx_word' id='word_1_683' title='bbox 2989 3321 3340 3390; x_wconf 87' lang='lat' dir='ltr'><strong>potuerimus,</strong></span> 
     </span>
    </p>
   </div>
   <div class='ocr_carea' id='block_1_96' title="bbox 1754 3388 3345 3475">
    <p class='ocr_par' dir='ltr' id='par_1_96' title="bbox 1754 3388 3345 3475">
     <span class='ocr_line' id='line_1_96' title="bbox 1754 3388 3345 3475; baseline 0.019 -34"><span class='ocrx_word' id='word_1_684' title='bbox 1754 3404 1860 3442; x_wconf 90' lang='lat' dir='ltr'><strong>non</strong></span> <span class='ocrx_word' id='word_1_685' title='bbox 1890 3388 2011 3444; x_wconf 79' lang='lat' dir='ltr'><strong>ideo</strong></span> <span class='ocrx_word' id='word_1_686' title='bbox 2040 3391 2371 3459; x_wconf 83' lang='lat' dir='ltr'><strong>gaudeamus</strong></span> <span class='ocrx_word' id='word_1_687' title='bbox 2392 3395 2511 3464; x_wconf 76' lang='lat' dir='ltr'><strong>quia</strong></span> <span class='ocrx_word' id='word_1_688' title='bbox 2542 3400 2716 3466; x_wconf 83' lang='lat' dir='ltr'><strong>nobis,</strong></span> <span class='ocrx_word' id='word_1_689' title='bbox 2746 3402 2839 3457; x_wconf 88' lang='lat' dir='ltr'><strong>sed</strong></span> <span class='ocrx_word' id='word_1_690' title='bbox 2866 3406 2987 3475; x_wconf 87' lang='lat' dir='ltr'><strong>quia</strong></span> <span class='ocrx_word' id='word_1_691' title='bbox 3016 3409 3127 3465; x_wconf 89' lang='lat' dir='ltr'><strong>Deo</strong></span> <span class='ocrx_word' id='word_1_692' title='bbox 3154 3413 3231 3467; x_wconf 89' lang='lat' dir='ltr'><strong>sic</strong></span> <span class='ocrx_word' id='word_1_693' title='bbox 3251 3388 3345 3471; x_wconf 84' lang='lat' dir='ltr'><strong>eas</strong></span> 
     </span>
    </p>
   </div>
   <div class='ocr_carea' id='block_1_97' title="bbox 1754 3479 3343 3577">
    <p class='ocr_par' dir='ltr' id='par_1_97' title="bbox 1754 3479 3343 3577">
     <span class='ocr_line' id='line_1_97' title="bbox 1754 3479 3343 3577; baseline 0.02 -45"><span class='ocrx_word' id='word_1_694' title='bbox 1754 3479 1839 3550; x_wconf 85' lang='lat' dir='ltr'><strong>agi</strong></span> <span class='ocrx_word' id='word_1_695' title='bbox 1865 3480 2061 3551; x_wconf 83' lang='lat' dir='ltr'><strong>placuit</strong></span> <span class='ocrx_word' id='word_1_696' title='bbox 2087 3501 2100 3537; x_wconf 95' lang='lat'><strong>:</strong></span> <span class='ocrx_word' id='word_1_697' title='bbox 2128 3483 2377 3540; x_wconf 84' lang='lat' dir='ltr'><strong>siautem</strong></span> <span class='ocrx_word' id='word_1_698' title='bbox 2401 3488 2573 3559; x_wconf 90' lang='lat' dir='ltr'><strong>aliqua</strong></span> <span class='ocrx_word' id='word_1_699' title='bbox 2612 3491 2865 3551; x_wconf 88' lang='lat' dir='ltr'><strong>inciderit</strong></span> <span class='ocrx_word' id='word_1_700' title='bbox 2889 3503 3221 3573; x_wconf 75' lang='lat' dir='ltr'><strong>necessitas,</strong></span> <span class='ocrx_word' id='word_1_701' title='bbox 3239 3522 3343 3577; x_wconf 89' lang='lat' dir='ltr'><strong>qua</strong></span> 
     </span>
    </p>
   </div>
   <div class='ocr_carea' id='block_1_98' title="bbox 1754 3572 3343 3661">
    <p class='ocr_par' dir='ltr' id='par_1_98' title="bbox 1754 3572 3343 3661">
     <span class='ocr_line' id='line_1_98' title="bbox 1754 3572 3343 3661; baseline 0.02 -34"><span class='ocrx_word' id='word_1_702' title='bbox 1754 3581 1939 3629; x_wconf 89' lang='lat' dir='ltr'><strong>noster</strong></span> <span class='ocrx_word' id='word_1_703' title='bbox 1962 3572 2052 3630; x_wconf 90' lang='lat' dir='ltr'><strong>ille</strong></span> <span class='ocrx_word' id='word_1_704' title='bbox 2078 3578 2210 3633; x_wconf 90' lang='lat' dir='ltr'><strong>ordo</strong></span> <span class='ocrx_word' id='word_1_705' title='bbox 2238 3579 2513 3648; x_wconf 89' lang='lat' dir='ltr'><strong>turbetur;</strong></span> <span class='ocrx_word' id='word_1_706' title='bbox 2553 3584 2829 3645; x_wconf 70' lang='lat' dir='ltr'><strong>flectantur</strong></span> <span class='ocrx_word' id='word_1_707' title='bbox 2858 3590 3044 3661; x_wconf 84' lang='lat' dir='ltr'><strong>facile,</strong></span> <span class='ocrx_word' id='word_1_708' title='bbox 3089 3615 3155 3654; x_wconf 89' lang='lat' dir='ltr'><strong>ne</strong></span> <span class='ocrx_word' id='word_1_709' title='bbox 3198 3572 3343 3657; x_wconf 75' lang='lat' dir='ltr'><strong>fran~</strong></span> 
     </span>
    </p>
   </div>
   <div class='ocr_carea' id='block_1_99' title="bbox 1752 3672 3342 3758">
    <p class='ocr_par' dir='ltr' id='par_1_99' title="bbox 1752 3672 3342 3758">
     <span class='ocr_line' id='line_1_99' title="bbox 1752 3672 3342 3758; baseline 0.019 -40"><span class='ocrx_word' id='word_1_710' title='bbox 1752 3680 1969 3735; x_wconf 87' lang='lat' dir='ltr'><strong>gamur;</strong></span> <span class='ocrx_word' id='word_1_711' title='bbox 1991 3678 2047 3722; x_wconf 88' lang='lat' dir='ltr'><strong>ut</strong></span> <span class='ocrx_word' id='word_1_712' title='bbox 2075 3684 2231 3739; x_wconf 91' lang='lat' dir='ltr'><strong>quem</strong></span> <span class='ocrx_word' id='word_1_713' title='bbox 2255 3672 2394 3728; x_wconf 87' lang='lat' dir='ltr'><strong>Deus</strong></span> <span class='ocrx_word' id='word_1_714' title='bbox 2417 3685 2599 3731; x_wconf 89' lang='lat' dir='ltr'><strong>nostro</strong></span> <span class='ocrx_word' id='word_1_715' title='bbox 2616 3678 2690 3749; x_wconf 92' lang='lat' dir='ltr'><strong>(a)</strong></span> <span class='ocrx_word' id='word_1_716' title='bbox 2707 3687 3011 3753; x_wconf 80' lang='lat' dir='ltr'><strong>praeposuit,</strong></span> <span class='ocrx_word' id='word_1_717' title='bbox 3032 3688 3145 3758; x_wconf 90' lang='lat' dir='ltr'><strong>ipse</strong></span> <span class='ocrx_word' id='word_1_718' title='bbox 3162 3692 3342 3748; x_wconf 78' lang='lat' dir='ltr'><strong>sitno-</strong></span> 
     </span>
    </p>
   </div>
   <div class='ocr_carea' id='block_1_100' title="bbox 1764 3756 3340 3845">
    <p class='ocr_par' dir='ltr' id='par_1_100' title="bbox 1764 3756 3340 3845">
     <span class='ocr_line' id='line_1_100' title="bbox 1764 3756 3340 3845; baseline 0.018 -34"><span class='ocrx_word' id='word_1_719' title='bbox 1764 3760 1892 3813; x_wconf 85' lang='lat' dir='ltr'><strong>ster.</strong></span> <span class='ocrx_word' id='word_1_720' title='bbox 1920 3756 2149 3829; x_wconf 65' lang='lat' dir='ltr'><strong>Equius</strong></span> <span class='ocrx_word' id='word_1_721' title='bbox 2169 3771 2251 3817; x_wconf 89' lang='lat' dir='ltr'><strong>est</strong></span> <span class='ocrx_word' id='word_1_722' title='bbox 2277 3766 2418 3818; x_wconf 88' lang='lat' dir='ltr'><strong>enim</strong></span> <span class='ocrx_word' id='word_1_723' title='bbox 2448 3775 2506 3820; x_wconf 86' lang='lat' dir='ltr'><strong>ut</strong></span> <span class='ocrx_word' id='word_1_724' title='bbox 2537 3784 2633 3822; x_wconf 90' lang='lat' dir='ltr'><strong>nos</strong></span> <span class='ocrx_word' id='word_1_725' title='bbox 2656 3770 2800 3840; x_wconf 88' lang='lat' dir='ltr'><strong>ejus,</strong></span> <span class='ocrx_word' id='word_1_726' title='bbox 2834 3790 2991 3845; x_wconf 89' lang='lat' dir='ltr'><strong>quam</strong></span> <span class='ocrx_word' id='word_1_727' title='bbox 3024 3756 3081 3833; x_wconf 85' lang='lat' dir='ltr'><strong>ut</strong></span> <span class='ocrx_word' id='word_1_728' title='bbox 3126 3782 3211 3836; x_wconf 91' lang='lat' dir='ltr'><strong>ille</strong></span> <span class='ocrx_word' id='word_1_729' title='bbox 3239 3800 3340 3839; x_wconf 86' lang='lat' dir='ltr'><strong>no-</strong></span> 
     </span>
    </p>
   </div>
   <div class='ocr_carea' id='block_1_101' title="bbox 1753 3851 3340 3939">
    <p class='ocr_par' dir='ltr' id='par_1_101' title="bbox 1753 3851 3340 3939">
     <span class='ocr_line' id='line_1_101' title="bbox 1753 3851 3340 3939; baseline 0.018 -37"><span class='ocrx_word' id='word_1_730' title='bbox 1753 3857 1921 3904; x_wconf 85' lang='lat' dir='ltr'><strong>stram</strong></span> <span class='ocrx_word' id='word_1_731' title='bbox 1946 3851 2269 3907; x_wconf 83' lang='lat' dir='ltr'><strong>voluntatem</strong></span> <span class='ocrx_word' id='word_1_732' title='bbox 2303 3867 2574 3925; x_wconf 84' lang='lat' dir='ltr'><strong>sequatur.</strong></span> <span class='ocrx_word' id='word_1_733' title='bbox 2608 3859 2739 3926; x_wconf 86' lang='lat' dir='ltr'><strong>Quia</strong></span> <span class='ocrx_word' id='word_1_734' title='bbox 2768 3872 2821 3918; x_wconf 90' lang='lat' dir='ltr'><strong>et</strong></span> <span class='ocrx_word' id='word_1_735' title='bbox 2846 3868 2978 3921; x_wconf 89' lang='lat' dir='ltr'><strong>ordo</strong></span> <span class='ocrx_word' id='word_1_736' title='bbox 3013 3873 3340 3939; x_wconf 88' lang='lat' dir='ltr'><strong>agendarum</strong></span> 
     </span>
    </p>
   </div>
   <div class='ocr_carea' id='block_1_102' title="bbox 1753 3950 3342 4028">
    <p class='ocr_par' dir='ltr' id='par_1_102' title="bbox 1753 3950 3342 4028">
     <span class='ocr_line' id='line_1_102' title="bbox 1753 3950 3342 4028; baseline 0.018 -33"><span class='ocrx_word' id='word_1_737' title='bbox 1753 3955 1953 4007; x_wconf 88' lang='lat' dir='ltr'><strong>rerum,</strong></span> <span class='ocrx_word' id='word_1_738' title='bbox 1987 3960 2142 4012; x_wconf 87' lang='lat' dir='ltr'><strong>quem</strong></span> <span class='ocrx_word' id='word_1_739' title='bbox 2175 3955 2358 4015; x_wconf 84' lang='lat' dir='ltr'><strong>nostro</strong></span> <span class='ocrx_word' id='word_1_740' title='bbox 2380 3950 2602 4005; x_wconf 85' lang='lat' dir='ltr'><strong>arbitrio</strong></span> <span class='ocrx_word' id='word_1_741' title='bbox 2626 3954 2807 4011; x_wconf 87' lang='lat' dir='ltr'><strong>tenere</strong></span> <span class='ocrx_word' id='word_1_742' title='bbox 2832 3960 3096 4028; x_wconf 79' lang='lat' dir='ltr'><strong>volumus,</strong></span> <span class='ocrx_word' id='word_1_743' title='bbox 3126 3966 3214 4022; x_wconf 92' lang='lat' dir='ltr'><strong>ille</strong></span> <span class='ocrx_word' id='word_1_744' title='bbox 3238 3969 3342 4023; x_wconf 86' lang='lat' dir='ltr'><strong>uti-</strong></span> 
     </span>
    </p>
   </div>
   <div class='ocr_carea' id='block_1_103' title="bbox 1753 4034 3344 4119">
    <p class='ocr_par' dir='ltr' id='par_1_103' title="bbox 1753 4034 3344 4119">
     <span class='ocr_line' id='line_1_103' title="bbox 1753 4034 3344 4119; baseline 0.018 -31"><span class='ocrx_word' id='word_1_745' title='bbox 1753 4034 1859 4105; x_wconf 88' lang='lat' dir='ltr'><strong>que</strong></span> <span class='ocrx_word' id='word_1_746' title='bbox 1900 4038 2277 4105; x_wconf 86' lang='lat' dir='ltr'><strong>approbandus</strong></span> <span class='ocrx_word' id='word_1_747' title='bbox 2315 4049 2429 4105; x_wconf 86' lang='lat' dir='ltr'><strong>est,</strong></span> <span class='ocrx_word' id='word_1_748' title='bbox 2477 4045 2565 4099; x_wconf 88' lang='lat' dir='ltr'><strong>ubi</strong></span> <span class='ocrx_word' id='word_1_749' title='bbox 2617 4048 2819 4114; x_wconf 76' lang='lat' dir='ltr'><strong>potiora</strong></span> <span class='ocrx_word' id='word_1_750' title='bbox 2868 4050 3190 4119; x_wconf 80' lang='lat' dir='ltr'><strong>praecedunt.</strong></span> <span class='ocrx_word' id='word_1_751' title='bbox 3237 4060 3344 4117; x_wconf 88' lang='lat' dir='ltr'><strong>Cur</strong></span> 
     </span>
    </p>
   </div>
   <div class='ocr_carea' id='block_1_104' title="bbox 1753 4129 3342 4219">
    <p class='ocr_par' dir='ltr' id='par_1_104' title="bbox 1753 4129 3342 4219">
     <span class='ocr_line' id='line_1_104' title="bbox 1753 4129 3342 4219; baseline 0.016 -40"><span class='ocrx_word' id='word_1_752' title='bbox 1753 4141 1882 4196; x_wconf 84' lang='lat' dir='ltr'><strong>ergo</strong></span> <span class='ocrx_word' id='word_1_753' title='bbox 1914 4141 2010 4181; x_wconf 86' lang='lat' dir='ltr'><strong>nos</strong></span> <span class='ocrx_word' id='word_1_754' title='bbox 2049 4129 2291 4184; x_wconf 90' lang='lat' dir='ltr'><strong>dolemus</strong></span> <span class='ocrx_word' id='word_1_755' title='bbox 2323 4132 2567 4188; x_wconf 89' lang='lat' dir='ltr'><strong>homines</strong></span> <span class='ocrx_word' id='word_1_756' title='bbox 2597 4151 2624 4188; x_wconf 90' lang='lat' dir='ltr'><strong>a</strong></span> <span class='ocrx_word' id='word_1_757' title='bbox 2676 4139 2898 4194; x_wconf 91' lang='lat' dir='ltr'><strong>Domino</strong></span> <span class='ocrx_word' id='word_1_758' title='bbox 2930 4144 3038 4198; x_wconf 89' lang='lat' dir='ltr'><strong>Deo</strong></span> <span class='ocrx_word' id='word_1_759' title='bbox 3071 4156 3216 4202; x_wconf 88' lang='lat' dir='ltr'><strong>tanto</strong></span> <span class='ocrx_word' id='word_1_760' title='bbox 3244 4166 3342 4219; x_wconf 91' lang='lat' dir='ltr'><strong>po-</strong></span> 
     </span>
    </p>
   </div>
   <div class='ocr_carea' id='block_1_105' title="bbox 1755 4218 3339 4296">
    <p class='ocr_par' dir='ltr' id='par_1_105' title="bbox 1755 4218 3339 4296">
     <span class='ocr_line' id='line_1_105' title="bbox 1755 4218 3339 4296; baseline 0.016 -25"><span class='ocrx_word' id='word_1_761' title='bbox 1755 4218 1889 4273; x_wconf 88' lang='lat' dir='ltr'><strong>tiore</strong></span> <span class='ocrx_word' id='word_1_762' title='bbox 1924 4220 2173 4289; x_wconf 71' lang='lat' dir='ltr'><strong>pra-cedi,</strong></span> <span class='ocrx_word' id='word_1_763' title='bbox 2203 4231 2259 4275; x_wconf 88' lang='lat' dir='ltr'><strong>ut</strong></span> <span class='ocrx_word' id='word_1_764' title='bbox 2289 4237 2353 4277; x_wconf 90' lang='lat' dir='ltr'><strong>co</strong></span> <span class='ocrx_word' id='word_1_765' title='bbox 2384 4223 2499 4293; x_wconf 89' lang='lat' dir='ltr'><strong>ipso</strong></span> <span class='ocrx_word' id='word_1_766' title='bbox 2525 4242 2629 4295; x_wconf 89' lang='lat' dir='ltr'><strong>quo</strong></span> <span class='ocrx_word' id='word_1_767' title='bbox 2652 4239 2891 4286; x_wconf 80' lang='lat' dir='ltr'><strong>nostrum</strong></span> <span class='ocrx_word' id='word_1_768' title='bbox 2927 4249 3163 4293; x_wconf 87' lang='lat' dir='ltr'><strong>amamus</strong></span> <span class='ocrx_word' id='word_1_769' title='bbox 3192 4218 3339 4296; x_wconf 82' lang='lat' dir='ltr'><strong>ordi-</strong></span> 
     </span>
    </p>
   </div>
   <div class='ocr_carea' id='block_1_106' title="bbox 1753 4310 3343 4387">
    <p class='ocr_par' dir='ltr' id='par_1_106' title="bbox 1753 4310 3343 4387">
     <span class='ocr_line' id='line_1_106' title="bbox 1753 4310 3343 4387; baseline 0.016 -24"><span class='ocrx_word' id='word_1_770' title='bbox 1753 4324 1893 4375; x_wconf 86' lang='lat' dir='ltr'><strong>nem,</strong></span> <span class='ocrx_word' id='word_1_771' title='bbox 1916 4310 2195 4366; x_wconf 86' lang='lat' dir='ltr'><strong>inordinati</strong></span> <span class='ocrx_word' id='word_1_772' title='bbox 2224 4328 2342 4368; x_wconf 89' lang='lat' dir='ltr'><strong>esse</strong></span> <span class='ocrx_word' id='word_1_773' title='bbox 2358 4316 2666 4385; x_wconf 85' lang='lat' dir='ltr'><strong>cupiamus?</strong></span> <span class='ocrx_word' id='word_1_774' title='bbox 2695 4319 2863 4377; x_wconf 77' lang='lat' dir='ltr'><strong>Nemo</strong></span> <span class='ocrx_word' id='word_1_775' title='bbox 2889 4326 3028 4381; x_wconf 90' lang='lat' dir='ltr'><strong>enim</strong></span> <span class='ocrx_word' id='word_1_776' title='bbox 3048 4329 3235 4386; x_wconf 88' lang='lat' dir='ltr'><strong>melius</strong></span> <span class='ocrx_word' id='word_1_777' title='bbox 3253 4348 3343 4387; x_wconf 85' lang='lat' dir='ltr'><strong>or-</strong></span> 
     </span>
    </p>
   </div>
   <div class='ocr_carea' id='block_1_107' title="bbox 1753 4399 3335 4492">
    <p class='ocr_par' dir='ltr' id='par_1_107' title="bbox 1753 4399 3335 4492">
     <span class='ocr_line' id='line_1_107' title="bbox 1753 4399 3335 4492; baseline 0.015 -38"><span class='ocrx_word' id='word_1_778' title='bbox 1753 4399 1893 4454; x_wconf 86' lang='lat' dir='ltr'><strong>dinat</strong></span> <span class='ocrx_word' id='word_1_779' title='bbox 1924 4400 2050 4470; x_wconf 89' lang='lat' dir='ltr'><strong>quid</strong></span> <span class='ocrx_word' id='word_1_780' title='bbox 2080 4410 2218 4472; x_wconf 87' lang='lat' dir='ltr'><strong>agat,</strong></span> <span class='ocrx_word' id='word_1_781' title='bbox 2251 4404 2349 4458; x_wconf 88' lang='lat' dir='ltr'><strong>nisi</strong></span> <span class='ocrx_word' id='word_1_782' title='bbox 2372 4406 2461 4475; x_wconf 91' lang='lat' dir='ltr'><strong>qui</strong></span> <span class='ocrx_word' id='word_1_783' title='bbox 2492 4409 2725 4476; x_wconf 87' lang='lat' dir='ltr'><strong>paratior</strong></span> <span class='ocrx_word' id='word_1_784' title='bbox 2752 4421 2835 4467; x_wconf 88' lang='lat' dir='ltr'><strong>est</strong></span> <span class='ocrx_word' id='word_1_785' title='bbox 2862 4430 2967 4469; x_wconf 91' lang='lat' dir='ltr'><strong>non</strong></span> <span class='ocrx_word' id='word_1_786' title='bbox 3008 4432 3166 4487; x_wconf 88' lang='lat' dir='ltr'><strong>agere</strong></span> <span class='ocrx_word' id='word_1_787' title='bbox 3194 4424 3335 4492; x_wconf 92' lang='lat' dir='ltr'><strong>quod</strong></span> 
     </span>
    </p>
   </div>
   <div class='ocr_carea' id='block_1_108' title="bbox 1754 4490 3338 4584">
    <p class='ocr_par' dir='ltr' id='par_1_108' title="bbox 1754 4490 3338 4584">
     <span class='ocr_line' id='line_1_108' title="bbox 1754 4490 3338 4584; baseline 0.016 -39"><span class='ocrx_word' id='word_1_788' title='bbox 1754 4490 1935 4545; x_wconf 80' lang='lat' dir='ltr'><strong>divina</strong></span> <span class='ocrx_word' id='word_1_789' title='bbox 1982 4503 2243 4562; x_wconf 87' lang='lat' dir='ltr'><strong>potestate</strong></span> <span class='ocrx_word' id='word_1_790' title='bbox 2286 4498 2630 4567; x_wconf 84' lang='lat' dir='ltr'><strong>prohibetur,</strong></span> <span class='ocrx_word' id='word_1_791' title='bbox 2684 4518 2841 4573; x_wconf 86' lang='lat' dir='ltr'><strong>quam</strong></span> <span class='ocrx_word' id='word_1_792' title='bbox 2892 4509 3135 4578; x_wconf 88' lang='lat' dir='ltr'><strong>cupidior</strong></span> <span class='ocrx_word' id='word_1_793' title='bbox 3176 4490 3338 4584; x_wconf 81' lang='lat' dir='ltr'><strong>agere</strong></span> 
     </span>
    </p>
   </div>
   <div class='ocr_carea' id='block_1_109' title="bbox 1752 4582 3338 4665">
    <p class='ocr_par' dir='ltr' id='par_1_109' title="bbox 1752 4582 3338 4665">
     <span class='ocr_line' id='line_1_109' title="bbox 1752 4582 3338 4665; baseline 0.015 -30"><span class='ocrx_word' id='word_1_794' title='bbox 1752 4582 1895 4652; x_wconf 88' lang='lat' dir='ltr'><strong>quod</strong></span> <span class='ocrx_word' id='word_1_795' title='bbox 1931 4583 2159 4639; x_wconf 89' lang='lat' dir='ltr'><strong>humana</strong></span> <span class='ocrx_word' id='word_1_796' title='bbox 2187 4589 2508 4658; x_wconf 84' lang='lat' dir='ltr'><strong>cogitatione</strong></span> <span class='ocrx_word' id='word_1_797' title='bbox 2535 4592 2839 4649; x_wconf 89' lang='lat' dir='ltr'><strong>meditatur.</strong></span> <span class='ocrx_word' id='word_1_798' title='bbox 2870 4597 3003 4665; x_wconf 86' lang='lat' dir='ltr'><strong>Quia</strong></span> <span class='ocrx_word' id='word_1_799' title='bbox 3036 4582 3338 4659; x_wconf 34' lang='grc' dir='ltr'><strong>πωπω-εο-</strong></span> 
     </span>
    </p>
   </div>
   <div class='ocr_carea' id='block_1_110' title="bbox 1752 4673 3347 4753">
    <p class='ocr_par' dir='ltr' id='par_1_110' title="bbox 1752 4673 3347 4753">
     <span class='ocr_line' id='line_1_110' title="bbox 1752 4673 3347 4753; baseline 0.018 -30"><span class='ocrx_word' id='word_1_800' title='bbox 1752 4673 2019 4743; x_wconf 75' lang='lat' dir='ltr'><strong>gita‘tiones</strong></span> <span class='ocrx_word' id='word_1_801' title='bbox 2055 4686 2169 4730; x_wconf 78' lang='lat' dir='ltr'><strong>sunt</strong></span> <span class='ocrx_word' id='word_1_802' title='bbox 2210 4680 2263 4731; x_wconf 83' lang='lat' dir='ltr'><strong>in</strong></span> <span class='ocrx_word' id='word_1_803' title='bbox 2292 4679 2444 4733; x_wconf 85' lang='lat' dir='ltr'><strong>corde</strong></span> <span class='ocrx_word' id='word_1_804' title='bbox 2486 4683 2580 4735; x_wconf 81' lang='lat' dir='ltr'><strong>viri</strong></span> <span class='ocrx_word' id='word_1_805' title='bbox 2600 4726 2613 4749; x_wconf 94' lang='lat'><strong>,</strong></span> <span class='ocrx_word' id='word_1_806' title='bbox 2646 4685 2915 4741; x_wconf 78' lang='lat' dir='ltr'><strong>consilium</strong></span> <span class='ocrx_word' id='word_1_807' title='bbox 2939 4697 3105 4744; x_wconf 82' lang='lat' dir='ltr'><strong>autem</strong></span> <span class='ocrx_word' id='word_1_808' title='bbox 3132 4688 3347 4753; x_wconf 74' lang='lat' dir='ltr'><strong>Domini</strong></span> 
     </span>
    </p>
   </div>
   <div class='ocr_carea' id='block_1_111' title="bbox 1752 4768 2750 4846">
    <p class='ocr_par' dir='ltr' id='par_1_111' title="bbox 1752 4768 2750 4846">
     <span class='ocr_line' id='line_1_111' title="bbox 1752 4768 2750 4846; baseline 0.011 -29"><span class='ocrx_word' id='word_1_809' title='bbox 1752 4775 1921 4819; x_wconf 81' lang='lat' dir='ltr'><strong>manet</strong></span> <span class='ocrx_word' id='word_1_810' title='bbox 1949 4768 2001 4820; x_wconf 80' lang='lat' dir='ltr'><strong>in</strong></span> <span class='ocrx_word' id='word_1_811' title='bbox 2025 4777 2264 4822; x_wconf 70' lang='lat' dir='ltr'><strong>cetermzm</strong></span> <span class='ocrx_word' id='word_1_812' title='bbox 2290 4770 2470 4843; x_wconf 78' lang='lat' dir='ltr'><strong>(Prov.</strong></span> <span class='ocrx_word' id='word_1_813' title='bbox 2495 4789 2607 4839; x_wconf 69' lang='grc' dir='ltr'>χιχ,</span> <span class='ocrx_word' id='word_1_814' title='bbox 2636 4773 2750 4846; x_wconf 69' lang='grc'><strong>21).</strong></span> 
     </span>
    </p>
   </div>
   <div class='ocr_carea' id='block_1_112' title="bbox 1824 4854 3336 4936">
    <p class='ocr_par' dir='ltr' id='par_1_112' title="bbox 1824 4854 3336 4936">
     <span class='ocr_line' id='line_1_112' title="bbox 1824 4854 3336 4936; baseline 0.019 -28"><span class='ocrx_word' id='word_1_815' title='bbox 1824 4855 1914 4910; x_wconf 76' lang='grc'><strong>21.</strong></span> <span class='ocrx_word' id='word_1_816' title='bbox 1946 4854 2004 4912; x_wconf 90' lang='lat' dir='ltr'><strong>Si</strong></span> <span class='ocrx_word' id='word_1_817' title='bbox 2029 4874 2153 4913; x_wconf 82' lang='lat' dir='ltr'><strong>vero</strong></span> <span class='ocrx_word' id='word_1_818' title='bbox 2183 4875 2246 4913; x_wconf 83' lang='lat' dir='ltr'><strong>ex</strong></span> <span class='ocrx_word' id='word_1_819' title='bbox 2272 4858 2448 4931; x_wconf 90' lang='lat' dir='ltr'><strong>aliquo</strong></span> <span class='ocrx_word' id='word_1_820' title='bbox 2474 4863 2723 4919; x_wconf 87' lang='lat' dir='ltr'><strong>seandalo</strong></span> <span class='ocrx_word' id='word_1_821' title='bbox 2752 4868 3088 4935; x_wconf 87' lang='lat' dir='ltr'><strong>perturbatus</strong></span> <span class='ocrx_word' id='word_1_822' title='bbox 3124 4876 3336 4936; x_wconf 88' lang='lat' dir='ltr'><strong>animus</strong></span> 
     </span>
    </p>
   </div>
   <div class='ocr_carea' id='block_1_113' title="bbox 1752 4949 3336 5039">
    <p class='ocr_par' dir='ltr' id='par_1_113' title="bbox 1752 4949 3336 5039">
     <span class='ocr_line' id='line_1_113' title="bbox 1752 4949 3336 5039; baseline 0.015 -37"><span class='ocrx_word' id='word_1_823' title='bbox 1752 4963 1858 5002; x_wconf 88' lang='lat' dir='ltr'><strong>non</strong></span> <span class='ocrx_word' id='word_1_824' title='bbox 1886 4949 2028 5004; x_wconf 85' lang='lat' dir='ltr'><strong>valet</strong></span> <span class='ocrx_word' id='word_1_825' title='bbox 2062 4950 2222 5005; x_wconf 89' lang='lat' dir='ltr'><strong>cdere</strong></span> <span class='ocrx_word' id='word_1_826' title='bbox 2269 4967 2515 5008; x_wconf 89' lang='lat' dir='ltr'><strong>serenum</strong></span> <span class='ocrx_word' id='word_1_827' title='bbox 2558 4956 2956 5032; x_wconf 90' lang='lat' dir='ltr'><strong>jucundumque</strong></span> <span class='ocrx_word' id='word_1_828' title='bbox 2999 4978 3336 5039; x_wconf 89' lang='lat' dir='ltr'><strong>sermonem,</strong></span> 
     </span>
    </p>
   </div>
   <div class='ocr_carea' id='block_1_114' title="bbox 1755 5042 3339 5131">
    <p class='ocr_par' dir='ltr' id='par_1_114' title="bbox 1755 5042 3339 5131">
     <span class='ocr_line' id='line_1_114' title="bbox 1755 5042 3339 5131; baseline 0.016 -37"><span class='ocrx_word' id='word_1_829' title='bbox 1755 5050 1953 5095; x_wconf 88' lang='lat' dir='ltr'><strong>tantam</strong></span> <span class='ocrx_word' id='word_1_830' title='bbox 1996 5057 2117 5097; x_wconf 86' lang='lat' dir='ltr'><strong>esse</strong></span> <span class='ocrx_word' id='word_1_831' title='bbox 2153 5042 2463 5100; x_wconf 85' lang='lat' dir='ltr'><strong>charitatcm</strong></span> <span class='ocrx_word' id='word_1_832' title='bbox 2514 5057 2727 5117; x_wconf 89' lang='lat' dir='ltr'><strong>oportet</strong></span> <span class='ocrx_word' id='word_1_833' title='bbox 2774 5053 2827 5106; x_wconf 89' lang='lat' dir='ltr'><strong>in</strong></span> <span class='ocrx_word' id='word_1_834' title='bbox 2871 5070 2963 5109; x_wconf 87' lang='lat' dir='ltr'><strong>eos</strong></span> <span class='ocrx_word' id='word_1_835' title='bbox 3008 5073 3106 5127; x_wconf 91' lang='lat' dir='ltr'><strong>pro</strong></span> <span class='ocrx_word' id='word_1_836' title='bbox 3149 5062 3339 5131; x_wconf 89' lang='lat' dir='ltr'><strong>quibus</strong></span> 
     </span>
    </p>
   </div>
   <div class='ocr_carea' id='block_1_115' title="bbox 1750 5131 3337 5220">
    <p class='ocr_par' dir='ltr' id='par_1_115' title="bbox 1750 5131 3337 5220">
     <span class='ocr_line' id='line_1_115' title="bbox 1750 5131 3337 5220; baseline 0.016 -34"><span class='ocrx_word' id='word_1_837' title='bbox 1750 5131 1992 5186; x_wconf 88' lang='lat' dir='ltr'><strong>Christus</strong></span> <span class='ocrx_word' id='word_1_838' title='bbox 2022 5140 2263 5188; x_wconf 79' lang='lat' dir='ltr'><strong>mortuus</strong></span> <span class='ocrx_word' id='word_1_839' title='bbox 2287 5144 2366 5189; x_wconf 90' lang='lat' dir='ltr'><strong>est</strong></span> <span class='ocrx_word' id='word_1_840' title='bbox 2385 5179 2397 5199; x_wconf 90' lang='lat'><strong>,</strong></span> <span class='ocrx_word' id='word_1_841' title='bbox 2421 5138 2605 5194; x_wconf 87' lang='lat' dir='ltr'><strong>volens</strong></span> <span class='ocrx_word' id='word_1_842' title='bbox 2634 5156 2727 5195; x_wconf 92' lang='lat' dir='ltr'><strong>eos</strong></span> <span class='ocrx_word' id='word_1_843' title='bbox 2756 5146 2928 5213; x_wconf 86' lang='lat' dir='ltr'><strong>pretio</strong></span> <span class='ocrx_word' id='word_1_844' title='bbox 2954 5152 3227 5220; x_wconf 80' lang='lat' dir='ltr'><strong>sanguinis</strong></span> <span class='ocrx_word' id='word_1_845' title='bbox 3256 5156 3337 5210; x_wconf 87' lang='lat' dir='ltr'><strong>sui</strong></span> 
     </span>
    </p>
   </div>
   <div class='ocr_carea' id='block_1_116' title="bbox 1749 5224 3336 5313">
    <p class='ocr_par' dir='ltr' id='par_1_116' title="bbox 1749 5224 3336 5313">
     <span class='ocr_line' id='line_1_116' title="bbox 1749 5224 3336 5313; baseline 0.014 -36"><span class='ocrx_word' id='word_1_846' title='bbox 1749 5224 1819 5278; x_wconf 87' lang='lat' dir='ltr'><strong>ab</strong></span> <span class='ocrx_word' id='word_1_847' title='bbox 1839 5237 2077 5278; x_wconf 88' lang='lat' dir='ltr'><strong>errorum</strong></span> <span class='ocrx_word' id='word_1_848' title='bbox 2096 5226 2429 5283; x_wconf 68' lang='lat' dir='ltr'><strong>saecularium</strong></span> <span class='ocrx_word' id='word_1_849' title='bbox 2453 5239 2621 5287; x_wconf 88' lang='lat' dir='ltr'><strong>morte</strong></span> <span class='ocrx_word' id='word_1_850' title='bbox 2642 5234 2938 5301; x_wconf 87' lang='lat' dir='ltr'><strong>redimere;</strong></span> <span class='ocrx_word' id='word_1_851' title='bbox 2964 5248 3021 5292; x_wconf 91' lang='lat' dir='ltr'><strong>ut</strong></span> <span class='ocrx_word' id='word_1_852' title='bbox 3040 5239 3142 5297; x_wconf 89' lang='lat' dir='ltr'><strong>hoc</strong></span> <span class='ocrx_word' id='word_1_853' title='bbox 3164 5243 3336 5313; x_wconf 90' lang='lat' dir='ltr'><strong>ipsum</strong></span> 
     </span>
    </p>
   </div>
   <div class='ocr_carea' id='block_1_117' title="bbox 1751 5316 3336 5403">
    <p class='ocr_par' dir='ltr' id='par_1_117' title="bbox 1751 5316 3336 5403">
     <span class='ocr_line' id='line_1_117' title="bbox 1751 5316 3336 5403; baseline 0.015 -36"><span class='ocrx_word' id='word_1_854' title='bbox 1751 5316 1890 5385; x_wconf 90' lang='lat' dir='ltr'><strong>quod</strong></span> <span class='ocrx_word' id='word_1_855' title='bbox 1919 5317 2073 5370; x_wconf 91' lang='lat' dir='ltr'><strong>nobis</strong></span> <span class='ocrx_word' id='word_1_856' title='bbox 2099 5316 2341 5374; x_wconf 89' lang='lat' dir='ltr'><strong>tristibus</strong></span> <span class='ocrx_word' id='word_1_857' title='bbox 2384 5323 2683 5389; x_wconf 85' lang='lat' dir='ltr'><strong>nuntiatur,</strong></span> <span class='ocrx_word' id='word_1_858' title='bbox 2719 5337 2913 5394; x_wconf 70' lang='lat' dir='ltr'><strong>prmsto</strong></span> <span class='ocrx_word' id='word_1_859' title='bbox 2951 5344 3071 5385; x_wconf 90' lang='lat' dir='ltr'><strong>esse</strong></span> <span class='ocrx_word' id='word_1_860' title='bbox 3104 5333 3336 5403; x_wconf 82' lang='lat' dir='ltr'><strong>aliquem</strong></span> 
     </span>
    </p>
   </div>
   <div class='ocr_carea' id='block_1_118' title="bbox 1749 5408 3341 5483">
    <p class='ocr_par' dir='ltr' id='par_1_118' title="bbox 1749 5408 3341 5483">
     <span class='ocr_line' id='line_1_118' title="bbox 1749 5408 3341 5483; baseline 0.013 -21"><span class='ocrx_word' id='word_1_861' title='bbox 1749 5409 1841 5479; x_wconf 89' lang='lat' dir='ltr'><strong>qui</strong></span> <span class='ocrx_word' id='word_1_862' title='bbox 1860 5408 2128 5465; x_wconf 80' lang='lat' dir='ltr'><strong>desideret</strong></span> <span class='ocrx_word' id='word_1_863' title='bbox 2158 5412 2271 5466; x_wconf 85' lang='lat' dir='ltr'><strong>fieri</strong></span> <span class='ocrx_word' id='word_1_864' title='bbox 2293 5414 2636 5483; x_wconf 78' lang='lat' dir='ltr'><strong>Christianus,</strong></span> <span class='ocrx_word' id='word_1_865' title='bbox 2663 5419 2726 5473; x_wconf 86' lang='lat' dir='ltr'><strong>ad</strong></span> <span class='ocrx_word' id='word_1_866' title='bbox 2749 5422 3166 5478; x_wconf 84' lang='lat' dir='ltr'><strong>consolationem</strong></span> <span class='ocrx_word' id='word_1_867' title='bbox 3197 5427 3341 5482; x_wconf 80' lang='lat' dir='ltr'><strong>illius</strong></span> 
     </span>
    </p>
   </div>
   <div class='ocr_carea' id='block_1_119' title="bbox 1750 5501 3337 5577">
    <p class='ocr_par' dir='ltr' id='par_1_119' title="bbox 1750 5501 3337 5577">
     <span class='ocr_line' id='line_1_119' title="bbox 1750 5501 3337 5577; baseline 0.011 -24"><span class='ocrx_word' id='word_1_868' title='bbox 1750 5501 2246 5573; x_wconf 87' lang='lat' dir='ltr'><strong>resolutionemque</strong></span> <span class='ocrx_word' id='word_1_869' title='bbox 2283 5506 2512 5562; x_wconf 80' lang='lat' dir='ltr'><strong>tristitiae</strong></span> <span class='ocrx_word' id='word_1_870' title='bbox 2539 5510 2714 5565; x_wconf 82' lang='lat' dir='ltr'><strong>valere</strong></span> <span class='ocrx_word' id='word_1_871' title='bbox 2741 5511 2965 5577; x_wconf 82' lang='lat' dir='ltr'><strong>debeat,</strong></span> <span class='ocrx_word' id='word_1_872' title='bbox 2997 5513 3133 5565; x_wconf 87' lang='lat' dir='ltr'><strong>sicut</strong></span> <span class='ocrx_word' id='word_1_873' title='bbox 3162 5516 3337 5571; x_wconf 84' lang='lat' dir='ltr'><strong>solent</strong></span> 
     </span>
    </p>
   </div>
   <div class='ocr_carea' id='block_1_120' title="bbox 1748 5592 3331 5666">
    <p class='ocr_par' dir='ltr' id='par_1_120' title="bbox 1748 5592 3331 5666">
     <span class='ocr_line' id='line_1_120' title="bbox 1748 5592 3331 5666; baseline 0.009 -20"><span class='ocrx_word' id='word_1_874' title='bbox 1748 5592 2018 5648; x_wconf 85' lang='lat' dir='ltr'><strong>lucrorum</strong></span> <span class='ocrx_word' id='word_1_875' title='bbox 2072 5596 2261 5666; x_wconf 88' lang='lat' dir='ltr'><strong>gaudia</strong></span> <span class='ocrx_word' id='word_1_876' title='bbox 2318 5599 2554 5653; x_wconf 77' lang='lat' dir='ltr'><strong>dolorem</strong></span> <span class='ocrx_word' id='word_1_877' title='bbox 2610 5602 2777 5656; x_wconf 86' lang='lat' dir='ltr'><strong>lenire</strong></span> <span class='ocrx_word' id='word_1_878' title='bbox 2826 5603 3161 5656; x_wconf 83' lang='lat' dir='ltr'><strong>damnorum.</strong></span> <span class='ocrx_word' id='word_1_879' title='bbox 3214 5603 3331 5660; x_wconf 82' lang='lat' dir='ltr'><strong>Non</strong></span> 
     </span>
    </p>
   </div>
   <div class='ocr_carea' id='block_1_121' title="bbox 1748 5678 3349 5762">
    <p class='ocr_par' dir='ltr' id='par_1_121' title="bbox 1748 5678 3349 5762">
     <span class='ocr_line' id='line_1_121' title="bbox 1748 5678 3349 5762; baseline 0.007 -24"><span class='ocrx_word' id='word_1_880' title='bbox 1748 5678 1888 5738; x_wconf 91' lang='lat' dir='ltr'><strong>enim</strong></span> <span class='ocrx_word' id='word_1_881' title='bbox 1932 5686 2238 5741; x_wconf 85' lang='lat' dir='ltr'><strong>scandalum</strong></span> <span class='ocrx_word' id='word_1_882' title='bbox 2285 5704 2381 5742; x_wconf 90' lang='lat' dir='ltr'><strong>nos</strong></span> <span class='ocrx_word' id='word_1_883' title='bbox 2408 5690 2683 5743; x_wconf 77' lang='lat' dir='ltr'><strong>contristat</strong></span> <span class='ocrx_word' id='word_1_884' title='bbox 2730 5691 2979 5759; x_wconf 75' lang='lat' dir='ltr'><strong>alicujus,</strong></span> <span class='ocrx_word' id='word_1_885' title='bbox 3028 5690 3127 5745; x_wconf 86' lang='lat' dir='ltr'><strong>nisi</strong></span> <span class='ocrx_word' id='word_1_886' title='bbox 3170 5707 3349 5762; x_wconf 61' lang='lat' dir='ltr'><strong>quem&quot;</strong></span> 
     </span>
    </p>
   </div>
   <div class='ocr_carea' id='block_1_122' title="bbox 1812 5786 2500 5852">
    <p class='ocr_par' dir='ltr' id='par_1_122' title="bbox 1812 5786 2500 5852">
     <span class='ocr_line' id='line_1_122' title="bbox 1812 5786 2500 5852; baseline 0.01 -17"><span class='ocrx_word' id='word_1_887' title='bbox 1812 5786 1885 5849; x_wconf 60' lang='grc' dir='ltr'><strong>(ιε)</strong></span> <span class='ocrx_word' id='word_1_888' title='bbox 1903 5788 2306 5852; x_wconf 77' lang='lat' dir='ltr'><strong>subaudiendum,</strong></span> <span class='ocrx_word' id='word_1_889' title='bbox 2324 5789 2500 5841; x_wconf 79' lang='lat' dir='ltr'><strong>ordini.</strong></span> 
     </span>
    </p>
   </div>
  </div>
