3882 6286
533 316 643 380 327

529 435 710 508 perire
747 438 839 487 aut
868 443 963 500 per
1003 442 1160 500 quem
1200 425 1379 498 perire
1420 424 1690 480 inﬁrmum
1730 423 1811 478 vel
1850 419 2117 477 credimus

498 527 613 584 'vel
640 524 900 581 videmus.
932 521 1027 577 llle
1066 519 1226 591 igitur
1253 519 1342 589 qui
1378 515 1667 573 initiandus
1696 513 1946 580 advenit,
1992 510 2117 566 dum

532 626 778 689 speratur
808 628 967 686 posse
993 612 1282 686 proiicere,
1311 609 1554 666 dolorem
1579 608 1874 664 deficientis
1915 605 2123 661 abster-

531 717 639 781 gat.
667 707 803 775 Quia
828 715 881 760 et
905 705 950 761 si
973 705 1132 760 timor
1155 704 1244 760 ille
1267 702 1586 774 suggeritur,
1619 715 1687 755 ne
1714 700 1803 754 fiat
1824 697 2124 768 proselytus

531 799 675 856 ﬁlius
717 797 977 869 gehcnnm
1017 794 1231 866 (Matth.
1269 809 1430 860 χχιιι,
1464 789 1588 863 15),
1633 789 1758 844 dum
1807 788 1958 844 multi
1995 788 2125 842 tales

532 897 818 947 versantur
847 898 971 944 ante
996 887 1183 943 oculos
1202 927 1218 953 ,
1260 901 1325 940 ex
1356 883 1547 954 quibus
1573 883 1817 938 oriuntur
1844 895 1907 936 ea
1934 879 2126 951 quibus

533 984 740 1040 urimur
776 980 1026 1037 scandala
1047 1021 1062 1044 ,
1096 995 1202 1034 non
1239 977 1307 1032 ad
1338 975 1688 1032 retardandos
1719 991 1817 1030 nos
1855 973 2127 1045 pertinere

534 1075 725 1140 debet,
769 1073 862 1128 sed
895 1071 1062 1140 magis
1090 1070 1156 1125 ad
1183 1068 1496 1125 excitandos
1524 1078 1577 1125 et
1603 1067 1871 1124 acuendos
1895 1083 1910 1122 :
1942 1075 2129 1137 quate-

536 1182 638 1223 nus
673 1181 830 1236 quem
859 1163 1145 1219 imbuimus
1169 1178 1520 1229 moueamus,
1563 1171 1622 1218 ut
1659 1171 1844 1218 caveat
1872 1161 2129 1216 imitatio-

536 1275 658 1315 nem
695 1272 880 1312 eorum
921 1256 1011 1326 qui
1042 1271 1146 1310 non
1194 1255 1306 1327 ipsa
1333 1256 1590 1321 veritate,
1630 1253 1728 1310 sed
1757 1255 1872 1309 solo
1911 1252 2128 1308 nomine

536 1347 812 1404 christiani
862 1355 1016 1414 sunt;
1067 1361 1168 1402 nec
1217 1360 1402 1402 eorum
1452 1345 1606 1400 turba
1652 1353 1982 1412 commotus,
2037 1351 2129 1398 aut

537 1440 735 1497 sectari
766 1438 896 1493 velit
921 1453 1014 1493 eos
1034 1479 1049 1504 ,
1082 1446 1172 1491 aut
1208 1435 1483 1492 Christum
1515 1437 1646 1491 nolit
1676 1437 1868 1492 sectari
1912 1443 2130 1507 propter

540 1547 671 1600 eos;
717 1540 771 1587 et
805 1539 897 1586 aut
926 1531 1058 1585 nolit
1087 1544 1206 1586 esse
1235 1530 1286 1584 in
1334 1529 1572 1586 Ecclesia
1604 1529 1695 1584 Dei
1724 1529 1814 1584 ubi
1855 1529 1928 1584 illi
1969 1536 2127 1596 sunt,

543 1635 638 1683 aut
669 1625 788 1681 talis
814 1625 884 1680 ibi
910 1623 1038 1679 velit
1057 1637 1177 1679 esse
1203 1623 1388 1692 quales
1418 1623 1492 1676 illi
1518 1631 1661 1678 sunt.
1693 1622 1760 1677 Et
1789 1621 1970 1677 nescio
1995 1635 2130 1692 quo-

543 1720 705 1776 modo
746 1719 798 1773 in
857 1715 1161 1787 hujusmodi
1202 1716 1417 1771 monitis
1443 1716 1459 1747 ¹
1488 1715 1761 1771 ardentior
1799 1729 1979 1770 sermo
2011 1722 2130 1784 est,

545 1811 633 1868 cui
667 1809 908 1866 fomitem
940 1807 1312 1862 subministrat
1341 1820 1578 1876 praesens
1607 1805 1760 1861 dolor
1785 1823 1798 1859 :
1829 1814 1887 1861 ut
1911 1820 2018 1861 non
2046 1820 2135 1861 so-

544 1904 657 1960 lum
686 1901 948 1973 pigriores
975 1915 1079 1955 non
1103 1901 1296 1968 simus,
1325 1899 1419 1955 sed
1445 1914 1514 1972 eo
1541 1900 1657 1970 ipso
1677 1898 1918 1955 dicamus
1943 1913 2138 1954 accen-

550 1998 661 2054 sius
689 2005 849 2065 atque
876 1993 1247 2050 vehementius
1267 2034 1282 2060 ,
1310 1991 1454 2064 quod
1480 1993 1780 2049 securiores
1819 1991 2060 2064 frigidius
2085 1999 2140 2048 et

556 2087 756 2143 lentius
796 2085 1128 2150 diceremus;
1159 2083 1591 2155 gaudeamusque
1624 2084 1779 2140 nobis
1802 2084 2139 2139 occasionem

551 2178 701 2245 dari,
734 2177 823 2232 ubi
862 2184 1040 2234 motus
1062 2175 1226 2231 animi
1256 2176 1425 2232 nostri
1453 2176 1570 2232 sine
1596 2173 2003 2231 fructificatione
2032 2189 2140 2230 non

549 2280 808 2328 transeat.

622 2363 715 2417 22.
746 2362 802 2418 Si
832 2371 1010 2418 autem
1054 2361 1121 2417 de
1150 2361 1329 2431 aliquo
1365 2368 1545 2416 errato
1584 2369 1770 2415 nostro
1796 2359 1876 2416 vel
1922 2368 2144 2430 peccato

457 2481 461 2485 -
556 2469 658 2512 nos
699 2453 1010 2511 maestitudo
1037 2453 1477 2524 comprehendit,
1515 2469 1622 2509 non
1655 2463 1855 2508 tantum
1885 2453 2144 2508 memine-

553 2547 724 2602 rimus
754 2545 1074 2600 sacrificium
1113 2545 1225 2600 Dco
1269 2545 1514 2614 spiritum
1561 2560 1682 2600 esse
1723 2545 2145 2601 contribulatum

555 2638 727 2710 (Psal.
752 2656 800 2704 L,
833 2638 942 2710 19),
980 2637 1074 2693 sed
1103 2637 1262 2692 etiam
1292 2636 1441 2704 illud,
1474 2637 1604 2704 Quia
1633 2639 1764 2691 sicut
1788 2654 1921 2708 aqua
1949 2638 2140 2708 ignem,

554 2733 628 2787 sic
655 2733 970 2802 elemosyna
996 2729 1266 2802 exstinguit
1293 2737 1553 2800 peccatum
1585 2728 1770 2800 (Eccli.
1807 2745 1883 2796 ιιι,
1915 2729 2036 2800 ’55);
2068 2737 2143 2796 et,

561 2823 694 2890 Quia
720 2821 1122 2877 misericordiam
1142 2861 1158 2887 ,
1192 2819 1397 2890 inquit,
1441 2820 1553 2874 volo
1597 2837 1748 2890 quant
1790 2821 2096 2889 sacriﬁcium
2126 2822 2147 2851 ³

561 2915 717 2986 (Osee
737 2929 810 2980 vt,
839 2912 916 2985 6).
945 2912 1093 2969 Sicut
1113 2928 1241 2983 ergo
1262 2914 1307 2967 si
1332 2912 1759 2982 periclitaremur
1784 2913 2053 2982 incendio,
2081 2915 2149 2970 ad

563 3019 754 3075 aquam
780 3003 962 3073 utique
991 3017 1330 3058 curreremus
1353 3044 1367 3068 ,
1418 3018 1524 3073 quo
1554 3012 1733 3072 posset
1763 3004 2029 3074 exsangui
2049 3047 2064 3072 ,
2097 3013 2151 3060 et

562 3095 955 3166 gratularemur
979 3093 1025 3149 si
1051 3094 1171 3164 quis
1209 3109 1328 3149 eam
1354 3092 1423 3149 de
1453 3093 1696 3163 proximo
1725 3094 1975 3161 oll'crret;
2007 3096 2079 3150 ita
2106 3097 2152 3151 si

563 3188 632 3244 de
673 3195 858 3244 nostro
901 3184 1026 3242 feno
1055 3187 1230 3257 aliqua
1279 3187 1480 3256 peccati
1529 3186 1740 3242 flamma
1777 3189 2070 3257 surrexit’,
2097 3198 2153 3246 et

563 3287 848 3349 propterea
874 3277 1272 3344 conturbamur,
1307 3276 1429 3332 data
1457 3278 1740 3334 occasione
1765 3280 2152 3336 misericordis-

567 3371 688 3425 simi
717 3370 917 3441 operis,
948 3380 1195 3440 tanquam
1228 3368 1294 3424 de
1321 3369 1500 3424 oblato
1528 3370 1674 3426 fonte
1699 3371 2028 3444 gaudeamus
2049 3413 2064 3440 ,
2096 3382 2154 3429 ut

567 3461 693 3517 inde
718 3459 844 3516 illud
874 3459 1018 3532 quod
1057 3469 1331 3515 exarserat
1360 3461 1712 3531 Opprimatur.
1739 3462 1852 3518 Nisi
1879 3463 2017 3520 forte
2045 3473 2153 3521 tam

565 3553 719 3608 stulti
756 3566 969 3620 sumus,
1016 3559 1073 3606 ut
1098 3551 1326 3607 alacrius
1356 3553 1678 3607 arbitremur
1716 3569 1836 3609 cum
1867 3571 2002 3625 pane
2027 3572 2152 3612 cur-

580 3643 837 3710 rendum,
878 3657 983 3714 quo
1007 3650 1247 3698 ventrem
1270 3643 1555 3698 esurientis
1598 3645 1944 3713 impleamus,
1995 3663 2154 3718 quam

571 3753 693 3794 cum
719 3737 882 3792 verbo
917 3736 1044 3803 Dei,
1070 3751 1175 3807 quo
1219 3744 1450 3791 mentem
1480 3736 1619 3792 istud
1647 3737 1852 3794 edentis
1882 3738 1903 3771 ‘
1924 3740 2157 3796 instrua-

571 3843 710 3885 mus.
771 3827 887 3883 Huc
925 3826 1175 3895 accedit,
1218 3825 1340 3898 quia
1380 3828 1424 3882 si
1469 3830 1834 3885 tantummodo
1879 3831 2157 3901 prodesset

576 3921 679 3975 hoc
708 3919 903 3986 facere,
926 3934 1029 3974 non
1052 3919 1228 3974 facere
1243 3929 1419 3974 autem
1447 3920 1576 3974 nihil
1599 3921 1845 3989 abesset;
1879 3923 2157 3980 infeliciter

577 4015 630 4069 in
673 4013 908 4084 periculo
935 4011 1140 4079 salutis,
1189 4027 1293 4066 non
1329 4011 1437 4082 jam
1480 4011 1740 4083 proximi,
1785 4013 1881 4070 sed
1920 4023 2155 4086 nostrae,

572 4108 812 4163 oblatum
856 4105 1150 4162 remedium
1181 4121 1579 4176 sperneremus.
1625 4105 1759 4162 Cum
1795 4123 1922 4164 vero
1962 4124 2029 4165 ex
2065 4125 2161 4167 ore

574 4201 782 4257 Domini
813 4208 918 4254 tam
947 4200 1223 4255 minaciter
1270 4208 1458 4266 sonet,
1505 4200 1659 4256 Serve
1685 4219 1896 4274 nequam
1922 4212 1969 4258 et
1995 4205 2156 4276 piger,

575 4294 721 4347 dares
755 4293 1017 4362 pecuniam
1050 4308 1211 4346 nteant
1249 4292 1601 4346 numntulariis
1639 4291 1850 4365 (Matth.
1891 4311 2022 4360 xxv,
2067 4295 2158 4364 26,

574 4385 698 4457 27);
729 4400 847 4455 qua:
878 4382 1106 4454 tandem
1135 4382 1403 4438 dementia
1443 4391 1528 4437 est
1547 4423 1563 4450 ,
1595 4385 1845 4452 quoniam
1885 4394 2162 4456 peccatum

577 4488 821 4533 nostrum
863 4492 961 4532 nos
990 4475 1169 4546 angit,
1213 4475 1332 4530 idco
1360 4489 1550 4530 rursus
1578 4476 1719 4531 velle
1755 4492 2007 4547 peccare,
2053 4493 2161 4534 non

576 4568 754 4623 dando
799 4567 1076 4638 pecuniam
1107 4565 1430 4621 dominicam
1464 4565 1664 4621 volenti
1709 4577 1763 4620 et
1803 4569 2035 4637 petenti?
2071 4569 2165 4625 His

579 4667 738 4730 atque
765 4658 1066 4730 huiusmodi
1109 4658 1519 4730 cogitationibus
1561 4668 1614 4714 et
1647 4659 2163 4719 considerationibus

578 4749 799 4821 depulsa
824 4752 1049 4824 caligine
1077 4752 1375 4817 tsediorum,
1406 4751 1470 4807 ad
1494 4752 1929 4808 catechizandum
1952 4763 2163 4824 aptatur

582 4841 828 4909 intentio,
874 4852 929 4897 ut
964 4845 1196 4899 suaviter
1225 4844 1529 4911 imbibatur,
1563 4844 1702 4915 quod
1748 4845 1971 4916 impigre
2005 4855 2164 4916 atque

589 4933 832 4989 hilariter
858 4934 924 4990 dc
951 4935 1224 4992 charitatis
1250 4939 1492 4994 ubertate
1519 4941 1834 5010 prorumpit.
1867 4939 1995 4996 Hzec
2020 4941 2163 4998 enim

585 5043 692 5082 non
717 5036 823 5080 tam
849 5041 947 5097 ego
974 5027 1064 5082 tibi
1083 5069 1096 5090 ,
1125 5045 1280 5099 quam
1305 5032 1550 5086 omnibus
1577 5032 1729 5088 nobis
1755 5031 1882 5087 dicit
1899 5033 1920 5064 ⁸
1949 5033 2063 5104 ipsa
2085 5034 2164 5089 di-

584 5117 774 5187 lectio,
831 5133 947 5188 qua:
985 5116 1176 5174 diﬂ‘usa
1201 5122 1362 5176 estin
1404 5121 1658 5179 cordibus
1687 5124 1884 5180 nostris
1909 5139 2004 5196 per
2043 5125 2164 5197 Spi-

647 5301 663 5374 ξ
697 5299 850 5374 mliti,
873 5305 1000 5374 motu
1022 5312 1394 5374 :_quatnvoccm
1412 5312 1712 5374 praetereunt
1730 5314 1859 5373 Mss;
1885 5310 2052 5374 plures
2084 5312 2168 5364 alii

581 5370 747 5436 autem
777 5362 1019 5436 ejusloco
1049 5362 1265 5436 habent,
1294 5362 1514 5436 monitis.
1540 5367 1682 5436 Paulo
1714 5380 1821 5436 post
1834 5362 1858 5432 ,’
1885 5362 1959 5423 ἐχ
1985 5362 2164 5436 verbo,

579 5426 943 5504 monstrantia,
967 5427 1088 5504 sive
1112 5429 1184 5504 uti
1202 5430 1359 5504 scribi
1397 5429 1525 5504 solet
1565 5433 1615 5479 in
1658 5426 1880 5504 all-liquis
1901 5426 2164 5504 codicibus;

580 5488 941 5548 swmninistrat,
968 5486 1142 5538 factum
1163 5498 1269 5542 erat
1292 5491 1342 5540 in
1365 5492 1508 5542 editis
1527 5527 1541 5548 ,
1560 5506 1700 5544 suum
1720 5486 1977 5547 ministrat.

643 5523 861 5539 ..κιικκου
876 5523 924 5537 ι..
969 5523 1142 5538 ..ιω-...-
1163 5523 1208 5538 υι
1219 5523 1269 5542 αι
1292 5523 1342 5540 ιιι
1365 5523 1508 5542 uulua
1527 5527 1541 5548 ν
1560 5523 1700 5544 ouum
1721 5523 1898 5546 ηιυιιοιι
1911 5523 1977 5547 αι.

643 5553 663 5582 ²
688 5552 814 5622 miti
827 5585 842 5610 ,
859 5523 963 5622 uolo
981 5549 1135 5622 παρηὶς
1157 5564 1304 5615 quant
1324 5551 1636 5619 sacriﬁcium.
1663 5562 1718 5606 At
1737 5563 1869 5620 Mss,
1887 5565 2166 5613 constanter

583 5618 900 5677 prtptet‘eunt,
925 5618 1094 5677 magis.

649 5674 669 5745 ξ
701 5674 1090 5745 npudenttigd
1119 5683 1235 5726 Ven.
1257 5679 1690 5745 tov.,surre:t_:erit.
1759 5688 1815 5731 Μ.

647 5735 668 5799 5
701 5737 774 5799 sic
805 5744 910 5799 Mss.
936 5735 1054 5788 aliti
1076 5751 1214 5799 vero,
1236 5735 1441 5792 mentem
1463 5741 1711 5793 studentis.

648 5798 669 5831 ³
703 5796 818 5847 [diti
844 5799 948 5848 l'crc
972 5800 1076 5862 soli,
1095 5796 1259 5852 dictat.

1399 308 1489 367 DE
1527 303 2077 367 CATECUIZANDIS
2116 302 2432 372 RUDIBUS,
2473 305 2532 361 s.
2571 303 2946 364 AUGUSTINI
3677 313 3748 373 δίε

2230 419 2391 474 ritum
2419 429 2661 476 sanctum
2687 421 2777 492 qui
2806 421 2963 478 datus
2987 430 3070 478 est
3094 421 3252 478 nobis
3279 420 3457 493 (Rom.
3479 439 3530 491 v,
3554 424 3620 495 5).

2299 510 2524 568 CAPUT
2549 513 2664 568 XV.
2688 515 2863 574 —23.
2893 514 3002 570 Pro
3028 531 3362 586 personarum
3388 517 3645 575 diversitate
3661 533 3746 579 tent-

2231 606 2454 674 peranda
2483 607 2665 660 oratio.
2693 606 2798 663 Sed
2829 621 2970 663 nunc
2998 607 3158 664 etiam
3183 607 3319 663 illud
3348 608 3486 678 quod
3511 611 3750 683 priusquam

2231 698 2597 766 promitterem
2628 714 2734 754 non
2763 699 3048 770 debebam,
3065 701 3178 772 jam
3217 700 3450 758 fortasse
3467 702 3752 763 debitumlh-

2230 788 2387 857 gitas,
2421 796 2479 843 ut
2498 789 2712 860 aliquod
2735 792 2997 848 sermonis
3017 792 3350 864 exemplum,
3380 801 3612 865 tanquam
3631 798 3667 852 si
3685 814 3753 871 ego

2233 879 2464 949 aliquem
2496 881 2846 950 catechizem,
2879 898 2989 938 non
3017 899 3103 939 me
3134 885 3313 956 pigeat
3340 885 3611 955 explicare,
3633 898 3677 945 et
3695 891 3752 946 itt-

2233 972 2487 1027 tuendum
2511 974 2603 1029 tibi
2627 989 2945 1045 proponere.
2969 975 3122 1043 Quod
3149 975 3459 1046 priusquam
3476 976 3755 1046 faciam,volo

2235 1066 2437 1134 cogites
2465 1066 2627 1121 aliam
2662 1081 2783 1123 esse
2807 1068 3158 1124 intentionem
3189 1068 3478 1150 dictantis,
3506 1085 3615 1126 cum
3637 1073 3757 1131 lector

2236 1152 2446 1212 futurus
2474 1157 2765 1229 cogitatur;
2805 1166 2859 1214 et
2899 1159 3056 1214 aliam
3087 1158 3395 1229 loquentis,
3430 1175 3545 1216 cum
3580 1178 3758 1233 praesens

2236 1251 2449 1307 auditor
2466 1249 2764 1306 attenditur
2788 1269 2802 1305 :
2828 1251 2955 1306 etin
2977 1265 3042 1306 eo
3067 1251 3184 1321 ipso
3203 1251 3368 1306 aliam
3399 1252 3455 1307 in
3478 1265 3661 1310 secreto
3679 1272 3758 1312 mo-

2238 1341 2438 1410 nentis,
2465 1341 2593 1396 dum
2619 1341 2798 1396 nullus
2825 1340 2964 1397 alius
3005 1341 3094 1413 qui
3120 1341 3188 1397 de
3212 1342 3376 1397 nobis
3396 1342 3588 1413 iudicet
3617 1357 3757 1415 praesto

2238 1445 2350 1503 est;
2384 1435 2543 1490 aliam
2588 1435 2764 1506 palam
2805 1434 3047 1490 docentis
3087 1435 3320 1506 aliquid,
3352 1451 3473 1492 cum
3499 1435 3757 1495 dissimiliter

2238 1528 2570 1598 opinantium
2620 1526 2932 1583 circumstat
2977 1525 3191 1582 auditus
3229 1545 3242 1581 :
3290 1535 3349 1583 et
3393 1527 3446 1582 in
3494 1526 3589 1584 hoc
3615 1544 3757 1600 genere

2238 1620 2397 1675 aliam
2415 1661 2429 1686 ,
2457 1634 2579 1676 cum
2605 1617 2831 1675 docetur
2857 1634 3015 1686 unus,
3053 1619 3236 1674 caeteri
3263 1626 3441 1676 autem
3468 1627 3682 1690 tanquam
3701 1620 3757 1690 ju-

2239 1713 2479 1768 dicantes
2519 1719 2612 1767 aut
2634 1718 2948 1768 attestantes
2973 1725 3093 1781 quae
3119 1710 3222 1766 sibi
3263 1718 3390 1766 nota
3416 1719 3537 1766 sunt
3569 1710 3756 1775 audiunt;

2241 1806 2400 1861 aliam
2426 1820 2549 1860 cum
2581 1819 2770 1860 omnes
2798 1803 3156 1860 communiter
3188 1803 3321 1874 quid
3361 1803 3430 1859 ad
3468 1817 3555 1860 eos
3585 1804 3760 1874 proleta-

2243 1913 2363 1954 mus
2405 1905 2755 1968 exspectant:
2788 1904 2844 1952 et
2883 1910 3068 1952 rursus
3097 1897 3150 1951 in
3191 1896 3299 1953 hoc
3325 1896 3443 1967 ipso
3481 1897 3655 1966 aliam,
3679 1912 3758 1953 cum

2243 1988 2394 2061 quasi
2425 1989 2670 2061 privatim
2699 1989 3048 2056 consedetur,
3081 1999 3139 2044 ut
3166 1990 3543 2046 sermocinatio
3569 2005 3758 2048 consera-

2246 2091 2362 2147 tur;
2392 2083 2550 2137 aliam
2571 2124 2585 2147 ,
2617 2097 2739 2137 cum
2766 2081 2993 2151 populus
3022 2089 3204 2137 tacens
3233 2097 3401 2137 unum
3437 2081 3504 2138 de
3527 2082 3630 2138 loco
3651 2097 3759 2152 supe-

2245 2174 2388 2230 riore
2430 2173 2696 2229 dicturum
2739 2188 3030 2243 suspensus
3067 2174 3349 2230 intuetur:
3380 2174 3676 2245 multumque
3706 2175 3757 2229 in-

2247 2277 2446 2336 terest,
2478 2276 2533 2323 et
2565 2283 2690 2324 cum
2734 2267 2807 2322 ita
2855 2267 3116 2336 dicimus,
3149 2276 3332 2323 utrum
3375 2268 3523 2339 pauci
3558 2268 3699 2323 adsint
3716 2282 3760 2322 an

2248 2360 2436 2425 multi;
2469 2359 2611 2414 docti
2638 2375 2704 2414 an
2735 2358 2958 2426 indocti,
2988 2368 3056 2414 an
3083 2374 3149 2415 ex
3168 2370 3403 2431 utroque
3425 2375 3607 2431 genere
3626 2359 3757 2425 mitti;

2250 2452 2438 2508 urbani
2463 2467 2530 2507 an
2562 2451 2778 2518 rustici,
2821 2467 2890 2506 an
2924 2450 2977 2506 hi
3003 2460 3058 2507 et
3084 2451 3162 2507 illi
3187 2451 3385 2519 simul;
3427 2468 3492 2506 an
3519 2452 3700 2523 populus
3716 2467 3758 2506 ex

2249 2547 2397 2603 omni
2423 2545 2696 2600 hominum
2717 2560 2916 2616 genere
2939 2554 3268 2616 temperatus
3287 2546 3378 2601 sit.
3401 2544 3538 2603 Fieri
3557 2547 3670 2602 enim
3685 2561 3757 2601 non

2252 2649 2449 2712 potest,
2481 2639 2585 2695 nisi
2611 2639 2767 2694 aliter
2801 2648 2961 2710 atque
2993 2639 3148 2695 aliter
3169 2639 3411 2696 afficiant
3433 2640 3691 2696 locuturum
3709 2650 3758 2694 ιιι

2254 2749 2356 2762 In...
2384 2733 2648 2762 ΑζιΑη-ηηνι
2713 2740 2765 2762 ΔΙ
2795 2739 2850 2762 ne
2881 2746 3059 2762 ειη-ΜΛ
3088 2732 3178 2762 ιηιῖ
3224 2731 3495 2762 ..-ΑΒΔ-ο..-
3539 2729 3758 2762 ακιυιιῖωιῖρ

2253 2749 2358 2804 que
2382 2733 2650 2788 dicturum
2667 2774 2681 2797 ,
2712 2740 2768 2788 et
2795 2739 2854 2786 ut
2881 2746 3059 2787 sermo
3087 2732 3181 2802 qui
3222 2731 3513 2804 profertur,
3537 2729 3758 2789 aﬁectionis
3826 2729 3843 2804 lt

2253 2801 2416 2878 animi
2444 2839 2474 2878 a
2499 2838 2606 2920 quo
2633 2821 2922 2920 profertur,
2947 2801 3238 2920 quemdam
3262 2823 3418 2920 quasi
3439 2823 3756 2920 γυιιαιιῖεεηι,

2254 2925 2310 2971 et
2351 2930 2448 2985 pro
2477 2914 2666 2970 eadem
2700 2913 3012 2970 diversitate
3058 2913 3274 2971 diverse
3312 2914 3507 2973 alliciat
3531 2915 3757 2979 auditores,
3825 2913 3834 2985 ᾗ

2255 3023 2376 3064 cum
2419 3015 2476 3063 et
2519 3007 2618 3078 ipsi
2659 3021 2719 3062 se
2765 3006 2911 3076 ipsos
2939 3005 3154 3063 diverse
3178 3006 3420 3064 afﬁciant
3447 3008 3648 3063 invicem
3667 3019 3759 3076 pra-

2257 3098 2429 3155 sentia
2455 3112 2573 3153 sua.
2603 3096 2707 3153 Sed
2732 3097 2857 3167 quia
2883 3095 2954 3153 de
2979 3095 3202 3153 rudibus
3229 3097 3530 3155 imbuendis
3555 3111 3670 3152 nunc
3685 3093 3759 3164 λεία
3823 3093 3843 3167 1η

2257 3205 2408 3258 mus,
2436 3190 2506 3247 de
2549 3205 2636 3245 me
2663 3189 2779 3260 ipso
2809 3189 2902 3244 tibi
2944 3188 3098 3245 testis
3137 3205 3258 3245 sum
3276 3231 3293 3258 ,
3323 3190 3478 3246 aliter
3502 3197 3640 3260 atque
3657 3186 3759 3242 aliter

2257 3299 2346 3340 me
2371 3282 2596 3350 moveri,
2621 3296 2743 3337 cum
2769 3289 2896 3338 ante
2921 3297 3008 3338 me
3030 3281 3470 3340 catechizandum
3489 3282 3626 3338 video
3640 3277 3759 3336 erudi-
3825 3277 3843 3350 ll

2258 3388 2402 3446 tum,
2431 3377 2689 3442 inertem,
2717 3375 2888 3432 civem
2909 3418 2925 3445 ,
2954 3377 3296 3449 peregrinum
3315 3419 3332 3444 ,
3362 3377 3597 3444 divitem,
3623 3386 3760 3446 paupe-

2257 3486 2397 3539 rem,
2422 3469 2710 3541 privatum,
2733 3467 3076 3535 honoratum,
3100 3470 3154 3525 in
3177 3479 3442 3541 potestate
3455 3469 3612 3540 aliqua
3627 3462 3762 3522 consti-
3825 3462 3843 3541 In

2262 3571 2468 3630 tutum,
2511 3560 2654 3616 illius
2691 3568 2784 3615 aut
2825 3560 2968 3616 illius
3005 3560 3183 3631 gentis
3211 3560 3512 3627 hominem,
3557 3557 3676 3614 illius
3704 3560 3761 3606 aut
3825 3557 3843 3631 ἱ

2260 3658 2403 3713 illius
2432 3656 2609 3712 aetatis
2633 3664 2726 3711 aut
2749 3669 2909 3711 sexus
2929 3697 2946 3723 ,
2975 3670 3044 3711 ex
3073 3655 3161 3710 illa
3189 3665 3287 3713 aut
3327 3656 3414 3712 illa
3441 3662 3604 3719 secta,
3625 3666 3678 3707 ex
3703 3646 3763 3700 illo
3825 3646 3843 3723 Ι·

2261 3759 2353 3806 aut
2377 3750 2470 3806 illo
2500 3749 2701 3820 vulgari
2738 3762 2925 3805 errore
2949 3749 3254 3804 venientem
3281 3768 3295 3806 :
3325 3765 3389 3806 ac
3412 3764 3506 3821 pro
3529 3742 3762 3803 diversitate
3825 3742 3843 3821 1

2263 3850 2440 3897 motus
2471 3839 2578 3895 mei
2615 3853 2795 3896 sermo
2837 3839 2951 3909 ipse
2993 3848 3046 3896 et
3078 3840 3350 3911 procedit,
3392 3849 3446 3896 et
3471 3833 3759 3911 progreditur.

2262 3941 2320 3989 et
2340 3933 2541 3988 linitur.
2563 3931 2631 3987 Et
2649 3931 2773 4002 quia
2798 3945 2920 3986 cum
2949 3931 3140 3988 eadem
3164 3932 3416 3989 omnibus
3439 3930 3662 3988 debeatur
3678 3922 3762 3979 clu-

2263 4025 2424 4092 ritas,
2453 4038 2562 4079 non
2591 4021 2780 4079 eadem
2809 4031 2895 4079 est
2921 4024 3169 4081 omnibus
3201 4022 3498 4082 adhibenda
3532 4015 3758 4077 medicina!

2265 4117 2376 4188 ipsa
2406 4117 2534 4172 item
2557 4116 2791 4173 charitas
2808 4115 2944 4173 alios
2963 4117 3209 4187 parturit,
3231 4134 3357 4174 cum
3377 4117 3488 4172 aliis
3509 4113 3758 4170 inﬁrmatur;

2266 4209 2400 4264 alios
2427 4218 2579 4264 curat
2605 4206 2901 4276 aedificare,
2947 4208 3083 4265 alios
3127 4208 3488 4267 contremiscit
3529 4201 3758 4262 oﬂendere;

2266 4301 2333 4357 ad
2359 4301 2493 4358 alios
2533 4317 2593 4358 se
2621 4301 2871 4370 inclinat,
2908 4301 2977 4357 ad
3004 4302 3138 4358 alios
3165 4319 3226 4360 se
3255 4303 3436 4375 erigit;
3465 4299 3572 4357 aliis
3594 4289 3758 4350 blanda.

2267 4394 2387 4449 aliis
2413 4408 2635 4460 severa,
2681 4393 2814 4449 nulli
2855 4393 3070 4450 inimica
3093 4436 3109 4463 ,
3155 4396 3404 4452 omnibus
3442 4397 3610 4449 mater.
3637 4376 3760 4448 Ειίῐυί

2269 4501 2378 4543 non
2419 4495 2674 4559 expertus
2701 4496 2786 4543 est
2817 4488 3007 4544 eadem
3047 4487 3311 4547 charitate
3349 4485 3484 4560 quod
3513 4483 3644 4545 dico,
3677 4485 3758 4529 cum

2267 4578 2413 4636 videt
2440 4593 2567 4645 nos,
2596 4579 2720 4651 quia
2761 4579 2983 4636 facultas
3004 4580 3182 4652 aliqua
3208 4582 3363 4639 nobis
3384 4580 3565 4636 donata
3598 4569 3761 4627 delectai

2270 4672 2605 4730 laudabiliter
2628 4674 2968 4730 innotescere
2993 4674 3046 4729 in
3077 4689 3172 4730 ore
3195 4671 3553 4735 multitudinis,
3577 4663 3675 4720 inde
3695 4667 3758 4757 1305

2269 4765 2454 4822 beatos
2499 4774 2685 4835 putat:
2718 4766 2861 4822 Deus
2883 4775 3093 4833 autem,
3127 4767 3180 4822 in
3209 4767 3359 4838 cujus
3383 4765 3677 4832 conspectum
3707 4760 3759 4844 Ill:

2271 4867 2378 4914 trat
2415 4861 2648 4930 gemitus
2689 4857 3112 4928 compeditorum
3153 4857 3328 4930 (Psal.
3359 4866 3570 4915 unm,
3603 4843 3757 4935 ll),

2272 4947 2394 5004 deat
2421 4925 2772 5004 humilitatem
2795 4925 3036 5004 nostram
3063 4958 3118 5006 et
3144 4925 3378 5008 laborem
3401 4951 3629 5003 nostrum,
3649 4939 3689 4988 el
3707 4925 3759 4981 ἀί·

2272 5040 2447 5096 mittat
2475 5040 2655 5096 omnia
2684 5051 2900 5112 peccata
2925 5050 3107 5099 nostra
3138 5042 3309 5116 (Psal.
3341 5055 3480 5107 xxrv,
3511 5033 3604 5104 18).
3624 5027 3756 5094 Οωην

2272 5131 2463 5188 obrem
2511 5132 2557 5188 si
2607 5131 2735 5204 quid
2779 5132 2871 5189 tibi
2923 5133 2977 5189 in
3027 5133 3181 5191 nobis
3230 5133 3452 5206 placuit,
3497 5134 3550 5184 ιιι
3589 5118 3755 5187 aliqua“

2273 5222 2702 5280 observationem
2731 5224 2998 5281 sermonis
3026 5225 3102 5282 tui
3127 5239 3159 5280 a
3183 5226 3336 5282 nobis
3353 5220 3522 5280 audire
3536 5211 3752 5287 quaereres:

2273 5315 2465 5372 melius
2493 5314 2724 5372 videndo
2765 5324 2820 5372 et
2861 5315 3129 5374 audiendo
3168 5333 3266 5375 nos
3305 5331 3421 5375 cum
3455 5311 3557 5367 haec
3575 5299 3754 5376 εεὶωυδν

2273 5424 2432 5481 quam
2455 5407 2680 5482 legendo
2713 5425 2835 5466 cum
2861 5411 2978 5468 haec
3004 5411 3287 5481 dictamus,
3318 5409 3573 5469 edisceres-

2343 5525 2572 5583 CAPUT
2613 5525 2755 5583 xvr.
2775 5527 2954 5584 -ει
2985 5526 3236 5585 Formula
3279 5522 3503 5586 orationis
3525 5503 3750 5572 εαιειιιίασ·

2278 5618 2562 5674 Exordiunt
2613 5619 2822 5674 ductum
2869 5637 2903 5674 a
2947 5620 3191 5677 laudabili
3235 5617 3477 5694 ρτοροσὶιο
3501 5589 3751 5694 “xire”?

2279 5713 2568 5768 christiana:
2591 5713 2870 5784 religionis,
2898 5723 3106 5784 propter
3125 5689 3347 5784 futuram
3364 5705 3573 5779 requiem.
3597 5689 3752 5781 Παῖωξδ

2277 5806 2331 5860 in
2362 5805 2503 5861 rebus
2531 5806 2760 5876 inquietis
2789 5824 2888 5862 non
2910 5807 3200 5878 quwrenda.
3235 5805 3351 5864 Non
3376 5805 3424 5860 in
3439 5791 3611 5859 divitiis:
3635 5791 3700 5838 πεί
3713 5785 3748 5825 ³⁵
