3874 6402
97 446 198 507 329

97 556 362 613 honoribus.
389 556 628 626 Requiem
666 565 944 623 quaerentes
979 557 1031 610 in
1057 557 1427 615 oblectamentis
1475 563 1645 617 carnis

91 662 138 705 et
156 651 203 704 in
224 648 535 719 spectaculis.
565 647 666 703 Sed
688 656 869 704 tamen
894 647 1149 705 faciamus
1169 650 1401 722 aliquem
1432 652 1646 709 venisse

87 742 149 794 ad
175 755 279 805 nos,
309 739 524 809 quivult
558 754 674 796 esse
701 741 1044 809 christianos,
1087 750 1141 796 et
1176 741 1245 798 de
1286 758 1487 813 genere
1527 744 1647 815 qui-

88 834 198 889 dem
226 830 529 901 idiotarum,
561 848 663 887 non
693 840 872 888 tamen
895 833 1308 900 rusticanorum,
1350 835 1445 891 sed
1485 835 1647 892 urba-

89 939 278 991 norum,
305 923 487 994 quales
531 923 668 994 apud
698 923 1076 996 Carthaginem
1117 926 1297 995 plures
1333 928 1566 998 experiri
1590 936 1641 985 te

89 1032 283 1076 necesse
309 1026 417 1073 est:
442 1016 827 1088 interrogatum
853 1018 1013 1073 etiam
1050 1026 1227 1074 utrum
1265 1027 1482 1089 propter
1517 1019 1642 1076 vita:

87 1108 335 1179 praesentis
361 1108 579 1178 aliquod
605 1107 968 1175 commodum,
1021 1123 1087 1164 an
1135 1118 1355 1179 propter
1400 1110 1639 1181 requiem

85 1215 188 1270 qua:
206 1206 316 1270 post
343 1197 483 1254 hanc
508 1199 672 1254 vitam
715 1210 983 1270 speratur,
1014 1200 1341 1257 christianos
1378 1216 1500 1258 esse
1541 1202 1641 1257 de-

87 1292 282 1358 siderat,
325 1298 547 1363 propter
576 1292 808 1346 futuram
853 1292 1093 1362 requiem
1136 1291 1518 1362 respondisse:
1548 1292 1639 1348 tali

88 1383 282 1439 fortasse
313 1397 343 1438 a
384 1382 544 1438 nobis
570 1382 927 1439 instrueretur
962 1384 1217 1455 alloquio.
1257 1384 1371 1439 Deo
1411 1384 1632 1455 gratias,

92 1474 271 1529 frater:
296 1472 440 1529 valde
468 1473 568 1529 tibi
592 1474 852 1544 gratulor,
880 1484 934 1529 et
952 1473 1160 1545 gaudeo
1191 1474 1258 1529 de
1289 1484 1359 1540 te,
1405 1474 1549 1545 quod
1581 1473 1635 1529 in

96 1565 230 1619 tantis
248 1578 300 1619 ac
322 1572 422 1618 tam
454 1563 779 1634 periculosis
801 1564 961 1635 hujus
999 1565 1183 1621 saeculi
1225 1564 1634 1636 tempestatibus

92 1655 148 1710 de
171 1655 317 1725 aliqua
342 1669 464 1711 vera
496 1662 555 1711 et
574 1664 719 1710 certa
746 1655 1037 1712 securitate
1065 1656 1329 1727 cogitasti.
1352 1655 1485 1711 Nam
1504 1664 1559 1711 et
1580 1655 1634 1711 in

89 1746 173 1802 hac
184 1747 275 1801 vita
301 1746 543 1803 homines
567 1748 778 1818 magnis
804 1747 1080 1804 laboribus
1106 1748 1350 1819 requiem
1385 1756 1634 1819 quaerunt

88 1846 134 1892 et
156 1836 484 1903 securitatem,
529 1836 629 1893 sed
662 1837 842 1909 pravis
894 1838 1276 1910 cupiditatibus
1320 1853 1428 1894 non
1477 1839 1630 1894 inve-

88 1927 228 1982 niunt.
248 1927 435 1983 Volunt
458 1928 607 1984 enim
639 1929 980 2000 requiescere
1020 1930 1074 1985 in
1099 1929 1261 1986 rebus
1298 1929 1553 2001 inquietis
1579 1937 1634 1985 et

88 2032 175 2073 non
210 2019 630 2090 permanentibus
660 2038 673 2075 :
702 2029 759 2075 et
807 2019 931 2090 quia
980 2019 1087 2075 illa:
1136 2028 1376 2091 tempore
1419 2019 1634 2078 subtra-

91 2108 251 2165 huntur
266 2120 315 2166 et
337 2119 639 2178 transeunt,
663 2111 946 2167 timoribus
971 2119 1027 2168 et
1056 2111 1333 2168 doloribus
1378 2126 1475 2167 eos
1516 2111 1633 2182 agi-

93 2208 200 2267 tant,
229 2216 316 2258 nec
339 2203 547 2272 quietos
574 2216 701 2258 esse
740 2200 1076 2272 permittunt.
1105 2201 1235 2259 Sive
1276 2201 1421 2258 enim
1452 2202 1505 2257 in
1547 2201 1632 2256 di-

95 2290 207 2346 vitiis
268 2292 385 2347 velit
438 2291 609 2347 homo
674 2291 1016 2363 requiescere
1035 2333 1051 2358 ,
1126 2292 1295 2363 magis
1368 2291 1632 2362 superbus

99 2381 294 2451 edicitur,
321 2397 473 2454 quam
503 2398 754 2440 securus.
781 2384 977 2439 Annon
1003 2383 1247 2439 videmus
1273 2398 1431 2454 quam
1476 2382 1631 2439 multi

104 2485 173 2527 cas
207 2473 360 2528 subito
405 2474 770 2545 perdiderint,
839 2474 989 2529 multi
1036 2473 1197 2531 etiam
1250 2483 1469 2544 propter
1510 2473 1631 2530 illas

107 2564 325 2634 perierint,
352 2575 440 2623 aut
463 2582 595 2622 cum
628 2581 722 2622 eas
752 2566 951 2622 habere
993 2567 1235 2637 cupiunt,
1281 2575 1374 2621 aut
1400 2581 1521 2621 cum
1551 2566 1631 2622 eis

113 2658 361 2724 oppressis:
384 2658 760 2729 cupidioribus
796 2659 1108 2714 auferuntur
1130 2658 1183 2712 ίῖ
1211 2658 1341 2725 Quae
1379 2658 1425 2712 si
1465 2656 1628 2713 etiam

118 2754 334 2815 perlatam
355 2749 507 2805 vitam
538 2764 673 2804 cum
721 2750 935 2804 homine
973 2757 1372 2820 permanerent,
1419 2756 1475 2803 et
1518 2763 1625 2804 non

121 2837 351 2895 desererent
371 2841 693 2898 dilectorem
714 2856 891 2909 suum,
921 2842 1035 2912 ipse
1058 2841 1176 2896 illas
1204 2855 1299 2895 sua
1344 2850 1515 2895 morte
1542 2837 1631 2896 de-

112 2941 277 2988 sereret.
302 2931 493 3001 Quanta
516 2942 611 2990 est
634 2933 779 2988 enim
808 2933 915 2987 vita
943 2933 1195 2999 hominis,
1223 2932 1434 2987 etiamsi
1469 2946 1628 2989 seue-

105 3021 216 3074 seat?
236 3023 325 3078 Aut
347 3040 461 3079 cum
492 3024 604 3081 sibi
633 3023 879 3079 homines
904 3031 1092 3093 optant
1120 3031 1468 3089 senectutem,
1498 3022 1626 3093 quid

100 3110 202 3166 aliud
218 3123 375 3183 optant
402 3115 503 3171 nisi
553 3116 776 3185 longam
816 3114 1216 3169 inﬁrmitatem?
1240 3114 1328 3169 Sic
1365 3123 1421 3169 et
1450 3113 1626 3168 hono-

97 3217 160 3257 res
178 3205 307 3274 hujus
326 3209 524 3274 saeculi,
551 3206 688 3277 quid
713 3215 840 3261 sunt
868 3206 971 3260 nisi
1000 3206 1216 3276 typhus,
1243 3213 1298 3260 et
1328 3205 1555 3260 inanitas
1575 3205 1621 3272 ⁸,

93 3301 132 3347 et
147 3294 280 3351 ruinae
300 3297 637 3369 periculum?
659 3298 795 3364 Quia
824 3297 904 3352 sic
939 3296 1215 3367 Scriptura
1239 3304 1423 3351 sancta
1447 3295 1576 3350 dicit
1607 3312 1623 3352 :

93 3388 229 3444 Omnis
240 3408 348 3447 caro
372 3394 571 3465 fenum,
608 3401 656 3447 et
684 3391 893 3445 claritas
922 3390 1141 3445 hominis
1165 3398 1219 3443 ut
1246 3390 1344 3459 ﬂos
1374 3389 1496 3461 feni.
1520 3387 1626 3443 Fe-

90 3496 180 3533 mun
201 3485 337 3551 aruit,
380 3488 477 3556 ﬂos
503 3484 737 3550 decidit;
768 3482 972 3538 verbum
1011 3491 1179 3536 autent
1206 3479 1413 3535 Domini
1457 3486 1625 3534 manet

85 3571 347 3631 iuan
374 3577 508 3648 (lsai
530 3591 627 3641 ιι,
660 3573 808 3647 6-8).
840 3572 965 3629 Ideo
988 3574 1079 3643 qui
1103 3586 1284 3627 veram
1308 3571 1549 3641 requiem
1567 3577 1625 3625 et

84 3678 226 3721 veram
247 3667 548 3727 felicitatem
578 3667 873 3735 desiderat,
896 3666 1058 3722 debet
1089 3664 1276 3720 tollere
1301 3678 1452 3733 spem
1467 3676 1621 3718 suam

82 3756 130 3811 de
152 3759 286 3816 rebus
307 3761 628 3817 mortalibus
651 3769 707 3815 et
751 3756 1219 3829 praetereuntibus,
1250 3764 1306 3810 et
1342 3770 1461 3810 eam
1508 3754 1623 3810 col-

81 3845 218 3904 locare
244 3851 293 3906 in
317 3853 483 3908 verbo
509 3850 762 3914 Domini;
788 3857 852 3903 ut
870 3848 1084 3903 haerens
1108 3850 1158 3902 ei
1182 3845 1328 3917 quod
1354 3852 1531 3901 manet
1561 3843 1618 3899 in

76 3948 310 4010 (sternam,
334 3945 497 3999 etiam
526 3943 649 4013 ipse
672 3955 796 3995 eum
823 3939 915 3994 illo
940 3947 1154 3994 maneat
1183 3938 1235 3991 in
1260 3946 1542 3993 aeternum.

131 4029 205 4086 25.
232 4033 357 4089 Sunt
382 4036 549 4090 etiam
588 4032 831 4087 homines
858 4030 947 4101 qui
996 4043 1097 4085 nec
1138 4028 1335 4084 divites
1373 4036 1621 4099 quzerunt

72 4138 183 4191 esse,
208 4142 298 4183 nec
320 4127 386 4183 ad
414 4142 589 4182 vanas
630 4126 896 4180 honorum
943 4135 1168 4193 pompas
1209 4121 1450 4176 ambiunt
1494 4136 1621 4192 per-

73 4216 219 4272 venire
244 4235 257 4271 :
282 4219 375 4275 sed
410 4218 655 4290 gaudere
683 4225 737 4271 et
779 4214 1119 4285 requiescere
1167 4212 1353 4268 volunt
1390 4213 1442 4267 in
1466 4213 1621 4284 popi-

79 4305 146 4359 nis
176 4308 294 4363 etin
321 4305 790 4371 fornicationibus,
820 4306 941 4360 etin
967 4304 1188 4359 theatris
1216 4311 1376 4373 atque
1404 4311 1617 4374 Specta-

72 4396 179 4451 culis
211 4401 522 4471 nugacitatis
565 4414 688 4469 qua:
740 4398 793 4452 in
850 4395 1058 4466 magnis
1102 4394 1407 4451 civitatibus
1451 4393 1618 4463 gratis

72 4484 246 4544 habent.
309 4490 414 4547 Sed
462 4492 545 4547 sic
608 4490 769 4544 etiam
831 4487 931 4557 ipsi
1006 4495 1098 4541 aut
1149 4492 1470 4541 consumunt
1524 4499 1618 4554 per

72 4578 288 4637 luxuriam
317 4590 693 4655 paupertatem
724 4595 898 4647 suam,
921 4588 977 4635 et
1000 4578 1068 4634 ab
1091 4586 1329 4648 egestate
1352 4585 1540 4646 postea
1559 4576 1614 4630 in

72 4668 181 4729 furta
202 4684 250 4731 et
271 4675 611 4741 eliracturas,
638 4682 694 4728 et
716 4669 1003 4743 aliquando
1038 4670 1199 4724 etiam
1248 4668 1303 4722 in
1341 4666 1616 4722 latrocinia

72 4764 329 4834 prosiliunt,
352 4776 408 4823 et
431 4766 616 4823 subito
643 4762 825 4818 multis
845 4770 901 4817 et
939 4760 1146 4831 magnis
1185 4759 1466 4814 timoribus
1511 4758 1616 4812 im-

72 4853 274 4923 plentur;
301 4867 354 4914 et
378 4860 471 4930 qui
502 4859 558 4913 in
586 4856 779 4928 p0pina
808 4853 966 4924 paulo
990 4860 1117 4908 ante
1153 4850 1463 4917 cantabant,
1504 4850 1617 4920 jam

72 4945 273 5011 planctus
290 4950 524 5006 carceris
548 4946 838 5002 somniant.
869 4943 1071 5001 Studiis
1108 4951 1290 4998 autem
1333 4951 1615 5012 spectacu-

73 5032 212 5093 lorum
232 5039 359 5095 ﬁunt
382 5038 725 5096 daemonibus
768 5035 991 5103 similes,
1023 5033 1350 5089 clamoribus
1375 5032 1486 5087 suis
1529 5033 1617 5086 in-

73 5125 247 5184 citando
264 5131 511 5187 homines
534 5138 595 5184 ut
618 5142 679 5184 se
698 5127 928 5183 invicem
949 5125 1182 5193 caedant,
1206 5139 1503 5194 secumque
1524 5123 1619 5180 ha-

73 5213 205 5274 beant
222 5223 549 5278 contentiosa
577 5219 872 5277 certamina
898 5218 1007 5289 qui
1051 5232 1111 5273 se
1166 5231 1278 5272 non
1336 5217 1614 5285 laeserunt,

76 5305 175 5362 dum
196 5310 391 5379 placere
413 5313 606 5369 insano
625 5310 823 5382 populo
846 5309 1068 5379 cupiunt
1095 5325 1109 5363 :
1140 5322 1275 5378 quos
1294 5307 1341 5361 si
1373 5306 1616 5362 animad-

75 5400 290 5457 Verterint
332 5417 455 5458 esse
502 5401 824 5466 concordes,
856 5410 985 5456 tunc
1008 5414 1105 5457 eos
1145 5399 1376 5455 oderunt
1414 5408 1469 5456 et
1499 5415 1618 5469 per-

79 5501 343 5562 sequuntur,
373 5503 430 5551 et
456 5503 710 5567 tanquam
733 5492 1033 5549 collusores
1063 5499 1123 5547 ut
1153 5489 1381 5547 fustibus
1424 5491 1617 5546 verbe-

89 5705 378 5824 ὠᾶιξτιφιε
399 5716 528 5772 Mss,
565 5714 651 5761 aut
672 5713 725 5760 ut
756 5708 825 5761 eis
847 5707 1087 5774 oppressis
1122 5722 1154 5760 a
1176 5705 1505 5774 cupidioribus
1529 5721 1618 5758 au-

135 5777 471 5898 ἷεξὶῗῖιίᾳῇιιιω
491 5839 594 5884 Mss.
632 5838 690 5881 Αι
712 5831 827 5898 editi
850 5834 1106 5895 omittunt,
1136 5839 1183 5886 et
1205 5832 1410 5885 inanitas
1440 5833 1621 5898 :cujus

94 5884 171 5941 loco
186 5884 525 5957 nonnulli-“58.,
547 5901 593 5946 et
614 5893 815 5944 vanitas.

322 5978 540 6045 SANCT.
576 5979 855 6046 Auuusr.
900 5980 1003 6043 VI.

1484 448 1686 506 LIBER
1724 450 1925 511 UNUS.

3238 476 3348 535 530

1758 576 1945 622 rentur
1971 569 2290 639 exclamant,
2322 581 2377 629 et
2404 573 2542 629 hanc
2584 575 2914 647 iniquitatem
2948 584 3122 643 facere
3164 591 3331 649 etiam

1756 658 2020 716 vindicem
2051 662 2389 733 iniquitatum
2411 665 2645 736 judicem
2671 681 2898 741 cogunt;
2929 674 2976 729 si
3003 687 3182 734 autem
3204 681 3337 738 hor-

1753 750 1949 808 rendas
1993 754 2251 813 adversus
2318 758 2546 815 invicem
2602 761 2903 821 inimicitias
2941 782 3035 825 eos
3076 786 3335 834 exercere

1752 846 2117 913 cognoverint,
2145 849 2259 905 sive
2302 850 2455 907 sintaa
2484 853 2574 923 qui
2612 857 2950 926 appellantur
2971 862 3010 927 ¹,
3042 863 3155 921 sive
3210 850 3334 926 see?-

1751 935 1858 1029 nici
1884 946 1937 992 et
1968 938 2262 1010 thymelici,
2294 943 2407 999 sive
2431 948 2650 1017 aurigae,
2699 950 2812 1006 sive
2848 962 3153 1025 venatores,
3201 976 3336 1029 quos

1750 1028 1976 1084 miseros
1988 1045 2095 1085 non
2118 1033 2289 1088 solum
2309 1034 2554 1092 homines
2568 1053 2688 1093 cum
2711 1040 3035 1111 hominibus,
3058 1046 3153 1103 sed
3173 1028 3333 1108 etiam

1748 1114 1995 1175 homines
2017 1135 2139 1176 cum
2170 1122 2356 1179 bestiis
2392 1126 2444 1180 in
2485 1137 2755 1185 certamen
2802 1148 3138 1206 pugnamque
3186 1153 3337 1195 com-

1746 1207 1993 1276 mittunt;
2021 1226 2126 1281 quo
2149 1213 2354 1282 majore
2382 1215 2636 1273 adversus
2678 1219 2904 1277 invicem
2947 1223 3212 1283 discordia
3250 1230 3336 1287 fu-

1746 1314 1869 1356 rere
1893 1303 2178 1371 senserint,
2206 1318 2275 1360 eo
2303 1307 2473 1378 magis
2492 1319 2674 1366 amant
2697 1321 2751 1368 et
2780 1313 3133 1385 delectantur,
3159 1331 3214 1377 et
3243 1324 3325 1379 in-

1742 1391 1920 1449 citatis
1948 1395 1968 1426 ³
1996 1393 2195 1462 favent,
2224 1408 2279 1454 et
2304 1398 2541 1455 faventes
2570 1402 2812 1471 incitant,
2846 1407 2963 1475 plus
2993 1408 3249 1468 adversus
3269 1430 3330 1469 se

1741 1484 1887 1555 ipsos
1920 1487 2245 1547 insanientes
2273 1492 2375 1562 ipsi
2412 1503 2742 1562 spectatores
2796 1498 2935 1555 alter
2981 1516 3078 1569 pro
3132 1504 3325 1572 altero,

1741 1591 1899 1647 quam
1922 1579 1998 1634 illi
2027 1596 2251 1650 quorum
2278 1583 2537 1639 insaniam
2565 1585 2737 1642 insani
2767 1603 3075 1660 provocant,
3103 1596 3197 1650 sed
3236 1598 3291 1652 in
3311 1629 3329 1640 -

1740 1668 1998 1725 saniendo
2042 1670 2064 1702 ³
2092 1682 2335 1742 spectare
2361 1674 2687 1732 desiderant.
2719 1678 2997 1746 Quomodo
3022 1698 3149 1755 ergo
3176 1688 3327 1743 sani-

1740 1766 1901 1815 tatem
1925 1762 2071 1832 pacis
2099 1772 2283 1820 tenere
2329 1766 2540 1822 animus
2569 1778 2768 1838 potest,
2810 1773 2900 1842 qui
2946 1774 3229 1832 discordiis
3273 1789 3328 1835 et

1738 1853 2123 1910 certaminibus
2165 1856 2435 1925 pascitur?
2465 1858 2646 1926 Qualis
2691 1862 2835 1917 enim
2879 1864 3029 1920 cibus
3074 1869 3323 1938 sumitur,

1739 1940 1861 1997 talis
1900 1943 2150 2000 valetudo
2191 1949 2557 2017 consequitur.
2610 1950 2915 2027 Postremo-
2951 1959 3193 2025 quamvis
3241 1962 3326 2016 in-

1738 2045 1867 2087 sana
1907 2036 2096 2105 gaudia
2141 2052 2252 2093 non
2285 2040 2391 2093 sint
2416 2040 2631 2110 gaudia,
2702 2052 2881 2101 tamen
2918 2049 3325 2123 qualiacumque

1737 2126 1864 2194 sint,
1887 2137 1943 2183 et
1967 2131 2355 2199 quantumlibet
2390 2132 2621 2190 delectet
2650 2134 2671 2167 ‘
2691 2136 2946 2207 jactantia
2995 2141 3324 2213 divitiarum,

1737 2228 1792 2271 ct
1819 2224 2000 2273 tumor
2024 2219 2308 2287 honorum,
2336 2237 2537 2295 vorago
2581 2225 2919 2298 popinarum,
2948 2240 3004 2286 et
3024 2231 3160 2288 bella
3185 2235 3328 2291 thea-

1736 2313 1941 2363 trorum
1972 2309 2013 2376 ⁸,
2065 2319 2120 2366 et
2145 2311 2479 2369 immunditia
2521 2314 2969 2387 l'ornicationum,
3011 2333 3065 2377 et
3112 2327 3327 2396 prurigo

1738 2399 2095 2470 thermarum;
2144 2405 2317 2461 aufert
2371 2407 2551 2462 omnia
2618 2410 2718 2465 ista
2784 2428 2889 2467 una
2943 2413 3222 2485 febricula,
3272 2430 3329 2475 et

1735 2492 1909 2549 adhuc
1934 2495 2235 2553 viventibus
2262 2507 2425 2553 totam
2458 2500 2644 2557 falsam
2689 2503 3068 2563 beatitudinem
3110 2510 3326 2565 subtra—

1735 2583 1815 2640 hit
1839 2603 1851 2639 :
1883 2597 2120 2644 remanet
2142 2589 2315 2645 inanis
2338 2599 2393 2646 et
2420 2593 2599 2647 saucia
2626 2598 2975 2663 conscientia,
3002 2601 3166 2655 Deum
3193 2617 3324 2658 sen-

1733 2679 2133 2748 surajudicem,
2176 2697 2333 2753 quem
2375 2684 2543 2738 noluit
2589 2685 2786 2742 habere
2825 2690 3137 2757 custodem;
3164 2703 3218 2748 et
3242 2694 3326 2748 in-

1733 2779 1955 2825 ventura
2000 2787 2248 2842 asperum
2293 2775 2597 2841 Dominum,
2643 2794 2800 2848 quem
2849 2780 3058 2836 dulcem
3108 2794 3323 2854 patrem

1732 2879 1974 2934 quazrere
2012 2873 2065 2920 et
2090 2880 2272 2921 amare
2296 2870 2636 2939 contempsit.
2670 2870 2745 2925 Tu
2776 2882 2954 2928 autem
2983 2875 3107 2944 quia
3135 2892 3320 2933 veram

1732 2958 1970 3027 requiem
1997 2974 2117 3029 qua:
2144 2968 2265 3029 post
2304 2961 2440 3016 hanc
2478 2962 2640 3016 vitam
2682 2963 3000 3021 Christianis
3044 2969 3316 3038 promitti-

1733 3056 1819 3103 tur
1857 3049 2074 3119 qureris,
2103 3050 2264 3105 etiam
2296 3050 2384 3106 hic
2426 3066 2545 3106 eam
2597 3053 2737 3109 inter
2787 3058 3155 3114 amarissimas
3196 3061 3323 3116 vita:

1731 3137 1890 3208 hujus
1913 3140 2187 3195 molestias
2208 3156 2424 3196 suavem
2443 3142 2841 3215 jucundamque
2857 3149 3115 3216 gustabis,
3139 3152 3183 3204 si
3202 3152 3322 3221 ejus

1731 3230 1822 3299 qui
1851 3245 1968 3283 eam
2000 3232 2247 3300 promisit
2278 3242 2544 3303 praecepta
2569 3235 2842 3292 dilexeris.
2867 3237 2987 3293 Cito
3016 3241 3158 3294 enim
3186 3256 3317 3297 sen-

1731 3319 1832 3374 ties
1850 3319 2114 3375 dulciores
2142 3336 2261 3376 esse
2283 3323 2502 3392 justitia:
2533 3324 2737 3381 fructus
2791 3343 2948 3398 quam
2991 3330 3306 3402 iniquitatis,

1729 3418 1785 3465 et
1803 3412 1980 3465 verius
2008 3421 2170 3482 atque
2203 3414 2491 3483 jucundius
2520 3418 2755 3487 gaudere
2782 3418 3057 3476 hominem
3081 3422 3147 3478 de
3170 3424 3309 3481 bona

1728 3502 2055 3558 conscientia
2086 3504 2225 3559 inter
2262 3506 2552 3573 molestias,
2588 3525 2746 3579 quam
2768 3510 2835 3566 de
2865 3513 3002 3568 mala
3039 3515 3179 3571 inter
3223 3518 3320 3574 de-

1727 3594 1905 3662 licias;
1935 3596 2058 3666 quia
2091 3612 2195 3652 non
2217 3598 2295 3653 sic
2320 3600 2513 3654 venisti
2541 3602 2791 3673 conjungi
2816 3602 3074 3661 Ecclesia:
3106 3607 3225 3676 Dei,
3257 3619 3318 3665 ut

1726 3701 1791 3742 ex
1822 3702 1885 3743 ea
1909 3689 2260 3757 temporalem
2291 3690 2525 3760 aliquam
2553 3693 2838 3748 utilitatem
2869 3698 3132 3764 requiras.

1796 3777 2020 3834 CAPUT
2038 3778 2364 3835 XVll.-—26.
2384 3782 2893 3856 Reprehenditudqui
2913 3788 3030 3842 velit
3049 3806 3153 3844 esse
3163 3789 3314 3845 Clari-

1725 3869 1920 3924 stianus
1949 3881 2157 3941 propter
2183 3876 2503 3926 commodum
2531 3875 2825 3945 temporale.
2859 3876 3177 3933 Christianus
3200 3897 3315 3937 vere

1725 3971 1817 4027 est,
1839 3962 1927 4031 qui
1946 3962 2240 4033 religionem
2264 3966 2530 4033 proﬁtetur
2575 3976 2778 4037 propter
2801 3970 3026 4037 futuram
3069 3974 3311 4041 requiem.

1725 4050 1931 4107 Transit
1975 4056 2044 4107 ad
2096 4057 2435 4111 narrationem
2481 4074 2654 4112 eorum
2681 4065 2810 4129 'quw
2875 4064 3125 4118 credenda
3172 4079 3311 4123 sunt.

1725 4141 1893 4197 Filius
1913 4142 2009 4197 Dei
2033 4160 2129 4198 cur
2152 4145 2300 4199 homo
2330 4150 2515 4216 factus.
2560 4146 2695 4202 Sunt
2719 4148 2860 4202 enim
2892 4153 2982 4220 qui
3028 4164 3312 4223 propterea

1724 4235 1909 4291 volunt
1930 4251 2053 4291 esse
2079 4235 2380 4303 christiani,
2411 4246 2469 4292 ut
2497 4246 2589 4292 aut
2609 4252 3016 4307 promereantur
3063 4244 3312 4303 homines

1723 4326 1962 4396 aquibus
2001 4327 2313 4395 temporalia
2350 4328 2631 4384 commoda
2673 4341 3006 4400 exspectant,
3060 4346 3149 4390 aut
3188 4339 3311 4406 quia

1723 4417 1994 4474 offendere
2012 4418 2201 4472 nolunt
2232 4433 2367 4489 quos
2398 4419 2608 4475 timent.
2642 4420 2750 4476 Sed
2782 4422 2867 4476 isti
2893 4425 3107 4493 reprobi
3133 4437 3257 4481 sunt
3290 4447 3303 4481 :

1723 4519 1778 4565 et
1806 4510 1850 4565 si
1876 4510 1944 4565 ad
1968 4517 2178 4581 tempus
2206 4524 2301 4566 eos
2324 4519 2499 4580 portat
2518 4512 2778 4579 Ecclesia,
2815 4514 2954 4568 sicut
2979 4529 3103 4570 area
3133 4533 3312 4588 usque

1723 4601 1790 4657 ad
1820 4611 2029 4673 tempus
2053 4602 2415 4658 ventilationis
2448 4603 2653 4673 paleam
2696 4605 2941 4671 sustinet;
2998 4608 3043 4661 si
3090 4624 3195 4664 non
3246 4627 3308 4667 se

1723 4694 2076 4762 correxerint,
2139 4703 2195 4749 et
2248 4704 2466 4764 promer
2508 4695 2740 4751 futuram
2784 4698 3168 4766 sempiternam
3228 4721 3310 4760 re-

1723 4784 1903 4854 quiem
1929 4784 2205 4840 christiani
2235 4798 2353 4839 esse
2372 4785 2653 4854 coeperint,
2687 4785 2742 4839 in
2765 4788 2871 4841 ﬁne
2892 4792 3303 4858 separabantur.

1723 4877 1833 4933 Nec
1862 4878 1960 4932 sibi
1988 4876 2332 4933 blandiantur
2352 4877 2494 4947 quod
2521 4878 2573 4931 in
2611 4893 2732 4933 area
2762 4890 2986 4948 possunt
3021 4899 3140 4940 esse
3180 4901 3303 4942 cum

1722 4972 1991 5026 frumento
2014 4972 2106 5026 Dei
2138 4988 2152 5022 :
2181 4971 2303 5040 quia
2331 4971 2383 5025 in
2409 4970 2604 5025 horreo
2625 4987 2745 5026 cum
2768 4973 2861 5026 illo
2877 4989 2983 5029 non
3012 4987 3187 5043 erunt,
3209 4981 3304 5036 sed

1724 5062 1833 5135 igni
1860 5063 2041 5119 debito
2067 5061 2402 5118 destinantur
2423 5062 2443 5094 ⁶
2472 5061 2687 5136 (Matth.
2710 5080 2789 5134 ιιι,
2823 5065 2935 5139 12).
2975 5067 3110 5125 Sun‘t
3145 5073 3307 5128 etiam

1788 5217 1972 5287 1.1m.)
2111 5212 2303 5287 athletae
2325 5214 2408 5278 qui
2437 5215 2758 5287 appellantur.
2783 5226 2840 5269 At
2860 5219 3086 5285 plerique
3122 5237 3183 5287 ac
3205 5242 3313 5278 me-

1723 5275 1858 5343 lioris
1879 5284 2005 5343 apta:
2039 5284 2166 5337 Mss.,
2209 5275 2363 5343 sigma
2382 5275 2479 5340 qut"
2502 5275 2830 5343 appelluntur.
2857 5275 2956 5332 i'ox
2983 5275 3089 5334 erat
3113 5275 3312 5339 forsitan

1724 5339 1852 5410 apud
1874 5336 2008 5410 Afros
2023 5345 2145 5410 tunc
2181 5336 2410 5410 vulgaris.
2440 5347 2488 5388 In
2524 5336 2819 5410 corbeiensi
2845 5344 3013 5410 codice
3049 5336 3310 5410 scribitur,

1724 5400 1913 5471 sint/lg}.
1943 5407 1991 5471 In
2023 5407 2128 5449 Mss.
2153 5400 2439 5471 quibusdam
2463 5404 2659 5471 et_apud
2682 5413 2780 5471 _A_m.
2806 5404 2988 5468 legitur
3004 5440 3020 5467 ,
3066 5406 3159 5456 sint
3182 5400 3312 5471 ωηιιί

1724 5460 2046 5532 appellantur.
2074 5460 2203 5532 Apud
2221 5467 2315 5532 Er.,
2331 5461 2425 5532 sint
2445 5463 2525 5526 qui
2548 5460 2869 5532 appellantur;

1733 5521 1766 5595 ς
1789 5521 1944 5595 [Aur
1969 5529 2041 5572 Er.
2070 5521 2123 5574 et
2142 5521 2325 5585 aliquot
2346 5521 2472 5586 Mss,
2499 5532 2546 5577 et
2580 5521 2791 5579 incitati.
2818 5527 2906 5576 Alii
2924 5528 3089 5589 plures
3110 5533 3236 5587 Mss,
3261 5536 3307 5577 et

1725 5591 1990 5636 incitantes.

1791 5649 1813 5711 ἒ
1844 5650 1917 5696 sic
1946 5654 2051 5694 Mss.
2093 5652 2147 5695 Al
2170 5646 2304 5711 editi,
2331 5657 2610 5711 provocant,
2638 5654 2683 5699 et
2716 5648 3011 5711 insaniendo.

1791 5709 1813 5741 δ
1846 5716 1921 5757 Er.
1950 5716 2000 5757 et
2023 5716 2152 5765 mw,
2178 5706 2425 5758 delectent.
2453 5706 2623 5760 AtAm.
2644 5718 2696 5759 et
2716 5718 2844 5769 Mss.,
2870 5708 3085 5759 delectet.

1788 5772 1811 5804 ⁸
1843 5771 1916 5819 Sic
1938 5781 2035 5832 Am.
2059 5776 2131 5832 Er.
2161 5777 2211 5832 et
2226 5769 2448 5832 plerique
2465 5779 2571 5821 Mss.
2599 5779 2651 5820 Αι
2674 5779 2803 5831 Lov.,
2824 5771 3167 5832 tlteati'tcorum

1791 5833 1812 5862 ⁸
1845 5840 1977 5889 Lov.,
2000 5830 2380 5894 destinabantur:
2404 5840 2457 5881 Al.
2492 5842 2592 5881 Am.
2631 5838 2705 5879 Er.
2734 5830 2913 5881 etMss.
2956 5831 3138 5881 habent
3185 5846 3310 5894 pra-3

1731 5895 1860 5947 senti
1884 5901 2123 5955 tempore,
2148 5891 2460 5943 destinantur.
3187 5891 3199 5901 τ

2732 5976 2997 6051 (Ome)
