3882 6286
554 291 653 349 ssi
703 250 708 256 ί

551 408 641 464 alii
669 405 893 461 meliore
919 399 1130 472 quidem
1174 411 1287 467 spe,
1323 393 1417 450 sed
1458 403 1634 448 tamen
1663 408 1768 446 non
1812 390 2023 458 minore
2050 402 2147 458 pc-

551 500 740 564 riculo,
766 495 984 568 quijam
1031 493 1199 547 Deum
1230 489 1442 554 timent,
1471 495 1526 542 et
1577 501 1684 547 non
1724 482 1950 538 irrident
1992 479 2143 534 chri-

553 593 787 647 stianum
823 601 1039 650 nomen,
1088 599 1186 639 nec
1215 581 1468 638 simulato
1508 577 1673 636 corde
1724 576 1927 631 intrant
1956 571 2145 633 Eccle-

552 687 688 739 siam
713 681 826 748 Dei,
855 678 948 734 sed
975 678 1028 732 in
1051 677 1151 732 ista
1168 675 1274 731 vita
1299 680 1612 743 exspectant
1634 668 1969 734 felicitatem,
1987 673 2046 720 ut
2063 663 2146 720 fc-

554 777 768 833 liciores
785 773 891 828 sint
915 772 968 827 in
982 771 1141 828 rebus
1167 767 1415 833 terrenis,
1445 780 1601 836 quam
1626 763 1697 816 ιιιί
1727 762 1936 832 quinon
1963 757 2148 814 colunt

556 869 725 923 Deum
759 883 770 919 :
803 863 1027 933 ideoque
1053 876 1173 914 cum
1201 857 1431 913 viderint
1461 854 1720 926 quosdam
1758 852 2050 916 sceleratos
2091 855 2149 912 et

472 966 490 1040 ξ
554 957 754 1026 impios
782 954 881 1027 ista
904 952 1118 1008 smculi‘
1150 947 1512 1021 prosperitate
1543 944 1748 1017 pollere
1777 952 1830 997 et
1855 941 2144 1007 excellere,

503 1044 508 1049 ’
562 1067 622 1107 se
652 1058 827 1112 autem
858 1045 940 1102 vel
960 1045 1137 1108 minus
1164 1043 1362 1104 habere
1388 1041 1488 1096 ista
1519 1040 1603 1096 vel
1629 1039 1898 1100 amittere,
1931 1042 2146 1106 perturw

557 1144 751 1197 bantur
780 1149 1030 1208 tanquam
1053 1135 1169 1200 sine
1193 1148 1355 1190 causa
1377 1133 1546 1196 Deum
1595 1130 1774 1187 colant
1798 1171 1812 1197 ,
1841 1136 1895 1184 et
1932 1127 2086 1182 facile
2115 1139 2146 1182 a

558 1236 666 1292 ﬁde
687 1233 954 1289 deficiunt.
1483 1239 1490 1248 ·

627 1329 716 1382 27.
750 1326 850 1394 Qui
869 1331 1046 1380 autem
1073 1328 1293 1392 propter
1327 1315 1715 1374 beatitudinem
1761 1311 2150 1382 sempiternam,

554 1429 608 1476 ct
633 1426 942 1491 perpetuam
972 1414 1235 1486 requiem,
1279 1427 1398 1481 quae
1423 1418 1546 1480 post
1572 1408 1711 1470 hanc
1750 1406 1916 1466 vitam
1945 1405 2148 1458 sanctis

553 1513 730 1570 futura
758 1509 1104 1582 promittitur,
1126 1505 1239 1560 vult
1276 1503 1393 1566 ﬁeri
1434 1501 1780 1568 Christianus,
1821 1506 1880 1552 ut
1917 1512 2025 1552 non
2059 1504 2149 1557 cat

554 1606 614 1661 in
661 1606 836 1675 ignem
889 1610 1148 1655 internum
1194 1611 1315 1652 cum
1383 1592 1617 1658 diabolo,
1673 1590 1768 1646 sed
1815 1590 1868 1644 in
1920 1601 2152 1662 regnum

553 1705 814 1752 internum
844 1691 1006 1748 intret
1028 1698 1153 1746 cum
1175 1686 1389 1743 Christo
1408 1681 1618 1756 (Matth.
1650 1697 1772 1747 xxv,
1798 1680 1886 1745 54,
1907 1680 1995 1743 41,
2024 1676 2149 1759 46),¹

555 1803 683 1844 vere
711 1788 824 1857 ipse
848 1782 1170 1842 Christianus
1195 1787 1300 1844 est,
1326 1785 1516 1832 cautus
1558 1775 1610 1830 in
1642 1771 1788 1828 omni
1825 1769 2154 1848 tentatione,

552 1894 625 1936 ne
652 1876 923 1949 prosperis
952 1872 1114 1929 rebus
1141 1875 1537 1937 corrumpatur,
1562 1872 1617 1920 et
1654 1879 1722 1928 ne
1751 1862 2025 1932 frangatur
2053 1859 2150 1922 ad:

555 1969 751 2032 versis,
775 1976 828 2022 et
870 1966 923 2019 in
955 1961 1278 2022 abundantia
1328 1959 1591 2018 bonorum
1638 1965 1978 2014 terrenorum
2025 1967 2145 2014 mo-

556 2063 741 2119 destus
779 2066 834 2114 et
875 2066 1201 2126 temperans,
1237 2059 1291 2106 ct
1341 2050 1395 2104 in
1439 2045 1868 2104 tribulationibus
1903 2043 2056 2100 fortis
2093 2051 2148 2101 ct

555 2155 786 2226 patiens.
833 2149 936 2219 Qui
978 2148 1138 2207 etiam
1176 2141 1507 2216 proﬁciendo
1546 2141 1825 2211 perveniet
1867 2138 1934 2199 ad
1981 2137 2144 2200 talem

559 2246 824 2308 animum,
858 2249 918 2296 ut
944 2240 1062 2310 plus
1111 2245 1256 2294 amet
1283 2236 1473 2300 Deum,
1519 2247 1678 2303 quam
1715 2231 1899 2288 timeat
1940 2228 2146 2300 gehen-

553 2355 681 2410 nam
716 2356 729 2393 :
759 2345 817 2392 ut
842 2331 1050 2391 etiamsi
1079 2329 1223 2385 dicat
1249 2328 1324 2384 illi
1364 2327 1528 2394 Deus,
1581 2324 1742 2381 Utere
1777 2322 1983 2382 deliciis
2028 2336 2146 2378 car-

555 2433 771 2492 nalibus
814 2426 1174 2499 sempiternis,
1211 2432 1266 2480 et
1315 2429 1572 2493 quantum
1607 2428 1760 2489 potes
1807 2432 1990 2488 pecca,
2045 2431 2146 2474 nec

554 2522 827 2589 morieris,
855 2534 955 2576 nec
975 2519 1031 2580 in
1056 2516 1358 2589 gehennam
1384 2512 1640 2579 mitteris,
1669 2509 1764 2566 sed
1787 2524 2000 2566 mecum
2028 2516 2147 2570 tan-

553 2612 832 2674 tummodo
851 2626 963 2669 non
992 2609 1134 2674 eris;
1163 2606 1528 2672 exhorrescat,
1563 2611 1616 2660 et
1641 2602 1862 2662 omnino
1890 2616 1997 2657 non
2020 2615 2144 2671 pec.-

555 2717 660 2778 cet,
695 2721 798 2762 non
822 2705 931 2774 jam
963 2709 1020 2758 ut
1048 2702 1101 2755 in
1146 2699 1276 2756 illud
1315 2698 1458 2769 quod
1507 2697 1725 2753 timebat
1768 2710 1874 2752 n0n
1922 2693 2152 2762 incidat,

551 2800 743 2858 sedne
771 2797 919 2854 illum
944 2809 1106 2867 quem
1125 2793 1206 2848 sic
1234 2801 1378 2847 amat
1399 2789 1638 2850 offendat
1664 2807 1678 2844 :
1716 2790 1768 2844 in
1796 2803 1902 2859 quo
1923 2803 2030 2848 uno
2063 2796 2148 2852 est

553 2891 770 2964 requies
813 2891 856 2956 ',
890 2902 1047 2958 quam
1070 2885 1257 2942 oculus
1283 2899 1392 2940 non
1418 2882 1570 2951 vidit,
1602 2896 1702 2937 nec
1748 2881 1892 2940 auris
1921 2879 2142 2948 audivit,

558 3000 664 3041 nee
689 2985 742 3038 in
767 2996 862 3036 cor
886 2979 1120 3036 hominis
1155 2976 1420 3042 ascendit,
1452 2990 1610 3046 quam
1650 2975 1976 3046 praeparavit
1999 2973 2148 3034 Deus

557 3071 898 3143 diligentibus
918 3083 1038 3124 cum
1070 3066 1114 3140 (Ι
1142 3065 1259 3122 Cor.
1280 3081 1336 3132 tt,
1369 3064 1449 3136 9).

627 3166 718 3226 9.8.
745 3165 822 3220 De
866 3177 971 3234 qua
1005 3159 1192 3231 requie
1235 3157 1499 3230 signiﬁcat
1539 3157 1562 3189 ³
1609 3156 1905 3228 Scriptura,
1949 3147 2146 3216 etnon

555 3266 722 3325 tacet,
754 3254 895 3326 quod
924 3254 991 3310 ab
1012 3253 1163 3308 initio
1189 3249 1378 3312 mundi
1402 3265 1472 3305 ex
1497 3264 1603 3320 quo
1632 3249 1761 3310 fecit
1787 3249 1930 3312 Deus
1947 3248 2156 3314 ρωιυω.

556 3357 832 3404 θιάθιτειιιι
859 3353 912 3400 et
936 3343 1116 3400 omnia
1145 3357 1264 3412 qua:
1285 3342 1340 3396 in
1367 3341 1446 3397 eis
1473 3349 1619 3407 sunt,
1657 3355 1754 3396 sex
1791 3339 1980 3396 diebus
2015 3355 2145 3410 ope.-

553 3447 706 3495 ratus
727 3446 827 3502 est,
862 3445 916 3490 et
941 3435 1170 3506 septimo
1196 3433 1283 3488 die
1302 3432 1569 3504 requievit
1591 3431 1749 3504 (Gen.
1777 3449 1813 3495 ι.
1845 3444 1892 3487 et
1913 3450 1973 3502 tr,
2005 3434 2143 3504 1-5).

556 3531 775 3586 Poterat
801 3528 942 3584 enim
965 3527 1304 3596 omnipotens
1329 3532 1386 3582 et
1424 3538 1533 3580 uno
1575 3533 1848 3580 momento
1891 3525 2146 3595 temporis

558 3623 740 3680 omnia
769 3621 965 3676 facere.
993 3618 1109 3676 Non
1138 3626 1316 3673 autem
1357 3617 1791 3681 laboraverat.ut
1835 3618 2144 3688 requiescet-

556 3724 664 3782 ret,
695 3711 927 3784 quando,
959 3709 1126 3778 Dixit,
1155 3718 1200 3764 et
1231 3709 1368 3779 facta
1394 3718 1511 3764 sunt
1534 3724 1553 3773 ;
1583 3709 1861 3778 mandavit,
1885 3719 1931 3764 et
1975 3720 2146 3765 creata

557 3815 679 3862 sunt
704 3803 878 3876 (Psal.
902 3817 1123 3866 CXLVIII,
1160 3797 1214 3872 5)
1249 3817 1260 3853 :
1295 3799 1389 3854 sed
1412 3808 1470 3854 ut
1498 3799 1844 3870 significaret,
1867 3800 1990 3871 quia
2025 3808 2160 3871 post,

561 3912 658 3954 sex
685 3902 873 3951 aetates
902 3892 1086 3948 mundi
1111 3890 1286 3962 hujus,
1316 3891 1543 3962 septima
1577 3900 1735 3947 tntate
1773 3900 2026 3962 tanquam
2062 3907 2146 3948 se...

555 3990 727 4062 ptimo
748 3987 834 4043 die
871 3985 1209 4057 rcquieturus
1253 3992 1336 4039 est
1366 3984 1418 4038 in
1438 3984 1641 4039 sanctis
1685 3984 1830 4050 suis;
1888 3985 2014 4055 quia
2041 3985 2146 4056 ipsi

557 4086 614 4140 in
645 4082 736 4137 illo
758 4079 1097 4151 requiescent
1127 4083 1248 4148 post
1275 4075 1452 4130 omnia
1479 4076 1620 4131 bona
1647 4090 1830 4146 opem,
1863 4074 1920 4130 in
1953 4075 2146 4147 quibus

556 4177 609 4234 ei
633 4174 954 4241 servierunt,
981 4187 1101 4242 quae
1143 4171 1256 4241 ipse
1299 4170 1352 4224 in
1397 4169 1502 4225 illis
1548 4177 1818 4241 operatur,
1849 4169 1939 4240 qui
1964 4176 2138 4237 vocat,

555 4281 612 4330 et
641 4271 902 4342 praecipit,
932 4279 986 4324 et
1011 4267 1211 4323 delicta
1247 4267 1516 4336 praeterita
1541 4266 1783 4333 dimittit,
1814 4274 1869 4322 et
1889 4264 2148 4335 justiﬁcat

556 4379 680 4420 eum
710 4362 802 4432 qui
824 4361 974 4432 prius
989 4366 1111 4414 erat
1139 4357 1351 4426 impius.
1401 4356 1552 4413 Sicut
1590 4364 1772 4414 autem
1817 4371 1940 4413 cum
1969 4357 2049 4413 illi
2075 4372 2145 4428 ex

556 4455 702 4510 dono
725 4425 844 4523 ejus
867 4450 1006 4505 bene
1030 4425 1338 4518 operantur,
1365 4457 1509 4503 recte
1528 4447 1723 4508 dicitur
1752 4425 2142 4518 ipseoperari;

556 4547 636 4602 sic
659 4559 780 4599 cum
804 4544 858 4598 in
883 4541 979 4597 illo
1016 4538 1420 4610 requiescunt“,
1463 4548 1612 4594 recte
1657 4538 1855 4594 dicitur
1897 4539 2026 4607 ipse.
2050 4552 2137 4594 re-

557 4638 858 4710 quiescere.
888 4633 1020 4689 Nam
1047 4631 1190 4703 quod
1235 4630 1302 4686 ad
1324 4631 1497 4701 ipsum
1519 4631 1729 4699 attinet,
1773 4630 2142 4701 pausationem

555 4744 668 4787 non
697 4728 906 4798 quaerit,
953 4726 1078 4796 quia
1109 4724 1350 4785 laborem
1389 4737 1495 4778 non
1541 4723 1725 4780 sentit.
1774 4721 1922 4782 Fecit
1963 4730 2143 4786 autem

556 4821 735 4879 omnia
764 4834 862 4890 per
889 4819 1123 4876 Verbum
1155 4830 1332 4882 suum;
1363 4825 1420 4870 et
1438 4813 1674 4870 Verbum
1697 4814 1814 4886 ejus
1842 4815 1958 4886 ipse
1995 4813 2161 4876 Clario-

553 4923 689 4978 stus,
716 4913 767 4966 in
799 4924 907 4981 quo
955 4911 1301 4979 requiescunt
1340 4908 1528 4980 Angeli
1562 4917 1618 4964 et
1652 4923 1842 4966 omnes
1892 4909 2140 4967 caelestes

553 5003 891 5063 mundissimi
921 5002 1139 5074 spiritus
1185 5003 1240 5057 in
1276 5011 1462 5057 sancto
1495 5002 1730 5060 silentio.
1759 5003 1931 5060 Homo
1962 5012 2140 5066 autem

553 5104 777 5169 peccato
805 5095 983 5164 lapsus
1003 5090 1235 5162 perdidit
1249 5092 1490 5161 requiem
1511 5107 1669 5163 quam
1693 5094 1920 5150 habebat
1945 5095 1997 5150 in
2025 5095 2139 5166 ejus

554 5187 852 5253 divinitate,
880 5193 934 5240 et
961 5183 1151 5254 recipit
1175 5198 1292 5240 eam
1321 5183 1344 5216 ⁸
1371 5184 1428 5239 in
1447 5184 1560 5255 ejus
1587 5185 1914 5244 humanitate
1943 5206 1956 5246 :
1987 5188 2136 5246 ideo-

551 5295 659 5350 que
696 5284 997 5348 opportuno
1047 5284 1304 5345 tempore.
1333 5289 1442 5346 quo.
1486 5277 1600 5346 ipse
1642 5280 1843 5336 sciebat
1887 5289 2138 5350 Oportere

552 5371 692 5440 ﬁeri,
725 5369 886 5426 homo
914 5369 1086 5424 factus
1124 5367 1270 5424 etde
1323 5363 1517 5426 femina
1557 5380 1712 5430 natus
1755 5384 1854 5430 est.
1905 5377 1950 5432 A
1977 5390 2136 5435 carne

613 5485 630 5516 ι
667 5488 767 5532 Am.
791 5488 866 5530 Er.
892 5487 942 5530 et
960 5486 1065 5530 tres
1085 5487 1211 5542 Mss,
1236 5480 1477 5534 saeculari.

611 5547 634 5576 ³
666 5546 740 5594 sic
763 5552 866 5593 MSS.
892 5543 1009 5593 Fditi
1035 5554 1170 5602 vero,
1195 5542 1246 5593 in
1269 5556 1364 5608 quo
1383 5557 1479 5593 una
1495 5551 1564 5596 est
1587 5547 1790 5609 requies.

612 5609 633 5677 ς’
663 5613 849 5677 ,ψῃ-ξεν.
869 5613 919 5655 et
938 5609 1224 5677 fereomnes
1235 5607 1449 5677 3153.190
1461 5619 1563 5677 quq
1578 5622 1629 5656 re
1655 5607 1911 5676 signiﬁcat.

613 5667 636 5698 δ
668 5675 735 5716 tta
755 5674 864 5716 Mss.
900 5674 953 5716 Αι
977 5667 1113 5729 editi,
1135 5665 1178 5718 si
1197 5680 1308 5717 cum
1329 5662 1403 5718 illi
1427 5662 1737 5729 requiescunt.

609 5730 633 5763 ³
665 5729 737 5778 sic
758 5735 866 5777 Mss.
894 5733 945 5778 At
968 5728 1111 5790 editi,
1131 5733 1178 5778 et
1199 5729 1378 5792 recepit
1398 5728 1522 5780 eam.

1405 276 1492 330 nr.
1530 271 2078 331 CATECllIZANDlS
2116 269 2436 340 nuotnus,
2477 271 2536 328 s.
2579 269 2945 329 AUGUSTINI
3687 288 3759 348 δεῖ

2260 388 2458 459 quippe
2483 388 2834 443 contaminari
2863 403 2971 443 non
3013 394 3245 459 poterat,
3277 391 3391 462 ipse
3420 407 3612 454 carnem
3635 407 3762 472 potius

2259 477 2630 538 mundaturus.
2659 478 2677 533 Ι
2687 493 2837 548 psum
2862 481 3065 550 antiqui
3092 484 3260 539 sancti
3287 495 3555 560 venturum
3579 490 3623 546 in
3657 511 3761 554 rere.

2260 570 2462 627 latione
2506 569 2737 640 Spiritus
2780 584 3167 644 cognoverunt,
3196 585 3253 634 et
3281 580 3764 654 prophetaverunt;et

2258 661 2338 722 sic
2367 663 2499 724 salvi
2539 663 2664 724 facti
2715 675 2839 724 sunt
2864 667 3135 726 credendo
3178 671 3308 741 quia
3351 674 3542 744 veniet,
3570 678 3763 740 sicutnos

2259 758 2393 840 salvi
2421 758 2683 820 efficimur
2719 759 2990 824 credendo
3031 763 3155 834 quia
3185 766 3376 824 venit:
3404 777 3464 824 ut
3500 743 3765 842 diligerem:

2260 851 2449 917 Deum,
2476 852 2564 922 qui
2589 851 2669 907 sic
2692 867 2792 910 nos
2835 853 3048 924 dilexit,
3094 866 3155 912 ut
3199 860 3415 916 unicum
3448 860 3619 920 Filium
3658 882 3764 930 suum

2258 941 2515 1009 mitteret,
2543 941 2630 1012 qui
2651 942 2978 1004 humilitate‘
3022 956 3218 1003 nostra:
3239 952 3564 1010 mortalitatis
3578 955 3766 1030 indutus,

2260 1041 2315 1094 et
2341 1047 2371 1087 a
2399 1033 2768 1102 peccatoribus
2797 1045 2853 1092 et
2876 1049 2975 1106 pro
2996 1039 3366 1115 peccatoribus
3386 1053 3666 1102 moreretur.
3688 1048 3766 1106 lam

2259 1126 2402 1186 enim
2429 1126 2556 1181 olim
2582 1126 2648 1182 ab
2672 1126 2980 1188 ineuntibus
3006 1130 3221 1185 saaculis
3251 1134 3490 1202 mysterii
3526 1134 3663 1208 hujus
3679 1141 3762 1196 alti-
3845 1151 3848 1164 '

2258 1218 2389 1276 tudo
2413 1218 2742 1288 praeﬁgurari
2769 1223 3226 1296 prmnuntiarique
3255 1238 3368 1280 non
3396 1235 3580 1286 cessat.

2329 1308 2555 1366 CAPUT
2583 1309 2767 1368 XVIII.
2790 1311 2970 1374 ~29.
3011 1312 3092 1368 De
3119 1315 3338 1376 hominis
3361 1326 3408 1372 et
3436 1335 3589 1378 rerum
3609 1323 3768 1378 etiam

2258 1402 2510 1457 creatione
2535 1402 2655 1473 quid
2681 1401 3009 1464 credendum.
3042 1404 3094 1458 11
3100 1422 3212 1462 omo
3254 1407 3309 1464 in
3335 1409 3564 1481 paradiso
3585 1415 3767 1468 constitu-

2259 1501 2358 1552 ινδ.
2390 1492 2493 1550 Cur
2534 1502 2730 1584 creatus
2757 1495 2845 1565 qui
2883 1497 3240 1566 prwsciebatttr
3626 1503 3768 1576 [aput

2259 1584 2476 1642 hominis
2519 1593 2567 1638 et
2617 1587 2795 1662 angeli,
2833 1586 2965 1644 nihil
3008 1588 3116 1645 Deo
3161 1593 3354 1652 nocuit.
3405 1593 3642 1664 Quoniam
3675 1598 3769 1658 Deis

2258 1677 2618 1747 omnipotens.
2647 1687 2704 1732 et
2727 1677 2900 1744 bonus
2935 1688 2990 1743 et
3003 1681 3181 1752 justus
3211 1693 3268 1740 et
3304 1685 3611 1756 morionis,
3632 1691 3702 1760 qui
3720 1691 3765 1748 is

2258 1769 2334 1830 cit
2363 1770 2540 1826 omnia
2565 1770 2728 1840 bona,
2767 1771 2880 1828 sive
2918 1788 3124 1844 magna,
3145 1775 3474 1848 siveparva,
3499 1781 3602 1840 sive
3622 1798 3769 1841 summa

2258 1860 2384 1918 sive
2401 1860 2623 1928 inﬁma;
2655 1862 2772 1926 sive
2797 1879 2915 1935 quae
2937 1864 3203 1936 videntur,
3233 1868 3394 1936 sicuti
3419 1880 3538 1933 sunt
3566 1874 3719 1933 coelum
3735 1885 3768 1934 et

2260 1959 2404 2018 terra
2450 1961 2506 2012 et
2538 1968 2706 2024 mare,
2745 1963 2800 2010 et
2832 1955 2886 2009 in
2910 1956 3052 2025 cmlo
3094 1959 3264 2016 solet
3292 1961 3438 2028 luna,
3477 1972 3710 2024 eteadem
3728 1965 3770 2021 sic

2256 2041 2405 2109 dera,
2437 2043 2496 2099 in
2523 2053 2665 2100 terra
2705 2053 2884 2117 autem
2924 2055 2988 2102 et
3026 2048 3162 2117 mari
3199 2050 3430 2117 arbores
3461 2062 3520 2120 et,
3548 2053 3720 2114 frutices
3735 2065 3769 2116 et

2257 2135 2507 2200 animalia
2537 2150 2647 2194 suae
2671 2137 2932 2210 cujusque
2967 2149 3196 2207 naturae,
3227 2151 3286 2198 et
3309 2145 3488 2207 omnia
3510 2160 3696 2216 corpora
3713 2148 3767 2204 vel

2257 2224 2496 2292 coelestia
2521 2227 2606 2281 vel
2637 2229 2910 2294 terrestria
2929 2247 2946 2294 ;
2967 2230 3082 2294 sive
3110 2247 3234 2304 quae
3269 2249 3378 2298 non
3399 2236 3767 2303 videntur,
3833 2223 3851 2304 li

2256 2322 2383 2384 sunt
2407 2315 2626 2385 spiritus
2661 2318 2852 2388 quibus
2879 2333 3105 2390 corpora
3141 2332 3461 2393 vegetamur
3499 2325 3767 2386 etvivitican-
3833 2315 3851 2393 Ι

2258 2412 2344 2470 tur
2371 2423 2384 2460 :
2410 2405 2536 2470 facit
2561 2416 2617 2463 et
2641 2407 2914 2472 hominem
2935 2411 3002 2468 ad
3031 2411 3322 2484 imaginem
3352 2431 3532 2485 mam;
3569 2427 3619 2477 ut
3635 2434 3768 2489 quern-
3835 2395 3851 2489 Γ

2254 2497 2545 2566 admodum
2583 2501 2699 2572 ipse
2725 2518 2819 2572 per
2843 2505 3473 2576 omnipotentiamsunm
3505 2521 3674 2581 praeest
3685 2511 3765 2571 uni-

2255 2606 2427 2660 versas
2463 2602 2741 2662 creaturis,
2785 2595 2864 2652 sic
2900 2596 3062 2664 homo
3103 2615 3197 2670 per
3228 2601 3620 2678 intelligentiam,
3645 2617 3765 2669 suam,

2257 2697 2370 2754 qua
2388 2684 2550 2746 etiam
2578 2684 2887 2751 Creatorem
2915 2702 3068 2754 suum
3094 2694 3388 2761 cognoscit;
3399 2703 3458 2756 et
3477 2695 3608 2761 colit.
3630 2707 3766 2765 precs.

2254 2782 2340 2843 set
2358 2777 2608 2840 omnibus
2631 2779 2866 2836 terrenis
2892 2781 3236 2844 animalibus.
3267 2783 3418 2844 Fecit
3450 2787 3522 2846 illi
3545 2787 3677 2844 etiam
3700 2785 3764 2840 ad-

2250 2865 2508 2937 iutorium
2550 2868 2846 2928 feminam:
2876 2886 2988 2930 non
3023 2873 3092 2930 ad
3137 2877 3418 2938 carnalem
3459 2878 3764 2948 concupiscen-

2255 2959 2405 3026 tiam,
2434 2960 2864 3032 quandoquidem
2903 2979 3005 3022 nec
3046 2967 3422 3037 corruptibilia
3458 2985 3654 3040 corpora
3681 2977 3765 3026 tunc

2255 3051 2540 3120 habebant,
2581 3063 2869 3125 antequam
2913 3071 3010 3114 eos
3044 3059 3346 3120 mortalitas
3375 3062 3630 3121 invadet-st
3657 3074 3765 3133 poena

2253 3143 2493 3216 peccati;
2533 3143 2629 3202 sed
2671 3153 2731 3200 ut
2769 3145 2998 3206 haberet
3032 3158 3089 3212 et
3127 3151 3210 3214 vir
3255 3152 3481 3223 gloriam
3513 3152 3578 3208 de
3607 3151 3764 3215 famine,
3833 3143 3851 3223 1η

2253 3249 2384 3300 ⁸¹¹¹¹¹
2412 3237 2461 3293 εί
2489 3238 2796 3308 νηίτθιθά
2827 3239 3057 3308 θωπιῦ
3086 3257 3254 3314 seque
3298 3245 3378 3304 illi
3413 3246 3655 3318 praeberet
3682 3243 3764 3298 ωι-
3835 3235 3851 3318 ἐ

2254 3329 2476 3390 tandum
2512 3331 2564 3388 in
2594 3333 2877 3392 sanctitate
2911 3342 3073 3405 atque
3101 3336 3338 3407 pietate;
3383 3339 3516 3398 sicut
3551 3339 3765 3411 ipsum
3835 3329 3851 3411 ἰ

2253 3421 2430 3492 gloria
2449 3422 2564 3490 Dei,
2595 3437 2724 3484 cum.
2744 3424 2862 3495 ejus
2884 3427 3204 3496 sapientiam
3221 3440 3550 3506 sequeretur.

2326 3513 2415 3570 50.
2458 3515 3063 3587 Ιιιιιιιιθιοοιιβιὶιιιὶιοοβ
3088 3521 3140 3578 in
3157 3524 3402 3592 quodam
3419 3525 3540 3584 loco
3558 3529 3763 3595 perpetu

2254 3605 2599 3666 beatitudinis
2619 3649 2635 3675 ,
2680 3625 2845 3680 quem
2892 3613 3125 3683 appellat
3171 3614 3448 3689 Scriptura
3495 3616 3760 3689 paradisum

2254 3708 2689 3771 praeceptumque
2731 3702 2836 3760 illis
2864 3703 3034 3772 dedit,
3081 3707 3225 3777 quod
3268 3709 3322 3766 si
3359 3725 3464 3767 non
3496 3706 3762 3780 transgrede-

2254 3799 2461 3859 rentur,
2495 3793 2548 3848 in
2573 3793 2666 3850 illa
2689 3809 2904 3866 semper
2928 3798 3346 3859 immortalitatis
3361 3803 3666 3861 beatitudine
3678 3816 3762 3871 per-

2254 3893 2536 3942 manerent
2559 3901 2574 3936 :
2600 3886 2646 3940 si
2667 3896 2848 3946 autem
2874 3891 3398 3962 transgrederentur,
3419 3895 3650 3967 supplicia
3669 3906 3761 3948 mor-
3837 3886 3851 3967 Ιε

2255 3974 2476 4031 talitatis
2518 3978 2907 4047 expenderent.
2957 3959 3283 4042 Praisciehat
3321 3959 3500 4044 autem
3519 3959 3662 4044 illatis
3699 3996 3761 4040 ωε

2256 4073 2686 4136 transgressuros
2710 4088 2729 4124 τέ
2749 4071 2850 4128 sed
2882 4081 3061 4142 tamen
3093 4076 3217 4146 quia
3247 4078 3490 4135 conditor
3514 4086 3588 4134 est
3611 4086 3655 4132 et
3674 4072 3763 4130 clio-
3839 4071 3851 4146 1,

2254 4161 2372 4214 ator
2396 4157 2573 4214 omnis
2597 4158 2746 4228 boni,
2788 4163 2958 4232 magis
2981 4178 3080 4222 eos
3101 4165 3247 4233 fecit,
3278 4168 3489 4239 quando
3518 4168 3625 4225 fecit
3641 4173 3684 4220 et
3699 4163 3762 4218 ls-

2255 4248 2404 4317 stias,
2446 4258 2504 4305 ut
2541 4250 2790 4321 impleret
2833 4262 3032 4312 terram
3069 4257 3224 4316 bonis
3255 4262 3498 4319 temnis.
3541 4261 3603 4317 Et
3632 4258 3762 4326 υιῖφιθ

2253 4341 2447 4398 melior
2484 4353 2565 4399 est
2607 4343 2768 4402 homo
2817 4347 2980 4403 etiam
3024 4360 3294 4422 peccator,
3338 4370 3494 4426 quam
3530 4353 3688 4412 bestia-
3716 4347 3762 4403 Ει

2253 4445 2581 4505 praeceme
2598 4437 2743 4506 quod
2767 4453 2876 4493 non
2899 4451 3054 4506 erant
3073 4446 3358 4514 servaturi,
3387 4447 3546 4518 magis
3567 4442 3702 4508 dedit,
3725 4447 3762 4491 ιιι

2251 4537 2434 4584 essent
2472 4530 2885 4601 inexcusabiles,
2906 4548 3028 4592 cum
3056 4536 3112 4590 in
3134 4550 3229 4593 eos
3251 4539 3519 4606 vindicare
3539 4536 3752 4606 mense!-

2251 4619 2524 4692 Quidquid
2556 4623 2700 4678 enim
2727 4624 2888 4681 homo
2925 4627 3135 4697 fecerit,
3169 4630 3486 4690 laudabilem
3512 4632 3560 4687 in
3599 4624 3759 4683 suisu-

2250 4713 2354 4769 et-is
2386 4714 2590 4770 invenit
2628 4715 2844 4772 Deum:
2871 4719 2915 4774 si
2938 4730 3088 4776 recte
3115 4724 3302 4793 egerit,
3331 4723 3624 4780 laudabilem
3654 4720 3761 4773 intc-

2249 4804 2330 4859 nit
2370 4821 2467 4876 per
2497 4806 2757 4877 justitiam
2799 4811 3171 4880 pr‘amiorum;
3216 4815 3262 4870 si
3289 4815 3598 4887 peccaverit,
3627 4806 3760 4865 lauda-

2246 4897 2408 4955 bilem
2447 4899 2650 4956 invenit
2671 4916 2775 4972 per.
2785 4902 3060 4972 justitiam.
3081 4909 3460 4978 suppliciorum
3481 4925 3495 4974 ;
3531 4906 3572 4961 si
3599 4905 3757 4975 poeta”

2246 4991 2526 5048 confessus
2546 4993 2614 5050 ad
2644 5003 2793 5050 recte
2817 4997 3106 5054 vivendum
3131 5001 3369 5069 redierit,
3392 4998 3672 5056 laudabilem
3701 4991 3757 5044 in-

2245 5083 2394 5140 venit
2437 5099 2535 5155 per
2572 5085 3006 5144 misericordiam
3038 5089 3496 5162 indulgentiam
3537 5090 3630 5144 Cur
3665 5091 3755 5148 οτεο

2245 5187 2352 5232 non
2372 5174 2574 5231 faceret
2596 5175 2734 5233 Deus
2756 5177 3050 5245 hominem,
3079 5181 3318 5252 quamvis
3341 5183 3753 5251 ωηιρθωιιιπιηη

2243 5279 2626 5339 Pmnosceret,
2669 5286 2789 5328 eum
2829 5281 2890 5329 et
2928 5283 3163 5332 stantem
3201 5285 3492 5343 coronaret,
3529 5280 3580 5328 et
3609 5266 3752 5324 radio

2243 5369 2353 5416 tem
2397 5360 2692 5430 ordinaret,
2737 5372 2796 5418 et
2836 5377 3142 5436 surgentem
3183 5367 3467 5440 adiuvaret,
3511 5371 3686 5430 semper
3713 5360 3750 5405 ει

2242 5451 2439 5522 ubique
2479 5452 2594 5524 ipse
2638 5454 2902 5523 gloriosus
2929 5456 3185 5527 bonitate,
3242 5460 3458 5530 iustitia,
3500 5440 3750 5511 clementia?

2242 5544 2472 5600 maxime
2499 5544 2620 5614 quia
2649 5547 2722 5614 {et
2747 5545 2873 5602 illud
2906 5551 3234 5617 prassciebat,
3273 5552 3336 5607 de
3363 5545 3623 5622 propagine
3646 5549 3747 5594 mor-

2306 5683 2320 5714 ί
2360 5689 2457 5730 Am.
2486 5687 2538 5731 ct
2559 5687 2655 5737 Ern,
2678 5679 2989 5734 humanitate.

2304 5746 2323 5776 ⁸
2355 5750 2450 5805 Fr,
2473 5741 2752 5794 dominium.
2780 5745 2897 5795 Εόὶιὶ
2920 5745 3018 5810 alii,
3042 5746 3305 5800 Dominum.
