3882 6286
85 356 167 413 555
1408 330 1613 387 LIBER
1650 328 1851 387 UNUS.

86 468 259 525 L‘llllﬁtls
298 463 401 531 ejus
432 460 632 513 futuros
682 461 915 518 sanctos,
959 451 1047 522 qui
1093 463 1199 504 non
1245 447 1346 502 smi
1393 460 1608 516 quaere-

84 576 192 623 [ιιι.
230 558 311 612 sed
335 552 569 609 Creatori
609 564 704 605 suo
744 548 965 618 gloriam
1007 544 1219 606 darent,
1250 547 1304 594 et
1343 552 1466 595 eum
1514 552 1609 593 co-

84 652 209 709 lundo
254 649 313 701 ab
356 645 493 698 omni
549 640 886 710 corruptione
935 634 1164 700 liberati,
1217 646 1338 687 cum
1393 629 1614 701 Angelis

82 744 241 801 sanctis
273 753 473 807 semper
500 736 679 790 vivere
728 740 782 787 et
828 732 982 785 beate
1018 729 1198 783 vivere
1240 723 1612 780 mererentur?

85 836 160 902 Qui
179 833 301 887 enim
329 826 625 881 hominibus
651 822 797 879 dedit
827 822 1054 877 liberum
1090 817 1390 882 arbitrium,
1423 823 1480 868 nt
1508 828 1613 868 non

86 926 225 985 servili
251 920 575 984 necessitate,
617 916 710 971 sed
739 915 967 985 ingenua
995 910 1268 965 voluntate
1313 906 1482 962 Deum
1519 919 1615 960 co-

86 1024 238 1081 lerent,
259 1012 392 1068 dedit
426 1010 586 1064 etiam
613 1005 849 1078 Angelis.
880 1004 945 1058 Et
989 1002 1109 1057 ideo
1133 1014 1233 1054 nec
1259 996 1502 1067 angelus,
1528 996 1619 1066 qui

88 1125 181 1167 cum
210 1103 461 1181 Spiritibus
490 1101 611 1155 aliis
654 1096 971 1153 satellitibus
1004 1094 1114 1149 suis
1144 1088 1499 1162 snperbiendo
1524 1085 1620 1144 de-

89 1199 221 1257 seruit
240 1178 587 1250 ‘obcdientiam
610 1190 729 1255 Dei,
756 1197 809 1243 et
836 1186 1080 1241 diabolus
1102 1183 1271 1237 lactus
1292 1191 1393 1247 est,
1422 1178 1622 1249 aliquid

90 1286 367 1349 nocuitDeo,
398 1282 494 1338 sed
525 1280 625 1336 sibi
658 1297 671 1334 :
707 1278 855 1333 novit
894 1275 1036 1331 enim
1078 1274 1216 1327 Deus
1253 1271 1502 1327 ordinare
1526 1269 1623 1324 de-

91 1387 282 1436 serentes
303 1390 357 1430 se
384 1372 593 1427 animas
616 1368 716 1441 (a),
743 1376 798 1425 et
832 1382 897 1422 ex
924 1380 1106 1420 earum
1129 1365 1271 1433 justa
1299 1360 1512 1417 miseria
1539 1360 1624 1414 in-

96 1470 271 1527 feriores
307 1472 480 1535 partes
535 1468 795 1515 creatnrrc
842 1471 953 1511 sua:
1003 1451 1528 1510 convenientissimis
1573 1458 1628 1505 et

96 1553 530 1632 congruentissimis
582 1549 786 1620 legibus
838 1544 1166 1602 admiranda:
1213 1540 1627 1612 dispensationis

94 1649 295 1708 ornare‘.
313 1645 491 1715 itaque
520 1658 621 1698 nec
647 1639 896 1697 diabolus
920 1636 1116 1707 aliquid
1142 1636 1252 1690 Deo
1278 1634 1476 1698 nocuit,
1507 1631 1629 1701 quia

94 1744 158 1800 vel
176 1742 271 1812 ipse
288 1740 461 1808 lapsus
487 1744 592 1802 est,
624 1733 708 1789 vel
740 1731 1008 1785 hominem
1038 1726 1246 1783 seduxit
1269 1725 1336 1781 ad
1362 1733 1587 1779 mortem
1612 1739 1626 1776 :

93 1850 171 1892 nec
200 1834 298 1903 ipse
332 1831 491 1884 homo
530 1828 585 1883 in
616 1824 796 1896 aliquo
822 1822 1011 1878 minuit
1037 1821 1317 1876 veritatem
1352 1826 1443 1872 aut
1471 1824 1629 1885 pote-

97 1938 251 1985 statem
281 1932 367 1979 aut
390 1921 701 1978 beatitatem
733 1919 754 1949 ³
787 1913 1091 1973 Conditoris
1132 1912 1234 1979 sui,
1274 1911 1395 1983 quia
1421 1909 1633 1980 conjugi

94 2034 179 2079 sua:
198 2016 411 2073 seducta
427 2028 459 2068 a
483 2010 719 2076 diabolo,
746 2007 813 2063 ad
841 2007 894 2062 id
928 2006 1070 2077 quod
1097 2005 1237 2061 Deus
1259 2001 1630 2073 prohibuerat,

94 2110 267 2183 propria
311 2105 582 2161 voluntate
634 2099 925 2157 consensit.
972 2095 1292 2154 Justissimis
1338 2094 1482 2148 enim
1534 2092 1633 2146 Dei

94 2203 259 2276 legibus
282 2212 465 2256 omnes
493 2194 736 2251 damnati
760 2199 902 2257 sunt,
939 2190 1050 2244 Deo
1086 2187 1319 2260 glorioso
1344 2201 1440 2255 per
1468 2184 1639 2254 aequi-

95 2307 225 2353 tatem
266 2293 536 2359 vindictae,
587 2289 690 2360 ipsi
738 2280 1079 2359 iguominiosi
1116 2296 1214 2353 per
1254 2278 1639 2349 turpitudinem

96 2403 232 2461 poznaa
260 2384 401 2459 (Gen.
431 2399 491 2449 η,
523 2381 606 2452 ιιι)
637 2397 651 2434 :
680 2388 737 2433 nt
762 2385 815 2433 et
840 2376 1005 2431 homo
1030 2388 1061 2427 a
1090 2386 1186 2426 suo
1208 2369 1461 2425 Creatore
1481 2382 1640 2423 aver-

95 2457 166 2536 sus
186 2457 338 2533 victus
366 2472 586 2529 diabolo
610 2468 949 2534 subderetur,
980 2473 1036 2520 et
1074 2461 1315 2518 diabolus
1343 2458 1544 2513 homini
1574 2457 1641 2512 ad

101 2569 363 2625 Creatorem
401 2579 566 2620 suum
594 2574 856 2617 converso
891 2555 1188 2614 vincendus
1217 2557 1640 2623 proponeretur;

99 2667 143 2714 ut
164 2660 456 2730 quicumque
496 2651 718 2708 diabolo
759 2663 930 2719 usque
976 2648 1027 2702 in
1066 2645 1228 2701 ﬁnem
1255 2641 1638 2706 consentirent,

98 2766 193 2805 cum
219 2749 298 2804 illo
326 2748 463 2803 irent
488 2746 547 2800 in
576 2752 774 2799 mterna
801 2738 1094 2810 supplicia;
1118 2734 1439 2805 quicumque
1461 2740 1643 2784 autem

100 2840 391 2895 humiliarent
431 2850 493 2892 se
542 2833 675 2898 Deo,
716 2840 771 2885 et
808 2844 904 2900 per
952 2827 1067 2897 ejus
1106 2823 1331 2895 gratiam
1372 2819 1645 2877 diabolum

100 2930 347 2992 vincerent,
376 2934 583 2981 interna
618 2920 835 2992 praemia
861 2923 1215 2973 mererentur.

154 3018 352 3077 CAPUT
388 3016 542 3073 XIX.
570 3043 641 3055 —-
665 3013 753 3069 51.
796 3008 863 3064 In
907 3007 1138 3062 Ecclesia
1180 3005 1296 3059 boni
1332 3012 1376 3058 et
1413 3002 1551 3068 mali,
1593 3001 1648 3056 in

104 3113 181 3180 line
208 3108 482 3180 separandi.
523 3102 758 3160 Civitates
789 3100 904 3155 dua:
931 3098 993 3151 ab
1019 3097 1161 3150 initio
1192 3094 1386 3166 generis
1419 3092 1646 3146 humani.

104 3199 319 3254 Diluvium
354 3205 400 3252 et
428 3211 553 3249 arca
570 3199 959 3248 sacramentum.
990 3185 1068 3239 De
1087 3184 1376 3239 Abrahamo
1409 3191 1456 3236 et
1480 3181 1651 3236 Israe-

107 3292 213 3345 litico
249 3290 447 3361 papula.
504 3284 723 3341 Horum.
755 3282 890 3335 dicta
936 3288 981 3333 et
1024 3281 1179 3351 facta,
1228 3274 1492 3347 praphctia
1532 3274 1648 3343 fuit.

106 3379 249 3451 Neque
289 3379 389 3435 hoc
432 3392 537 3433 nos
580 3387 798 3430 movere
840 3370 1030 3435 debet;
1078 3368 1197 3438 quia
1243 3365 1396 3420 multi
1440 3364 1653 3420 diabolo

109 3473 419 3539 consentiunt,
451 3478 511 3527 et
536 3466 691 3539 pauci
730 3465 895 3519 Deum
940 3468 1274 3532 sequuntur:
1305 3456 1426 3527 quia
1463 3464 1517 3510 et
1542 3454 1655 3510 fru-

110 3572 303 3619 mentum
340 3563 391 3617 in
434 3557 839 3630 comparatione
868 3553 1141 3624 palearum
1168 3549 1323 3604 valde
1348 3547 1654 3618 pauciorem

111 3654 239 3709 habet
257 3666 556 3708 numerum.
592 3646 699 3704 Sed
741 3645 884 3700 sicut
911 3641 1142 3713 agricola
1179 3638 1326 3694 novit
1347 3636 1472 3708 quid
1502 3636 1658 3691 l‘aciat

113 3745 163 3801 de
190 3746 368 3817 ingenti
394 3756 593 3799 acervo
617 3738 804 3811 paleae,
842 3737 919 3791 sic
942 3733 1077 3789 nihil
1117 3738 1201 3787 est
1239 3731 1347 3785 Deo
1375 3727 1657 3784 multitudo

114 3847 431 3904 peccatorum,
468 3832 564 3904 qui
603 3830 749 3886 novit
799 3826 927 3897 quid
972 3824 1039 3897 de
1080 3823 1186 3878 illis
1224 3830 1363 3892 agat,
1397 3830 1454 3875 nt
1488 3819 1658 3873 admi-

115 3926 317 3981 nistratio
338 3925 486 3996 regni
517 3924 634 3993 ejus
660 3935 727 3977 ex
743 3916 886 3973 nulla
922 3924 1069 3986 parte
1095 3913 1338 3968 turbetur
1360 3919 1518 3982 atque
1545 3918 1661 3963 tur-

117 4026 257 4084 petur.
294 4016 403 4072 Nec
431 4015 553 4070 ideo
585 4009 852 4083 putandus
894 4017 976 4063 est
1002 4006 1194 4061 vicisse
1236 4004 1498 4067 diabolus,
1536 4003 1660 4072 quia

119 4121 263 4160 secum
300 4108 496 4177 plures,
536 4118 657 4159 cum
697 4101 892 4171 quibus
925 4114 955 4153 a
988 4097 1170 4168 paucis
1212 4097 1533 4161 vinceretur,
1575 4103 1660 4148 at-

118 4198 264 4251 traxit.
303 4198 423 4251 Duce
468 4197 649 4265 itaque
683 4192 945 4257 civitates,
987 4203 1091 4243 una
1127 4186 1447 4257 iniquorum,
1492 4185 1661 4239 altera

120 4308 403 4365 sanctorum,
435 4297 503 4351 ab
524 4294 676 4349 initio
703 4288 917 4362 generis
954 4284 1174 4341 humani
1206 4298 1372 4353 usque
1412 4282 1466 4335 in
1502 4280 1663 4336 linem

122 4390 269 4444 saeculi
296 4388 671 4459 perducuntur,
718 4395 857 4437 nunc
902 4376 1175 4451 permixta:
1204 4372 1534 4443 corporibus,
1567 4371 1664 4427 sed

124 4479 444 4533 voluntatibus
468 4483 750 4548 separatae,
783 4473 834 4526 in
865 4471 952 4525 die
984 4483 1115 4523 vero
1139 4465 1321 4537 judicii
1350 4465 1509 4519 etiam
1546 4478 1665 4518 cor-

127 4583 230 4637 pore
258 4569 578 4641 separandae.
618 4566 819 4621 Omnes
847 4563 990 4617 enim
1033 4560 1279 4615 homines
1307 4565 1548 4612 amantes
1578 4570 1665 4612 su-

128 4659 325 4725 perbiam
352 4670 403 4714 et
440 4657 785 4727 temporalem
817 4652 1234 4708 dominationem
1263 4663 1385 4703 cum
1422 4662 1558 4702 vano
1580 4656 1665 4718 ty-

130 4751 215 4818 pho
231 4760 278 4807 et
298 4767 481 4822 pompa
502 4747 843 4819 arrogantiae,
872 4758 1165 4813 omnesque
1185 4741 1402 4813 spiritus
1424 4740 1512 4810 qui
1544 4740 1667 4795 talia

133 4839 336 4910 diligunt,
364 4850 416 4897 et
440 4842 659 4911 gloriam
691 4852 840 4893 suam
867 4835 1197 4905 snbjectione
1227 4833 1499 4887 hominum
1524 4846 1669 4900 qure-

136 4943 250 5002 runt,
286 4936 432 4991 simul
473 4952 575 4990 una
619 4932 875 4990 societate
916 4929 1145 4985 devincti
1190 4937 1342 4993 sunt;
1390 4927 1485 4983 sed
1530 4936 1584 4982 et
1621 4927 1667 4982 si

138 5025 279 5093 sape’
314 5026 583 5081 adversum
616 5040 674 5081 se
704 5040 799 5094 pro
838 5023 919 5077 his
956 5021 1114 5076 rebus
1143 5019 1411 5084 dimicant,
1443 5017 1559 5089 pari
1587 5026 1669 5073 ta—

139 5128 237 5169 men
278 5117 499 5186 pondere
539 5115 842 5186 cupiditatis
889 5114 942 5169 in
982 5111 1225 5168 eamdem
1257 5110 1669 5181 profunditatem

140 5208 504 5276 precipitantur,
536 5218 592 5264 et
616 5208 716 5262 sibi
755 5220 960 5261 morum
990 5212 1044 5259 et
1076 5202 1385 5258 meritorum
1429 5201 1672 5255 similitu-

141 5294 241 5351 dine
284 5299 679 5371 conjnngnntur.
737 5296 807 5352 Et
857 5309 1041 5350 rursus
1090 5308 1277 5348 omnes
1328 5292 1571 5346 homines
1618 5297 1673 5345 et

142 5399 299 5444 omnes
320 5391 523 5460 spiritus
552 5390 824 5447 humiliter
854 5388 946 5443 Dei
973 5385 1193 5458 gloriam
1215 5394 1536 5455 quaerentes,
1565 5396 1672 5437 non

147 5490 287 5546 suam,
321 5491 370 5536 et
405 5497 518 5538 enm
541 5484 740 5555 pietate
783 5486 1068 5545 sectantes,
1112 5476 1178 5532 ad
1208 5491 1366 5531 unam
1407 5474 1674 5546 pertinent

199 5630 216 5695 ξ
242 5629 335 5695 Sola
355 5633 492 5685 editio
503 5642 635 5695 Lov.,
659 5632 901 5685 ordinare.

200 5691 220 5767 ξ
246 5691 445 5767 flando
463 5691 832 5767 uisu-omittunt,
844 5700 938 5765 .aut
955 5691 1241 5744 beatitatem.

203 5750 221 5821 ξ
595 5763 720 5821 sunt,
740 5761 790 5821 ct
813 5750 853 5808 si
874 5769 1000 5821 mre
1014 5768 1031 5818 ;
1051 5768 1244 5817 omisso,
1271 5756 1368 5804 sed.

200 5808 323 5874 (al'tt
340 5808 529 5870 ἠθικα.
566 5808 669 5882 ων.
699 5808 772 5867 it.

3194 326 3299 387 ΞΜ

1718 444 2050 501 societatem.
2083 444 2149 499 Et
2172 450 2350 500 tamen
2377 444 2519 500 Dens
2552 441 3103 510 misericordissimus,
3126 453 3178 499 et
3206 460 3303 501 su-

1719 552 1816 608 per
1841 537 2031 607 impios
2058 536 2301 591 homines
2330 536 2536 606 patiens
2566 541 2666 603 est,
2706 543 2761 590 et
2793 532 2995 607 praebet
3026 535 3107 592 eis
3130 536 3305 607 paeni-

1720 628 1902 685 tentiae
1926 636 2081 698 atque
2103 627 2448 682 correctionis
2472 626 2668 681 locum.

1793 717 1883 775 32.
1921 717 2053 773 Nam
2101 726 2155 773 et
2181 716 2323 787 quod
2351 731 2536 772 omnes
2574 715 2780 771 diluvio
2822 711 3042 781 delevit,
3080 725 3340 788 excepto‘

1723 824 1832 871 uno
1853 809 1996 880 justo
2021 823 2142 864 cum
2170 807 2298 873 suis,
2328 821 2460 879 quos
2487 807 2686 863 in'arca
2714 808 2914 863 servari
2939 806 3125 874 voluit,
3148 823 3311 865 nove-

1724 910 1810 957 rat
1838 902 2053 972 quidem
2077 900 2219 971 quod
2241 915 2347 955 non
2376 914 2436 955 se
2462 900 2756 955 correcturi
2785 908 2967 955 essent
2995 917 3007 953 :
3036 910 3310 956 verumta-

1726 1008 1851 1050 men
1880 1008 2001 1047 cum
2039 1007 2134 1062 per
2162 998 2376 1047 centum
2401 1005 2575 1046 annos
2598 1004 2720 1045 arca
2752 988 3004 1045 fabricata
3031 999 3132 1056 est,
3166 1007 3306 1061 pra:-

1728 1083 2008 1140 dicabatur
2067 1084 2250 1153 utique
2301 1083 2380 1140 eis
2442 1083 2519 1138 ira
2577 1083 2675 1138 Dei
2729 1091 2951 1138 ventura
3008 1099 3170 1155 super
3222 1100 3315 1140 eos

1731 1173 1881 1246 (Gen.
1919 1189 1991 1240 vr,
2028 1173 2158 1244 vn);
2187 1180 2244 1228 et
2284 1173 2329 1228 si
2364 1170 2807 1228 converterentur
2828 1174 2845 1204 ί
2878 1173 2942 1228 ad
2973 1174 3162 1241 Deum,
3194 1191 3316 1245 par-

1731 1273 1880 1322 ceret
1915 1266 2014 1331 eis,
2043 1266 2180 1320 sicut
2210 1265 2446 1336 pepercit
2481 1274 2661 1334 postea
2692 1262 2879 1319 Ninive
2913 1265 3111 1319 civitati
3142 1269 3317 1337 agenti

1732 1356 2121 1429 paenitentiam,
2156 1372 2276 1411 cum
2311 1355 2360 1410 ei
2390 1370 2485 1425 per
2520 1354 2831 1425 prephetam
2888 1354 3119 1411 futurum
3162 1355 3321 1410 inter-

1732 1451 1864 1506 itum
1892 1449 2300 1519 przenuntiasset
2330 1447 2499 1518 (Iona:
2521 1450 2622 1518 ιιι).
2655 1446 2767 1502 Hoc
2789 1458 2966 1503 autem
3004 1449 3125 1504 facit
3156 1449 3317 1512 Dens,

1734 1541 1897 1596 etiam
1924 1540 2025 1595 illis
2051 1554 2183 1611 quos
2210 1539 2357 1595 novit
2394 1540 2446 1593 in
2478 1539 2678 1594 malitia
2716 1550 3149 1609 perseveraturos
3185 1541 3320 1597 dans

1736 1630 2030 1702 paenitendi
2052 1631 2302 1701 Spatium,
2325 1639 2383 1684 ut
2406 1638 2643 1685 nostram
2666 1630 2969 1700 patientiam
2994 1642 3241 1686 exerceat
3266 1641 3323 1686 et

1737 1724 1987 1778 informet
2012 1723 2257 1792 exemplo
2286 1736 2418 1789 suo;
2460 1736 2564 1792 quo
2591 1722 2900 1777 noverimus
2936 1731 3191 1793 quantum
3222 1739 3321 1779 nos

1738 1821 1983 1884 oporteat
2000 1813 2346 1868 tolerabiliter
2368 1813 2534 1868 malos
2557 1814 2842 1879 sustinere,
2866 1829 2988 1870 cum
3015 1816 3324 1886 ignoremus

1740 1906 1927 1977 quales
1957 1914 2140 1975 postea
2169 1904 2328 1959 futuri
2369 1912 2514 1971 sunt,
2543 1903 2755 1974 quando
2796 1905 2887 1959 ille
2915 1907 3084 1975 parcit
3121 1915 3175 1961 et
3200 1907 3327 1963 sinit

1741 2011 1835 2053 eos
1861 1996 2062 2061 vivere,
2111 2010 2267 2066 quem
2305 1995 2437 2050 nihil
2475 1995 2770 2049 futurorum
2811 1996 2960 2050 latet.
2988 1994 3326 2053 Prrenuntia-

1744 2088 1901 2147 batur
1940 2097 2115 2144 tamen
2163 2088 2324 2142 etiam
2373 2086 2557 2143 diluvii
2608 2096 2944 2142 sacramento
2988 2101 3092 2156 quo
3138 2103 3231 2156 per
3270 2088 3333 2141 li-

1744 2194 1903 2250 gnum
1937 2179 2067 2249 justi
2098 2178 2309 2233 liberati
2351 2186 2494 2243 sunt,
2539 2177 2716 2232 futura
2758 2176 2996 2232 Ecclesia
3036 2192 3195 2247 quam
3236 2193 3332 2234 rex

1745 2271 1863 2343 ejus
1897 2279 1951 2326 et
1985 2270 2127 2325 Deus
2149 2269 2394 2324 Christus
2418 2269 2677 2340 mysterio
2717 2282 2828 2322 suae
2871 2267 3047 2324 crucis
3076 2269 3144 2323 ab
3172 2268 3333 2339 hujus

1746 2361 1929 2416 saeculi
1973 2359 2340 2415 submersione
2392 2357 2690 2428 suSpendit.
2746 2357 2931 2428 Neque
2990 2358 3134 2414 enim
3192 2358 3335 2415 Deus

1748 2451 2026 2525 ignorabat
2048 2451 2193 2521 quod
2225 2452 2386 2506 etiam
2409 2465 2473 2505 ex
2506 2450 2609 2504 illis
2638 2448 2727 2519 qui
2754 2449 2967 2505 fuerant
2992 2449 3045 2504 in
3074 2464 3197 2504 arca
3223 2464 3337 2505 ser-

1748 2544 1876 2607 vati,
1908 2543 2161 2597 nascitnri
2190 2551 2342 2597 erant
2370 2540 2517 2607 mali,
2551 2539 2643 2610 qui
2673 2537 2862 2595 faciem
2900 2550 3057 2595 terra:
3082 2538 3337 2610 iniquita-

1750 2634 1892 2690 tibus
1914 2635 2104 2689 iterum
2144 2632 2470 2703 implerent:
2504 2630 2597 2684 sed
2638 2639 2812 2685 tamen
2839 2638 2894 2684 et
2925 2630 3229 2701 exemplum
3255 2629 3338 2685 fu-

1752 2725 1856 2780 turi
1893 2724 2079 2794 judicii
2133 2722 2297 2788 dedit,
2345 2729 2398 2776 et
2449 2728 2754 2775 sanctorum
2799 2720 3164 2775 liberationem
3207 2721 3340 2791 ligni

1751 2816 2011 2888 mysterio
2031 2813 2428 2885 praenuntiavit.
2459 2810 2593 2866 Nam
2633 2821 2689 2866 et
2713 2820 2834 2881 post
2866 2810 2984 2866 haec
3020 2826 3127 2867 non
3156 2826 3339 2867 cessa-

1751 2910 1829 2964 vit
1854 2908 2177 2977 repullulare
2217 2904 2415 2959 malitia
2445 2919 2537 2973 per
2576 2901 2881 2972 superbiam
2913 2912 2967 2957 ct
3008 2902 3257 2958 libidines
3285 2911 3343 2959 et

1754 3001 1965 3058 illicitas
2010 3000 2331 3070 impietates,
2380 3010 2501 3050 cum
2550 2995 2796 3050 homines
2841 2993 3055 3049 deserto
3088 2994 3344 3051 Creatore

1755 3111 1875 3161 suo,
1919 3109 2027 3149 non
2065 3094 2238 3148 solum
2280 3090 2348 3143 ad
2387 3097 2687 3144 creaturam
2733 3102 2893 3157 quam
2931 3088 3073 3141 Deus
3105 3086 3347 3142 condidit

1756 3187 1893 3258 lapsi
1923 3192 2068 3251 sunt,
2099 3192 2158 3239 ut
2178 3198 2275 3253 pro
2303 3183 2413 3237 Deo
2442 3180 2684 3234 colerent
2716 3177 2859 3249 quod
2886 3177 3010 3232 fecit
3045 3178 3220 3246 Deus;
3250 3177 3346 3233 sed

1756 3280 1917 3335 etiam
1958 3277 2025 3332 ad
2067 3289 2230 3348 opera
2270 3287 2525 3327 manuum
2557 3270 2831 3325 hominum
2876 3277 2933 3324 et
2968 3268 3036 3324 ad
3071 3268 3346 3325 fabrorum

1758 3370 1983 3427 artiﬁcia
2008 3374 2369 3425 curvavernnt
2389 3365 2596 3419 animas
2616 3377 2759 3425 suas,
2793 3362 2882 3417 ubi
2907 3361 2974 3418 de
3003 3362 3108 3418 illis
3140 3363 3348 3433 turpius

1760 3462 2001 3517 diabolus
2027 3469 2081 3515 et
2105 3457 2363 3513 dmmonia
2388 3454 2810 3525 triumpharent;
2840 3469 2958 3524 qua:
2985 3467 3045 3507 se
3066 3453 3121 3507 in
3151 3452 3349 3509 talibus

1761 3551 2029 3624 ﬁgmentis
2050 3549 2257 3605 adorari
2290 3546 2640 3616 venerarique
2666 3545 2936 3612 laetantur,
2968 3544 3095 3599 dum
3122 3558 3340 3601 errores

1762 3660 1890 3702 suos
1921 3644 2166 3719 humanis
2193 3641 2468 3697 erroribus
2494 3641 2779 3709 pascunt”.

1836 3738 1927 3793 55.
1967 3736 2151 3806 Neque
2181 3743 2304 3788 tunc
2343 3746 2472 3786 sane
2497 3728 2781 3785 defuerunt
2803 3729 2931 3801 justi
2960 3729 3051 3801 qui
3076 3730 3243 3785 Deum
3264 3729 3352 3800 pie

1764 3835 2090 3904 quaererent,
2121 3836 2176 3881 et
2218 3826 2522 3897 superbiam
2551 3824 2751 3880 diaboli
2786 3824 3085 3889 vincerent,
3115 3821 3261 3878 cives
3284 3821 3352 3877 il-

1767 3927 1870 3980 lius
1899 3929 2097 3979 sancta:
2137 3920 2387 3985 civitatis,
2431 3932 2565 3987 quos
2608 3918 2750 3987 regis
2776 3918 2857 3971 sui
2900 3916 3097 3972 Christi
3130 3924 3353 3972 ventura

1768 4018 2040 4074 humilitas
2078 4029 2173 4084 per
2219 4011 2473 4081 Spiritum
2514 4009 2752 4064 revelata
2795 4008 3023 4063 sanavit.
3056 4007 3133 4061 Ex
3162 4008 3355 4078 quibus

1768 4109 2038 4165 Abraham
2056 4107 2173 4177 pius
2188 4113 2243 4158 et
2255 4103 2426 4157 ﬁdelis
2441 4101 2534 4155 Dei
2546 4116 2732 4155 servus
2750 4100 2952 4155 electus
2962 4108 3045 4153 est
3061 4098 3213 4168 (Gen.
3228 4098 3352 4171 xu),

1767 4201 1851 4255 cui
1873 4200 2335 4254 demonstraretur
2355 4200 2743 4246 sacramentum
2767 4190 2886 4244 Filii
2913 4190 3030 4255 Dei,
3055 4200 3113 4245 ut
3136 4200 3354 4260 propter

1767 4291 2121 4346 imitationem
2153 4286 2277 4341 ﬁdei
2300 4299 2489 4340 omnes
2518 4284 2701 4338 lideles
2726 4283 2965 4337 omnium
2988 4284 3224 4353 gentium
3258 4285 3356 4339 lilii

1771 4383 1888 4454 ejus
1926 4380 2088 4436 futuri
2128 4378 2451 4433 dicerentur.
2494 4375 2578 4430 Ex
2620 4374 2711 4428 illo
2757 4382 2912 4428 natus
2940 4382 3025 4430 est
3066 4375 3293 4445 populus
3322 4390 3352 4428 a

1769 4488 1877 4546 quo
1914 4486 2052 4528 unus
2089 4471 2229 4525 Deus
2273 4483 2429 4523 verus
2471 4466 2737 4521 coleretur
2769 4464 2860 4534 qni
2900 4464 3026 4519 fecit
3068 4465 3261 4519 coelum
3303 4474 3358 4519 et

1770 4574 2002 4630 terram,
2030 4577 2150 4618 eum
2180 4568 2388 4615 caetera:
2427 4566 2614 4627 gentes
2651 4556 2954 4612 simulacris
2987 4563 3042 4609 et
3079 4555 3360 4610 daemoniis

1772 4660 2051 4716 servirent.
2079 4654 2137 4710 In
2166 4669 2230 4710 eo
2258 4653 2415 4724 plane
2446 4650 2643 4721 populo
2666 4648 2835 4703 multo
2858 4646 3157 4703 evidentius
3184 4647 3359 4702 futura

1774 4750 2013 4808 Ecclesia
2040 4748 2261 4819 ﬁgurata
2293 4752 2393 4800 est.
2424 4743 2553 4797 Erat
2578 4740 2723 4795 enim
2755 4738 2826 4792 ibi
2852 4738 3135 4794 multitudo
3173 4754 3362 4794 carna-

1774 4844 1860 4909 lis,
1908 4857 2027 4913 qua:
2071 4847 2288 4910 propter
2332 4832 2563 4889 visibilia
2607 4829 2866 4885 beneﬁcia
2918 4829 3127 4885 colebat
3170 4830 3361 4885 Deum.

1775 4936 1941 4992 Erant
1966 4932 2038 4987 ibi
2062 4938 2237 4986 autem
2266 4925 2423 4996 pauci
2450 4923 2685 4978 futuram
2712 4921 2953 4991 requiem
2984 4920 3279 4991 cogitantes
3308 4930 3366 4974 et

1776 5025 2047 5081 caelestem
2094 5018 2321 5090 patriam
2358 5014 2712 5085 requirentes,
2757 5010 2951 5081 quibus
2993 5011 3365 5080 prephetando

1779 5112 2114 5172 revelabatur
2158 5107 2336 5162 futura
2378 5103 2651 5160 humilitas
2702 5098 2819 5167 Dei,
2867 5102 3007 5171 regis
3052 5110 3106 5155 et
3155 5100 3365 5155 Domini

1777 5204 1946 5261 nostri
1978 5201 2108 5257 Jesu
2136 5197 2354 5267 Christi,
2386 5204 2445 5251 ut
2484 5208 2584 5265 per
2620 5207 2739 5250 eam
2778 5190 2938 5248 ﬁdem
2983 5190 3051 5245 ab
3090 5193 3235 5246 omni
3265 5208 3363 5248 su-

1779 5296 1960 5369 perbia
1988 5300 2046 5350 et
2070 5301 2281 5348 tumore
2307 5295 2641 5345 sanarentur.
2684 5283 2885 5340 Horum
2913 5292 3241 5349 sanctorum,
3272 5284 3362 5354 qui

1778 5390 2167 5461 prmcesserunt
2206 5391 2446 5451 tempore
2492 5377 2824 5434 nativitatem
2866 5375 3099 5440 Domini,
3129 5388 3235 5428 non
3277 5387 3365 5427 so-

1781 5483 1892 5537 lum
1920 5492 2118 5543 sermo,
2148 5474 2243 5531 sed
2263 5475 2423 5529 etiam
2446 5472 2573 5537 vita,
2595 5478 2651 5525 et
2674 5468 2942 5539 coniugia,
2972 5474 3022 5520 et
3048 5465 3162 5529 lilii,
3195 5472 3250 5519 et
3280 5464 3361 5516 ra-

1782 5582 1888 5640 eta,
1934 5568 2213 5641 pr0phetia
2255 5565 2353 5619 fuit
2402 5565 2559 5633 hujus
2598 5559 2879 5629 temporis,
2921 5570 3025 5626 quo
3073 5570 3170 5625 per
3201 5554 3361 5610 ﬁdem

1849 5688 1862 5717 ι
1884 5690 1958 5732 Er.
1982 5690 2033 5732 et
2054 5688 2188 5741 Lov.,
2211 5683 2262 5729 ut
2281 5676 2324 5729 si
2344 5678 2749 5727 converterentur.
2768 5679 2866 5720 Am.
2895 5674 2947 5721 et
2967 5674 3094 5729 Mss,
3115 5670 3163 5717 et
3183 5663 3231 5719 si
3248 5678 3363 5717 con-

1788 5749 2081 5799 verterentur
2109 5777 2121 5791 .
2635 5790 2647 5801 ο

1851 5812 1869 5841 ²
1904 5801 2213 5855 r'loriacensls
2236 5801 2428 5853 quidam
2451 5805 2551 5857 MS.,
2580 5796 2793 5844 nascent.
