3882 6286
572 319 679 379 355

571 430 834 503 passionis
865 425 1062 484 Christi
1098 439 1164 482 ex
1202 421 1452 496 gentibus
1498 428 1850 490 congregatur
1879 416 2145 472 Ecclesia.

571 523 678 579 Per
709 521 830 577 illos
878 526 1089 574 sanctos
1136 512 1472 570 l’atriarchas
1508 520 1563 567 et
1608 509 1903 580 Prophetas
1945 505 2148 562 carnali

570 609 772 689 populo
800 609 982 678 lsrael,
1010 609 1099 680 qui
1126 614 1308 678 postea
1345 604 1507 660 etiam
1533 601 1702 658 Judwi
1724 598 1970 671 appellati
2001 605 2146 663 sunt,

570 716 627 763 et
656 703 879 761 visibilia
908 700 1164 758 beneﬁcia
1191 696 1627 754 ministrabantur
1653 708 1771 764 qua:
1808 690 2093 747 carnaliter
2118 702 2150 741 a

573 796 803 852 Domino
828 791 1218 855 desiderabant,
1257 798 1311 843 et
1337 785 1689 843 coercitiones
1718 796 1991 852 prunarum
2031 793 2152 834 cora

570 889 835 961 poralium
865 885 1056 956 quibus
1094 898 1192 953 pro
1218 889 1458 949 tempore
1498 884 1844 941 terrerentur,
1886 873 2024 927 sicut
2058 885 2151 925 eo-

573 997 694 1037 rum
731 979 940 1036 duritia:
974 974 1315 1046 congruebat.
1354 970 1421 1025 Et
1459 969 1513 1025 in
1558 968 1641 1022 his
1683 975 1860 1021 tamen
1903 961 2151 1018 omnibus

573 1073 829 1146 mysteria
848 1067 1141 1140 spiritualia
1167 1062 1618 1136 signiﬁcabantur,
1640 1073 1759 1130 qua:
1783 1056 1849 1111 ad
1883 1053 2152 1146 Christum

571 1144 646 1219 eti
676 1159 968 1219 Eeclesiam
1015 1157 1345 1228 pertinerent
1372 1171 1386 1207 :
1413 1152 1565 1222 cujus
1610 1149 1863 1204 Ecclesia:
1911 1144 2153 1200 membra

574 1263 727 1310 erant
767 1252 927 1307 etiam
960 1249 1037 1304 illi
1067 1245 1259 1312 sancti,
1304 1243 1546 1315 quamvis
1588 1243 1642 1296 in
1672 1241 1769 1295 hac
1810 1239 1919 1292 vita
1958 1236 2155 1292 fuerint

570 1352 861 1413 antequam
905 1337 1199 1395 secundum
1242 1350 1458 1391 carnem
1495 1332 1740 1387 Christus
1768 1330 2028 1384 Dominus
2061 1342 2156 1381 na-

569 1444 827 1493 sceretur.
872 1433 990 1502 Ipse
1031 1431 1174 1486 enim
1218 1426 1521 1499 unigenitus
1553 1424 1648 1479 Dei
1691 1422 1876 1487 Filius,
1917 1420 2153 1477 Verbum

570 1524 765 1590 Patris,
814 1521 1019 1592 aequale
1054 1528 1108 1575 et
1146 1526 1470 1574 coaeternnm
1512 1512 1678 1579 Patri,
1716 1528 1810 1582 per
1834 1509 1975 1582 quod
2017 1509 2155 1565 facta

571 1626 697 1674 sunt
728 1616 927 1681 omnia,
970 1614 1136 1668 homo
1166 1620 1381 1682 propter
1423 1623 1523 1663 nos
1563 1606 1736 1662 factus
1761 1612 1864 1671 est,
1911 1614 1970 1658 ut
1995 1603 2156 1657 totius

570 1707 831 1764 Ecclesiae
875 1714 1125 1773 tanquam
1156 1700 1317 1755 totius
1360 1696 1602 1768 corporis
1645 1702 1802 1764 caput
1837 1701 1999 1748 esset.
2049 1691 2156 1747 Sed

570 1800 719 1855 velut
752 1804 896 1851 totus
923 1794 1084 1848 homo
1127 1790 1253 1845 dum
1299 1788 1554 1852 nascitur,
1597 1784 1806 1841 etiarnsi
1849 1797 2068 1837 manum
2099 1782 2155 1837 in

571 1886 842 1945 nascendo
866 1881 1175 1954 praemittat,
1218 1889 1396 1934 tamen
1425 1877 1671 1933 universo
1704 1874 1915 1945 corpori
1945 1873 2045 1928 sub
2074 1888 2157 1928 ca-

569 1979 682 2051 pite
723 1976 1003 2045 conjuncta
1042 1983 1201 2043 atque
1240 1978 1518 2041 compacta
1562 1976 1663 2034 est,
1700 1964 2150 2037 quemadmodum

574 2069 737 2125 etiam
767 2065 1009 2121 nonnulli
1032 2064 1086 2119 in
1117 2063 1246 2133 ipsis
1274 2060 1600 2117 Patriarchis
1620 2059 1687 2113 ad
1714 2059 1868 2129 hujus
1891 2057 2055 2128 ipsius
2078 2058 2158 2113 rei

574 2161 785 2231 signum
812 2172 970 2212 manu
1002 2154 1272 2225 prmmissa
1310 2152 1418 2207 nati
1447 2160 1573 2206 sunt
1600 2148 2018 2221 (Gen.xxv,25)
2043 2166 2057 2203 :
2086 2148 2159 2203 ita

575 2263 766 2305 omnes
787 2248 956 2303 sancti
985 2245 1074 2316 qui
1113 2255 1237 2299 ante
1266 2242 1476 2298 Domini
1502 2242 1667 2296 nostri
1694 2241 1821 2296 .lesu
1840 2240 2037 2295 Christi
2061 2256 2158 2295 na-

572 2343 834 2398 tivitatem
866 2340 918 2394 in
948 2337 1108 2394 terris
1134 2336 1366 2402 fuerunt,
1404 2332 1646 2405 quamvis
1689 2340 1813 2386 ante
1857 2332 1967 2386 nati
2010 2340 2156 2399 sunt,

574 2443 756 2489 tamen
793 2430 1043 2486 universo
1083 2427 1317 2498 corpori,
1362 2424 1514 2496 cujus
1549 2424 1637 2479 ille
1676 2433 1836 2494 caput
1876 2424 2017 2489 esti,
2058 2423 2159 2478 sub

575 2526 750 2595 capite
774 2522 1134 2577 cohaeserunt.

652 2611 879 2670 CAPUT
896 2608 1092 2667 XX.—
1112 2608 1200 2665 ⁸54.
1223 2607 1578 2662 lsraelilarum
1603 2605 1811 2660 servitus
1835 2605 1887 2659 in
1903 2602 2153 2676 Egypto,

573 2715 622 2761 et
647 2703 874 2760 liberalia
901 2703 1075 2772 viaque
1101 2716 1191 2771 per
1213 2714 1353 2754 mare
1374 2697 1627 2753 Rubrum.
1658 2695 1947 2767 Baptismus
1967 2696 2163 2766 ﬁgura—

576 2807 677 2852 tus.
705 2796 823 2851 Ovis
843 2793 1119 2848 immolatio
1145 2791 1393 2861 passionis
1418 2787 1606 2843 Christi
1630 2789 1815 2857 ﬁgura.
1840 2788 1948 2843 Lex
1968 2788 2160 2859 scripta

576 2887 735 2958 digito
761 2884 876 2939 Dei.
904 2882 1189 2937 Jerusalem
1222 2893 1370 2950 typus
1403 2879 1617 2933 civitatis
1656 2878 1885 2933 cwleslis.
1926 2878 2160 2948 Populus

576 2992 707 3047 ergo
725 2975 814 3030 ille
835 2973 1039 3028 delatus
1057 2971 1112 3026 in
1127 2969 1439 3041 Egyptum,
1465 2969 1683 3024 servivit
1710 2970 1820 3038 regi
1849 2968 2155 3034 durissimo;

574 3077 633 3124 et
656 3063 982 3139 gravissimis
1010 3062 1279 3118 laboribus
1306 3060 1578 3128 eruditus,
1610 3059 1855 3130 quaesivit
1902 3058 2158 3115 liberato-

575 3174 692 3216 rem
741 3159 905 3214 Deum
940 3173 954 3209 :
985 3164 1040 3211 et
1072 3153 1264 3209 missus
1291 3162 1375 3209 est
1404 3152 1481 3207 cis
1510 3166 1647 3207 unus
1674 3151 1743 3207 de
1770 3152 1884 3221 ipso
1914 3151 2108 3222 populo
2139 3192 2155 3218 ,

575 3258 792 3306 sanctus
818 3247 910 3302 Dei
934 3260 1120 3301 servus
1148 3243 1356 3314 Moyses
1372 3284 1387 3309 ,
1413 3243 1504 3313 qui
1529 3243 1582 3297 in
1611 3241 1807 3296 virtute
1833 3241 1927 3296 Dei
1954 3242 2159 3312 magnis

576 3338 850 3397 miraculis
877 3346 1086 3393 terrens
1116 3344 1242 3390 tunc
1276 3335 1493 3403 impiam
1521 3342 1731 3406 gentem
1763 3333 2156 3404 IEgyptiorum,

579 3430 765 3487 eduxit
802 3427 926 3483 inde
967 3425 1217 3496 populum
1265 3423 1362 3479 Dei
1410 3438 1506 3493 per
1552 3439 1699 3480 mare
1746 3423 2018 3487 Rubrum;
2069 3422 2159 3477 ubi

579 3519 862 3578 (iscedens
909 3534 1046 3589 aqua
1090 3519 1228 3573 viam
1269 3516 1494 3587 praebuit
1520 3516 1914 3571 transeuntibus
1947 3532 1960 3568 :
1992 3513 2159 3587 IEgy-

578 3611 675 3683 ptii
721 3619 898 3665 autem
927 3623 1049 3664 cum
1078 3622 1172 3663 eos
1199 3614 1650 3678 persequerentur
1670 3649 1685 3674 ,
1728 3607 2072 3662 redeuntibus
2101 3608 2158 3663 in

577 3718 641 3759 se
664 3702 911 3758 ﬂuctibus
934 3698 1170 3755 demersi
1205 3697 1452 3754 exstincti
1495 3708 1638 3753 sunt.
1689 3697 1765 3753 lta
1808 3697 2158 3769 quemadmo-

577 3794 706 3850 dum
737 3808 830 3864 per
860 3791 1114 3847 diluvium
1144 3789 1296 3861 aquis
1335 3798 1476 3844 terra
1514 3798 1733 3860 purgata
1758 3799 1841 3844 est
1867 3804 1896 3843 a
1924 3789 2157 3860 nequitia

577 3895 917 3959 peccatorum
937 3925 953 3952 ,
984 3882 1073 3954 qui
1100 3890 1225 3937 tunc
1249 3882 1303 3936 in
1330 3880 1418 3936 illa
1440 3880 1785 3936 inundatione
1812 3881 1976 3937 deleti
2009 3892 2154 3952 sunt,

582 3988 639 4036 et
659 3977 790 4049 justi
822 3983 1107 4032 evaserunt
1131 3988 1226 4044 per
1250 3973 1446 4044 lignum
1478 3989 1491 4027 :
1522 3972 1599 4027 sic
1624 3988 1693 4028 cx
1719 3971 1950 4043 IEgypto
1973 3972 2157 4029 exiens

576 4071 807 4144 populus
844 4069 959 4137 Dei,
990 4082 1086 4139 per
1108 4081 1276 4138 aquas
1300 4066 1401 4121 iter
1430 4065 1666 4132 invenit,
1705 4064 1897 4136 quibus
1922 4066 2155 4135 ipsorum

577 4165 763 4220 hostes
807 4160 1105 4230 consumpti
1156 4166 1300 4214 sunt.
1350 4157 1460 4213 Nec
1506 4157 1578 4212 ibi
1617 4156 1786 4213 defuit
1820 4157 1949 4227 ligni
1978 4171 2157 4212 sacra-

574 4262 838 4311 mentum.
862 4251 994 4306 Nam
1017 4251 1161 4320 virga
1187 4249 1449 4320 percussit
1475 4248 1714 4319 Moyses,
1744 4258 1803 4303 ut
1828 4248 1956 4303 illud
1986 4249 2154 4303 mira-

575 4346 755 4400 culum
783 4342 953 4397 ﬁeret.
985 4340 1279 4408 Utrumque
1309 4339 1517 4409 signum
1543 4348 1630 4394 est
1661 4340 1830 4394 sancti
1856 4340 2112 4410 Baptismi
2136 4379 2152 4405 ,

579 4453 680 4508 per
705 4435 849 4508 quod
897 4432 1080 4488 ﬁdeles
1124 4431 1175 4486 in
1206 4446 1398 4485 novam
1433 4431 1593 4486 vitam
1624 4440 1918 4500 transeunt,
1939 4442 2155 4503 peccata

575 4542 708 4582 vero
727 4540 914 4581 eorum
940 4530 1190 4591 tanquam
1227 4519 1426 4575 inimici
1453 4519 1701 4576 delentur
1722 4531 1883 4593 atque
1912 4523 2153 4578 moriun-

580 4630 685 4674 tur.
713 4618 962 4689 Apcrtius
988 4624 1166 4670 autem
1191 4612 1387 4669 Christi
1414 4612 1588 4682 passio
1611 4613 1662 4668 in
1684 4613 1777 4668 illo
1803 4614 1996 4684 popqu
2025 4614 2156 4685 tign-

578 4720 694 4765 rata
721 4717 823 4774 est,
849 4723 969 4763 cum
990 4706 1122 4776 jussi
1149 4711 1274 4759 sunt
1296 4718 1451 4759 ovem
1474 4702 1718 4759 occidere
1737 4712 1792 4758 et
1811 4704 2151 4774 manducare,

577 4811 633 4856 et
657 4799 724 4855 de
750 4799 1004 4869 sanguine
1029 4799 1146 4868 ejus
1171 4804 1350 4867 postes
1378 4809 1504 4850 suos
1529 4794 1760 4865 signare,
1785 4803 1841 4850 et
1873 4794 1977 4850 hoc
2010 4796 2153 4852 cele-

574 4892 736 4948 brare
763 4890 906 4944 omni
934 4903 1094 4955 anno,
1124 4897 1180 4944 et
1203 4886 1472 4958 appellare
1496 4884 1697 4941 Pascha
1724 4885 1954 4941 Domini.
1985 4886 2155 4941 Mani-

575 4980 859 5037 festissime
878 4978 1070 5050 quippe
1092 4977 1370 5049 prophetia
1390 4979 1412 5010 ²
1431 4976 1499 5032 de
1525 4976 1749 5034 Domino
1782 4976 1906 5032 Jesu
1931 4976 2146 5034 Christo

575 5072 727 5139 dicit,
757 5072 879 5142 quia
915 5078 1152 5141 tanquam
1181 5069 1286 5123 ovis
1334 5068 1404 5123 ad
1447 5067 1813 5124 immolandum
1862 5069 2041 5125 ductus
2080 5080 2154 5125 est

580 5163 735 5237 (Isai.
763 5177 873 5230 un,
895 5162 974 5233 7).
996 5161 1159 5230 Cujus
1186 5159 1449 5231 passionis
1469 5167 1524 5214 et
1541 5161 1715 5215 crucis
1734 5161 1886 5233 signo
1906 5162 1959 5217 in
1980 5162 2152 5219 fronte

573 5253 736 5312 hodie
776 5263 1023 5323 tanquam
1072 5251 1127 5306 in
1181 5258 1336 5322 poste
1386 5250 1673 5320 signandns
1713 5267 1806 5322 es,
1858 5268 2152 5326 omnesque

573 5341 860 5405 Christiani
889 5342 1185 5413 signantur.

646 5437 736 5493 ‘55.
771 5432 898 5490 Inde
933 5447 1031 5503 per
1052 5432 1320 5488 desertum
1346 5431 1571 5502 populus
1596 5432 1685 5489 ille
1708 5433 1897 5491 ductus
1922 5444 2024 5505 est,
2055 5452 2152 5508 per

572 5529 915 5601 quadraginta
960 5530 1129 5581 annos
1174 5524 1379 5594 accepit
1419 5526 1578 5582 etiam
1621 5528 1792 5601 legem
1849 5529 2016 5602 digito
2054 5531 2151 5587 Dei

640 5667 660 5731 ξ
821 5669 1022 5731 e_t_l_tss.,
1042 5661 1372 5731 cujusquam
1393 5669 1538 5728 caput
1564 5670 1653 5718 est.

640 5728 662 5761 ι
690 5724 783 5778 son
806 5725 941 5790 editi,
963 5724 1208 5791 propheta.

1421 307 1510 364 DE
1545 302 2090 364 CATECHIZANDIS
2125 300 2448 364 liUDlBUS.
2487 302 2545 358 S.
2586 299 2960 358 AUGUSTINI
3694 305 3768 364 335

2265 416 2517 485 scriptam
2544 414 2737 487 (Exod.
2768 431 2903 481 r-xx,
2932 429 3074 470 χχιιι
3096 454 3112 478 ,
3138 430 3335 480 xxxiv;
3362 412 3518 467 Num.
3537 416 3767 485 xtv,33,a

2256 506 2407 563 Deut.
2429 524 2577 574 χχιι,
2607 507 2685 580 5),
2710 521 2817 577 quo
2844 507 3057 562 nomine
3085 506 3420 577 signiﬁcatur
3451 506 3656 576 Spiritus
3682 526 3768 566 san-

2256 606 2409 667 ctus,
2449 599 2587 654 sicut
2628 599 2680 653 in
2723 598 3009 669 Evangelia
3060 596 3500 652 manifestissime
3538 596 3769 658 declaratur

2258 688 2410 760 (Luc.
2439 705 2513 756 ιι,
2541 688 2657 761 20).
2690 689 2874 759 Neque
2903 688 3045 744 enim
3074 689 3217 744 Deus
3240 687 3417 743 forma
3444 689 3659 759 corporis
3678 691 3769 746 deﬁ-

2256 782 2398 837 nitus
2436 792 2541 849 est,
2572 796 2672 837 nec
2698 781 2777 836 sic
2804 780 2861 835 in
2890 779 2982 835 illo
3003 779 3247 835 membra
3288 787 3347 834 et
3382 778 3528 848 digiti
3566 782 3770 848 cogitandi

2257 881 2400 939 sunt,
2423 871 2872 943 quemadmodum
2902 870 3145 926 videmus
3169 870 3226 925 in
3268 868 3426 925 nobis
3450 884 3464 922 :
3491 869 3579 924 sed
3594 871 3693 941 quia
3709 888 3771 941 per

2258 963 2512 1035 Spiritum
2538 972 2781 1018 sanctum
2804 961 2944 1018 dona
2963 961 3056 1017 Dei
3072 961 3275 1017 sanctis
3294 960 3607 1028 dividuntur,
3631 971 3773 1018 utcum

2257 1056 2465 1112 diversa
2511 1064 2753 1125 possunt,
2802 1070 2909 1111 non
2959 1063 3138 1111 tamen
3177 1053 3465 1110 discedant
3496 1068 3526 1108 a
3557 1056 3773 1113 concordia

2258 1147 2552 1213 charitatis,
2582 1147 2634 1201 in
2660 1146 2841 1217 digitis
2864 1155 3042 1202 autem
3083 1144 3323 1201 maxime
3349 1152 3566 1215 apparet
3595 1145 3774 1215 quedam

2257 1238 2467 1303 divisio,
2490 1253 2588 1293 nec
2607 1246 2784 1293 tamen
2806 1237 2874 1293 ab
2895 1236 3095 1293 unitate
3115 1235 3390 1309 praecisio;
3414 1235 3525 1291 sive
3543 1244 3773 1305 propterea,

2258 1328 2370 1384 sive
2422 1337 2642 1399 propter
2690 1328 2850 1383 aliam
2914 1341 3310 1399 quamcumque
3364 1338 3576 1381 causam
3612 1325 3778 1397 Spiritus

2259 1431 2475 1478 sanctus
2503 1421 2799 1492 appellatus
2826 1429 2907 1476 est
2930 1419 3127 1492 digitus
3162 1419 3303 1486 Dei,
3332 1433 3442 1475 non
3470 1427 3631 1474 tamen
3651 1461 3665 1485 ,
3695 1434 3775 1474 cum

2261 1512 2364 1568 hoc
2397 1512 2678 1579 audimus,
2713 1511 2931 1567 humani
2956 1509 3200 1582 corporis
3228 1508 3405 1565 forma
3438 1508 3691 1580 cogitanda
3709 1519 3774 1564 est

2260 1605 2480 1674 Accepit
2506 1618 2635 1675 ergo
2663 1603 2755 1659 ille
2783 1602 3009 1673 populus
3036 1602 3211 1673 legem
3252 1600 3423 1672 digito
3462 1600 3555 1656 Dei
3588 1601 3773 1672 scriptam

2260 1695 2313 1749 in
2346 1695 2539 1751 tabulis
2565 1709 2693 1750 sane
2721 1694 2981 1766 lapideis,
3031 1693 3099 1749 ad
3149 1693 3558 1765 significandam
3592 1692 3775 1749 duritiam

2260 1787 2439 1843 cordis
2462 1787 2697 1854 illorum,
2725 1786 2868 1857 quod
2898 1786 3068 1857 legem
3093 1800 3200 1841 non
3226 1792 3389 1841 erant
3410 1784 3675 1855 impleturi.
3688 1784 3776 1841 Cor-

2261 1878 2460 1948 poralia
2487 1878 2682 1948 quippe
2697 1876 2837 1933 dona
2858 1876 3224 1933 desiderantes
3238 1891 3271 1932 a
3289 1874 3536 1940 Domino,
3550 1876 3690 1946 magis
3700 1889 3778 1930 ear-

2260 1971 2369 2026 nali
2391 1970 2581 2025 timore
2604 1984 2763 2041 quam
2785 1968 3047 2039 spirituali
3072 1967 3340 2024 charitate
3365 1967 3697 2024 tenebantur:
3723 1966 3775 2022 le-

2262 2077 2383 2133 gem
2419 2070 2597 2117 autem
2645 2076 2753 2116 non
2805 2061 2990 2132 implet
3033 2060 3136 2115 nisi
3181 2059 3445 2116 charitas.
3495 2057 3609 2114 Ideo
3649 2056 3774 2113 multis

2262 2153 2614 2210 sacramentis
2638 2152 2933 2209 visibilibus
2956 2151 3165 2208 onerati
3192 2159 3360 2219 sunt,
3391 2165 3498 2222 quo
3519 2149 3674 2206 servili
3690 2147 3775 2219 jugo

2261 2253 2652 2315 premerentur,
2683 2243 2739 2298 in
2766 2242 3237 2300 observationibus
3258 2242 3503 2298 ciborum
3531 2249 3582 2297 et
3601 2240 3646 2295 in
3659 2239 3774 2295 sacri-

2264 2334 2398 2391 ﬁciis
2421 2333 2754 2401 animalium,
2779 2343 2834 2390 et
2855 2334 2909 2390 in
2935 2334 3054 2389 aliis
3074 2332 3558 2391 innumerabilibus
3584 2346 3707 2402 :qua
3720 2340 3775 2385 ta-

2262 2442 2386 2483 men
2428 2428 2577 2498 signa
2621 2436 2775 2484 erant
2810 2442 2990 2484 rerum
3034 2428 3405 2499 Spiritnalium
3449 2427 3514 2483 ad
3562 2426 3773 2482 Dominum

2261 2518 2444 2575 Jesum
2473 2520 2743 2576 Christum
2764 2529 2819 2576 et
2846 2520 2915 2576 ad
2941 2519 3238 2576 Ecclesium
3284 2518 3672 2591 pertinentium;
3694 2532 3773 2587 qua

2264 2620 2389 2666 tunc
2416 2626 2445 2664 a
2487 2611 2668 2681 paucis
2710 2610 2907 2666 sanctis
2942 2617 3000 2666 et
3034 2609 3474 2680 intelligebantur
3507 2607 3571 2664 ad
3608 2605 3771 2662 fructum
3826 2605 3841 2681 |‘

2262 2701 2467 2765 salutis,
2497 2710 2553 2757 et
2576 2701 2996 2758 observabantur
3022 2700 3090 2757 ad
3113 2700 3523 2773 congruentiam
3549 2697 3768 2770 temporis,
3826 2697 3841 2773 ι

2261 2806 2293 2845 a
2337 2791 2668 2848 multitudine
2691 2806 2821 2847 vero
2846 2792 3142 2848 carnalium
3184 2789 3554 2849 tantummodo
3588 2789 3771 2845 obscm-

2263 2882 2475 2949 hantur,
2505 2897 2611 2937 non
2639 2882 3089 2954 intelligebantur.

2334 2974 2423 3031 56.
2466 2974 2570 3031 Per
2594 2975 2759 3030 multa
2790 2976 2968 3045 itaque
2996 2982 3051 3030 et
3074 2973 3221 3030 varia
3246 2973 3404 3046 signa
3435 2986 3603 3030 rerum
3630 2970 3769 3026 futura-

2262 3082 2402 3132 rum,
2437 3079 2569 3137 quas
2611 3064 2826 3135 longum
2852 3073 2934 3121 est
2962 3078 3152 3120 omnes
3187 3075 3633 3124 commemorare,
3654 3068 3769 3114 eteas

2262 3157 2482 3213 nuncin
2508 3155 2746 3212 Ecclesia
2770 3154 3010 3211 videmus
3035 3154 3288 3226 impleri,
3317 3154 3590 3228 perductus
3615 3157 3680 3207 est
3711 3147 3769 3202 ille

2262 3249 2487 3321 pOpulus
2547 3248 2615 3304 ad
2656 3258 2851 3304 terram
2892 3248 3288 3320 promissionis,
3338 3248 3432 3304 ubi
3483 3242 3768 3315 temporalitcr

2262 3342 2648 3412 carnalitcrque
2672 3350 2919 3413 regnaret
2955 3356 3051 3412 pro
3088 3340 3253 3397 modo
3277 3339 3524 3397 desiderii
3545 3338 3617 3394 sui
3644 3330 3768 3403 :quod

2262 3439 2441 3487 tamen
2484 3448 2704 3503 regnum
2745 3439 3016 3488 terrenum
3055 3432 3206 3503 regni
3236 3430 3533 3504 spiritualis'
3556 3425 3768 3496 imaginem

2261 3522 2524 3595 gessitJbi
2539 3522 2831 3579 Jerusalem
2845 3521 3056 3579 condita
3071 3533 3156 3578 est
3172 3522 3521 3579 famosissima
3535 3512 3766 3575 civitasDei,

2261 3614 2503 3670 serviens
2530 3614 2583 3668 in
2609 3612 2760 3683 signo
2777 3612 2958 3669 liberae
2973 3614 3220 3683 civitatis,
3236 3630 3357 3686 quae
3370 3609 3588 3669 caelestis
3610 3606 3767 3663 Jerusa-

2260 3704 2367 3761 lem
2405 3704 2595 3759 dicitur
2632 3702 2826 3778 (Calai.
2854 3719 2928 3770 tv,
2962 3704 3054 3772 25,
3079 3705 3197 3775 26),
3218 3704 3364 3776 quod
3400 3702 3602 3758 verbum
3622 3704 3684 3753 est
3706 3692 3767 3746 lle-

2260 3796 2485 3864 bracum,
2507 3806 2561 3850 et
2580 3796 2955 3866 interpretatur
2976 3794 3123 3850 Visio
3143 3796 3312 3865 pacis.
3350 3792 3512 3864 Cujus
3528 3790 3654 3846 cives
3684 3788 3767 3839 sunt

2262 3900 2451 3940 omnes
2471 3884 2786 3940 sanctiﬁcati
2810 3883 3054 3940 homines
3072 3885 3161 3955 qui
3191 3884 3430 3949 fuerunt,
3456 3878 3765 3951 etquisunbel

2261 3977 2350 4048 qui
2391 3975 2552 4031 futuri
2593 3986 2751 4043 sunt;
2784 3987 2838 4033 et
2862 3992 3051 4033 omnes
3075 3977 3389 4033 sanctilicati
3417 3974 3631 4046 spiritus,
3654 3966 3764 4023 etiam

2261 4067 2580 4139 quicumque
2597 4069 2649 4123 in
2672 4068 2897 4125 excelsis
2917 4069 3178 4124 caelorum
3198 4068 3438 4138 partibus
3453 4067 3532 4136 pia
3547 4057 3764 4118 develione

2262 4160 2633 4230 obtemperant
2662 4161 2802 4228 Deo,
2831 4177 2931 4217 nec
2955 4162 3230 4217 imitantur
3274 4161 3488 4232 impiam
3521 4151 3684 4212 diaboli
3705 4160 3764 4201 su-

2262 4257 2500 4326 perbiam
2545 4264 2599 4311 et
2640 4255 2948 4326 angelorum
2985 4255 3123 4325 ejus.
3166 4254 3333 4326 Hujus
3369 4250 3581 4309 civitatis
3615 4258 3688 4299 rex
3710 4244 3763 4293 es!

2260 4347 2517 4403 Dominus
2559 4346 2713 4402 Jesus
2751 4345 2992 4401 Christus
3012 4387 3027 4412 ,
3059 4345 3296 4401 Verbum
3331 4344 3421 4399 Dei
3448 4355 3547 4412 quo
3571 4337 3762 4405 resumi"

2259 4437 2453 4494 summi
2482 4436 2669 4507 Angeli
2696 4476 2712 4504 ,
2745 4444 2802 4491 ct
2828 4435 3062 4492 Verbum
3093 4436 3363 4492 hominem
3389 4439 3640 4489 assumens
3660 4428 3761 4507 ulva

2260 4535 2570 4598 regerentur
2598 4536 2651 4580 et
2680 4526 2947 4594 homines,
2975 4527 3067 4597 qui
3106 4525 3270 4581 simul
3298 4537 3481 4581 omnes
3507 4530 3613 4574 cum
3634 4504 3758 4598 illoiu

2260 4596 2459 4673 teterna
2489 4631 2617 4687 pace
2647 4617 2962 4688 regnahunt.
2993 4596 3075 4671 .Ad
3104 4617 3264 4687 hujus
3294 4616 3430 4686 regis
3452 4596 3761 4688 praefiguntur

2260 4723 2380 4763 nem
2407 4708 2459 4763 in
2490 4709 2581 4764 illo
2605 4719 2816 4764 terreno
2853 4723 3019 4780 regno
3054 4686 3231 4779 populi
3260 4706 3419 4764 Israel
3449 4697 3654 4758 maxime
3668 4686 3758 4744 emi-

2259 4799 2376 4854 nuit
2418 4815 2511 4856 rex
2550 4799 2739 4866 David,
2766 4800 2834 4855 de
2859 4800 3013 4871 cujus
3052 4800 3258 4856 semine
3301 4792 3572 4854 secundum
3598 4790 3756 4841 carml

2257 4892 2465 4948 veniret
2479 4893 2791 4947 verissimus
2814 4907 2909 4946 rex
2935 4899 3118 4947 noster
3134 4892 3388 4947 Dominus
3400 4887 3543 4945 Jcsus
3555 4876 3754 4937 ChristuS,

2257 4983 2343 5055 qui
2370 4991 2443 5037 est
2469 4999 2622 5054 super
2649 4984 2820 5037 omnia
2854 4981 2994 5038 Deus
3028 4983 3312 5038 benedictus
3346 4982 3399 5035 in
3440 4972 3606 5033 uacula
3628 4964 3754 5059 (Bonl.

2256 5088 2334 5140 ιχ,
2363 5073 2442 5145 5).
2472 5073 2633 5129 Multa
2664 5074 2717 5129 in
2748 5074 2837 5129 illa
2865 5082 3004 5130 terra
3044 5072 3407 5144 promissionis
3446 5071 3579 5139 gesta
3598 5060 3752 5151 suntin

2258 5168 2479 5239 ﬁguram
2511 5169 2719 5224 venturi
2752 5167 2952 5223 Christi
2989 5177 3044 5224 et
3085 5167 3365 5233 Ecclesiae,
3399 5175 3511 5234 qua:
3538 5156 3586 5213 in
3610 5151 3754 5207 ειηουδ

2257 5258 2434 5316 Libris
2459 5260 2712 5331 paulatim
2733 5259 2942 5316 discere
2966 5260 3183 5331 poteris.

2328 5328 2554 5408 caper
2590 5352 2732 5407 xxr.
2760 5383 2830 5393 -
2856 5352 2942 5407 s7.
2968 5328 3259 5422 ὀαριίυίιαε
3282 5341 3571 5419 Babylonica
3594 5340 3633 5427 ξι
3654 5328 3751 5427 ξιιεῇ

2258 5453 2397 5516 gesta
2434 5444 2553 5515 quid
2580 5444 2881 5515 signiﬁcent.
2934 5421 3067 5497 Post?
3097 5442 3426 5513 captivitatem
3460 5421 3745 5519 Babyloficaf'f

2259 5512 2460 5589 libertas
2486 5512 2648 5605 qualis
2666 5534 2882 5588 reddita.
2899 5534 3027 5589 Post
3050 5512 3248 5605 aliquot
3269 5543 3434 5588 tamen
3452 5512 3747 5594 generationes

2257 5628 2493 5686 ostendit
2533 5628 2697 5682 alium
2736 5638 2918 5700 typum
2959 5627 3024 5681 ad
3054 5642 3167 5683 rem
3198 5628 3418 5681 maxime
3444 5605 3741 5700 pertinwa-

2259 5721 2393 5779 Nam
2416 5722 2676 5792 cnptivata
2704 5684 2894 5777 cstilla
2914 5722 3120 5790 civitas,
3145 5728 3199 5778 ct
3225 5717 3385 5777 multa
3411 5721 3518 5785 pars
3545 5698 3639 5770 eius
3652 5684 3743 5745 οὐθ’
