3882 6286
164 380 247 436 337
1003 324 1012 366 ζ
1526 366 1666 423 LIBE

1773 364 1961 424 UNUS.

158 503 222 549 cta
242 492 285 545 in
307 484 637 557 Babyloniam.
677 480 829 538 Sicut
856 488 1034 537 autem
1077 481 1372 538 Jerusalem
1402 482 1667 553 signiﬁcat

156 585 374 641 civitatem
417 580 818 648 societatemque
862 584 1197 641 sanctorum;
1246 576 1324 631 sic
1377 575 1666 647 Babylonia

156 666 625 739 signiﬁcatcivitatem
640 664 1059 733 societatemque
1076 662 1397 732 iniquorum,
1417 662 1666 732 quoniam

153 761 305 815 dicitur
325 756 639 827 interpretari
666 754 939 811 Coniusio.
969 754 1046 809 De
1073 753 1266 824 quibus
1295 754 1503 809 duabus
1530 754 1667 808 civi-

152 851 331 916 tatibus,
358 849 420 903 ab
458 846 671 903 exordio
699 846 913 917 generis
951 844 1171 899 humani
1202 859 1369 914 usque
1408 844 1460 898 in
1504 844 1668 898 ﬁnem

151 941 290 997 saeculi
317 938 553 1009 permixte
574 938 590 968 ¹
619 946 916 1007 temporum
942 935 1202 990 varietate
1228 934 1585 1001 currentibus,
1614 942 1670 989 et

151 1033 298 1087 ultimo
315 1029 497 1099 judicio
535 1027 887 1098 separandis,
927 1026 1089 1095 paulo
1128 1033 1252 1080 ante
1292 1024 1403 1094 jam
1436 1024 1669 1079 diximus

151 1124 266 1193 (Cap.
288 1122 383 1192 19).
410 1120 493 1175 Illa
520 1135 649 1191 ergo
677 1119 957 1189 captivitas
993 1118 1292 1173 Jerusalem
1332 1116 1584 1183 civitatis,
1614 1124 1671 1171 et

147 1214 214 1267 ille
242 1211 438 1281 populus
466 1210 517 1264 in
545 1210 892 1280 Babyloniam
919 1208 1113 1264 ductus
1140 1208 1206 1262 ad
1235 1207 1549 1262 servitutem
1588 1207 1670 1262 ire

144 1305 314 1374 jubetur
338 1319 363 1356 a
392 1302 613 1357 Domino
648 1316 749 1373 per
774 1301 1063 1356 Jeremiam
1091 1300 1237 1354 illius
1264 1298 1519 1369 temporis
1544 1312 1671 1368 pro-

153 1396 331 1465 phetam.
360 1395 421 1449 Et
453 1395 779 1451 exstiterunt
804 1408 961 1465 reges
996 1392 1323 1462 Babylonica,
1351 1390 1450 1447 sub
1478 1391 1670 1462 quibus

153 1488 208 1542 illi
226 1487 507 1553 serviebant,
534 1486 626 1556 qui
666 1500 731 1540 ex
762 1499 950 1540 eorum
971 1484 1254 1539 occasione
1275 1482 1526 1537 commoti
1547 1481 1668 1551 qui-

146 1578 317 1632 busdam
337 1578 605 1633 miraculis
624 1585 1010 1648 cognoscerent
1036 1584 1092 1631 ct
1118 1577 1361 1631 colerent
1388 1583 1444 1629 et
1464 1574 1567 1629 coli
1585 1574 1670 1643 ju-

142 1673 288 1727 berent
312 1686 461 1725 unum
488 1686 679 1727 verum
723 1671 891 1725 Deum
914 1712 929 1736 ,
959 1670 1048 1740 qui
1089 1668 1329 1725 condidit
1361 1670 1667 1723 universam

139 1774 380 1817 creaturam
410 1761 568 1835 (Dan.
602 1777 745 1828 n—vr,
777 1760 909 1833 xw).
940 1761 1082 1815 Jussi
1113 1768 1238 1815 sunt
1264 1768 1441 1815 autem
1468 1768 1521 1813 et
1544 1772 1668 1813 ora-

139 1870 279 1924 repro
311 1855 381 1910 eis
413 1870 441 1909 a
468 1856 665 1925 quibus
693 1854 886 1924 captivi
918 1852 1271 1917 tenebantur,
1314 1860 1368 1908 et
1396 1852 1447 1906 in
1480 1865 1667 1907 eorum

135 1962 236 2016 pace
269 1963 432 2017 pacem
472 1962 715 2018 sperare,
762 1946 829 2000 ad
857 1944 1149 2016 gignendos
1191 1944 1326 1999 ﬁlios
1350 1985 1366 2009 ,
1398 1951 1453 1998 et
1480 1942 1669 1997 domos

136 2040 439 2106 aediﬁcandas,
468 2052 522 2095 et
555 2039 875 2111 plantandos
903 2038 1087 2094 hortos
1113 2046 1167 2094 ct
1194 2039 1397 2093 vineas.
1426 2037 1552 2092 Post
1576 2051 1668 2092 se-

134 2134 353 2202 ptuaginta
375 2141 549 2188 autem
577 2147 752 2187 annos
777 2130 1105 2202 promittitur
1130 2128 1209 2184 eis
1238 2128 1305 2182 ab
1332 2128 1421 2182 illa
1449 2127 1670 2196 captivi-

134 2231 215 2278 tate
238 2223 456 2278 libcratio
498 2222 733 2295 (Jerem.
764 2237 892 2287 xxv,
930 2222 1116 2291 xxix).
1147 2220 1260 2275 Hoc
1289 2227 1465 2273 autem
1498 2226 1666 2273 totum

134 2312 311 2380 ﬁgurate
326 2312 652 2383 signiﬁcabat
672 2311 967 2368 Ecclesium
989 2312 1187 2366 Christi
1210 2311 1260 2364 in
1279 2310 1523 2365 omnibus
1540 2324 1667 2364 san-

134 2407 211 2460 ctis
242 2405 363 2475 eius,
393 2407 479 2476 qui
504 2415 636 2461 sunt
660 2406 806 2460 cives
832 2404 1127 2460 Jerusalem
1157 2403 1410 2467 caelestis,
1442 2401 1669 2457 servitu-

129 2512 215 2550 ram
254 2496 401 2552 fuisse
437 2498 537 2553 sub
577 2497 793 2568 regibus
825 2497 982 2566 hujus
1017 2496 1217 2551 steculi.
1264 2494 1399 2549 Dicit
1427 2495 1571 2550 enim
1612 2503 1668 2550 et

128 2588 370 2656 apostolica
391 2589 656 2655 doctrina,
688 2596 749 2643 ut
777 2589 939 2643 omnis
968 2588 1138 2642 anima
1163 2586 1540 2642 sublimioribus
1570 2603 1665 2658 po-

128 2682 336 2737 testatibus
362 2682 566 2737 subdita
593 2682 692 2747 sit;
728 2690 784 2737 et
809 2690 865 2737 ut
888 2680 1178 2736 reddantur
1204 2681 1433 2735 omnibus
1462 2680 1667 2746 omnia;

124 2773 186 2824 cui
216 2775 465 2841 tributum,
522 2775 806 2839 tributum;
834 2774 915 2827 cui
949 2773 1193 2844 vectigal,
1236 2772 1445 2841 vectigal
1488 2771 1663 2843 (Rom.

124 2876 221 2925 xm,
258 2865 317 2929 l,
363 2866 447 2935 7);
505 2874 561 2920 et
603 2872 796 2920 caatera
824 2879 942 2935 quae
984 2864 1130 2918 salvo
1160 2862 1253 2918 Dei
1302 2862 1470 2917 nostri
1498 2862 1663 2927 cultu,

124 2956 466 3012 constitutionis
489 2957 743 3011 humanae
772 2955 1101 3026 principibus
1121 2954 1428 3020 reddimus;
1451 2952 1667 3024 quando

124 3054 163 3099 et
185 3047 280 3117 ipse
308 3050 587 3115 Dominus,
615 3058 675 3104 ut
700 3047 854 3103 nobis
880 3048 1037 3117 hujus
1066 3062 1210 3103 sanie
1243 3046 1502 3102 doctrina:
1528 3060 1667 3115 pra:-

124 3136 243 3193 beret
260 3142 577 3212 exemplum,
603 3154 700 3211 pro
721 3140 893 3209 capite
912 3139 1146 3197 hominis
1164 3152 1270 3209 quo
1290 3145 1405 3193 erat
1426 3136 1664 3203 indutus,

122 3232 332 3288 tributum
357 3236 572 3290 solvere
593 3249 701 3289 non
720 3232 1039 3303 dedignatus
1058 3241 1140 3287 est
1159 3229 1369 3301 (Matth.
1396 3245 1524 3293 xvn,
1546 3226 1663 3300 26).

124 3322 342 3380 iubentur
366 3335 551 3383 autem
577 3326 738 3381 etiam
768 3325 908 3380 servi
944 3323 1221 3379 christiani
1246 3331 1301 3377 et
1326 3322 1451 3377 boni
1484 3320 1667 3376 ﬁdeles

121 3415 310 3475 dominis
349 3420 458 3476 suis
487 3417 875 3491 temporalibus
914 3416 1283 3487 aequanimiter
1333 3414 1666 3485 ﬁdeliterque

124 3513 286 3567 servire
314 3512 530 3584 (Ep/tes.
562 3530 636 3578 vt,
660 3512 715 3584 5)
748 3530 763 3568 :
792 3527 925 3583 quos
945 3510 1231 3582 iudicaturi
1259 3518 1402 3577 sunt,
1426 3508 1471 3566 si
1497 3522 1667 3579 usque

121 3602 161 3654 in
181 3602 317 3658 ﬁnem
350 3606 566 3675 iniquos
594 3604 925 3668 invenerint;
958 3611 1049 3657 aut
1075 3617 1196 3657 cum
1227 3602 1418 3672 quibus
1443 3600 1665 3671 aequali-

124 3700 187 3746 ter
208 3698 462 3765 regnaturi
497 3705 642 3763 sunt,
666 3698 710 3751 si
736 3703 792 3751 et
819 3695 897 3750 illi
918 3695 985 3749 ad
1006 3709 1190 3749 verum
1220 3694 1388 3748 Deum
1419 3690 1665 3748 conversi

121 3782 301 3839 iuerint.
330 3786 593 3842 Omnibus
632 3795 807 3841 tamen
842 3785 1147 3856 prmeipitur
1176 3784 1380 3839 servire
1417 3783 1667 3839 humanis

123 3877 432 3942 potestatibus
470 3886 633 3948 atque
670 3877 933 3941 terrenis,
977 3890 1255 3946 quousque
1294 3884 1414 3946 post
1457 3883 1666 3945 tempus

119 3967 436 4037 praeﬁnitum,
489 3970 633 4040 quod
688 3969 987 4041 signiﬁcant
1026 3969 1357 4039 septuaginta
1402 3968 1548 4033 anni,
1599 3968 1667 4022 ab

123 4058 249 4115 istius
268 4064 442 4118 sa‘culi
466 4062 780 4118 confusione
804 4072 1051 4132 tanquam
1074 4061 1140 4117 de
1162 4061 1469 4132 captivitate
1490 4058 1667 4131 Baby-

119 4149 267 4218 loniae,
298 4156 429 4210 sicut
470 4155 771 4211 Jerusalem
800 4154 1060 4210 liberetur
1098 4153 1357 4209 Ecclesia.
1390 4152 1471 4207 Ex
1512 4151 1666 4220 cujus

120 4243 399 4310 captivitatis
424 4247 709 4301 occasione
731 4246 830 4315 ipsi
852 4244 1010 4300 etiam
1038 4244 1237 4299 terreni
1258 4258 1411 4312 reges
1436 4242 1666 4297 desertis

119 4334 264 4403 idolis,
291 4354 385 4407 pro
414 4340 607 4409 quibus
633 4338 1091 4409 persequebantur
1118 4336 1472 4402 Christianos,
1502 4349 1663 4389 unum

120 4441 273 4483 verum
311 4431 476 4487 Deum
512 4441 568 4488 et
596 4431 865 4486 Christum
910 4430 1194 4484 Dominum
1224 4433 1587 4499 cognoverunt
1611 4433 1666 4481 et

119 4519 286 4590 colunt,
311 4538 404 4592 pro
422 4524 614 4593 quibus
637 4521 910 4593 apostolus
927 4521 1128 4576 Paulus
1149 4521 1300 4591 jubet
1319 4518 1482 4582 orari,
1501 4518 1665 4573 etiam

121 4625 216 4665 Cum
246 4624 687 4686 persequerentur
712 4615 1026 4671 Ecclesiam.
1054 4614 1143 4669 Sic
1184 4614 1330 4669 enim
1356 4612 1485 4667 dicit
1514 4629 1527 4665 :
1562 4610 1665 4665 0b-

120 4718 232 4757 secro
253 4706 415 4776 itaque
444 4709 659 4777 primum
687 4706 797 4776 ﬁeri
836 4705 1211 4775 deprecationes
1229 4745 1244 4769 ,
1273 4702 1591 4758 adorationes
1618 4704 1661 4771 ’,

121 4793 506 4864 interpellationes
528 4840 544 4865 ,
576 4799 853 4870 gratiarum
882 4799 1134 4864 actiones,
1182 4813 1275 4866 pro
1316 4796 1537 4867 regibus,
1572 4812 1665 4867 pro

122 4885 317 4940 omnibus
343 4887 622 4944 hominibus
639 4931 654 4954 ,
682 4899 729 4943 et
756 4889 983 4943 omnibus
1007 4888 1092 4958 qui
1117 4886 1171 4942 in
1196 4885 1501 4941 sublimitate
1524 4895 1662 4956 sunt,

120 4982 389 5033 alterutram
417 4991 461 5034 et
487 4982 815 5053 tranquillam
838 4982 990 5036 vitam
1018 4997 1226 5051 agamus
1251 4997 1363 5034 cum
1387 4980 1525 5034 omni
1553 4980 1662 5050 pie-

121 5070 202 5117 tate
223 5076 264 5119 et
302 5069 535 5127 charitate
562 5073 584 5103 ³
616 5072 673 5143 (Ι
701 5070 834 5126 Tim.
865 5088 923 5139 ιι,
956 5072 1008 5137 1,
1043 5071 1138 5142 2).
1168 5069 1351 5141 Itaque
1382 5086 1475 5140 per
1518 5070 1664 5140 ipsos

121 5154 224 5211 data
247 5173 344 5229 pax
372 5173 450 5218 est
476 5165 750 5231 Ecclesiae,
780 5166 1021 5236 quamvis
1052 5165 1377 5233 temporalis,
1408 5164 1664 5234 tranquil-

123 5243 223 5301 litas
254 5257 580 5322 temporalis"
609 5258 676 5311 ad
718 5257 1057 5312 aediﬁcandas
1097 5254 1446 5325 spiritualiter
1473 5255 1663 5310 domos

121 5345 165 5387 et
191 5338 483 5405 plantaudos
505 5347 691 5403 hortos
725 5357 779 5403 et
805 5350 1012 5404 vineas.
1040 5347 1171 5403 Nam
1198 5353 1254 5403 et
1279 5362 1401 5402 ecce
1428 5355 1479 5403 te
1502 5347 1663 5401 modo

121 5437 201 5491 per
222 5429 370 5486 istum
400 5448 691 5494 sermonem
720 5438 1044 5495 :cdiﬁcamus
1065 5447 1222 5508 atque
1247 5438 1565 5509 plantamus.
1595 5436 1664 5492 Et

1122 5636 1276 5647 _.

220 5627 343 5683 tam,
389 5630 625 5682 orationes.
655 5627 790 5683 '”E'diti
812 5641 978 5683 autem
999 5631 1079 5682 alii
1115 5636 1169 5682 et
1187 5638 1315 5692 Mss.,
1340 5628 1659 5680 adorationes.

124 5682 263 5752 αμα
286 5682 379 5752 εδει.
405 5693 694 5752 proseuchas.

177 5742 197 5833 :
432 5742 671 5833 ιεςτςῖίίιαιέ
733 5758 873 5833 tum
894 5768 1135 5827 ετωοιιω»
1156 5752 1413 5807 Wi-

223 5812 291 5858 Sic
308 5816 418 5861 uss.
438 5816 547 5865 eum
571 5832 684 5869 vero
699 5855 719 5881 ,γ
733 5812 979 5883 ἱειηροῖἱδ.

3258 378 3363 440 3‘58

1775 479 1877 538 hoc
1916 483 1973 538 ﬁt
2013 498 2107 553 per
2132 493 2299 542 totum
2342 494 2525 544 orbem
2553 503 2814 545 terrarum
2851 506 2973 548 cum
3002 508 3133 565 pace
3164 513 3353 569 regum

1774 573 2184 631 Christianorum
2208 618 2225 644 ,
2265 578 2402 634 sicut
2430 580 2567 636 idem
2597 580 2725 637 dicit
2751 585 3021 653 apostolus
3047 604 3059 639 :
3090 587 3184 642 Dei
3208 593 3354 660 agri-

1775 664 1994 730 cultura,
2023 666 2119 722 Dei
2145 668 2414 738 azdiﬁcatio
2439 672 2556 726 estis
2588 672 2638 745 (Ι
2665 672 2784 728 Cor.
2816 690 2892 741 ιιι,
2921 676 3002 744 9).

1844 756 1933 812 58.
1974 757 2042 813 Et
2068 767 2187 828 post
2213 774 2382 815 annos
2419 761 2633 832 quidem
2664 765 3031 837 septuaginta,
3066 782 3199 836 quos
3234 786 3354 843 my-

1773 848 1908 904 stice
1952 850 2360 920 prophetaverat
2398 854 2688 922 Jeremias,
2734 866 2793 913 ut
2837 858 2996 913 ﬁnem
3051 869 3373 932 temporum.

1774 940 2161 1010 praeﬁguraret,
2188 952 2365 1001 tamen
2390 955 2448 1001 ut
2477 947 2588 1016 ipsa
2616 948 2780 1020 ﬁgura
2811 950 3185 1022 integraretur,
3217 955 3358 1013 facta

1774 1037 1857 1084 est
1898 1031 1952 1086 in
1988 1031 2282 1090 Jerusalem
2316 1038 2581 1094 restitutio
2606 1040 2972 1098 mdiﬁcationis
3002 1045 3184 1115 templi
3212 1047 3306 1102 Dei
3338 1067 3356 1105 :

1775 1120 1869 1175 sed
1893 1123 2015 1190 quia
2039 1131 2204 1188 totum
2232 1126 2455 1197 ﬁgurate
2483 1130 2757 1201 agebatur,
2786 1148 2891 1189 non
2928 1144 3045 1191 erat
3070 1136 3220 1193 ﬁrma
3253 1154 3357 1208 pax

1772 1225 1837 1266 ac
1876 1211 2093 1269 libertas
2122 1215 2328 1271 reddita
2355 1218 2573 1275 Judmis.
2620 1222 2800 1292 Itaque
2827 1234 3011 1295 postea
3040 1242 3070 1280 a
3100 1226 3358 1286 Romanis

1772 1302 1898 1357 victi
1924 1314 2067 1373 sunt,
2100 1315 2153 1362 et
2178 1309 2442 1366 tributarii
2469 1311 2613 1368 facti.
2639 1315 2717 1369 Ex
2744 1316 2836 1370 illo
2864 1333 2992 1373 sane
3019 1327 3260 1389 tempore
3287 1338 3358 1380 ex

1774 1409 1879 1464 quo
1908 1405 2100 1452 terram
2128 1400 2497 1469 promissionis
2526 1416 2865 1475 acceperunt,
2897 1417 2950 1464 et
2978 1424 3132 1480 rcges
3156 1410 3360 1468 habere

1773 1496 2082 1556 eruperunt,
2135 1505 2202 1545 ne
2245 1491 2299 1546 in
2339 1493 2518 1563 aliquo
2558 1511 2743 1566 regum
2772 1511 2989 1553 suorum
3032 1501 3359 1572 completum

1773 1594 1892 1635 esse
1922 1582 2311 1639 arbitrarentur
2354 1585 2495 1656 quod
2536 1586 2616 1643 eis
2657 1589 2912 1645 liberator
2951 1591 3197 1647 Christus
3228 1608 3353 1663 pro-

1772 1670 2104 1738 mittebatur,
2136 1676 2375 1745 apertius
2401 1692 2496 1747 per
2522 1679 2716 1735 multas
2741 1682 3044 1750 prophetias
3068 1684 3359 1755 propheta-

1773 1769 1860 1816 tus
1898 1771 1980 1817 est
2021 1763 2296 1833 Christus;
2340 1781 2445 1822 non
2484 1769 2657 1824 solum
2703 1771 2771 1825 ah
2798 1774 2914 1841 ipso
2942 1772 3107 1829 David
3136 1776 3188 1829 in
3218 1775 3359 1835 libro

1772 1852 2131 1923 Psalmorum,
2160 1858 2257 1913 sed
2290 1860 2453 1915 etiam
2483 1875 2513 1915 a
2541 1862 2749 1917 caeteris
2772 1872 2827 1917 et
2851 1864 3056 1934 magnis
3084 1874 3139 1921 et
3158 1868 3360 1923 sanctis

1772 1944 2077 2014 prophetis,
2123 1962 2292 2018 usque
2330 1950 2398 2005 ad
2442 1960 2651 2022 tempus
2674 1954 2995 2023 captivitatis
3035 1956 3088 2011 in
3122 1956 3361 2029 Babylo-

1771 2034 1954 2089 niam:
1986 2046 2041 2091 et
2079 2038 2132 2092 in
2174 2038 2287 2109 ipsa
2314 2042 2624 2112 captivitate
2665 2043 2881 2100 fuerunt
2920 2049 3228 2117 prophetae,
3261 2049 3361 2119 qui

1771 2135 2051 2182 venturum
2106 2130 2391 2187 Dominum
2448 2133 2631 2189 Jesum
2686 2136 2960 2192 Christum
3013 2138 3359 2196 liberatorem

1771 2218 2005 2273 omnium
2018 2221 2419 2290 prophetarent.
2444 2224 2865 2297 Etposteaquam
2895 2230 3148 2298 templum
3171 2240 3353 2287 trans-

1770 2310 1903 2364 actis
1946 2313 2278 2383 scptuaginta
2315 2316 2472 2371 annis
2529 2318 2831 2373 restitutum
2861 2328 2962 2385 est,
3003 2328 3177 2377 tantas
3209 2336 3362 2393 pres-

1771 2414 1925 2457 suras
1941 2411 1995 2457 et
2012 2404 2339 2461 calamitates
2363 2422 2393 2461 a
2415 2408 2634 2478 regibus
2655 2408 2906 2467 Gentium
2922 2412 3091 2468 Judaei
3112 2416 3362 2485 perpessi

1771 2503 1916 2561 sunt,
1949 2505 2006 2550 ut
2035 2497 2392 2568 intelligerent
2434 2501 2671 2557 nondum
2714 2504 2926 2560 venisse
2971 2504 3310 2564 liberatorem
3336 2547 3358 2574 ,

1772 2600 1928 2654 quem
1959 2601 2065 2642 non
2092 2588 2439 2657 spiritualiter
2467 2591 2814 2648 liberaturum
2843 2594 3226 2666 intelligebant,
3257 2597 3357 2653 sed

1771 2688 1869 2745 pro
1896 2675 2209 2733 liberatione
2230 2680 2428 2735 carnali
2457 2680 2856 2738 desiderabant.

1840 2765 2066 2822 CAPUT
2104 2766 2270 2823 XXII.
2314 2799 2386 2809 —
2431 2769 2519 2825 59.
2567 2769 2771 2827 {Elates
2813 2775 3018 2829 mundi-
3046 2791 3153 2831 sex.
3197 2777 3361 2834 Sexta

1770 2866 1891 2911 tetas
1918 2874 1980 2912 ex
2014 2857 2228 2914 adventu
2256 2859 2463 2917 Clu-isti.
2495 2860 2723 2918 Christus
2752 2863 2956 2919 Novum
2983 2864 3361 2923 Testamentum

1768 2950 2085 3019 sempiterna:
2110 2950 2417 3006 ltwreditatis
2444 2955 2794 3026 manifestans,
2824 2966 3021 3011 terrena
3043 2968 3361 3015 contemnere

1769 3041 2001 3113 exemplo
2030 3042 2191 3097 docet.
2232 3043 2487 3101 Nativitas
2530 3048 2668 3117 ejus,
2694 3049 2795 3103 vita
2831 3059 2879 3102 et
2918 3066 3077 3105 mors.
3116 3050 3361 3107 Peractis

1770 3146 1897 3202 ergo
1925 3133 2160 3204 quinque
2184 3135 2428 3191 aetatibus
2456 3138 2657 3205 saeculi,
2694 3154 2918 3209 quarum
2960 3141 3130 3211 prima
3158 3151 3243 3198 est
3270 3144 3343 3198 ab

1770 3223 1922 3279 initio
1955 3226 2165 3294 generis
2194 3226 2431 3295 humani,
2466 3228 2517 3283 id
2547 3239 2649 3296 est,
2681 3230 2751 3285 ab
2789 3230 2980 3296 Adam,
3010 3232 3103 3303 qui
3145 3233 3353 3303 primus

1772 3314 1931 3369 homo
1953 3316 2118 3371 factus
2138 3326 2242 3384 est,
2268 3333 2435 3389 usque
2461 3320 2530 3374 ad
2554 3319 2687 3388 Noe,
2715 3320 2809 3392 qui
2832 3321 2956 3377 fecit
2983 3337 3163 3379 arcam
3190 3324 3244 3381 in
3269 3323 3357 3380 di-

1770 3407 1912 3463 luvio
1938 3408 2088 3482 (Gen.
2117 3413 2232 3482 vr);
2260 3411 2383 3467 inde
2407 3413 2640 3469 secunda
2666 3423 2748 3469 est
2773 3430 2942 3485 usque
2961 3415 3027 3473 ad
3056 3415 3355 3485 Abraham,

1771 3499 1857 3570 qui
1888 3508 2039 3572 pater
2071 3501 2242 3563 dictus
2270 3504 2389 3562 est'
2435 3504 2672 3563 omnium
2697 3507 2911 3579 quidem
2948 3512 3188 3581 gentium
3219 3510 3355 3583 (Id.

1774 3607 1905 3658 xvn,
1936 3593 2014 3664 4),
2046 3610 2166 3666 qua:
2194 3595 2351 3651 ﬁdem
2374 3597 2540 3666 ipsius
2564 3599 2927 3668 imitarentur;
2959 3601 3054 3657 sed
3085 3610 3265 3657 tamen
3285 3617 3356 3658 ex

1771 3687 2059 3755 propagine
2088 3688 2264 3743 carnis
2289 3704 2400 3745 suae
2421 3692 2441 3722 ³
2471 3688 2634 3746 futuri
2674 3694 2852 3764 populi
2880 3693 3186 3749 Judmorum
3217 3711 3232 3751 :
3263 3695 3359 3766 qui

1770 3783 1895 3830 ante
1929 3775 2089 3831 ﬁdem
2122 3778 2463 3835 christianum
2497 3783 2766 3852 gentium,
2800 3799 2939 3840 unus
2981 3786 3119 3841 inter
3166 3799 3358 3841 omnes

1770 3866 2006 3921 omnium
2036 3879 2294 3925 terrarum
2322 3872 2549 3941 populus
2576 3890 2741 3929 unum
2767 3890 2951 3930 verum
2979 3876 3144 3931 Deum
3166 3877 3357 3945 coluit,

1771 3972 1839 4013 ex
1875 3974 1980 4029 quo
2005 3963 2204 4029 populo
2241 3961 2476 4017 salvator
2510 3962 2758 4020 Christus
2796 3966 3091 4022 secundum
3133 3982 3381 4023 carnem-

1772 4050 1996 4105 veniret.
2020 4051 2110 4105 lsti
2140 4053 2283 4108 enim
2310 4054 2518 4108 articuli
2544 4055 2766 4111 duarum
2791 4066 3008 4113 aetatum
3035 4059 3274 4115 eminent
3295 4060 3354 4116 in

1770 4139 2039 4193 veteribus
2066 4140 2241 4196 Libris
2272 4160 2285 4195 :
2319 4142 2645 4213 reliquarum
2672 4153 2851 4201 autem
2897 4148 3057 4202 trium
3088 4149 3143 4204 in
3171 4150 3355 4204 Evan-

1768 4229 1908 4300 gelio
1933 4231 2093 4285 etiam
2124 4232 2496 4300 declarantur,
2527 4249 2649 4290 cum
2686 4236 2917 4294 carnalis
2958 4239 3110 4310 origo
3137 4240 3357 4296 Domini

1768 4322 1898 4378 Jesu
1923 4322 2119 4379 Christi
2146 4334 2599 4383 commemoratur
2618 4327 2835 4401 (Matth.
2863 4346 2902 4400 t,
2936 4332 3049 4403 17).
3077 4333 3208 4389 Nam
3236 4342 3356 4392 ter-

1770 4414 1840 4467 tia
1867 4423 1950 4469 est
1975 4415 2042 4470 ab
2070 4415 2340 4471 Abraham
2368 4432 2535 4488 usque
2565 4420 2631 4474 ad
2662 4420 2825 4476 David
2855 4437 3035 4493 regem
3061 4441 3074 4477 :
3107 4434 3293 4494 quarta
3319 4441 3356 4482 τι

1772 4504 1937 4559 David
1964 4520 2132 4575 usque
2152 4505 2221 4561 ad
2244 4506 2388 4561 illam
2414 4509 2772 4577 captivitatem
2797 4526 2900 4581 qua
2929 4514 3153 4583 populus
3174 4515 3269 4571 Dei
3296 4516 3354 4573 in

1772 4596 2114 4668 Babyloniam
2139 4600 2534 4671 transmigravit
2564 4604 2783 4672 :quinta
2804 4603 2870 4658 ab
2891 4605 2979 4659 illa
3008 4607 3358 4678 transmigra-

1772 4687 1915 4742 tione
1942 4701 2108 4758 usque
2132 4689 2201 4743 ad
2226 4689 2512 4744 adventum
2544 4691 2751 4745 Domini
2776 4693 2943 4748 nostri
2965 4693 3092 4751 Jesu
3116 4696 3353 4765 Christi;

1770 4792 1837 4833 ex
1858 4778 2009 4848 cujus
2038 4778 2270 4833 adventu
2297 4766 2447 4834 sexta
2478 4789 2608 4834 tetas
2634 4781 2811 4850 agitur
2840 4800 2853 4836 :
2882 4792 2941 4838 ut
2962 4783 3072 4854 jam
3102 4788 3354 4856 spiritua-

1770 4869 1834 4924 lis
1858 4870 2048 4939 gratia,
2075 4885 2194 4939 quae
2224 4870 2405 4939 paucis
2448 4878 2573 4925 tunc
2612 4870 2934 4929 Patriarchis
2970 4884 3023 4931 et
3065 4876 3349 4949 Prophetis

1768 4969 1893 5016 nota
1919 4971 2051 5025 erat,
2072 4960 2501 5017 manifestaretur
2515 4963 2763 5019 omnibus
2782 4968 3027 5036 gentibus
3057 4987 3070 5023 :
3103 4985 3170 5026 ne
3199 4973 3354 5042 quis-

1770 5072 1928 5128 quam
1951 5057 2118 5111 Deum
2171 5057 2272 5111 nisi
2296 5058 2463 5128 gratis
2488 5058 2709 5125 coleret,
2738 5076 2845 5117 non
2876 5063 3102 5119 visibilia
3132 5066 3357 5134 prmmia

1769 5148 2039 5204 servitutis
2058 5161 2168 5202 sua:
2187 5158 2239 5203 et
2262 5148 2541 5219 prmsentis
2561 5150 2685 5205 vita:
2711 5149 3037 5221 felicitatem,
3062 5155 3156 5210 sed
3179 5157 3351 5211 solam

1769 5241 1930 5295 vitam
1960 5247 2246 5305 aeternam,
2292 5241 2348 5295 iu
2388 5256 2488 5311 qua
2536 5242 2654 5311 ipso
2685 5242 2796 5298 Deo
2836 5243 3133 5310 frueretur,
3162 5246 3231 5300 ab
3261 5246 3356 5299 illo

1768 5331 2115 5398 desiderans;
2161 5343 2219 5387 ut
2246 5331 2347 5388 hac
2371 5341 2519 5388 sexta
2553 5340 2709 5389 artate
2737 5349 2888 5389 mens
2931 5335 3160 5390 humana
3185 5349 3354 5389 reno-

1767 5430 1923 5478 vetur
1949 5421 2014 5477 ad
2044 5422 2326 5493 imaginem
2362 5422 2495 5488 Dei,
2528 5424 2666 5478 sicut
2693 5432 2841 5479 sexta
2872 5423 2962 5479 die
2991 5425 3151 5478 homo
3178 5422 3355 5479 factus

1769 5522 1852 5570 est
1878 5514 1945 5569 ad
1973 5514 2252 5584 imaginem
2284 5514 2375 5569 Dei
2408 5512 2578 5586 (Gen.
2609 5531 2647 5577 t,
2673 5513 2743 5567 27
2762 5514 2804 5585 ).
2832 5513 2980 5567 Tunc
3007 5512 3148 5567 enim
3180 5523 3235 5568 et
3265 5514 3356 5571 lcx

1768 5607 2042 5678 impletur,
2079 5606 2203 5660 dum
2246 5620 2350 5659 non
2393 5605 2682 5675 cupiditate
2722 5619 2903 5659 rerum
2952 5604 3354 5677 temporalium,

1856 5748 1872 5780 ²
1888 5754 2017 5806 Mss,
2040 5744 2214 5795 electus
2236 5750 2320 5806 est.

1850 5803 2015 5872 ’ttss.,'
2036 5818 2103 5858 ea;
2123 5803 2346 5874 progenie
2367 5803 2531 5856 carnis
2551 5813 2667 5855 stur.
