3882 6286
497 335 603 394 3‘59

497 449 592 506 sed
633 447 891 503 charitate
930 446 1070 502 illius
1112 445 1202 517 qui
1244 447 1528 517 praecepit,
1563 445 1697 500 liunt
1731 458 2080 515 quaecumque

499 540 772 614 pracepit.
798 539 930 607 Quis
967 548 1144 595 autem
1180 553 1285 593 non
1315 538 1594 593 redamare
1620 537 1830 592 affectat
1853 535 2084 607 justissi-

499 649 648 688 mum
673 639 730 688 ct
755 632 1313 689 misericordissimam
1334 631 1522 699 Deum,
1546 631 1635 703 qui
1662 630 1808 701 prior
1837 629 1914 684 sic
1940 642 2086 683 ama-

499 725 575 779 vit
615 723 991 795 injustissimos
1029 731 1086 780 et
1121 723 1530 794 superbissimos
1572 722 1848 788 homines,
1875 728 1934 774 ut
1962 732 2088 790 pro-

501 825 622 886 pter
664 829 762 871 eos
810 816 1046 871 mitteret
1088 816 1305 871 unicum
1348 813 1562 883 Filium,
1609 829 1704 885 per
1752 827 1910 884 quem
1962 811 2088 868 fecit

469 905 721 973 .omnia;
753 905 846 977 qui
883 920 991 962 non
1030 908 1114 963 sui
1151 905 1465 972 mutatione,
1491 905 1587 962 sed
1614 903 1845 961 hominis
1873 917 2086 959 assum-

500 1003 683 1070 ptione
723 1000 886 1058 homo
914 1001 1101 1069 factus,
1140 1015 1248 1056 non
1287 1000 1459 1056 solum
1489 1014 1612 1055 cum
1648 999 1727 1056 eis
1759 997 1960 1065 vivere,
1993 995 2087 1052 sed

497 1093 661 1146 etiam
691 1106 790 1162 pro
813 1093 890 1149 eis
917 1099 973 1148 et
995 1091 1063 1148 ab
1082 1092 1161 1148 eis
1182 1099 1363 1168 posset
1390 1087 1594 1148 occidi?

569 1185 658 1241 40.
692 1183 875 1256 itaque
903 1200 1101 1241 novum
1126 1192 1504 1242 testamentum
1534 1183 1862 1241 haereditatis
1889 1182 2089 1252 sempi-

417 1299 424 1307 υ
500 1283 670 1332 ternas
712 1275 1092 1344 manifestans,
1122 1276 1176 1334 in
1204 1292 1311 1348 quo
1337 1287 1622 1334 renovatus
1653 1275 1812 1331 homo
1842 1290 1938 1346 per
1964 1289 2087 1346 gra-

501 1366 628 1421 tiam
657 1366 750 1424 Dei
776 1375 959 1438 ageret
979 1381 1170 1424 novam
1196 1369 1378 1436 vitam,
1413 1367 1514 1424 hoc
1543 1377 1623 1424 est
1650 1368 1810 1424 vitam
1838 1366 2089 1437 spiritua-

500 1455 654 1524 iem;
695 1465 754 1513 ut
799 1465 952 1514 vetus
991 1459 1302 1516 ostenderet
1343 1458 1608 1530 primum,
1656 1458 1707 1514 in
1733 1474 1838 1530 quo
1863 1457 2090 1514 carnalis

500 1550 726 1619 populus
754 1563 917 1623 agens
942 1560 1178 1609 veterem
1209 1551 1478 1609 hominem
1500 1595 1513 1618 ,
1539 1553 1777 1624 exceptis
1800 1552 1982 1622 paucis
2007 1552 2090 1606 in-

501 1642 861 1714 telligentibus
892 1643 1216 1701 Patriarcltis
1241 1654 1295 1700 et
1323 1644 1604 1715 Prophetis
1633 1654 1686 1699 et
1713 1643 1984 1698 nonnullis
2013 1643 2092 1698 la-

501 1733 740 1792 tentibus
781 1737 1017 1804 sanctis,
1063 1739 1350 1794 carnaliter
1389 1738 1575 1793 vivens
1614 1738 1846 1792 carnalia
1874 1737 2091 1807 praemia

500 1825 839 1884 desiderabat
878 1844 909 1884 a
943 1829 1168 1885 Domino
1198 1829 1338 1898 Deo,
1373 1839 1428 1886 et
1457 1833 1508 1884 in
1551 1830 1715 1900 ﬁgura
1741 1829 2093 1899 spiritualium

501 1915 767 1973 bonorum
807 1919 1104 1990 accipiebat
1131 1938 1144 1975 ε
1176 1920 1355 1975 omnia
1396 1937 1523 1993 ergo
1553 1922 1689 1975 bona
1720 1929 1931 1976 terrena
1962 1935 2095 1975 con-

503 2006 722 2076 tempsit
768 2007 930 2065 homo
975 2008 1146 2065 factus
1193 2011 1450 2066 Dominus
1487 2010 1769 2078 Christus,
1813 2019 1869 2066 ut
1907 2023 2094 2068 conte-

504 2099 737 2156 mnenda
765 2104 1088 2159 monstraret
1109 2119 1124 2170 ;
1149 2110 1204 2159 et
1221 2105 1399 2159 omnia
1422 2113 1634 2160 terrena
1655 2104 1906 2161 sustinuit
1925 2105 2060 2160 mala
2077 2146 2094 2174 ,

505 2203 626 2260 qua:
665 2192 971 2249 sustinenda
1012 2191 1355 2265 praecipiebat
1389 2215 1401 2250 :
1435 2204 1494 2250 ut
1529 2211 1702 2268 neque
1731 2197 1782 2251 in
1815 2197 1917 2252 illis
1947 2214 2096 2268 qua:-

505 2290 718 2338 reretur
758 2282 981 2340 felicitas
1005 2325 1020 2351 ,
1067 2301 1238 2356 neque
1265 2286 1317 2341 in
1347 2287 1461 2343 istis
1487 2287 1769 2343 infelicitas
1798 2289 2095 2344 timeretur.

505 2369 673 2428 Natus
718 2374 861 2429 enim
907 2374 976 2432 de
1017 2386 1190 2432 matre
1229 2392 1349 2448 quae
1395 2378 1636 2449 quamvis
1680 2395 1710 2433 a
1747 2379 1862 2435 viro
1901 2379 2098 2436 intacta

505 2466 850 2537 Conceperit,
893 2483 1212 2542 semperque
1255 2469 1451 2528 intacta
1501 2473 1896 2542 permanserit,
1949 2474 2098 2544 virgo

505 2559 815 2630 Μαρίους
833 2602 847 2627 ,
874 2561 1026 2633 virgo
1053 2559 1267 2634 pariens
1290 2606 1305 2631 ,
1339 2563 1489 2635 virgo
1519 2569 1785 2635 moriens,
1821 2575 1996 2622 tamen
2021 2565 2100 2620 ia-

505 2647 607 2706 bro
627 2649 950 2722 desponsata
978 2663 1094 2710 erat
1113 2697 1127 2721 ,
1158 2669 1372 2712 omnem
1401 2657 1622 2728 typhum
1649 2657 1879 2714 carnalis
1906 2659 2096 2716 nobili-

505 2741 630 2797 tatis
673 2744 946 2799 exstinxit.
993 2744 1162 2801 Natus
1205 2747 1364 2802 etiam
1409 2748 1462 2804 in
1504 2749 1718 2807 civitate
1746 2751 2095 2820 Bctltlehem,

505 2843 628 2904 quas
651 2833 794 2892 inter
819 2850 1010 2894 omnes
1036 2833 1236 2894 Judtem
1260 2839 1508 2898 civitates
1536 2841 1608 2898 ita
1637 2851 1754 2898 erat
1780 2843 1968 2915 exigua
1992 2886 2010 2913 ,
2043 2852 2102 2902 ut

507 2922 773 2996 hodieque
790 2925 916 2982 villa
937 2927 1234 2998 appelletur
1253 2973 1267 2997 ,
1296 2930 1467 2986 noluit
1486 2948 1808 3005 quemquam
1833 2933 1902 2990 de
1921 2934 2100 3006 cujus-

506 3025 667 3086 quam
711 3026 939 3076 terrente
982 3015 1212 3079 civitatis
1253 3023 1577 3082 sublimitate
1615 3026 1848 3098 gloriari.
1892 3028 2101 3100 Pauper

507 3106 672 3161 etiam
721 3103 893 3166 factus
938 3119 1056 3177 est,
1103 3111 1253 3184 cujus
1300 3122 1426 3172 sunt
1461 3115 1674 3186 omnia,
1716 3125 1770 3174 et
1805 3133 1904 3190 per
1941 3134 2101 3191 quem

507 3206 687 3254 creata
716 3205 842 3256 sunt
866 3203 1083 3270 omnia;
1115 3219 1184 3260 ne
1207 3205 1489 3278 quisquam
1519 3223 1640 3264 cum
1671 3207 1724 3265 in
1755 3225 1877 3266 eum
1908 3211 2099 3270 crede-

509 3295 631 3354 ret,
674 3288 743 3346 de
786 3290 1012 3349 terrenis
1050 3291 1248 3353 divitiis
1289 3298 1514 3356 auderet
1548 3300 1753 3358 extolli.
1793 3301 1974 3359 Noluit
1997 3320 2100 3362 rex

508 3378 578 3432 ab
617 3378 921 3442 heminibus
945 3383 1098 3452 ﬁeri;
1131 3389 1253 3458 quia
1279 3387 1593 3448 humilitatis
1616 3393 1937 3453 ostendebat
1957 3397 2100 3454 viam

509 3461 724 3526 miseris
742 3511 757 3536 ,
792 3487 928 3543 quos
952 3473 1021 3531 ab
1043 3490 1108 3532 eo
1132 3479 1150 3510 ³
1175 3480 1422 3550 superbia
1448 3495 1794 3553 separaverat
1820 3504 1834 3541 :
1857 3489 2100 3558 quamvis

509 3559 893 3630 sempiternum
916 3565 1035 3635 ejus
1055 3581 1278 3638 regnum
1305 3571 1555 3630 universa
1579 3583 1822 3631 creatura
1848 3586 2097 3637 testetur.

509 3651 746 3709 Esurivit
764 3696 780 3722 ,
801 3657 892 3727 qui
920 3673 1108 3715 omnes
1133 3661 1337 3730 pascit;
1370 3664 1535 3721 sitivit
1552 3708 1567 3734 ,
1596 3683 1692 3740 per
1712 3683 1869 3741 quem
1891 3681 2102 3732 creatur

509 3744 685 3800 omnis
713 3751 890 3816 potus,
916 3755 971 3804 et
995 3751 1084 3820 qui
1109 3751 1454 3822 spirituaiiter
1479 3758 1631 3828 panis
1651 3768 1734 3816 est
1754 3761 2104 3820 esurientium

512 3834 742 3908 fanaque
771 3839 1065 3897 Sitientium
1100 3843 1213 3899 :ab
1237 3845 1429 3904 itinere
1460 3850 1702 3906 terrestri
1731 3849 1980 3926 fatigatus
1993 3864 2101 3925 est,

511 3929 602 3999 qui
628 3943 687 3987 se
713 3931 888 4002 ipsum
915 3933 1070 3992 nobis
1089 3937 1229 3993 viam
1252 3938 1377 3996 l‘ecit
1403 3940 1456 3996 in
1481 3941 1674 3999 coelum
1705 3962 1719 3999 :
1748 3945 1893 4004 velut
1915 3947 2104 4004 obmu-

511 4022 616 4078 tuit
661 4029 716 4079 et
755 4024 1038 4084 obsurduit
1080 4039 1261 4086 coram
1305 4032 1759 4103 conviciantibus,
1807 4052 1906 4109 per
1943 4054 2105 4110 quem

511 4127 696 4200 mutus.
719 4119 926 4177 locutus
952 4130 1035 4179 est
1061 4131 1116 4179 et
1140 4123 1334 4182 surdus
1358 4125 1560 4184 audivit
1591 4147 1604 4184 :
1634 4129 1842 4190 vinctus
1870 4140 1982 4204 est,
2015 4135 2106 4205 qui

512 4210 583 4266 de
625 4211 992 4271 inﬁrmitatem
1036 4215 1262 4300 vinculis
1304 4219 1509 4278 solvit:
1538 4221 1834 4296 ﬁagellatus
1866 4235 1981 4295 est,
2009 4227 2106 4300 qui

510 4303 750 4360 omnium
777 4300 1022 4363 dolorum
1047 4297 1255 4383 flagella
1285 4310 1352 4367 de
1371 4310 1648 4369 hominum
1670 4317 1982 4387 corporibus
2011 4297 2106 4376 ex-

510 4395 648 4465 pulit
695 4410 710 4450 :
753 4398 1040 4454 cruciﬁxus
1078 4407 1162 4458 εει
1183 4441 1198 4468 ,
1228 4401 1320 4471 qui
1348 4404 1617 4462 cruciatus
1645 4417 1858 4466 nostros
1883 4407 2054 4464 ﬁnivit
2085 4427 2100 4465 :

511 4493 756 4544 mortuus
791 4496 908 4558 est,
955 4481 1046 4562 qui
1082 4498 1324 4549 mortuos
1361 4494 1656 4553 suscitavit.
1691 4496 1799 4556 Sed
1836 4505 1892 4554 et
1917 4514 2104 4556 resur-

511 4582 653 4636 rexit
695 4595 968 4654 nunquam
1006 4581 1328 4652 moriturus,
1375 4599 1444 4642 ne
1484 4585 1552 4643 ab
1589 4586 1683 4645 illo
1719 4588 2000 4662 quisquam
2023 4591 2105 4649 sic

513 4671 747 4750 disceret
795 4683 1022 4733 mortem
1070 4684 1450 4748 contemnere,
1503 4664 1656 4752 quasi
1707 4697 1976 4756 nunquam
2019 4685 2104 4743 vi-

511 4772 698 4820 cturus
723 4761 769 4818 ³.
1495 4794 1504 4802 -

586 4849 815 4915 CAPUT
842 4849 1031 4916 XXlil.
1057 4891 1130 4904 —
1155 4859 1216 4920 li
1232 4905 1245 4920 .
1273 4863 1498 4934 Spiritus
1523 4875 1726 4922 sanctus
1749 4866 1833 4924 die
1856 4869 2104 4942 quinqua-

513 4951 706 5024 gesima
752 4960 862 5024 post
897 4955 1306 5038 resurrectionem
1332 4953 1522 5016 Christi
1544 4959 1750 5017 missus.
1770 4959 1946 5018 Judcei
1968 4980 2104 5035 pra-

512 5043 767 5099 dicatione
804 5042 1162 5115 Apostolorum
1189 5051 1440 5120 conversi,
1470 5052 1584 5108 uiue
1606 5055 1908 5128 evangelica:
1928 5057 2103 5114 studio

510 5137 807 5207 ﬂagrantes.
832 5133 1074 5191 Ecclesia:
1092 5137 1231 5209 apud
1251 5137 1430 5196 Gentes
1449 5159 1539 5215 per
1555 5142 1778 5201 Paulum
1796 5150 2100 5208 constitutis.

511 5225 644 5282 inde
665 5226 994 5282 confirmatis
1018 5227 1294 5300 discipulis
1315 5270 1330 5297 ,
1359 5244 1708 5291 conversatus
1727 5251 1848 5294 cum
1870 5240 1950 5298 eis
1971 5257 2103 5314 qua-

510 5321 754 5392 draginta
785 5319 1010 5389 diebus,
1041 5322 1244 5379 eisdem
1269 5326 1632 5397 spectantibus
1652 5315 1892 5388 ascendit
1913 5335 1966 5390 in
1985 5351 2103 5392 cm-

509 5413 621 5469 ium
645 5430 660 5482 ;
702 5424 755 5472 et
789 5414 1073 5491 completis
1097 5431 1127 5471 a
1157 5418 1546 5477 resurrectione
1573 5421 1952 5498 quinquaginta
1980 5428 2099 5486 die-

511 5507 612 5564 bus
653 5508 797 5565 misit
833 5509 914 5566 eis
944 5507 1198 5581 Spiritum
1231 5520 1477 5570 sanctum
1519 5511 1858 5587 (promiserat
1884 5519 2095 5591 enim),

575 5649 827 5712 istem
851 5656 910 5701 At
931 5649 1071 5712 una,
1093 5649 1244 5701 utea.

577 5711 601 5742 ³
630 5716 732 5759 Am.
756 5717 834 5761 Er.
855 5718 909 5761 et
928 5710 1037 5764 fere
1057 5710 1244 5766 omnes
1279 5720 1406 5776 Mss,
1453 5713 1662 5777 ﬂeturus.
1697 5721 1826 5765 Unus
1847 5717 2104 5772 Vaticanus

511 5778 619 5835 Its,
638 5778 1014 5826 resurrecturus.

1313 330 1400 385 DE
1437 327 1987 385 CATECHIZANDIS
2027 325 2340 393 RUDlBUS,
2381 327 2438 384 S.
2482 325 2846 386 AUGUSTINI
3629 339 3706 396 ω

2193 451 2289 512 per
2331 457 2486 512 quem
2534 441 2723 498 dill‘usa
2763 441 3022 498 charitate
3057 442 3112 497 in
3139 443 3384 502 cordibus
3410 461 3606 517 eorum,
3628 468 3710 510 non

2193 533 2363 586 solum
2407 533 2520 588 sine
2556 549 2752 601 onere,
2792 534 2885 590 sed
2912 535 3072 590 etiam
3101 550 3218 591 eum
3244 535 3557 609 jucunditate
3578 541 3709 612 legem

2189 631 2412 694 possent
2437 624 2676 696 implere.
2701 625 2977 694 Quae'data
3001 634 3084 682 est
3111 625 3309 684 Judmis
3339 629 3391 684 in
3417 629 3586 688 decem
3607 649 3713 702 prm-

2193 717 2391 787 ceptis,
2436 717 2578 789 quod
2624 719 2894 790 appellant
2934 719 3265 795 decalogum.
3311 722 3437 792 Qua:
3476 740 3634 783 rursus
3667 730 3714 784 ad

2193 807 2303 863 duo
2331 807 2638 880 rediguntur
2657 852 2671 877 ,
2704 819 2762 865 ut
2780 810 3065 884 diligamus
3088 813 3254 870 Deum
3279 829 3347 870 ex
3367 823 3472 872 toto
3494 817 3648 886 corde,
3667 835 3716 875 ex

2195 911 2305 958 tota
2352 905 2526 961 anima
2547 948 2562 975 ,
2604 922 2668 962 cx
2702 913 2810 963 tota
2839 916 3019 964 mente
3045 924 3060 976 ;
3091 915 3146 964 et
3171 907 3448 980 diligamus
3471 912 3714 982 proximum

2195 994 2332 1051 sicut
2369 1012 2469 1052 nos
2513 997 2679 1069 ipsos.
2713 995 2846 1054 Nam
2875 999 2929 1054 in
2959 999 3045 1056 his
3072 997 3282 1058 duobus
3309 1001 3574 1074 praeceptis
3593 1012 3716 1060 totam

2195 1084 2390 1157 Legem
2420 1087 2817 1162 Prophetasque
2841 1085 3076 1161 pendere
3096 1132 3110 1158 ,
3143 1091 3257 1164 ipse
3287 1089 3533 1148 Dominus
3558 1101 3604 1150 et
3623 1094 3722 1151 dixit

2193 1176 2251 1232 in
2275 1177 2567 1251 Evangelio
2599 1179 2810 1250 (Matth.
2843 1197 2951 1237 xm
2971 1222 2990 1249 ,
3021 1181 3214 1254 57-40)
3240 1223 3256 1252 ,
3286 1190 3344 1238 et
3361 1197 3456 1240 suo
3474 1184 3724 1241 manifesta-

2199 1268 2273 1324 vit
2309 1270 2576 1342 exemplo.
2616 1270 2748 1327 Nam
2793 1282 2846 1328 et
2893 1273 3118 1344 populus
3145 1272 3311 1331 lsrael
3338 1288 3408 1330 ex
3432 1274 3515 1332 die
3536 1291 3626 1349 quo
3648 1279 3722 1349 pri-

2198 1375 2344 1414 mum
2371 1361 2565 1430 pascha
2589 1362 2640 1418 in
2664 1362 2892 1435 imagine
2915 1351 3274 1430 celebrarunt,
3300 1380 3453 1422 ovem
3475 1367 3725 1425 occidentes

2199 1462 2254 1510 et
2281 1455 2659 1513 manducantes
2677 1499 2691 1524 ,
2721 1457 2874 1529 cujus
2899 1459 3156 1532 sanguine
3181 1468 3364 1532 postes
3387 1475 3563 1516 eorum
3584 1460 3641 1516 ad
3663 1475 3725 1517 sa-

2201 1544 2328 1603 lutis
2372 1547 2590 1603 tutelam
2633 1549 2824 1620 signati
2861 1559 2984 1606 sunt
3025 1549 3216 1624 (Exod.
3250 1552 3396 1626 xn);
3425 1567 3487 1608 ex
3513 1553 3613 1622 ipso
3632 1569 3725 1624 ergo

2200 1637 2288 1694 die
2317 1640 2782 1711 quinquagesimus
2802 1641 2917 1698 dies
2938 1643 3188 1712 impletus
3212 1650 3296 1699 est
3314 1683 3332 1709 ,
3360 1652 3414 1699 et
3439 1643 3594 1714 legem
3614 1659 3727 1700 acce-

2202 1739 2396 1799 perunt
2439 1730 2690 1801 scriptam
2731 1731 2896 1804 digito
2936 1731 3028 1788 Dei
3066 1732 3181 1806 (Id.
3223 1749 3353 1810 xix,
3388 1734 3520 1804 xx),
3547 1749 3728 1804 quono-

2202 1820 2345 1876 mine
2379 1820 2488 1891 jam
2531 1821 2762 1879 diximus
2790 1824 3075 1895 signiﬁcari
3101 1824 3362 1894 Spiritum
3383 1836 3607 1881 sanctum
3629 1825 3728 1897 (Su-

2203 1931 2318 1986 pra,
2337 1931 2450 1986 cap.
2481 1930 2547 1968 xx
2567 1957 2581 1982 ,
2611 1932 2664 1970 η.
2695 1914 2786 1990 35)
2822 1934 2834 1970 :
2866 1917 3002 1971 sicut
3027 1924 3148 1987 post
3174 1916 3386 1973 Domini
3413 1917 3727 1987 passionemct

2203 2005 2650 2061 resurrectionem
2678 2047 2693 2072 ,
2718 2005 2856 2077 quod
2888 2015 2970 2062 est
2998 2021 3184 2063 verum
3205 2005 3405 2079 pascha
3425 2047 3440 2074 ,
3461 2005 3729 2078 quinquage-

2204 2097 2342 2153 simo
2377 2097 2464 2153 die
2497 2099 2611 2170 ipse
2649 2097 2879 2170 Spiritus
2904 2109 3122 2154 sanctus
3148 2098 3425 2170 discipulis
3449 2099 3620 2154 missus
3635 2107 3727 2153 est:

2204 2207 2312 2246 non
2347 2191 2456 2264 jam
2498 2191 2720 2266 lapideis
2751 2189 2943 2248 tabulis
2972 2192 3134 2248 corda
3163 2191 3300 2248 dura
3327 2191 3642 2264 signiﬁcans;
3661 2190 3730 2247 scd

2205 2298 2326 2339 cum
2355 2293 2535 2340 essent
2559 2301 2721 2339 unum
2753 2284 2806 2340 in
2832 2283 3009 2342 locum
3034 2285 3342 2356 congregati
3371 2285 3422 2340 iu
3447 2285 3551 2354 ipsa
3571 2283 3730 2340 Jerusa-

2205 2373 2310 2430 lem
2336 2417 2351 2443 ,
2384 2373 2552 2430 factus
2581 2383 2664 2430 est
2692 2373 2868 2431 subito
2897 2375 2962 2431 de
2987 2376 3124 2432 caelo
3153 2391 3328 2432 sonus
3347 2417 3362 2444 ,
3393 2375 3535 2447 quasi
3557 2373 3731 2431 ferretur

2206 2463 2364 2520 ﬂatus
2389 2464 2697 2532 vehemens,
2720 2473 2775 2520 et
2795 2465 2919 2520 visae
2941 2475 3063 2522 sunt
3089 2466 3194 2522 illis
3218 2466 3416 2537 lingua:
3439 2465 3604 2521 divisa:
3623 2463 3730 2535 quasi

2207 2555 2342 2628 ignis
2362 2597 2377 2622 ,
2415 2564 2470 2612 et
2494 2565 2770 2628 coeperunt
2799 2556 2988 2629 linguis
3019 2557 3193 2629 loqui,
3230 2557 3303 2612 ita
3332 2566 3389 2614 ut
3412 2572 3582 2613 omnes
3602 2557 3670 2627 qui
3684 2555 3730 2609 ad

2206 2646 2330 2704 illos
2356 2658 2633 2711 venerant,
2663 2662 2815 2702 suam
2844 2649 3077 2720 linguam
3097 2649 3326 2720 quisque
3349 2645 3731 2720 coguosceret(ad

2206 2735 2351 2792 illam
2387 2737 2528 2793 enim
2559 2735 2828 2792 civitatem
2857 2753 2920 2793 ex
2952 2737 3096 2792 omni
3127 2746 3270 2794 terra
3299 2735 3732 2794 conveniebantiu-
3829 2729 3832 2756 ί

2207 2827 2307 2885 dzei
2329 2871 2343 2896 ,
2379 2844 2716 2901 quacumque
2749 2829 2976 2900 diSpcrsi
3016 2837 3202 2898 erant,
3247 2838 3303 2886 et
3336 2830 3560 2887 diversas
3583 2829 3733 2898 linguas

2207 2921 2442 2994 gentium
2462 2922 2796 2978 diversarum
2816 2920 3116 2978 didicerant
3137 2921 3276 2996 [Act.
3303 2939 3361 2992 ιι,
3385 2921 3571 2996 l-ilj):
3592 2918 3732 2976 deinde

2208 3028 2329 3069 cum
2376 3022 2487 3070 tota
2527 3012 2720 3070 ﬁducia
2762 3013 3034 3069 Christum
3062 3013 3454 3086 praedicantes,
3483 3014 3529 3069 in
3553 3012 3647 3082 ejus
3668 3024 3732 3064 no-

2207 3107 2354 3164 mine
2390 3107 2556 3162 multa
2598 3106 2747 3180 signa
2789 3106 3093 3174 faciebant.
3133 3108 3207 3164 ita
3252 3116 3311 3164 ut
3345 3106 3606 3180 quemdam
3633 3119 3734 3160 more

2207 3208 2358 3256 tuum
2381 3205 2688 3254 transeunte
2714 3199 2872 3254 Petro
2897 3197 3084 3256 umbra
3106 3198 3221 3272 ejus
3255 3200 3512 3274 tetigerit,
3539 3208 3585 3256 et
3607 3210 3733 3254 resur-

2207 3289 2409 3347 rexerit
2432 3287 2543 3364 (Id.
2571 3305 2604 3344 v
2625 3330 2641 3359 ,
2674 3287 2784 3362 i5).

2278 3381 2370 3440 42.
2397 3382 2505 3438 Sed
2525 3398 2646 3438 cum
2673 3382 2914 3438 viderent
2931 3381 3100 3439 Judaei
3125 3391 3274 3440 tanta
3298 3385 3446 3457 signa
3463 3383 3568 3440 ﬁeri
3587 3382 3633 3437 in
3653 3379 3734 3450 ejus

2209 3474 2427 3531 nomine
2450 3517 2466 3544 ,
2508 3491 2666 3546 quem
2707 3475 2898 3548 partim
2931 3491 3030 3546 per
3061 3475 3318 3533 invidiam
3339 3521 3354 3546 ,
3383 3477 3562 3549 partim
3586 3490 3661 3546 per
3675 3487 3736 3528 er-

2207 3581 2389 3623 rorem
2413 3567 2794 3622 crucifixerunt
2812 3610 2827 3636 ,
2856 3566 2946 3622 alii
2967 3567 3154 3624 irritati
3177 3578 3308 3626 sunt
3327 3569 3390 3626 ad
3408 3563 3734 3641 persequendos

2209 3657 2590 3730 praedicatores
2633 3659 2748 3730 ejus
2795 3658 3118 3730 Apostolos,
3160 3659 3253 3715 alii
3282 3675 3410 3716 vero
3433 3659 3634 3730 idipsum
3650 3669 3732 3710 am-

2210 3749 2351 3821 plius
2377 3749 2702 3806 admirantes
2720 3790 2734 3815 ,
2767 3750 2908 3822 quod
2941 3750 2992 3805 in
3024 3750 3139 3822 ejus
3168 3754 3390 3808 nomine
3409 3793 3424 3820 ,
3450 3764 3592 3822 quem
3613 3741 3734 3803 veluti

2211 3857 2243 3897 a
2287 3858 2346 3898 se
2383 3857 2697 3914 oppressum
2745 3852 2799 3898 et
2841 3843 3039 3897 victum
3079 3843 3349 3909 riserant,
3377 3852 3512 3899 tanta
3537 3834 3735 3896 miracula

2211 3931 2441 4002 tierent,
2474 3933 2782 4006 paenitendo
2811 3935 3057 3991 conversi
3078 3933 3423 3992 crediderunt
3448 3934 3496 3988 in
3522 3946 3625 3989 eum
3649 3926 3734 3982 mil-

2212 4027 2284 4085 lia
2307 4029 2324 4061 ⁸
2350 4026 2678 4085 Judzeorum.
2706 4027 2822 4084 Non
2853 4037 3006 4084 erant
3027 4027 3139 4100 jam
3169 4027 3245 4084 illi
3271 4027 3564 4101 temporalia
3583 4018 3736 4080 beneﬁ-

2213 4110 2296 4175 cia
2338 4127 2716 4191 terrenumque
2759 4135 2980 4190 regnum
3022 4117 3393 4176 desiderantes
3437 4134 3467 4174 a
3506 4118 3632 4179 Deo,
3664 4124 3735 4166 nec

2213 4211 2536 4282 promissum
2575 4226 2755 4282 regem
2780 4209 3050 4266 Christum
3076 4212 3363 4269 carnaliter
3387 4214 3732 4282 exspectantes:

2214 4302 2312 4360 sed
2353 4303 2723 4360 immortaliter
2761 4301 3120 4378 intelligentes
3159 4313 3213 4360 et
3253 4305 3523 4378 diligentes
3550 4314 3650 4360 eum
3669 4293 3733 4363 ιιιί

2214 4410 2313 4466 Ι)το
2357 4396 2490 4469 ῙΡεῖε
2536 4397 2604 4456 ab
2646 4395 2776 4468 ipsis
2817 4405 2961 4453 tanta
3001 4398 3301 4454 mortaliter
3338 4396 3574 4470 pertulit,
3610 4398 3652 4446 et
3681 4387 3733 4443 eis

2214 4503 2384 4562 usque
2411 4488 2480 4545 ad
2505 4488 2588 4545 sui
2617 4488 2887 4562 sanguinis
2913 4492 2934 4522 ¹
2963 4498 3180 4563 peccata
3209 4490 3424 4548 donavit
3441 4531 3460 4559 ,
3489 4496 3536 4545 et
3560 4485 3732 4541 immor-

2214 4582 2474 4639 talitatem
2513 4597 2544 4636 a
2586 4597 2644 4638 se
2679 4583 3000 4656 sperandam
3037 4593 3091 4642 et
3119 4582 3515 4642 desiderandam
3539 4571 3731 4643 exemplo

2214 4688 2326 4731 suae
2353 4674 2756 4731 resurrectionis
2781 4675 3033 4732 ostendit.
3064 4676 3245 4748 itaque
3265 4677 3377 4750 jam
3402 4673 3580 4731 veteris
3602 4663 3732 4725 homi-

2215 4766 2300 4824 nis
2321 4777 2530 4825 terrena
2550 4769 2812 4826 desideria
2841 4772 3220 4829 mortiﬁcantes
3238 4811 3256 4840 ,
3282 4781 3336 4829 et
3357 4766 3621 4842 spirituaiis
3642 4759 3732 4814 vim

2215 4861 2450 4919 novitate
2499 4862 2784 4936 ﬂagrantes
2810 4907 2825 4932 ,
2868 4865 3007 4922 sicut
3049 4873 3374 4938 prmceperat
3413 4864 3464 4922 in
3500 4850 3730 4925 Evangelia

2214 4955 2475 5012 Dominus
2492 4998 2507 5023 ,
2537 4956 2837 5014 vendebant
2861 4958 3037 5014 omnia
3066 4973 3185 5029 qua:
3209 4957 3470 5015 habebant
3489 4996 3503 5021 ,
3532 4959 3581 5008 ct
3601 4943 3728 5020 pretii

2213 5063 2396 5108 rerum
2423 5064 2636 5106 suarum
2663 5060 2788 5106 ante
2815 5050 2977 5122 pedes
2997 5051 3370 5124 Apostolorum
3393 5046 3632 5122 ponebant
3649 5077 3664 5107 9
3685 5041 3728 5089 υι

2213 5140 2318 5213 ipsi
2347 5140 2726 5200 distribuerent
2751 5144 3037 5216 unicuique
3057 5185 3076 5209 .
3117 5145 3254 5202 sicut
3295 5143 3479 5216 cuique
3503 5151 3619 5210 opus
3643 5134 3728 5229 αξ(

2216 5231 2328 5306 (Id.
2358 5250 2395 5290 ιι
2417 5275 2435 5302 ,
2466 5235 2566 5302 44,
2597 5243 2644 5292 et
2665 5251 2718 5291 tv
2738 5277 2753 5302 ,
2784 5237 2878 5308 54)
2911 5254 2925 5292 :
2954 5237 3301 5308 viventesque
3327 5237 3377 5291 in
3399 5230 3650 5290 christiana
3668 5219 3727 5308 dij

2215 5324 2446 5380 lectione
2473 5325 2812 5382 concorditer
2834 5306 2980 5393 ,‘non
3002 5306 3252 5385 dicebant
3269 5324 3459 5398 aliquid
3479 5333 3633 5380 suum.
3655 5306 3723 5411 είξά

2214 5426 2369 5472 erant
2395 5416 2498 5472 illis
2518 5417 2694 5472 omnia
2720 5419 3022 5474 communia
3044 5462 3061 5488 ,
3083 5427 3145 5477 et
3161 5421 3332 5476 anima
3358 5429 3410 5474 et
3427 5431 3516 5472 cer
3533 5419 3667 5468 unum
3685 5414 3724 5454 HI

2213 5508 2382 5563 Deum
2407 5505 2516 5582 (Id.
2544 5524 2597 5564 ιν
2617 5550 2630 5572 ,
2656 5508 2858 5579 32-55).
2884 5509 3082 5565 Deinde
3102 5512 3261 5567 etiam
3284 5509 3378 5580 ipsi
3397 5523 3424 5561 a
3443 5503 3616 5562 Judreis
3632 5505 3722 5548 caro

2281 5601 2465 5663 ‘_Lov.,
2490 5608 2614 5663 post,
2659 5600 2975 5654 crediderunt
3005 5603 3058 5656 in
3100 5616 3210 5655 etim
3253 5599 3432 5662 millia,
3473 5590 3724 5647 adtﬁdernnl:

2211 5660 2380 5720 "mlta,
2406 5660 2468 5713 es
2490 5660 2587 5714 imo
2614 5664 2780 5715 codice
2811 5671 2893 5716 Ms.

2211 5709 3084 5838 gignat.mitishaatt'saaimm
3104 5728 3281 5792 mem,
3304 5721 3555 5790 επωίοηευι
3573 5727 3590 5766 -'
3605 5709 3725 5764 πίω

2251 5800 2280 5838 e
2354 5823 2366 5837 .
