3882 6286
71 405 147 461 3H

70 514 238 573 mlihus
259 509 447 567 civibus
472 506 653 564 carnis
676 521 783 563 suae
812 506 1239 577 persecutionem
1270 505 1410 575 passi
1429 514 1589 574 atque

68 604 248 675 dispersi
285 609 434 667 sunt,
479 608 539 655 ut
579 600 732 655 latius
771 598 1017 655 Christus
1038 613 1226 655 eorum
1250 598 1590 669 dispersione

67 696 418 768 pradicaretur,
466 700 520 748 et
551 692 894 748 imitarentur
934 692 1097 748 etiam
1134 692 1235 761 ipsi
1276 691 1587 761 patientiam

66 788 231 844 Domini
250 787 327 843 sui
355 803 370 840 :
391 785 512 855 quia
532 784 744 855 quieos
770 785 787 815 ⁸
811 792 1123 841 mansuetus
1152 795 1341 853 passus
1368 780 1541 837 fuerat
1566 822 1583 850 ,

66 877 393 936 mansuefactos
420 890 516 947 pro
541 876 731 945 sc-pati
746 874 985 946 jubebot.

117 972 186 1025 is.
213 968 282 1023 Ex
302 968 431 1037 ipsis
446 974 761 1023 sanctorum
776 965 1212 1037 persecutoribus
1226 964 1404 1021 fuerat
1421 964 1586 1021 etiam

65 1062 279 1133 apostolus
313 1059 502 1114 Paulus
525 1098 541 1125 ,
585 1068 644 1116 et
672 1059 731 1113 in
761 1057 1095 1115 Christianos
1130 1058 1361 1113 maxime
1399 1056 1585 1113 stevie-

63 1157 128 1210 hat
160 1172 171 1206 :
208 1152 289 1208 sed
318 1159 494 1221 poma
526 1151 757 1207 credens
779 1150 1133 1221 etapostolus
1156 1151 1359 1215 factus,
1391 1149 1586 1205 missus

64 1256 124 1301 cst
139 1256 185 1300 ut
200 1244 434 1301 Gentibus
456 1242 808 1316 Evangelium
836 1244 1171 1315 praedicaret,
1197 1244 1585 1315 graviornper-

65 1352 209 1405 pessus
236 1350 323 1405 pro
352 1335 571 1392 nomirie
609 1334 804 1391 Christi
822 1372 842 1401 ,
867 1349 1027 1407 quam
1059 1337 1257 1393 fecerat
1281 1344 1585 1391 contrane-

65 1444 159 1483 men
187 1427 373 1483 Christi.
408 1427 691 1483 Ecclesiae
717 1437 895 1485 autem
919 1429 1251 1485 constituens
1277 1436 1374 1498 per
1394 1441 1585 1483 omnes

64 1531 301 1591 gentesque
318 1520 665 1591 Evangelium
686 1522 983 1578 seminabat
1000 1558 1017 1590 ,
1043 1523 1283 1593 impense
1303 1521 1582 1592 praecipie-

64 1612 153 1677 bat,
178 1621 224 1665 ut
243 1611 477 1680 quernum
504 1612 612 1681 ipsi
638 1625 707 1668 ex
736 1612 999 1668 idolorum
1020 1614 1168 1668 cultu
1187 1613 1496 1679 venientes,
1529 1620 1585 1667 et

63 1703 109 1756 ad
130 1718 260 1757 unum
282 1703 442 1759 Deum
473 1704 763 1760 colendum
794 1706 954 1761 rudes
977 1746 993 1770 ,
1020 1720 1127 1761 non
1154 1706 1307 1761 facile
1337 1703 1619 1776 poterant’

60 1796 177 1851 rebus
201 1795 303 1850 suis
336 1794 567 1851 venditis
600 1805 664 1853 et
698 1797 995 1853 distributis
1016 1798 1223 1853 servire
1248 1798 1362 1854 Deo
1384 1840 1399 1865 ,
1431 1799 1583 1854 obla-

59 1890 187 1943 tiones
218 1887 436 1944 facerent
474 1889 531 1944 in
574 1900 842 1961 pauperes
876 1899 1183 1946 sancton
1225 1892 1314 1962 qui
1338 1900 1498 1947 erant
1526 1893 1581 1947 in

58 1979 252 2033 Ecclesiis
283 1979 505 2046 Judaei,
553 1995 676 2051 quae
711 1981 927 2037 Christo
949 1981 1288 2038 crediderant
1319 2000 1331 2034 :
1361 1986 1430 2036 ita
1461 1983 1582 2038 illos

60 2082 252 2143 tanquam
288 2072 511 2140 milites,
548 2073 679 2129 illos
715 2082 895 2130 autem
924 2082 1173 2144 tanqtram
1204 2074 1582 2145 stipendiarios

58 2165 339 2233 provinciales
366 2164 669 2235 apostolica
704 2166 954 2223 doctrina
984 2168 1305 2232 constituit;
1335 2168 1581 2224 inserens

59 2258 112 2312 eis
132 2257 357 2314 Christum
376 2259 522 2314 velut
549 2259 786 2330 lapidem
802 2260 1113 2330 arrgularem
1136 2300 1152 2325 ,
1178 2260 1315 2315 siem
1340 2275 1438 2330 per
1456 2274 1582 2329 pro-

59 2349 217 2418 phetam
234 2352 607 2421 praenuntiatus
630 2362 769 2418 erat,
800 2353 852 2408 in
873 2364 981 2423 quo
994 2354 1158 2408 ambo
1177 2353 1327 2424 quasi
1351 2352 1583 2422 parietes

59 2440 105 2495 de
123 2443 296 2499 diverso
319 2444 590 2500 venientes
611 2485 625 2510 ,
655 2444 727 2500 de
754 2444 953 2501 Iudaeis
980 2444 1233 2500 videlicet
1254 2453 1413 2514 atque
1433 2444 1580 2500 Gen-

59 2535 187 2605 tibus,
212 2551 448 2606 germana
484 2537 757 2594 charitote
788 2538 1169 2608 copularen'tur
1203 2536 1371 2607 (Psal.
1406 2552 1579 2606 cxvu,

60 2622 132 2689 22,
161 2635 200 2680 et
230 2626 346 2683 lroi.
374 2644 566 2695 xxviii,
606 2628 719 2699 16).
744 2628 851 2684 Sed
881 2637 1065 2699 postea
1091 2628 1364 2699 graviores
1381 2636 1441 2683 et
1463 2642 1581 2683 cre-

60 2713 210 2773 briores
228 2720 620 2787 persecutiones
643 2732 710 2774 ex
737 2719 1025 2776 incredulis
1053 2719 1300 2789 gentibus
1325 2718 1582 2775 adversus

61 2802 204 2862 Christi
238 2807 511 2865 Ecclesiam
540 2817 901 2865 surrexerunt
920 2848 935 2875 ,
960 2818 1016 2865 et
1044 2809 1361 2880 implebatur
1386 2810 1438 2864 in
1464 2809 1583 2864 dies

62 2897 239 2968 Singulos
262 2903 475 2959 verbum
507 2903 727 2959 Domini
760 2904 1127 2974 praedicentis,
1158 2902 1294 2959 Em
1316 2912 1415 2975 ego
1439 2904 1584 2958 mitto

62 3004 119 3043 ros
139 2990 247 3045 velut
269 3008 373 3049 oues
402 2995 458 3050 in
482 2995 657 3049 medio
686 2995 922 3066 luporum
946 2994 1161 3067 (Matth.
1191 3010 1253 3061 χ,
1288 2994 1401 3069 16).

110 3079 291 3139 CAPUT
324 3084 513 3141 XXIV.
533 3116 615 3127 —
635 3087 727 3142 «Η.
758 3086 988 3142 Ecclesia
1012 3088 1157 3157 quasi
1183 3088 1296 3142 vitis
1325 3087 1545 3158 ptdlalat
1561 3128 1580 3157 ,

64 3182 94 3225 et
111 3183 291 3243 putatur.
312 3176 395 3233 E3
407 3178 475 3235 iis
493 3194 619 3249 qua:
632 3180 865 3236 videntur
883 3180 1092 3249 ianpleta
1109 3220 1125 3247 ,
1152 3180 1426 3235 credantur
1443 3188 1582 3251 praes

64 3266 160 3319 dicta
190 3285 287 3339 qua
320 3280 503 3328 restant
525 3272 790 3343 implorata
808 3312 825 3339 ,
854 3273 1134 3342 prtescrtint
1149 3272 1407 3343 judicium
1437 3276 1582 3343 fatet-

64 3358 265 3415 rum.5ed
288 3361 370 3417 illa
394 3363 514 3418 vitis
543 3377 670 3433 quas
698 3377 793 3433 per
819 3363 1005 3420 orbem
1034 3372 1297 3419 terrarum
1318 3406 1332 3433 ,
1357 3364 1493 3419 sicut
1514 3365 1587 3421 de

66 3446 127 3499 illa
160 3450 529 3520 prophetatum,
578 3464 634 3510 et
674 3456 746 3511 ab
780 3454 896 3525 ipso
921 3455 1147 3511 Domino
1172 3456 1584 3525 prmnuntiatum

66 3548 171 3604 erat,
204 3540 477 3601 fructuosos
506 3544 759 3615 palmites
781 3545 1111 3603 diii‘unde’bat
1129 3587 1144 3613 ,
1173 3557 1322 3604 tanto
1349 3548 1582 3619 pullula-

68 3625 129 3682 bat
159 3630 382 3703 amplius,
424 3645 629 3706 quanto
668 3636 955 3693 uberiore”
993 3645 1285 3710 martyrum
1328 3641 1588 3710 sanguine

69 3717 291 3789 rigabam.
332 3725 533 3794 Quibus
570 3742 668 3797 per
707 3742 897 3784 omnes
930 3736 1101 3785 terras
1126 3729 1587 3786 innumerabiliter

70 3823 137 3876 Pio
154 3812 254 3870 ﬁdei
270 3818 485 3875 veritate
498 3819 876 3888 morientibus,
897 3821 1056 3876 etiam
1079 3821 1191 3891 ipsa
1213 3822 1588 3892 persequenda

69 3914 187 3971 regna
210 3920 483 3977 cesserunt,
513 3919 579 3966 et
594 3910 668 3966 ad:
684 3908 955 3969 Christum
970 3912 1405 3983 cognoscendum
1425 3916 1588 3983 atque

70 3999 359 4057 venerandum
399 4002 576 4060 fracta
618 4003 886 4074 superbiae
921 4004 1132 4061 cervice
1159 4020 1415 4061 conversa
1439 4015 1585 4061 sunt.

71 4082 297 4153 Oportebat
336 4104 511 4153 autem
560 4105 621 4152 ut
664 4096 851 4154 eadem
894 4096 1055 4166 vitis,
1101 4098 1241 4154 sicut
1282 4104 1313 4153 a
1360 4099 1591 4156 Domino

74 4177 622 4257 identidemprmdietum
652 4198 808 4256 erat,
840 4194 1117 4259 putaretur
1139 4230 1153 4256 ,
1184 4198 1239 4245 et
1265 4196 1331 4245 ex
1359 4204 1421 4246 ea
1445 4188 1585 4261 prte-

74 4270 316 4332 ciderentur
344 4280 670 4337 infructuosa
708 4290 974 4337 sarmenta
1001 4280 1180 4352 (Joan.
1210 4294 1281 4337 xv
1299 4322 1313 4349 ,
1343 4280 1401 4352 Ξ)
1422 4322 1438 4349 ,
1466 4281 1587 4352 qui-

78 4360 148 4418 bus
180 4366 382 4428 hereses
414 4382 469 4430 et
502 4372 795 4430 schismata
838 4389 934 4443 per
971 4373 1087 4429 loca
1123 4373 1263 4429 facta
1298 4380 1423 4428 sunt
1444 4416 1459 4442 ,
1490 4374 1593 4431 sub

79 4450 222 4513 Christi
255 4464 482 4532 nomine,
528 4478 641 4521 non
667 4465 837 4536 ipsius
856 4465 1077 4536 gloriam
1097 4500 1127 4533 ,»
1144 4465 1239 4521 sed
1265 4480 1415 4521 suam
1439 4480 1589 4536 qua:-

82 4551 283 4618 rentium,
322 4569 411 4626 per
447 4566 678 4629 quorum
720 4557 1069 4615 adversitates
1106 4561 1276 4631 magis
1315 4560 1622 4636 magisque.

83 4650 348 4701 exercemur
370 4648 626 4717 Ecclesia,
649 4657 709 4705 et
724 4649 1043 4719 probaretur
1060 4658 1219 4721 atque
1235 4648 1597 4707 illuStraretur

85 4736 123 4781 εἰ
141 4732 337 4794 doctrina
358 4741 473 4812 eius
497 4752 557 4799 ot
581 4743 855 4813 patientia.

136 4821 205 4876 45.
223 4825 387 4886 Omnia
414 4840 541 4904 ergo
565 4830 711 4900 hinc,
742 4833 879 4889 sicut
906 4841 1053 4889 tanta
1079 4840 1211 4890 ante
1228 4832 1479 4905 pmdicta
1510 4836 1597 4891 le-

90 4910 243 4985 tiﬂmt,
276 4922 345 4979 sic
383 4925 601 4982 ettiacta
618 4926 989 4997 cognoscimus
1017 4938 1043 4979 τ
1060 4934 1121 4983 et
1142 4926 1597 5002 quemadmodum

91 5004 209 5069 Primi
235 5010 515 5084 christiani,
554 5019 676 5089 quia
722 5017 1081 5073 nondnm'ista
1110 5017 1417 5088 provenisse
1442 5015 1596 5075 vide-

96 5090 217 5165 bam,
246 5103 488 5163 miraculis
532 5109 885 5165 movebantur
927 5117 985 5163 ut
1018 5108 1338 5174 crederent;
1382 5110 1461 5163 sic
1494 5122 1602 5163 nos

96 5184 185 5249 ⁸1ηίᾶ
211 5194 361 5251 omnia
392 5197 493 5255 ista
511 5200 583 5256 ita
610 5200 879 5271 completa
901 5198 1060 5266 sunt,
1090 5200 1227 5256 sicut
1255 5212 1318 5256 ea
1347 5201 1399 5255 in
1419 5199 1601 5256 Libris

98 5272 299 5351 ίεῑίωικ,
323 5291 406 5360 qui
439 5293 594 5364 Iunge
628 5302 923 5364 antequam
948 5293 1073 5349 haec
1090 5293 1439 5363 implerentur
1466 5306 1598 5351 conn.

99 5370 241 5468 scripti
260 5390 366 5435 sunt
382 5424 399 5450 ,
424 5385 511 5440 ubi
534 5386 710 5442 omnia
733 5386 906 5441 futura
927 5385 1259 5455 dicebantur,
1291 5397 1345 5444 et
1370 5403 1590 5459 praesen

102 5462 155 5513 Ψ
180 5462 267 5533 li!
288 5471 540 5547 Videntur,
572 5477 899 5534 aediﬁcamur
926 5477 994 5534 ad
1023 5472 1181 5535 fidem
1203 5520 1218 5546 ,
1245 5486 1303 5534 ut
1330 5480 1493 5536 etiam
1524 5480 1579 5535 ili

154 5638 267 5724 :51“:
286 5655 330 5724 ᾳ
346 5656 433 5712 Et,
447 5658 526 5724 Qui
541 5666 657 5724 ante
678 5672 774 5710 eos.
794 5666 930 5724 tum,
952 5660 1036 5724 qui
1058 5664 1147 5724 pro
1169 5660 1255 5712 cis.
1274 5661 1465 5724 Aliquot
1486 5668 1597 5713 Mss.
1634 5686 1642 5712 ,-

128 5710 381 5817 zziiig'eos;
412 5710 667 5782 et'quidam
686 5757 700 5783 ,
723 5720 805 5785 qui
830 5710 1031 5787 propter
1053 5710 1162 5785 eos;
1187 5710 1465 5787 pleriqtico
1502 5710 1604 5781 ‘itu
1635 5710 1649 5773 ⁷.

130 5822 172 5877 >¹
199 5833 275 5880 “n-
296 5840 442 5901 θηται
465 5842 707 5896 teneriore.

1420 390 1622 447 LIBER
1666 389 1752 448 UN
1760 388 1859 447 US.

3176 396 3287 453 542

1698 519 1816 574 quae
1837 512 2074 570 restant,
2100 506 2426 561 sustinentes
2442 514 2499 562 et
2524 515 2923 578 perseverantes
2943 508 2996 563 in
3022 508 3281 580 Domino,

1696 598 1812 652 sine
1847 595 2179 653 dubitatione
2222 606 2443 653 ventura
2477 597 2777 654 credamus.
2809 597 3081 669 Siquidem
3106 600 3281 655 adhuc

1696 689 2062 747 tribuletiones
2088 689 2278 746 futura:
2301 694 2353 746 in
2379 691 2581 746 eisdem
2606 691 2897 761 Scripturis
2918 693 3162 760 leguntur
3183 734 3197 757 ,
3222 704 3277 748 ct

1694 781 1811 850 ipse
1851 780 2067 836 ultimus
2100 781 2285 851 iudicii
2320 780 2467 848 dies,
2503 782 2593 837 ubi
2618 796 2805 837 omnes
2832 782 2976 837 cives
3003 783 3280 838 ambarum

1694 872 1906 929 illarum
1926 874 2197 929 civitatum
2222 875 2454 945 receptis
2480 875 2793 945 corporibus
2822 877 3112 931 surrecturi
3134 887 3279 941 sunt,

1694 972 1753 1019 et
1773 966 2032 1021 rationem
2056 966 2180 1021 vitae
2199 979 2310 1021 suae
2334 974 2457 1020 ante
2481 965 2708 1022 tribunal
2728 965 2923 1021 Christi
2946 966 3140 1036 judicis
3163 967 3284 1022 red-

1694 1055 1875 1112 ditari.
1920 1059 2107 1115 Veniet
2145 1060 2287 1115 enim
2325 1061 2378 1114 in
2403 1061 2645 1116 claritate
2673 1060 2950 1132 potestatis
2970 1102 2984 1126 ,
3011 1061 3101 1130 qui
3130 1059 3281 1131 prius

1692 1150 1750 1205 in
1796 1148 2093 1207 humilitate
2139 1150 2485 1207 humanitatis
2526 1152 2713 1208 venire
2760 1152 3007 1222 dignatus
3056 1160 3176 1216 est;
3230 1160 3284 1205 et

1692 1250 1881 1299 omnes
1910 1245 2025 1313 pios
2051 1245 2120 1300 ab
2140 1245 2319 1315 impiis
2344 1247 2644 1317 scgregabit
2672 1264 2684 1299 :
2718 1261 2825 1300 non
2858 1254 3061 1301 tantum
3092 1246 3170 1301 eis
3192 1246 3283 1314 qui

1693 1336 1747 1391 in
1774 1350 1897 1391 eum
1924 1336 2151 1393 credere
2178 1338 2399 1393 omnino
2424 1340 2745 1403 noluerunt,
2775 1338 2869 1392 sed
2898 1338 3057 1392 etiam
3084 1337 3162 1392 eis
3190 1338 3282 1407 qui

1690 1426 1888 1483 frustra
1916 1436 1970 1483 et
1992 1428 2322 1485 infructuose
2346 1428 2688 1485 crediderunt
2714 1430 2769 1483 in
2798 1444 2919 1484 eum
2943 1444 2960 1492 ;
2993 1428 3097 1483 illis
3121 1428 3281 1483 datu-

1691 1523 1784 1574 rus
1834 1532 2055 1590 regnum
2098 1532 2281 1577 secum
2326 1529 2583 1577 aeternum
2614 1562 2629 1587 ,
2683 1520 2787 1575 illis
2840 1527 3017 1574 autem
3067 1534 3282 1589 poenam

1690 1620 1947 1667 aeternam
1973 1627 2094 1666 cum
2122 1612 2354 1667 diabolo.
2387 1611 2493 1667 Sed
2522 1612 2661 1667 sicut
2690 1610 2895 1665 nullum
2919 1610 3165 1681 gaudium
3190 1623 3280 1665 re-

1691 1716 1812 1760 rum
1854 1705 2223 1775 temporalium
2250 1721 2317 1760 ex
2342 1705 2517 1774 aliqua
2544 1713 2695 1774 parte
2720 1704 2895 1759 simile
2924 1712 3099 1773 potest
3127 1703 3281 1758 inve-

1690 1797 1795 1851 niri
1854 1796 2049 1867 gaudio
2106 1797 2231 1852 vita:
2272 1804 2487 1851 adornas
2518 1836 2531 1861 ,
2583 1808 2742 1865 quam
2792 1795 2959 1849 sancti
3012 1793 3284 1865 accepturi

1689 1899 1853 1955 sunt;
1881 1890 1955 1943 ita
1980 1889 2157 1944 nullus
2180 1890 2451 1944 cruciatus
2480 1900 2759 1958 prunarum
2787 1886 3157 1957 temporalium
3185 1900 3282 1956 po-

1689 1990 1794 2037 test
1822 1982 2159 2052 sempiternis
2184 1982 2486 2051 iniquorum
2512 1979 2833 2035 cruciatibus
2852 1978 3171 2049 comparari.

1759 2074 1985 2131 CAPUT
2022 2073 2189 2128 XXV.
2220 2102 2291 2115 -—
2314 2074 2404 2129 46.
2438 2073 2595 2128 Fides
2623 2072 2997 2127 resurrectionis
3021 2071 3282 2127 suadetur.

1692 2168 1835 2222 Mors
1877 2175 2119 2237 perpetua
2154 2168 2207 2221 in
2246 2167 2522 2221 tormentis.
2573 2165 2689 2220 Vita
2727 2173 2918 2220 (eterna
2970 2174 3282 2219 sanctorum.

1690 2257 1978 2314 Cavendum
2025 2271 2125 2311 non
2172 2266 2370 2311 amt-um
2409 2272 2443 2310 a
2496 2255 2749 2327 Pagam‘s,
2797 2254 3020 2323 Judteis,
3057 2264 3104 2309 et
3133 2256 3287 2311 luere-

1690 2350 1821 2416 ticis,
1840 2349 1928 2402 sed
1944 2348 2091 2402 etiam
2108 2362 2138 2401 α
2154 2349 2304 2403 malis
2318 2347 2637 2403 Christianis.
2660 2349 2887 2403 Societas
2908 2349 2974 2403 sit
2989 2364 3102 2401 cum
3121 2348 3287 2411 bonis;

1690 2456 1794 2495 non
1820 2449 1985 2494 tamen
2009 2455 2125 2510 spes
2147 2442 2201 2494 in
2226 2441 2353 2509 ipsis
2372 2448 2608 2510 ponatur.
2640 2438 2843 2510 itaque,
2871 2438 3055 2507 frater,
3084 2429 3286 2494 contir-

1689 2546 1777 2586 ma
1810 2540 1863 2587 te
1891 2531 2062 2601 ipsum
2092 2532 2145 2584 in
2169 2530 2288 2601 ejus
2312 2531 2528 2586 nomine
2552 2539 2712 2600 atque
2750 2532 3013 2601 adiutorio
3048 2532 3131 2586 cui
3161 2545 3285 2585 cre-

1690 2623 1792 2689 dis,
1808 2621 2062 2678 adversus
2076 2621 2281 2692 linguas
2294 2636 2478 2676 eorum
2496 2622 2585 2690 qui
2610 2621 2767 2676 (idem
2786 2632 3025 2677 nostram
3042 2622 3285 2688 irrident,

1690 2712 1761 2767 de
1782 2712 1975 2782 quibus
2005 2711 2248 2766 diabolus
2265 2710 2565 2765 seductoria
2594 2710 2751 2765 verba
2774 2711 3027 2780 loquitur,
3045 2711 3278 2765 maxime

1690 2806 1881 2861 volens
1907 2804 2134 2859 irridere
2159 2802 2316 2860 ﬁdem
2354 2802 2779 2857 resurrectionis.
2820 2801 2929 2857 Sed
2970 2818 3035 2857 ex
3080 2812 3130 2856 te
3164 2802 3282 2871 ipso

1691 2897 1854 2954 crede
1874 2896 2111 2951 futurum
2140 2904 2193 2951 te
2217 2910 2336 2951 esse
2358 2911 2482 2951 cum
2504 2896 2672 2951 fueris
2696 2936 2711 2962 ,
2740 2895 2954 2965 quando
2992 2909 3115 2949 cum
3158 2902 3285 2951 ante

1692 2986 1801 3043 nun
1828 2985 2011 3051 fueris,
2034 3001 2175 3042 nunc
2197 3002 2317 3043 esse
2344 2996 2401 3042 te
2418 2986 2589 3042 vides.
2610 2985 2717 3042 «Ubi
2742 2986 2889 3042 enim
2908 2994 3025 3040 erat
3050 2986 3148 3040 ista
3174 2994 3285 3041 mo-

1692 3083 1776 3137 les
1792 3080 2040 3151 eorporis
2071 3080 2147 3136 tui
2177 3088 2231 3135 et
2255 3079 2358 3135 ista
2383 3080 2554 3135 forma
2572 3079 3045 3149 membrorumque
3064 3091 3287 3149 compa-

1691 3180 1907 3245 g'oantc
1942 3180 2140 3242 paucos
2172 3180 2362 3239 annos,
2414 3171 2723 3241 priusquam
2770 3178 2948 3237 natus,
2990 3168 3077 3223 vel
3121 3168 3285 3222 etiam

1691 3268 2000 3339 priusquam
2030 3268 2082 3321 in
2110 3266 2300 3321 matris
2328 3274 2487 3320 utero
2501 3266 2791 3334 cunceptus
2816 3264 3002 3319 esses?
3038 3262 3127 3317 ubi
3164 3266 3281 3318 erat

1695 3362 1810 3417 haec
1836 3361 2004 3415 moles
2028 3368 2083 3415 et
2106 3358 2221 3415 haec
2242 3366 2442 3414 statura
2468 3358 2709 3429 corporis
2738 3356 2854 3412 tui?
2882 3356 3068 3412 Nonne
3088 3355 3157 3412 de
3186 3370 3282 3412 oc-

1691 3450 1852 3509 cultis
1880 3452 2040 3523 hujus
2065 3460 2327 3507 creaturas
2346 3451 2594 3517 secretis,
2621 3449 2845 3504 Domino
2871 3448 2981 3503 Deo
2998 3446 3287 3503 invisibili-

1693 3545 2063 3601 terformante
2085 3585 2101 3611 ,
2144 3544 2405 3614 processit
2433 3543 2486 3597 in
2517 3543 2692 3597 lucem
2712 3582 2728 3607 ,
2768 3540 3034 3611 certisque
3067 3548 3285 3595 aetatum

1694 3638 2039 3694 incrementis
2066 3638 2121 3693 in
2142 3637 2297 3693 istam
2315 3636 2733 3708 magnitudinem
2756 3636 3085 3706 formamque
3106 3649 3290 3691 surre-

1694 3730 1811 3786 xit?
1830 3729 2097 3801 Numquid
2121 3744 2250 3801 ergo
2270 3728 2486 3785 difficile
2505 3737 2587 3785 est
2605 3730 2736 3795 Deo,
2762 3729 2850 3799 qui
2877 3728 3036 3784 etiam
3063 3740 3286 3799 aggeres

1696 3823 1918 3879 nubium
1947 3839 2013 3880 ex
2042 3823 2253 3880 occulto
2280 3824 2333 3878 in
2362 3828 2637 3879 momento
2663 3821 2949 3892 contrahit,
2975 3831 3029 3878 et
3054 3822 3293 3893 contegit

1698 3918 1896 3974 omium
1920 3917 1975 3972 in
2004 3916 2111 3972 ictu
2141 3915 2428 3987 temporis,
2469 3914 2693 3971 reddere
2737 3915 2894 3970 istam
2940 3915 3293 3985 quantitatem

1699 4008 1945 4080 corporis
1965 4009 2041 4064 tui
2066 4008 2203 4064 sicut
2227 4015 2363 4074 erat,
2388 4008 2479 4077 qui
2499 4021 2617 4063 eam
2638 4006 2813 4063 facere
2836 4008 3007 4077 potuit
3028 4007 3165 4063 sicut
3180 4016 3292 4062 nun

1700 4100 1886 4159 erat“?
1913 4098 2085 4156 Crede
2114 4108 2241 4171 ergo
2280 4100 2487 4156 fortiter
2515 4100 2571 4155 et
2596 4100 2914 4156 inconcusse
2943 4101 3069 4171 quia
3109 4101 3289 4155 omnia

1701 4196 1821 4266 quae
1846 4190 2093 4250 videntur
2118 4193 2267 4263 quasi
2297 4192 2569 4263 pereundo
2605 4192 2851 4247 humanis
2885 4192 3054 4248 oculis
3077 4193 3292 4248 subtra-

1701 4286 1778 4354 hi,
1812 4286 1956 4343 salva
1996 4295 2050 4342 ct
2090 4286 2295 4357 integra
2326 4295 2449 4341 sunt
2487 4284 2887 4356 omnipotentiae
2913 4286 3046 4353 Dei;
3093 4286 3183 4356 qui
3227 4301 3294 4342 ea

1701 4393 1825 4435 cum
1856 4378 2099 4443 voluerit,
2129 4377 2245 4433 sine
2276 4375 2380 4431 ulla
2408 4390 2556 4433 mora
2583 4386 2636 4434 et
2654 4375 2969 4432 difficultate
2994 4376 3287 4448 reparabit,

1704 4483 1768 4526 ea
1796 4469 2049 4525 duntaxat
2076 4484 2195 4539 quae
2221 4467 2422 4539 justitia
2449 4467 2561 4537 ejus
2588 4467 2881 4538 reparanda
2910 4483 3027 4523 esse
3052 4467 3253 4537 judicat
3280 4485 3295 4524 :

1706 4568 1766 4617 ut
1784 4560 1839 4616 in
1862 4561 1943 4616 his
1963 4560 2275 4631 corporibus
2290 4557 2515 4615 reddant
2534 4558 2776 4614 homines
2794 4557 3055 4612 factorum
3074 4572 3293 4612 suorum

1708 4653 1991 4717 rationem,
2019 4652 2071 4707 in
2112 4649 2305 4722 quibus
2331 4664 2391 4706 ea
2419 4650 2686 4716 fecerunt;
2717 4657 2767 4703 et
2793 4649 2846 4703 in
2877 4647 2960 4703 his
2988 4656 3297 4704 mercantur
3383 4644 3394 4705 ἔ

1710 4752 1803 4801 aut
1837 4744 2305 4800 commutationem
2337 4743 2572 4799 caelestis
2598 4741 3016 4811 incorruptionis
3060 4756 3155 4811 pro
3185 4756 3299 4797 me-
3362 4768 3369 4776 ο

1710 4837 1829 4893 ritis
1848 4835 2082 4907 pictatis,
2105 4843 2195 4890 aut
2216 4832 2613 4904 corruptibilem
2629 4835 2651 4865 '
2680 4832 2919 4903 corporis
2940 4832 3300 4889 conditionem

1714 4936 1813 5002 pro
1836 4931 2040 4988 meritis
2068 4930 2383 5001 iniquitatis,
2416 4944 2521 4984 non
2550 4942 2667 5000 quae
2700 4938 2874 4985 morte
2902 4930 3172 4997 solvatur,
3207 4929 3303 4985 sed

1714 5038 1835 5099 qua:
1854 5026 2129 5081 materiam
2158 5022 2499 5095 sempiternis
2528 5022 2799 5079 doloribus
2826 5024 3082 5093 praebeat.

1788 5119 1876 5174 A7.
1916 5117 2061 5187 Fuge
2091 5130 2217 5187 ergo
2247 5131 2342 5188 per
2373 5114 2698 5172 immobilem
2728 5114 2887 5171 ﬁdem
2923 5125 2977 5172 et
3000 5130 3175 5172 moros
3203 5116 3304 5172 bo-

1717 5226 1817 5270 nos
1832 5213 1875 5282 ³,
1900 5213 2042 5284 fuge,
2071 5211 2253 5277 frater,
2282 5209 2370 5265 illa
2394 5217 2656 5265 tormenta
2674 5251 2689 5276 ,
2716 5208 2806 5265 ubi
2836 5224 2934 5265 nec
2956 5216 3184 5265 tortores
3209 5209 3308 5263 dc-

1684 5294 1689 5335 ί
1719 5306 1925 5374 ﬁciunt,
1954 5319 2057 5361 nec
2104 5303 2227 5359 torti
2265 5302 2598 5387 moriuntur;
2641 5302 2833 5372 quibus
2882 5302 2996 5357 sine
3032 5301 3137 5355 fine
3163 5310 3311 5353 mors

1719 5404 1826 5467 est,
1870 5413 1975 5452 non
2022 5411 2180 5467 posse
2220 5394 2275 5450 in
2320 5394 2642 5450 cruciatibus
2690 5395 2846 5449 mori.
2905 5392 2975 5447 Et
3024 5390 3311 5446 cxardescc

1720 5502 1908 5544 amore
1933 5496 2092 5559 atque
2130 5485 2394 5543 desiderio
2437 5486 2774 5557 sempiternae
2813 5484 2935 5539 vitae
2979 5490 3311 5548 sanctorum,

1791 5666 1810 5697 ¹
1844 5666 1915 5714 Sic
1937 5672 2037 5713 Am.
2063 5669 2137 5712 Er.
2164 5668 2217 5711 et
2234 5661 2403 5725 plures
2423 5667 2527 5725 Mss.
2546 5668 2602 5711 Al.
2617 5669 2747 5725 ῐιογυν.2
2773 5659 2924 5723 potuit
2946 5670 3057 5708 cum
3078 5670 3170 5709 non
3189 5663 3316 5712 erat.

1718 5728 2034 5780 Corbeiensis
2054 5725 2209 5775 codex
2228 5722 2259 5773 ἁ
2280 5724 2492 5773 secunda
2516 5736 2679 5784 manu,
2706 5722 2781 5774 sic
2801 5733 2909 5771 cum
2933 5733 3027 5771 non
3049 5728 3173 5773 erat.

1794 5792 1815 5822 ²
1841 5789 2028 5850 Aliquot
2046 5793 2178 5850 Mss,
2195 5784 2536 5850 corruptibilis.

1799 5854 1818 5884 ³
1842 5852 1913 5902 sic
1928 5845 2039 5900 Mss.
2066 5848 2184 5899 Editi
2202 5845 2420 5908 ver0,'ad
2444 5858 2602 5899 mores
2628 5845 2787 5899 bonos.

1621 5942 1712 6005 43.43

2658 6003 2689 6020 Α
