3882 6286
496 301 603 358 διδ

498 413 589 469 ubi
636 425 733 466 nec
776 421 1002 478 operosa
1046 405 1147 464 erit
1191 407 1349 471 actio,
1397 421 1497 462 nec
1529 407 1741 476 requies
1778 404 2084 471 desidiosa;

499 505 612 558 laus
641 502 743 556 erit
789 501 882 555 Dei
906 500 1022 554 sine
1048 498 1291 562 fastidio,
1326 498 1442 552 sine
1486 497 1744 552 defectu:
1787 495 1992 551 nullum
2035 495 2088 550 in

501 596 682 652 animo
710 592 924 648 tzedium
947 633 962 658 ,
991 591 1167 645 nullus
1204 590 1353 646 labor
1394 589 1448 643 in
1491 603 1750 659 corpore;
1780 589 1924 643 nulla
1951 585 2089 642 indi-

499 686 678 758 gentia
696 727 712 750 ,
739 698 840 738 nec
869 692 956 737 tua
986 682 1071 738 cui
1099 681 1368 737 subveniri
1392 680 1696 747 desideres,
1729 694 1828 734 nec
1857 679 2090 749 proximi

501 779 587 834 cui
613 775 898 832 subvenire
923 775 1158 830 festines.
1180 773 1380 828 Omnes
1400 772 1605 828 deliciae
1629 772 1769 827 Deus
1795 771 1898 826 erit
1915 779 1972 827 et
1998 785 2088 827 sa-

500 869 658 923 tietas
674 867 692 898 ¹
724 875 922 921 sanctae
942 862 1171 919 civitatis
1196 863 1250 916 in
1270 862 1360 916 illo
1387 869 1443 916 et
1469 860 1536 916 de
1555 861 1647 916 illo
1665 860 1934 930 sapienter
1957 861 2089 918 bea-

501 969 661 1028 teque
691 955 934 1012 viventis.
965 953 1268 1009 Efﬁciemur
1295 952 1459 1017 enim,
1488 952 1626 1007 sicut
1650 952 1830 1008 abillo
1856 952 2090 1022 promis-

506 1064 623 1104 sum
653 1061 930 1118 speramus
957 1054 1011 1100 et
1037 1054 1408 1114 exspectamus
1430 1083 1445 1107 ,
1487 1043 1717 1113 aequales
1760 1044 1976 1112 Angelis
1995 1043 2092 1098 Dei

504 1141 658 1210 (Luc.
694 1154 766 1193 xx
786 1178 804 1204 ,
829 1135 920 1207 36)
940 1177 955 1203 ,
982 1143 1180 1192 etcum
1209 1136 1288 1190 eis
1317 1135 1517 1206 pariter
1546 1135 1634 1189 illa
1666 1133 1925 1189 Trinitate
1963 1149 2090 1204 per-

505 1230 742 1285 fruemur
764 1227 874 1298 jam
904 1241 1001 1296 per
1039 1226 1298 1296 speciem,
1342 1225 1392 1279 in
1444 1240 1547 1295 qua
1598 1239 1738 1279 nunc
1779 1239 1875 1295 per
1931 1223 2092 1279 tidem

505 1320 839 1374 ambulamus
862 1317 881 1391 (
902 1316 946 1371 ll
983 1317 1100 1372 Cor.
1145 1333 1200 1383 v,
1233 1315 1309 1387 7).
1339 1315 1620 1372 Credimus
1639 1315 1789 1369 enim
1817 1313 1957 1386 quod
1982 1329 2094 1370 non

504 1411 769 1473 videmus,
793 1418 850 1464 ut
873 1408 1003 1478 ipsis
1032 1407 1235 1462 meritis
1262 1405 1385 1461 ﬁdei
1405 1407 1566 1462 etiam
1597 1405 1779 1461 videre
1803 1405 1944 1476 quod
1970 1419 2094 1460 cre-

506 1501 681 1556 dimus
710 1509 765 1555 et
786 1499 1051 1554 inhaerere
1081 1513 1421 1563 mereamur;
1453 1505 1512 1552 ut
1537 1497 1892 1568 mqualitatem
1919 1497 2096 1553 Patris

507 1604 561 1651 et
581 1594 702 1650 Filii
723 1604 777 1649 et
795 1593 1023 1664 Spiritus
1043 1593 1234 1658 sancti,
1257 1601 1312 1647 et
1331 1593 1496 1661 ipsius
1516 1591 1792 1647 Trinitatis
1811 1592 2093 1656 unitatem,

507 1687 776 1756 quomodo
796 1687 904 1740 sint
931 1685 1044 1740 hmo
1066 1685 1164 1740 tria
1188 1700 1328 1740 unus
1356 1685 1516 1748 Deus,
1554 1699 1662 1738 non
1684 1684 1794 1753 jam
1823 1681 2003 1738 verbis
2033 1683 2096 1735 li-

508 1781 593 1836 dci
623 1789 678 1836 et
699 1778 1058 1850 strepentibus
1081 1777 1301 1849 syllabis
1335 1791 1703 1847 personemus,
1726 1775 1820 1830 sed
1847 1783 2096 1830 contem-

509 1871 743 1939 platione
763 1868 1045 1938 purissima
1070 1874 1124 1923 et
1151 1865 1526 1921 ardentissima
1550 1867 1604 1921 in
1631 1865 1722 1922 illo
1745 1866 1958 1922 silentio
1977 1880 2097 1922 sor-

505 1959 770 2014 beamus’.

578 2049 669 2104 48.
693 2048 819 2103 llaec
845 2056 966 2103 tene
997 2045 1098 2103 ﬁxa
1129 2047 1182 2101 in
1227 2045 1390 2102 corde
1421 2055 1549 2113 tuo,
1596 2054 1652 2102 et
1692 2046 1880 2102 invoca
1925 2046 2098 2101 Deum

511 2141 598 2196 cui
624 2139 822 2206 credis,
852 2148 910 2192 ut
931 2146 1140 2193 tueatur
1159 2146 1211 2193 te
1234 2136 1491 2193 adversus
1519 2137 1841 2192 tentationes
1861 2135 2093 2192 diaboli:

507 2247 563 2292 et
597 2240 714 2292 esto
753 2239 939 2290 cautus
962 2270 978 2298 ,
1016 2244 1084 2288 ne
1115 2228 1208 2283 tibi
1246 2227 1461 2283 aliunde
1495 2227 1666 2282 hostis
1696 2227 1786 2282 ille
1818 2227 2094 2296 subrepat,

507 2327 598 2398 qui
628 2327 694 2381 ad
720 2327 970 2381 solatium
1000 2319 1563 2380 malevolentissimum
1587 2317 1940 2373 damnationis
1959 2331 2096 2383 suae,

511 2433 632 2472 cum
662 2417 854 2486 quibus
883 2415 1165 2471 damnetur
1184 2414 1420 2486 inquirit.
1446 2413 1563 2469 Non
1593 2410 1735 2468 enim
1762 2423 1857 2482 per
1879 2421 1973 2466 eos
1999 2421 2095 2462 so-

510 2509 593 2564 los
611 2509 700 2579 qui
732 2507 1080 2564 christianum
1111 2521 1306 2562 nomen
1334 2505 1580 2570 oderunt,
1611 2513 1668 2560 et
1687 2503 1871 2560 dolent
1895 2519 1962 2559 eo
1990 2518 2093 2558 no-

510 2601 657 2658 mine
694 2609 1011 2672 occupatum
1049 2613 1168 2655 esse
1205 2599 1389 2655 orbem
1431 2609 1714 2664 terrarum,
1745 2605 1797 2653 et
1822 2597 1995 2653 adhuc
2021 2598 2096 2654 si-

510 2693 761 2748 mulacris
811 2701 866 2746 et
896 2692 1282 2746 dmmoniorum
1304 2689 1700 2746 curiositatibus
1723 2689 1923 2744 servire
1951 2688 2098 2745 desi-

510 2782 721 2849 derant,
762 2781 923 2836 audet
953 2781 1041 2836 ille
1065 2790 1271 2836 tentare
1299 2780 1620 2836 christianos
1647 2798 1661 2836 :
1693 2778 1789 2835 sed
1817 2779 1976 2835 etiam
1996 2793 2096 2852 per

512 2888 606 2928 eos
635 2887 770 2943 quos
819 2872 976 2940 paulo
1016 2879 1141 2925 ante
1182 2871 1738 2937 commemoravimus,
1783 2869 1852 2925 de
1891 2869 2098 2925 unitate

514 2965 791 3027 Ecclesiae,
817 2963 963 3019 velut
993 2971 1176 3032 putata
1195 2963 1325 3028 vite,
1355 2963 1628 3032 praecisos,
1645 2962 1734 3032 qui
1751 2961 1988 3017 haeretici
2006 2960 2096 3017 vel

512 3054 834 3111 schismatici
861 3053 1140 3120 dicuntur,
1177 3063 1400 3108 conatur
1424 3054 1585 3108 etiam
1611 3053 1662 3107 id
1681 3051 1894 3123 quidem
1926 3052 2097 3108 inter-

513 3146 664 3200 dum.
693 3143 800 3199 Sed
839 3152 1015 3198 tamen
1051 3142 1104 3198 id
1133 3144 1294 3198 etiam
1335 3143 1621 3214 aliquando
1646 3151 1871 3199 conatur
1905 3151 1961 3199 et
1999 3156 2098 3213 per

511 3237 725 3294 Judteos
756 3244 982 3304 tentare,
1011 3245 1170 3308 atque
1194 3236 1470 3292 seducere.
1502 3237 1608 3293 Sed
1636 3237 1866 3292 maxime
1896 3251 2096 3294 caven-

511 3329 641 3384 dum
682 3338 764 3383 est
787 3343 855 3382 ne
880 3342 976 3397 per
1004 3327 1248 3382 homines
1286 3329 1377 3398 qui
1415 3337 1538 3383 sunt
1580 3329 1632 3385 in
1675 3329 1786 3399 ipsa
1834 3329 2097 3386 catholica

516 3419 780 3485 Ecclesia,
807 3432 940 3489 quos
963 3419 1107 3473 velut
1131 3419 1334 3488 paleam
1363 3435 1532 3489 usque
1553 3419 1620 3474 ad
1645 3431 1856 3490 tempus
1875 3421 2100 3477 ventila-

514 3511 677 3566 tionis
696 3525 807 3565 sua:
833 3509 1087 3575 sustinet,
1130 3511 1490 3580 unusquisque
1520 3519 1753 3567 tentetur
1776 3521 1833 3568 et
1859 3511 2096 3582 decipia-

515 3611 624 3656 tur.
670 3601 956 3670 Propterea
990 3600 1132 3656 enim
1175 3601 1316 3656 Deus
1343 3602 1552 3669 patiens
1581 3611 1663 3656 est
1702 3602 1754 3656 in
1781 3602 1922 3668 illos,
1962 3609 2100 3658 utet

514 3707 732 3747 suorum
762 3691 1052 3745 electorum
1095 3690 1252 3745 ﬁdem
1291 3699 1451 3760 atque
1478 3691 1813 3761 prudentiam
1856 3706 1954 3762 per
1977 3692 2100 3747 illo-

514 3799 634 3839 rum
667 3782 1063 3853 perversitatem
1103 3781 1403 3837 exercendo
1443 3781 1756 3848 conﬁrmet;
1799 3791 1853 3838 et
1880 3783 2002 3854 quia
2029 3782 2100 3839 de

515 3889 741 3930 numero
764 3889 947 3929 eorum
977 3872 1127 3927 multi
1163 3871 1460 3943 proﬁciunt,
1484 3881 1540 3928 et
1558 3873 1624 3927 ad
1648 3873 1958 3942 placendum
1987 3874 2098 3929 Deo

515 3966 754 4021 miserati
772 3966 792 3996 ³
819 3965 1023 4021 animas
1049 3978 1196 4031 suas,
1233 3979 1428 4033 magno
1466 3965 1665 4035 impetu
1695 3973 2098 4024 convertuntur.

516 4057 634 4116 Non
664 4058 805 4114 enim
834 4072 1020 4112 omnes
1040 4056 1140 4111 sibi
1167 4071 1263 4126 per
1284 4057 1591 4127 patientiam
1616 4056 1711 4112 Dei
1741 4056 2101 4114 thesaurizant

511 4153 646 4207 iram
669 4150 719 4204 in
748 4149 834 4206 die
849 4151 940 4205 ira:
954 4150 1079 4220 justi
1090 4149 1271 4219 judicii
1288 4149 1401 4218 ejus
1418 4165 1433 4203 :
1453 4149 1546 4204 sed
1562 4150 1757 4203 multos
1773 4149 1958 4206 eadem
1971 4150 2099 4206 Om-

511 4242 803 4314 nipotentis
828 4242 1076 4312 patientia
1105 4240 1346 4310 perducit
1381 4240 1448 4295 ad
1491 4241 1898 4298 saluberrimum
1928 4243 2100 4313 poeni-

519 4336 698 4392 tentiae
747 4335 984 4390 dolorem
1036 4331 1214 4401 (Rom.
1266 4348 1323 4399 Il,
1365 4334 1420 4396 3,
1461 4333 1538 4402 ὁ).
1582 4332 1734 4398 Quod
1776 4332 1948 4389 donec
1985 4334 2095 4401 list,

525 4432 803 4480 exercetur
823 4438 919 4494 per
939 4436 1034 4478 eos
1055 4422 1262 4476 illorum
1287 4422 1373 4491 qui
1392 4421 1502 4490 jam
1517 4433 1717 4478 rectam
1733 4425 1871 4479 viam
1893 4432 2095 4494 tenent,

520 4531 628 4571 non
653 4516 823 4570 solum
853 4512 1128 4569 tolerantia
1150 4553 1166 4577 ,
1194 4511 1287 4568 sed
1315 4511 1475 4567 etiam
1503 4511 1884 4569 misericordia.
1908 4514 2098 4572 Multos

519 4619 648 4674 ergo
674 4606 883 4659 visurus
910 4616 971 4657 es
997 4602 1256 4668 ebriosos,
1284 4615 1495 4667 avaros,
1519 4601 1867 4668 fraudator-es,
1898 4604 2097 4662 aleato-

519 4710 628 4762 res,
656 4694 944 4762 adulteros,
970 4692 1336 4755 fornicatores,
1368 4692 1602 4748 remedia
1628 4694 1881 4765 sacrilega
1911 4695 2009 4752 sibi
2029 4698 2100 4752 al-

519 4785 765 4854 ligantes,
792 4785 1259 4854 praecantatoribus
1277 4793 1331 4839 et
1347 4784 1732 4840 mathematicis
1747 4787 1830 4842 vel
1848 4803 2099 4858 quarum-

518 4874 649 4930 libet
668 4875 946 4943 impiarum
975 4876 1166 4930 artium
1187 4875 1573 4931 divinatoribtts
1591 4875 1819 4933 deditos.
1845 4879 2099 4935 Animad-

520 4981 773 5022 versurus
797 4968 955 5020 etiam
972 4967 1113 5037 quod
1140 4968 1243 5022 illae
1261 4969 1427 5024 turbae
1444 4969 1698 5040 impleant
1724 4971 1977 5028 ecclesias
2000 4988 2099 5043 per

518 5057 636 5114 dies
685 5057 850 5112 festos
891 5057 1345 5123 Christianorum,
1392 5076 1510 5131 qua:
1548 5061 1771 5134 implent
1804 5073 1858 5119 et
1890 5064 2095 5121 theatra

518 5163 620 5220 per
657 5147 770 5201 dies
807 5147 1072 5203 solemnes
1111 5149 1471 5218 Paganorum;
1515 5161 1570 5208 et
1609 5155 1722 5210 haec
1761 5155 1992 5213 videndo
2027 5157 2097 5215 ad

520 5239 834 5296 imitandum
863 5240 1169 5295 tentaberis.
1197 5241 1264 5298 Et
1289 5243 1412 5312 quid
1443 5244 1615 5300 dicam
1637 5287 1654 5312 ,
1683 5247 1888 5304 videbis
1909 5290 1925 5315 ,
1952 5251 2097 5321 quod

518 5331 680 5387 etiam
705 5347 846 5388 nunc
868 5331 978 5402 jam
1000 5333 1179 5403 utique
1200 5335 1377 5389 nosti?
1405 5351 1508 5391 non
1539 5337 1681 5393 enim
1708 5340 1882 5395 nescis
1901 5341 2097 5402 multos

593 5483 764 5550 {Editij
787 5483 1003 5534 societas.
1031 5486 1194 5550 Aptius
1217 5485 1341 5550 forte
1362 5487 1577 5550 quinque
1601 5494 1728 5547 Mss.,
1753 5487 1969 5542 satietas.

595 5546 700 5594 ’Sic
718 5545 814 5595 duo
828 5552 935 5595 Mss.
959 5553 1014 5596 At
1049 5545 1185 5605 editi,
1210 5545 1504 5598 sorbeainur.

594 5608 758 5672 ξιοῖ..
777 5607 1064 5672 miseranti.
1100 5608 1268 5672 Melius
1291 5618 1389 5672 sm.
1417 5615 1488 5658 Er.
1519 5616 1570 5660 et
1591 5609 1774 5672 aliquot
1796 5618 1926 5672 Mss,
1955 5614 2097 5667 miseo

517 5669 636 5733 rati.
657 5669 828 5721 Allltdil.
850 5669 909 5733 ad
929 5669 1047 5721 illud
1074 5668 1405 5727 Eeclesiastici,
1430 5684 1532 5733 car.
1569 5673 1648 5731 50,
1671 5668 1720 5733 ἲ.
1748 5673 1809 5724 24
1833 5688 1845 5724 :
1870 5668 2096 5730 Miserere

517 5732 693 5788 ultima:
723 5738 818 5786 tua:
838 5731 1031 5796 placens
1061 5739 1172 5782 Deo.

1352 292 1439 348 DE
1479 287 2015 348 CATECllIZANDlS
2053 283 2371 356 RUDIBUS,
2413 290 2470 346 S.
2512 289 2879 350 AUGUSTINI

2193 405 2284 474 qui
2322 405 2655 475 appellantur
2681 406 2990 473 christiani,
3019 406 3134 463 hinc
3170 405 3348 464 omnia
3376 409 3514 466 mala
3536 416 3757 484 operari,

2193 511 2314 566 quae
2355 496 2584 552 breviter
2618 497 3053 554 commemoravi.
3085 499 3151 554 Et
3187 500 3508 572 aliquando‘
3547 503 3760 564 fortasse

2194 585 2438 655 graviora
2463 587 2640 643 facere
2670 587 2914 644 homines
2942 605 3050 645 non
3078 590 3289 662 ignoras
3308 633 3326 660 ,
3356 608 3490 664 quos
3517 596 3659 652 nosti
3681 612 3764 668 ap-

2196 675 2380 748 pellari
2409 675 2746 739 christianos.
2768 678 2875 735 Sed
2902 680 2948 734 si
2971 681 3072 736 hoc
3099 682 3277 738 animo
3294 684 3510 751 venisti,
3541 695 3600 741 ut
3625 690 3764 757 quasi

2196 783 2417 826 securus
2441 771 2566 826 talia
2591 770 2754 827 facias
2772 813 2789 841 ,
2818 773 3043 828 multum
3068 788 3218 830 erras
3243 792 3257 830 :
3279 791 3380 833 nec
3419 777 3516 833 tibi
3544 779 3768 848 proderit

2199 875 2394 917 nomen
2413 861 2632 929 Christi,
2655 878 2774 919 cum
2795 865 3019 936 coeperit
3045 866 3136 922 ille
3158 867 3495 925 severissime
3514 869 3768 940 judicare,

2198 953 2291 1022 qui
2336 953 2486 1024 prius
2513 953 2760 1024 dignatus
2803 965 2887 1012 est
2928 955 3430 1015 misericordissime
3473 959 3769 1018 subvenire.

2199 1045 2456 1102 Praedixit
2486 1047 2629 1102 enim
2673 1048 2774 1103 ista
2795 1089 2811 1113 ,
2838 1056 2893 1104 et
2924 1049 2999 1104 ait
3030 1049 3083 1104 in
3113 1049 3399 1121 Evangelio
3425 1067 3441 1106 :
3471 1050 3598 1107 Non
3625 1056 3774 1109 omnis

2200 1140 2284 1208 qui
2305 1139 2428 1193 dicit
2453 1139 2612 1206 mihi,
2652 1137 2903 1208 Domine,
2940 1140 3198 1210 Domine,
3239 1143 3444 1198 intrabit
3479 1145 3540 1199 in
3577 1162 3774 1216 regnum

2202 1229 2480 1293 calorum;
2508 1231 2597 1286 sed
2624 1231 2668 1286 is
2687 1233 2774 1303 qui
2805 1233 2928 1304 facit
2951 1233 3256 1289 voluntatem
3284 1233 3458 1290 Patris
3485 1237 3606 1291 mei.
3636 1235 3775 1292 Multi

2202 1323 2370 1378 dicent
2412 1323 2535 1377 mihi
2574 1324 2630 1379 in
2663 1324 2758 1379 illa
2796 1326 2896 1391 die,
2937 1325 3188 1394 Domine,
3230 1327 3478 1396 Domine,
3509 1329 3565 1383 in
3590 1331 3779 1385 nomine

2205 1420 2293 1466 tuo
2327 1412 2742 1469 ntanducavimus
2787 1423 2834 1470 et
2874 1414 3088 1472 bibimus
3129 1415 3356 1488 (Matth.
3396 1434 3493 1485 vn,
3541 1417 3636 1487 2!,
3661 1418 3776 1491 22).

2203 1501 2462 1559 Omnibus
2491 1519 2619 1575 ergo
2667 1505 2759 1576 qui
2800 1505 2855 1561 in
2905 1506 3102 1564 talibus
3142 1509 3394 1579 operibus
3422 1521 3776 1582 perseverant,

2204 1593 2474 1650 damnatio
2503 1595 2624 1652 ﬁnis
2653 1605 2754 1653 est.
2781 1596 2914 1654 Cum
2953 1613 3082 1671 ergo
3123 1601 3321 1657 videris
3345 1603 3544 1658 multos
3575 1618 3683 1658 non
3705 1617 3779 1658 so-

2205 1683 2315 1739 lum
2354 1685 2468 1742 hinc
2497 1687 2693 1754 facere,
2737 1689 2833 1745 sed
2858 1691 3018 1746 etiam
3045 1690 3332 1750 defendere
3356 1703 3517 1767 atque
3546 1695 3778 1764 suadere,

2207 1785 2332 1834 tene
2358 1787 2411 1834 te
2436 1779 2503 1834 ad
2533 1780 2706 1850 legem
2734 1782 2854 1849 Dei,
2881 1791 2936 1838 et
2963 1798 3070 1839 non
3095 1783 3338 1857 sequaris
3356 1789 3782 1858 praevaricatores

2207 1870 2344 1940 ejus.
2371 1871 2489 1926 Non
2510 1873 2653 1928 enim
2675 1874 2967 1930 secundum
2989 1876 3200 1933 illorum
3217 1892 3455 1950 sensum,
3483 1882 3584 1940 sed
3603 1897 3782 1940 secen-

2207 1963 2334 2019 dum
2351 1964 2492 2020 illius
2512 1967 2786 2021 veritatem
2803 1967 3148 2036 judicaberis.

2278 2055 2368 2112 49.
2407 2054 2742 2129 Conjungere
2765 2059 2940 2125 bonis,
2962 2076 3095 2132 quos
3124 2061 3270 2121 vidcs
3288 2078 3470 2123 amare
3497 2074 3684 2125 tecum
3705 2085 3781 2127 re-

2205 2162 2327 2218 gem
2362 2157 2532 2204 tuum.
2573 2149 2763 2206 Multos
2796 2153 2938 2206 enim
2968 2152 3276 2212 inventurus
3303 2171 3384 2226 es,
3428 2159 3474 2214 si
3504 2169 3563 2216 et
3597 2170 3654 2217 tu
3678 2163 3783 2220 talis

2207 2255 2329 2296 esse
2351 2243 2598 2313 coeperis.
2617 2242 2749 2298 Nam
2775 2245 2820 2299 si
2844 2245 2896 2299 in
2927 2250 3246 2316 spectaculis
3271 2266 3391 2306 cum
3415 2252 3524 2310 illis
3551 2269 3682 2313 esse
3703 2272 3782 2314 cu-

2208 2332 2392 2401 piebas
2419 2343 2475 2388 et
2510 2334 2589 2389 eis
2630 2335 2946 2404 inhaerere’,
2969 2338 3060 2408 qui
3091 2348 3266 2397 tecum
3299 2342 3385 2399 vel
3410 2345 3685 2417 aurigam,
3711 2348 3781 2406 re!

2207 2432 2512 2479 venatorem
2534 2465 2549 2492 ,
2578 2426 2661 2482 vel
2689 2427 2918 2498 aliquem
2961 2431 3277 2489 histrionem
3306 2434 3470 2491 simul
3508 2439 3778 2508 amabant;

2207 2522 2409 2587 quanto
2431 2516 2599 2590 magis
2625 2524 2678 2572 te
2714 2516 2983 2576 delectare
3021 2520 3183 2578 debet
3223 2538 3407 2580 eorum
3446 2529 3778 2602 coniunctio,

2206 2608 2297 2678 qui
2323 2617 2496 2665 tecum
2521 2616 2703 2667 amant
2731 2609 2896 2670 Deum
2921 2651 2937 2681 ,
2969 2611 3036 2669 de
3064 2630 3170 2686 quo
3205 2631 3472 2688 nunquam
3512 2622 3782 2681 erubescet

3863 2419 3874 2504 ἓ

3861 2507 3872 2558 .1

2205 2709 2414 2756 amator
2455 2703 2592 2773 ejus,
2623 2705 2744 2776 quia
2775 2720 2880 2762 non
2921 2708 3096 2764 solutn
3141 2705 3255 2778 ipse
3291 2724 3398 2765 non
3425 2721 3605 2785 potest
3631 2716 3778 2790 vinci,
3861 2701 3871 2742 ί

2206 2791 2301 2847 sed
2328 2795 2488 2849 etiam
2510 2795 2792 2854 dilectores
2819 2813 2946 2854 suos
2974 2801 3163 2858 reddet
3190 2800 3457 2865 invictos?
3481 2808 3593 2870 Nec
3614 2820 3778 2871 tamen
3865 2815 3868 2822 ’

2206 2882 2368 2938 etiam
2397 2885 2450 2942 in
2474 2886 2604 2957 ipsis
2624 2888 2797 2955 bonis,
2827 2891 2916 2961 qui
2943 2900 2998 2948 te
3028 2894 3112 2950 vel
3141 2897 3447 2966 praecedunt
3469 2903 3558 2960 vel
3586 2903 3683 2962 tibi
3701 2921 3782 2963 α)-
3859 2909 3882 2966 ἰ·

2207 2974 2462 3070 mitantur
2479 2975 2547 3070 ad
2573 2978 2737 3070 Deum
2751 2980 2795 3048 ³,
2818 2996 2967 3052 spem
2988 2992 3134 3041 tuam
3158 2988 3425 3048 collocare
3450 2992 3640 3063 debes,
3668 2999 3779 3070 quis
3855 2974 3882 3070 Γ

2207 3079 2310 3121 nec
2333 3066 2386 3121 in
2415 3074 2467 3122 te
2501 3068 2617 3138 ipso
2653 3069 2816 3128 debes
2841 3084 3323 3152 quantumcumque
3351 3085 3666 3155 profeceris,
3855 3066 3882 3155 Γ

2206 3157 2264 3214 in
2293 3157 2383 3213 illo
2401 3159 2490 3230 qui
2518 3175 2609 3217 eos
2635 3171 2689 3218 et
2712 3170 2764 3220 te
2775 3163 3115 3234 justiﬁcando
3142 3171 3273 3230 tales
3309 3174 3453 3232 facit.
3478 3177 3782 3242 Sectis-uses
3855 3157 3882 3242 1⁵

2204 3245 2349 3304 enim
2377 3247 2446 3303 de
2486 3251 2596 3306 Deo
2614 3293 2631 3320 ,
2661 3254 2784 3324 quia
2817 3270 2923 3312 non
2949 3268 3185 3317 mutatur
3214 3279 3228 3316 :
3268 3264 3337 3319 de
3365 3266 3586 3327 homine
3612 3283 3778 3330 autem

2204 3353 2366 3433 nemo
2385 3342 2676 3412 prudenter
2700 3360 2920 3404 securus
2945 3361 3048 3409 est.
3080 3353 3187 3411 Sed
3221 3356 3266 3412 si
3291 3356 3411 3416 illos
3439 3363 3532 3433 qui
3551 3367 3777 3424 nondum
3857 3342 3882 3433 1³

2199 3429 2332 3499 justi
2364 3441 2524 3499 sunt,
2555 3450 2734 3492 amare
2762 3437 3022 3497 debemus
3051 3452 3109 3500 ut
3133 3447 3272 3514 sint;
3295 3429 3494 3520 quanto
3514 3455 3779 3513 ardentius

2205 3522 2294 3616 qui
2311 3523 2420 3592 jam
2448 3533 2593 3591 sunt,
2619 3529 2831 3585 amandi
2855 3534 3018 3588 sunt?
3037 3533 3140 3591 Sed
3162 3537 3306 3595 aliud
3333 3551 3417 3597 est
3443 3543 3665 3616 diligere
3690 3548 3782 3605 ho—

2204 3608 2426 3686 minem,
2454 3619 2596 3710 aliud
2617 3635 2765 3691 spem
2793 3639 2993 3694 ponere
3023 3628 3076 3684 in
3099 3628 3344 3704 homine;
3374 3608 3681 3710 tantumque
3704 3641 3750 3697 in
3762 3670 3781 3681 ει
3857 3608 3882 3710 ii

2205 3712 2392 3773 terest,
2423 3718 2483 3764 ut
2510 3709 2636 3766 illud
2663 3711 2802 3769 Deus
2827 3715 3031 3786 jubeat,
3061 3719 3163 3777 hoc
3192 3723 3490 3793 prohibeat.
3523 3729 3581 3785 Si
3602 3709 3780 3788 autem

2203 3798 2408 3889 aliquas
2425 3801 2511 3856 vel
2541 3803 2911 3863 insultationes
2930 3809 3012 3864 vel
3047 3812 3415 3872 tribulationes
3447 3834 3545 3889 pro
3570 3821 3779 3878 nomine
3861 3798 3882 3889 Ιἰ

2203 3887 2400 3945 Christi
2430 3905 2616 3962 passus
2644 3909 2749 3950 non
2788 3895 3047 3955 deieceris
3083 3917 3113 3957 a
3145 3903 3268 3972 (ide,
3308 3887 3461 3964 neca
3487 3909 3624 3966 bona
3652 3913 3725 3967 via
3751 3912 3782 3943 ⁸
3859 3887 3882 3972 I1

2204 3979 2527 4049 deviaveris,
2573 3985 2831 4056 majorem
2863 3991 3164 4051 mercedem
3206 4008 3523 4069 accepturus
3560 4018 3657 4059 es:
3689 4003 3778 4075 qui:

2203 4081 2380 4164 autem
2398 4074 2450 4128 in
2473 4073 2554 4164 bis
2573 4075 2786 4134 diabolo
2796 4082 3074 4151 cesserint,
3089 4086 3247 4142 etiam
3261 4089 3521 4147 minorem
3536 4073 3774 4164 perdunt.
3859 4073 3882 4164 1ἰ

2205 4159 2312 4217 Sed
2341 4161 2557 4221 humilis
2580 4176 2698 4224 esto
2723 4168 2856 4239 Deo,
2883 4180 2944 4227 ut
2971 4188 3076 4230 non
3117 4183 3170 4230 te
3185 4180 3456 4249 permittat
3486 4159 3671 4240 tentari
3697 4185 3781 4240 ul-

2204 4261 2286 4308 tra
2313 4255 2453 4310 vires
2475 4266 2614 4312 tuas.

2275 4345 2500 4403 CAPUT
2539 4347 2728 4404 XXVI.
2758 4381 2828 4392 —
2853 4353 2943 4410 50.
2984 4353 3211 4413 Initiatio
3250 4363 3623 4435 catechumeni,
3667 4384 3778 4424 cene

2204 4438 2513 4508 expositione
2535 4442 2816 4512 signorum.
2858 4444 3038 4502 Sermo
3074 4451 3372 4522 quandoque
3403 4455 3598 4514 brevior
3636 4460 3778 4514 aditi-—

2203 4528 2409 4586 bendus.
2429 4531 2620 4602 Incipit
2637 4550 2800 4590 sermo
2821 4536 2953 4592 alius
2974 4537 3185 4596 brevior.
3209 4542 3376 4601 Filius
3394 4546 3494 4604 Dei
3512 4549 3774 4615 immissus;
3861 4528 3870 4584 λ

2204 4628 2257 4673 ut
2280 4637 2313 4673 a
2339 4631 2497 4676 morte
2514 4638 2626 4693 qua:
2653 4641 2743 4696 per
2759 4624 3013 4682 Adamum
3041 4630 3277 4702 intravit,
3315 4637 3654 4696 liberarentur.
3679 4641 3774 4697 Bis:
3867 4649 3870 4706 ξ

2205 4709 2395 4802 dictis,
2428 4712 2832 4786 interrogandus
2857 4726 2939 4773 est
2956 4734 3024 4774 an
3049 4719 3165 4777 hmc
3191 4725 3373 4782 credat
3406 4738 3566 4802 atque
3593 4732 3770 4788 obser~

2204 4817 2329 4857 vare
2349 4801 2637 4860 desideret.
2660 4805 2814 4874 Quod
2835 4821 2956 4863 cum
2982 4813 3334 4882 responderit,
3357 4801 3656 4878 solemniter
3671 4821 3772 4877 uti-

2204 4908 2308 4963 que
2318 4893 2606 4964 signandus
2626 4905 2776 4953 estet
2798 4897 3050 4956 Ecclesiae
3076 4919 3226 4960 more
3249 4913 3578 4970 tractandus.
3598 4913 3668 4970 De
3683 4919 3794 4968 ss»:

2203 4996 2477 5042 cramento
2499 5002 2627 5044 sane
2643 4989 2722 5061 (a)
2737 4990 2878 5061 quod
2893 4994 3128 5064 accipit”,
3145 5013 3264 5054 cum
3283 5001 3333 5056 ei
3356 5001 3493 5062 bene
3515 5021 3774 5062 comm-

2204 5076 2385 5134 datum
2410 5078 2586 5147 fuerit,
2615 5081 2880 5152 signacula
2908 5085 3119 5155 quidem
3146 5104 3325 5147 rerum
3345 5093 3772 5154 divinarumm

2204 5168 2456 5238 visibilia,
2483 5171 2576 5227 sed
2601 5174 2848 5242 resipsas
2875 5173 3169 5235 invisibiles
3197 5181 3249 5236 in
3267 5183 3347 5239 eis
3371 5183 3658 5255 honorari;
3678 5201 3766 5243 nec

2204 5262 2284 5318 sic
2309 5261 2605 5320 habendam
2634 5281 2753 5322 esse
2778 5267 2921 5324 illam
2937 5271 3170 5340 speciem
3196 5273 3572 5339 benedictione
3593 5280 3764 5340 sandi-

2267 5374 2285 5440 ξ
2310 5379 2438 5440 uss,
2457 5374 2716 5440 aliquanto.

2267 5436 2288 5466 ²
2308 5436 2381 5500 sic
2403 5444 2503 5500 Am.
2529 5436 2602 5487 Er.
2629 5447 2681 5489 et
2702 5446 2810 5490 Mss.
2829 5447 2886 5491 At
2899 5448 3032 5494 Lov.:
3060 5453 3178 5497 Nam
3199 5447 3243 5500 si
3262 5447 3312 5500 in

2201 5495 2428 5575 νιίιειεξέηιξ
2450 5495 3067 5575 ίτιξαιερνυηιρενιαηιιηωη

2269 5560 2377 5632 fer.
2400 5561 2542 5632 l.t_tgd.
2568 5570 2686 5632 Ven.
2721 5571 2829 5614 Lov.
2855 5568 3098 5632 omittunt,
3269 5560 3354 5628 Ἥ.

2266 5619 2288 5688 ξ
2313 5628 2414 5688 Am.
2434 5619 2508 5670 Er.
2531 5630 2584 5674 et
2605 5623 2771 5688 plures
2787 5635 2914 5688 Mss,
2931 5635 3043 5678 vita.

2267 5683 2288 5752 ξ
2311 5684 2507 5752 ξίᾳδιεε.
2533 5694 2588 5734 At
2602 5683 2740 5752 editi,
2763 5683 2964 5752 accepit.
3336 5732 3347 5746 .
3362 5715 3415 5750 sa

2268 5743 2341 5801 (α)
2372 5750 2528 5799 Forte.
2551 5744 2680 5802 satis.

3419 5458 3630 5510 ειηαῶ
3643 5462 3686 5510 st
3701 5467 3761 5508 σοι

3475 5521 3717 5575 intimas.

3487 5703 3673 5818 η,

3317 5729 3415 5764 ,θέλει
3458 5744 3466 5754 ν»

3233 5874 3428 5929 (ι’,
