3882 6286
112 387 195 443 345

112 502 311 561 licatam,
352 490 781 565 quemadmodum
821 488 1045 547 habetur
1082 493 1136 548 in
1179 507 1278 549 usu
1322 493 1560 564 quolibet
1600 512 1616 550 :

109 588 338 645 dicendum
357 587 506 641 etiam
528 584 648 655 quid
672 583 930 653 signiﬁcet
948 592 1002 638 et
1029 598 1208 639 sermo
1237 584 1324 639 ille
1351 598 1508 655 quem
1531 599 1625 639 au-

108 681 232 745 din‘t,
258 677 368 749 quid
397 678 447 730 in
477 677 567 730 illo
591 675 861 741 condiat‘,
889 676 1042 744 cujus
1077 675 1167 729 illa
1199 690 1287 732 res
1315 675 1624 732 similitudi-

108 789 199 829 nem
232 771 367 841 gerit.
407 767 600 823 Deinde
631 767 927 823 monendus
964 775 1047 823 est
1082 782 1149 823 ex
1192 767 1293 823 hac
1320 769 1624 840 occasione,

105 875 146 917 ut
167 863 203 917 si
222 860 330 931 quid
353 860 504 915 etiam
544 859 595 914 in
625 858 917 929 Scripturis
948 856 1130 913 audiat
1170 858 1315 930 quod
1341 860 1626 916 carnaliter

102 962 248 1021 sonet,
273 953 465 1010 etiamsi
491 966 592 1007 non
620 952 903 1024 intelligit,
932 951 1115 1008 credat
1143 962 1320 1009 tamen
1347 953 1624 1024 spirituale

101 1047 255 1118 aliquid
274 1046 563 1116 signiﬁcari,
586 1044 726 1115 quod
753 1044 820 1099 ad
846 1054 1059 1100 sanctos
1083 1059 1261 1102 mores
1286 1046 1623 1117 futuramque

101 1143 223 1195 vitam
257 1138 518 1209 pertineat.
546 1136 659 1192 Hoc
697 1145 877 1195 autem
925 1138 996 1192 ita
1025 1137 1258 1194 breviter
1296 1138 1453 1193 discit
1472 1140 1515 1206 ³,
1561 1148 1623 1196 ut

99 1232 303 1305 quidquid
323 1231 539 1286 audierit
565 1245 629 1286 ex
652 1229 826 1285 Libris
845 1230 1117 1286 canonicis
1139 1230 1282 1301 quod
1302 1231 1368 1285 ad
1388 1231 1622 1287 dilectio-

99 1342 193 1381 nem
220 1323 504 1379 :eternitatis
532 1330 586 1377 et
617 1321 859 1377 veritatis
880 1329 935 1376 et
963 1321 1279 1388 sanctitatis,
1306 1330 1361 1377 et
1385 1321 1453 1376 ad
1478 1321 1619 1377 dile-

101 1414 539 1494 ctionemyroximi
584 1412 787 1468 referre
811 1426 916 1467 non
943 1412 1131 1483 possit,
1163 1411 1388 1483 ﬁgurate
1415 1412 1659 1469 dictumr

104 1509 168 1563 vel
183 1517 346 1577 gestum
374 1518 490 1559 esse
514 1503 727 1569 credat;
749 1512 908 1574 atque
941 1502 1014 1557 ita
1040 1511 1269 1559 conetur
1298 1502 1616 1573 intelligere,

101 1610 143 1652 ut
161 1597 211 1652 ad
241 1596 362 1651 illam
390 1595 655 1665 geminam
685 1592 881 1649 referat
907 1591 1270 1648 dilectionem.
1297 1593 1373 1647 Ita
1404 1607 1533 1648 sane
1560 1600 1619 1647 ut

96 1690 333 1761 proximum
348 1702 449 1743 non
470 1686 757 1742 carnaliter
772 1686 1049 1757 intelligat,
1062 1685 1157 1742 sed
1167 1700 1379 1742 omnem
1396 1686 1619 1756 quicum

95 1796 142 1835 eo
157 1782 197 1834 in
212 1780 282 1834 illa
301 1788 473 1834 sancta
493 1778 709 1833 civitate
725 1784 900 1846 potest
914 1789 1053 1842 esse,
1071 1776 1187 1832 sive
1201 1777 1333 1845 jam,
1355 1778 1468 1831 sive
1483 1790 1620 1831 non-

93 1872 187 1926 dum
217 1877 445 1941 appareat
475 1886 489 1922 :
522 1877 578 1924 et
605 1876 663 1923 ut
691 1867 758 1923 de
786 1866 983 1922 nullius
1028 1867 1259 1923 hominis
1285 1867 1619 1923 correctione

92 1963 321 2032 desperet,
354 1974 511 2031 quem
548 1959 806 2031 patientia
846 1958 939 2014 Dei
988 1958 1133 2014 videt
1172 1958 1372 2026 vivere,
1412 1971 1518 2013 non
1546 1956 1619 2013 ob

91 2053 216 2120 aliud,
239 2053 361 2108 sicut
388 2051 675 2123 Apostolus
696 2051 792 2118 ait,
818 2050 921 2105 nisi
945 2058 1006 2105 ut
1031 2049 1326 2106 adducatur
1352 2048 1419 2105 ad
1448 2047 1619 2120 poeni-

91 2145 258 2199 tentiam
287 2143 452 2216 (Rom.
481 2159 540 2209 ιι,
566 2144 649 2212 4).

140 2238 208 2293 5l.
234 2236 282 2293 Si
306 2236 485 2307 longus
512 2236 609 2291 tibi
637 2235 847 2291 videtur
871 2234 973 2290 iste
1002 2249 1200 2298 sermo,
1230 2249 1336 2305 quo
1364 2243 1616 2304 tanquam

88 2337 346 2398 presentem
374 2328 561 2383 rudem
591 2326 862 2382 hominem
886 2325 1135 2391 instruxi,
1163 2325 1287 2381 licet
1314 2340 1378 2381 ea
1406 2324 1499 2380 tibi
1529 2324 1615 2380 di-

88 2436 179 2475 cere
199 2420 405 2485 brevius,
426 2419 723 2489 longiorem
751 2427 928 2473 tamen
952 2431 1073 2473 esse
1102 2416 1299 2475 debere
1315 2430 1423 2471 non
1449 2425 1610 2486 puto:

87 2525 330 2581 quanquam
354 2510 578 2565 multum
608 2509 830 2564 interest
852 2506 980 2579 quid
1008 2522 1097 2563 res
1125 2508 1258 2577 ipsa,
1277 2522 1398 2561 cum
1419 2508 1613 2577 agitur,

87 2612 272 2669 moneat,
298 2612 345 2657 et
373 2600 498 2672 quid
528 2598 833 2654 auditorum
860 2597 1146 2669 praesentia
1175 2612 1280 2652 non
1310 2598 1483 2651 solum
1510 2596 1617 2653 fer~

85 2694 235 2757 re.scd
258 2695 407 2750 etiam
434 2692 745 2751 desiderare
773 2705 834 2747 se
860 2688 1127 2746 ostendat.
1159 2687 1290 2744 Cum
1319 2698 1497 2745 autem
1521 2704 1615 2744 ce-

85 2786 246 2840 leritate
268 2800 393 2857 opus
420 2794 534 2852 est,
568 2783 691 2839 vide
722 2795 882 2853 quam
910 2779 1066 2836 facile
1095 2779 1346 2850 explicari
1388 2784 1498 2835 tota
1527 2793 1617 2835 res

84 2882 226 2947 possit.
244 2879 341 2934 Fac
364 2892 549 2933 rursus
575 2876 766 2931 adesse
791 2875 1046 2945 aliquem,
1064 2873 1154 2944 qui
1179 2872 1307 2929 velit
1333 2887 1454 2927 esse
1473 2870 1617 2927 chri-

84 2972 242 3026 stianus
258 2990 270 3026 :
288 2986 410 3042 ergo
430 2980 484 3025 et
503 2970 911 3038 interrogatum,
929 2964 1061 3021 illud
1081 2963 1221 3034 quod
1241 2964 1485 3033 superior
1531 2977 1619 3017 re-

85 3064 341 3131 spondisse;
362 3062 485 3133 quia
516 3069 574 3116 et
604 3059 647 3114 si
678 3073 781 3114 non
813 3057 915 3113 hoc
940 3055 1246 3126 respondet,
1267 3054 1367 3110 hoc
1395 3068 1618 3111 cumre-

85 3155 299 3223 spondere
325 3154 576 3210 debuisse
604 3149 889 3208 dicendum
910 3157 1011 3206 est.
1026 3147 1229 3205 Deinde
1253 3146 1355 3203 hoc
1378 3146 1538 3203 modo
1562 3153 1618 3203 et

84 3256 232 3301 cetera
258 3244 604 3302 conterenda.

137 3337 207 3391 52.
235 3337 377 3402 Vere,
416 3336 604 3400 frater,
634 3333 724 3389 illa
753 3347 942 3404 magna
971 3340 1027 3388 et
1057 3345 1183 3388 vera
1212 3328 1483 3387 beatitudo
1511 3337 1613 3398 est,

84 3444 172 3497 quze
194 3428 239 3484 in
259 3430 426 3485 futuro
455 3427 657 3483 saeculo
676 3425 874 3482 sanctis
897 3424 1241 3495 promittitur.
1270 3422 1460 3479 Omnia
1488 3435 1616 3476 vero

84 3520 262 3574 visibilia
304 3526 619 3584 transeunt,
650 3525 705 3573 et
738 3516 912 3571 omnis
940 3515 1097 3585 hujus
1136 3514 1320 3571 saeculi
1347 3527 1538 3584 pompa
1562 3518 1619 3568 et

84 3611 245 3666 deliciae
280 3620 332 3666 et
364 3608 651 3666 curiositas
680 3606 1004 3672 interibunt,
1035 3615 1090 3662 et
1121 3620 1301 3661 secum
1331 3604 1399 3660 ad
1447 3603 1615 3659 inter-

86 3702 183 3755 itum
208 3702 407 3757 trahunt
429 3708 698 3756 amatores
725 3713 870 3753 suos.
903 3699 945 3751 Α
976 3712 1082 3767 quo
1108 3696 1347 3761 interitu,
1380 3694 1481 3750 hoc
1500 3702 1580 3751 est
1598 3735 1615 3760 ,

84 3794 216 3859 pinnis
256 3791 593 3863 sempiternis
639 3791 777 3845 Deus
807 3789 1112 3843 misericors
1138 3787 1324 3841 volens
1372 3785 1618 3842 homines

85 3881 300 3950 liberare,
326 3884 370 3938 si
400 3883 503 3937 sibi
548 3882 649 3952 ipsi
691 3895 799 3935 non
824 3880 932 3935 sint
960 3877 1194 3945 inimici,
1224 3886 1280 3933 et
1314 3892 1420 3933 non
1478 3878 1614 3933 resi-

83 3982 195 4028 smnt
218 3972 584 4029 misericordia:
609 3970 875 4028 Creatoris
905 3970 1007 4035 sui,
1025 3970 1171 4025 misit
1194 3969 1516 4039 unigenitum
1530 3969 1617 4024 Fi-

84 4062 182 4117 lium
205 4079 340 4119 suum
359 4106 373 4130 ,
402 4064 505 4120 hoc
533 4070 617 4119 est
635 4103 651 4130 ,
677 4061 912 4117 Verbum
940 4075 1094 4115 suum
1118 4060 1321 4131 aequale
1350 4060 1489 4126 sibi,
1522 4074 1617 4130 per

84 4156 195 4222 quod
216 4156 433 4211 condidit
457 4155 659 4211 omnia.
684 4154 748 4209 Et
774 4167 997 4207 manens
1023 4151 1235 4223 quidem
1263 4152 1316 4205 in
1341 4151 1617 4206 divinitate

86 4259 176 4311 sua,
199 4255 363 4302 etnon
394 4246 653 4302 recedens
680 4260 710 4300 a
740 4244 915 4310 Patre,
949 4259 1046 4300 nec
1074 4244 1128 4299 in
1152 4243 1329 4313 aliquo
1356 4252 1611 4309 mutatus,

86 4337 357 4393 assumeudo
385 4346 563 4392 tamen
592 4336 884 4402 hominem,
903 4343 959 4391 et
981 4335 1036 4389 in
1062 4349 1223 4391 carne
1251 4334 1460 4389 mortali
1478 4334 1498 4364 ³
1521 4334 1617 4388 ho-

88 4427 276 4485 minibus
301 4428 602 4500 apparendo
644 4426 789 4483 venit
830 4424 898 4481 ad
941 4424 1185 4481 homines
1216 4442 1229 4478 :
1263 4433 1321 4479 ut
1357 4424 1614 4494 quemad-

88 4518 263 4575 modum
286 4537 375 4593 per
400 4534 563 4576 unum
594 4518 862 4573 hominem
888 4516 977 4588 qui
1008 4517 1210 4587 primus
1236 4514 1406 4571 factus
1435 4522 1535 4581 est,
1563 4513 1616 4570 id

91 4620 151 4664 est
174 4613 353 4679 Adam,
392 4627 539 4668 mors
583 4611 801 4665 intravit
846 4610 896 4663 in
927 4622 1095 4679 genus
1141 4607 1465 4672 humanum,
1495 4605 1618 4675 quia

92 4705 315 4759 consensit
340 4704 545 4760 mulieri
574 4718 686 4759 suae
715 4700 946 4760 seductas
974 4715 1003 4754 a
1032 4698 1245 4756 diabolo
1264 4740 1279 4767 ,
1311 4706 1371 4753 ut
1412 4713 1617 4769 praece-

92 4803 208 4859 ptum
248 4796 334 4852 Dei
378 4795 909 4867 transgralerentur;
960 4791 1036 4848 sic
1083 4807 1179 4863 per
1225 4786 1389 4845 unum
1441 4789 1616 4845 homi-

95 4895 189 4936 nem
225 4886 497 4955 quietiam
540 4886 679 4941 Deus
723 4892 807 4940 est
851 4882 943 4939 Dei
988 4881 1188 4948 Filius,
1235 4880 1416 4937 lesum
1462 4880 1617 4936 Chri-

96 4980 232 5040 stum,
270 4976 453 5033 deletis
479 4977 721 5032 omnibus
767 4976 998 5046 peccatis
1027 4973 1343 5044 praeteritis,
1387 4972 1617 5029 creden-

99 5072 159 5119 tes
192 5066 239 5122 in
267 5083 379 5124 eum
408 5084 591 5125 omnes
632 5069 686 5124 in
727 5076 980 5124 aeternam
1006 5066 1168 5122 vitam
1212 5064 1619 5137 ingrederentur

101 5151 185 5221 (ιιι.
209 5173 266 5224 ν,
295 5159 496 5229 12—19).

150 5315 251 5377 tu.
272 5325 323 5367 et
334 5316 723 5377 tev.,condatur.
747 5318 918 5367 Verius
936 5323 1041 5364 MSS.
1069 5320 1258 5377 et,Am.,
1282 5310 1489 5363 condiat.
1506 5319 1618 5364 Nam

102 5375 228 5441 agitur
244 5377 317 5441 hic
328 5378 391 5427 de
411 5375 708 5441 sacramento
728 5377 975 5441 salis,un
989 5376 1365 5441 catechumenus
1385 5377 1615 5441 initiantur.

104 5440 181 5503 But:
197 5440 389 5503 pertinet
416 5439 525 5489 illud
562 5441 807 5503 Augustini
836 5436 922 5503 lib'.
960 5439 979 5487 1
1008 5436 1244 5503 Confess.,
1265 5450 1369 5498 cap.
1391 5438 1448 5503 _ll
1478 5450 1491 5485 :
1526 5444 1621 5503 «ﬁt

112 5498 335 5566 lumbar-
366 5501 462 5566 jam
483 5504 615 5566 signo
632 5498 793 5566 'crucis
816 5502 940 5562 ejus,
975 5506 1026 5549 et
1061 5499 1321 5548 condiebar
1359 5499 1466 5566 ejus
1497 5500 1619 5566 sale,

112 5572 128 5598 ι
143 5558 227 5623 iatn
240 5562 341 5611 inde
362 5558 421 5611 ab
441 5558 577 5623 utero
598 5563 763 5613 matris
784 5558 933 5623 meae.
949 5578 971 5606 »
1013 5568 1115 5623 tpsa
1140 5568 1215 5609 est
1235 5574 1380 5622 quam
1390 5558 1478 5623 llic
1498 5561 1622 5611 dixit

301 5622 606 5694 benedictione
643 5622 990 5694 sanctiﬁcatum
1012 5619 1273 5684 {adeoque
1313 5621 1455 5684 paulo
1477 5635 1622 5685 supra

109 5675 207 5738 1000.
226 5696 356 5743 satis;
376 5684 629 5743 legendum
652 5675 862 5743 videtur,
884 5684 1013 5735 salis.

157 5743 250 5806 ξεί)
267 5751 363 5794 ass.
386 5743 500 5796 Editi
519 5760 650 5806 vero,
676 5746 844 5797 discet.

162 5802 179 5836 ³
204 5802 369 5874 Aliqum
389 5816 509 5871 uss,
537 5802 761 5863 mortalis.

1411 374 1611 434 LIBER
1649 375 1846 441 UNUS.

1798 504 2022 562 CAPUT
2066 505 2276 566 XXVII.
2306 541 2376 551 —
2404 512 2492 570 55.
2545 512 2845 586 Prophetias
2904 520 3091 580 Veteris
3130 524 3311 583 Testa-

1727 598 1881 651 menti
1907 599 2136 671 impletas
2160 604 2295 657 cerni
2325 606 2375 658 in
2402 606 2644 663 Ecclesia.
2675 610 2813 665 Hinc
2839 614 3041 682 ﬁrmata
3066 617 3195 685 ﬁdes
3221 636 3311 675 eoo

1726 705 1840 743 rum
1867 706 1981 760 qua:
2007 703 2214 748 ventura
2242 706 2432 752 restant
2451 740 2464 765 ,
2487 700 2673 768 judicii
2701 703 2865 757 ultimi
2892 714 2939 759 et
2974 710 3304 764 resurrectio-

1726 778 1825 834 nis.
1852 779 2098 837 Cavendw
2124 788 2417 843 tentationes
2443 805 2476 842 a
2504 790 2651 844 malis
2685 792 2837 847 etiam
2865 794 2919 848 in
2958 794 3189 852 Ecclesia
3217 815 3306 853 re-

1726 875 1900 943 pertis.
1932 875 2159 933 Societas
2184 896 2298 934 cum
2325 880 2485 937 bonis.
2514 883 2647 954 Spes
2686 886 2848 941 omnis
2875 888 2929 941 in
2955 886 3086 944 Deo.
3112 890 3307 947 Omnia

1726 965 1868 1021 enim
1892 967 1909 999 ¹
1938 983 2058 1039 qua:
2096 985 2239 1027 nunc
2261 972 2410 1029 vides
2438 975 2491 1029 in
2519 976 2755 1032 Ecclesia
2787 979 2915 1047 Dei,
2941 990 2995 1035 et
3022 980 3121 1036 sub
3142 980 3306 1037 Chri-

1726 1055 1794 1110 sti
1823 1058 2037 1115 nomine
2062 1074 2157 1130 per
2182 1070 2345 1117 totum
2366 1064 2550 1121 orbem
2577 1074 2833 1123 terrarum
2857 1070 2970 1139 geri
2985 1072 3028 1136 ’,
3050 1080 3175 1127 ante
3201 1087 3303 1128 εαξη

1726 1145 1844 1201 cula
1869 1148 1979 1217 jam
2022 1150 2272 1220 prmdicta
2302 1163 2459 1221 sunt,
2489 1164 2544 1210 et
2586 1157 2721 1212 sicut
2748 1173 2810 1213 ea
2841 1159 3097 1228 legimus,
3138 1148 3207 1217 ita
3245 1169 3306 1217 et

1725 1238 1995 1307 videmus;
2015 1251 2070 1297 et
2092 1243 2221 1300 inde.
2237 1245 2559 1303 mdiﬁcamur
2579 1250 2631 1304 in
2656 1250 2834 1306 ﬁdem.
2857 1251 3077 1309 Pactum
3101 1264 3183 1311 est
3203 1256 3307 1310 ali-

1725 1331 1935 1399 quando
1960 1331 2214 1389 diluvium
2243 1351 2339 1405 per
2362 1346 2524 1393 totam
2552 1347 2771 1409 terram,
2791 1349 2850 1397 ut
2877 1353 3183 1412 peccatores
3203 1346 3300 1403 de-

1724 1420 1964 1476 lerentur
1994 1439 2008 1476 :
2043 1432 2098 1479 et
2124 1433 2298 1481 tamen
2329 1427 2400 1482 illi
2428 1429 2516 1500 qui
2545 1441 2827 1487 evaserunt
2858 1434 2910 1487 in
2940 1450 3092 1502 arca,
3122 1450 3302 1492 sacra-

1724 1520 1962 1566 mentum
1993 1511 2181 1569 futura:
2224 1515 2477 1573 Ecclesia:
2502 1518 2972 1590 demonstrabant,
3003 1539 3122 1594 quae
3159 1541 3302 1583 nunc

1724 1598 1780 1655 in
1804 1600 2049 1658 ﬂuctibus
2073 1605 2253 1660 smculi
2281 1615 2461 1676 natat,
2489 1616 2543 1664 et
2584 1624 2679 1679 per
2702 1611 2901 1681 lignum
2942 1614 3118 1670 crucis
3142 1615 3303 1672 Chri-

1723 1690 1793 1745 sti
1821 1705 1852 1746 a
1879 1693 2245 1752 submersioue
2287 1697 2559 1755 liberatur.
2602 1700 2916 1757 Praedictum
2959 1713 3043 1759 est
3068 1706 3301 1763 Abrahae

1723 1781 1865 1837 ﬁdeli
1895 1798 2050 1840 servo
2076 1786 2203 1853 Dei,
2233 1788 2325 1843 uni
2368 1789 2605 1858 homini,
2632 1793 2772 1863 quod
2800 1794 2868 1850 de
2893 1795 2986 1852 illo
3028 1807 3171 1854 esset
3202 1814 3301 1870 po-

1723 1873 1879 1942 pulus
1922 1876 2253 1945 nasciturus,
2286 1880 2376 1950 qui
2404 1881 2604 1938 coleret
2628 1899 2790 1939 unum
2818 1885 2987 1941 Deum
3026 1888 3164 1944 inter
3193 1904 3302 1945 caa-

1723 1971 1867 2020 teras
1907 1975 2093 2035 gentes
2135 1983 2253 2038 qua:
2282 1970 2423 2026 idola
2464 1972 2712 2028 colebant
2743 1990 2756 2027 :
2788 1982 2845 2030 et
2871 1976 3048 2030 omnia
3076 1993 3197 2048 quze
3226 1979 3305 2035 illi

1721 2056 1920 2126 populo
1944 2067 2165 2115 ventura
2190 2062 2438 2131 prmdicta
2464 2072 2624 2131 sunt,
2654 2065 2733 2121 sic
2756 2076 3053 2124 evenerunt
3078 2077 3135 2124 ut
3161 2084 3303 2140 prae-

1722 2146 1862 2202 dicta
1888 2157 2031 2204 sunt.
2060 2150 2411 2221 Proplietatus
2434 2162 2518 2209 est
2541 2154 2595 2210 in
2625 2155 2717 2211 illo
2740 2158 2937 2228 populo
2960 2159 3118 2215 etiam
3146 2158 3309 2217 Chri-

1722 2247 1837 2293 SlUS
1878 2254 1973 2295 rex
2002 2242 2236 2297 omnium
2264 2253 2569 2301 sanctorum
2593 2254 2649 2302 ΕΙ.
2673 2247 2815 2304 Deus
2840 2258 3094 2307 venturus
3118 2266 3185 2307 ΘΧ
3209 2266 3305 2309 86⁸

1722 2330 1866 2387 mine
1905 2322 2070 2402 ipsius
2098 2334 2367 2390 Abraham
2395 2337 2687 2394 secundum
2728 2353 2979 2410 carnem,
3009 2356 3166 2411 quam
3209 2357 3301 2399 as-

1722 2423 1970 2492 sumpsit,
1990 2431 2048 2478 ut
2069 2439 2256 2481 omnes
2272 2427 2431 2481 etiam
2456 2427 2552 2483 ﬁlii
2567 2437 2750 2485 essent
2762 2430 3013 2497 Abralue,
3030 2434 3121 2504 qui
3144 2432 3304 2492 ﬁdem

1721 2513 1837 2584 ejus
1862 2515 2225 2583 imitarentur;
2256 2527 2311 2573 et
2334 2520 2412 2574 sic
2453 2529 2537 2575 est
2568 2520 2761 2576 factum
2795 2539 2809 2576 :
2842 2531 2998 2578 natus
3021 2530 3104 2579 est
3140 2524 3300 2579 Chri-

1721 2614 1836 2661 stus
1858 2606 1925 2663 de
1952 2608 2114 2664 Maria
2139 2611 2345 2681 virgine
2362 2650 2378 2677 ,
2409 2626 2528 2683 quae
2556 2627 2625 2668 ex
2668 2613 2760 2670 illo
2782 2630 2979 2685 genere
3005 2617 3118 2671 fuit.
3150 2617 3300 2673 Prae-

1721 2698 1919 2755 dictum
1942 2709 2025 2756 est
2053 2716 2149 2771 per
2172 2703 2469 2774 Prophetas
2492 2704 2634 2775 quod
2671 2706 2725 2761 in
2750 2722 2909 2763 cruce
2933 2722 3185 2777 passurus
3208 2724 3301 2766 es-

1721 2797 1803 2845 set
1824 2789 1892 2845 ab
1920 2791 2107 2846 eodem
2133 2794 2328 2863 populo
2356 2793 2661 2850 Iudaeorum
2683 2836 2697 2862 ,
2725 2799 2793 2852 de
2818 2796 2966 2867 cujus
2990 2813 3187 2868 genere
3208 2814 3301 2856 se-

1720 2882 1952 2939 cundum
1978 2898 2193 2940 carnem
2219 2886 2494 2953 veniebat;
2525 2895 2580 2943 et
2618 2889 2694 2944 sic
2722 2896 2805 2944 est
2847 2890 3059 2946 factum.
3092 2892 3297 2950 Praedi-

1720 2982 1865 3030 ctum
1890 2981 1972 3030 est
1996 2974 2139 3045 quod
2165 2985 2560 3033 resurrecturus
2587 2988 2761 3045 esset;
2788 2982 3078 3037 resurrexit
3101 2999 3115 3037 :
3137 2992 3193 3039 et
3211 2998 3302 3040 se-

1720 3065 1950 3120 cundum
1967 3065 2079 3136 ipsa
2096 3067 2346 3136 praedicta
2365 3067 2748 3138 Pmphetarum
2763 3070 2998 3126 ascendit
3012 3071 3066 3127 in
3079 3072 3297 3141 omium,

1720 3166 1775 3213 et
1802 3157 2074 3229 discipulis
2097 3160 2208 3216 suis
2237 3159 2490 3231 Spiritum
2517 3170 2756 3217 sanctum
2781 3164 2945 3218 misit.
2973 3164 3295 3223 Praedictum

1720 3258 1931 3306 estnon
1958 3252 2130 3307 solum
2149 3267 2180 3307 a
2200 3252 2499 3324 Prophetis,
2521 3253 2615 3310 sed
2643 3255 2805 3311 etiam
2828 3255 2897 3311 ab
2923 3254 3039 3326 ipso
3069 3257 3297 3314 Domino

1719 3340 1847 3396 Jesu
1874 3339 2089 3398 Christo
2106 3382 2122 3409 ,
2153 3343 2295 3413 quod
2327 3344 2563 3400 Ecclesia
2590 3344 2706 3415 ejus
2733 3360 2830 3416 per
2871 3346 3176 3403 universum
3203 3361 3299 3403 or-

1722 3432 1842 3491 bem
1866 3441 2127 3489 terrarum
2169 3443 2313 3491 esset
2335 3434 2546 3504 futura,
2576 3451 2674 3507 per
2713 3434 3017 3493 sanctorum
3043 3440 3299 3511 martyria

1720 3524 2104 3596 passionesque
2118 3525 2481 3593 disseminata;
2502 3535 2558 3583 et
2580 3536 2706 3585 tunc
2734 3529 3067 3601 praedictum,
3084 3531 3299 3602 quando

1720 3615 1893 3673 adhuc
1917 3632 2114 3673 nomen
2137 3617 2255 3688 ejus
2277 3626 2331 3674 et
2353 3618 2551 3675 latebat
2572 3628 2780 3691 gentes,
2797 3629 2852 3677 et
2865 3621 2955 3677 ubi
2982 3631 3164 3678 notum
3181 3630 3298 3677 erat

1722 3707 2039 3764 irridebatur
2059 3725 2074 3763 :
2093 3717 2147 3764 et
2174 3717 2349 3765 tamen
2379 3710 2432 3765 in
2456 3711 2738 3768 virtutibus
2761 3713 3135 3768 miraculorum
3155 3714 3293 3783 ejus,

1721 3799 1834 3854 sive
1860 3814 1979 3870 quae
2005 3814 2101 3869 per
2128 3814 2187 3856 se
2215 3801 2350 3870 ipse,
2377 3802 2488 3857 sive
2515 3818 2634 3873 quae
2664 3818 2757 3873 per
2784 3817 2968 3859 servos
2994 3818 3119 3860 suos
3148 3804 3296 3873 fecit,

1721 3890 1847 3946 dum
1889 3893 2271 3947 annuntiantur
2298 3893 2415 3949 haec
2455 3902 2510 3950 et
2552 3895 2874 3963 creduntur,
2899 3896 3010 3967 jam
3051 3896 3295 3954 videmus

1720 3983 1860 4054 quod
1889 3984 2200 4055 praedictum
2226 3994 2309 4039 est
2340 3999 2461 4041 esse
2486 3986 2833 4057 completum,
2863 4002 3121 4059 regesque
3149 3988 3298 4059 ipsos

1721 4087 1912 4146 terrae,
1957 4079 2047 4150 qui
2088 4086 2243 4133 antea
2286 4080 2738 4148 persequebantur
2775 4079 3138 4147 Christianos,
3180 4081 3292 4151 jam

1721 4169 1917 4225 Christi
1941 4169 2141 4224 nomini
2163 4168 2487 4238 subjugatos.
2514 4168 2833 4224 Praedictum
2857 4176 2943 4225 est
2963 4170 3124 4224 etiam
3150 4171 3293 4239 quod

1720 4260 2004 4315 schismata
2050 4268 2106 4315 et
2133 4258 2362 4314 haereses
2388 4273 2455 4315 ex
2473 4258 2588 4328 ejus
2617 4259 2859 4315 Ecclesia
2891 4268 3072 4315 essent
3115 4261 3296 4333 exitu-

1720 4366 1814 4417 rae,
1839 4358 1894 4405 et
1937 4349 2036 4404 sub
2062 4349 2176 4419 ejus
2223 4349 2438 4405 nomine
2476 4364 2573 4420 per
2597 4350 2713 4405 loca
2736 4350 2825 4405 ubi
2850 4359 3088 4420 possent,
3115 4365 3289 4418 suam,

1720 4456 1828 4497 non
1874 4438 2103 4506 Christi,
2143 4439 2364 4511 gloriam
2410 4442 2746 4511 quaasituraa;
2785 4450 2840 4499 et
2884 4443 2984 4498 ista
3027 4442 3297 4512 completa

1721 4544 1865 4591 sunt.

1793 4623 1881 4679 54.
1912 4621 2176 4692 Numquid
2200 4637 2327 4694 ergo
2351 4622 2440 4678 illa
2469 4638 2588 4693 quae
2627 4631 2830 4679 restant
2858 4637 2964 4678 non
2998 4631 3123 4679 sunt
3159 4639 3294 4681 ven-

1721 4713 2232 4769 turatManifestum
2277 4722 2359 4770 est
2384 4715 2506 4786 quia
2534 4716 2673 4770 sicut
2696 4715 2794 4769 ista
2838 4714 3090 4785 praedicta
3131 4732 3297 4772 vene-

1721 4814 1880 4874 runt,
1922 4806 2000 4862 sic
2026 4807 2183 4862 etiam
2234 4805 2322 4861 illa
2349 4813 2575 4860 ventura
2620 4814 2744 4860 sunt
2772 4822 2786 4860 :
2820 4820 3168 4877 quaecumque
3197 4812 3299 4864 tri-

1721 4898 2021 4956 hulationes
2059 4899 2318 4969 iustorum
2349 4897 2523 4953 adhuc
2562 4905 2801 4964 restant;
2834 4907 2889 4954 et
2911 4898 3094 4968 judicii
3138 4900 3254 4956 dies
3275 4942 3296 4968 ,

1722 4990 1813 5062 qui
1839 4990 2104 5060 separabit
2129 5003 2315 5045 omnes
2343 4988 2535 5057 impios
2562 5003 2593 5044 a
2618 4989 2776 5059 justis
2803 4989 2859 5046 in
2899 4992 3296 5048 resurrectione

1722 5093 2085 5148 mortuorum;
2129 5089 2310 5138 etnon
2335 5082 2507 5138 solum
2535 5097 2628 5139 eos
2655 5083 2747 5155 qui
2780 5091 2906 5140 sunt
2929 5094 3077 5141 extra
3102 5085 3296 5142 Eccle-

1722 5175 1855 5230 siam
1874 5215 1890 5241 ,
1934 5173 2029 5228 sed
2054 5172 2213 5228 etiam
2240 5172 2406 5243 ipsius
2430 5173 2683 5230 Ecclesiae
2722 5174 2935 5245 paleas,
2971 5191 3103 5246 quas
3131 5191 3298 5247 opor-

1722 5275 1799 5323 tet
1823 5281 1989 5336 usque
2013 5265 2081 5321 ad
2108 5265 2450 5321 novissimam
2476 5267 2870 5323 ventilationem
2910 5270 3297 5338 patientissime

1723 5356 1975 5423 sufferat,
2002 5356 2067 5412 ad
2095 5358 2271 5428 ignem
2301 5357 2534 5414 debitum
2558 5359 2874 5430 segregabit.
2898 5358 2997 5427 Qui
3023 5367 3199 5414 autem
3225 5359 3300 5413 ir-

1724 5449 1897 5505 rident
1920 5451 2361 5505 resurrectionem
2382 5490 2398 5517 ,
2432 5459 2676 5521 putantes
2715 5450 2857 5520 quod
2883 5463 3009 5504 caro
3034 5450 3132 5503 ista
3170 5449 3297 5518 quia

1724 5543 2012 5612 putrescit,
2042 5558 2319 5613 resurgere
2344 5557 2450 5597 non
2479 5550 2686 5612 potest,
2714 5541 2781 5594 ad
2824 5554 3009 5610 poenas
3040 5540 3092 5593 in
3120 5554 3182 5593 ea
3209 5555 3297 5596 re-

1724 5634 2011 5691 surrecturi
2041 5643 2165 5689 sunt
2196 5652 2209 5687 :
2242 5643 2298 5689 et
2324 5633 2573 5688 ostendet
2593 5633 2670 5689 eis
2698 5632 2839 5687 Deus
2865 5630 2988 5701 quia
3008 5630 3097 5701 qui
3125 5631 3297 5702 potuit

1794 5749 1809 5779 ²
1833 5748 2135 5796 Corbeiensis
2149 5754 2248 5803 .\ts.,
2284 5744 2453 5796 omnia
2476 5755 2607 5809 ergo.

1794 5812 1815 5843 ²
1839 5812 1999 5866 Abest,
2022 5809 2143 5873 geri,
2166 5821 2192 5855 a
2215 5815 2321 5858 Mss.
