3882 6286
595 365 694 425 561

589 475 822 532 dixerint
845 474 1026 533 corde.
1058 475 1134 530 Ac
1162 489 1258 546 per
1287 472 1389 531 hoc
1417 476 1666 547 quoniam
1691 478 1858 532 multa
1884 485 2008 531 sunt
2037 489 2168 546 peco

589 579 707 626 cata
730 570 782 624 in
805 570 1147 624 interioribus
1174 568 1330 625 dictis
1348 611 1363 637 ,
1385 585 1503 640 quae
1531 585 1636 625 non
1664 579 1789 625 sunt
1815 570 1866 624 in
1885 568 2174 624 exteriori-

589 666 691 721 bus
721 665 908 734 factis;
939 667 1078 721 nulla
1105 674 1228 721 sunt
1262 677 1438 721 autem
1489 665 1542 721 in
1588 665 1940 722 exterioribus
1969 664 2125 720 factis
2152 703 2170 730 ,

589 773 711 828 quae
739 773 846 813 non
873 759 1176 830 praecedant
1199 759 1253 812 in
1301 758 1642 813 interioribus
1668 757 1825 812 dictis
1852 759 1869 789 ⁸
1906 775 1920 812 :
1951 757 2053 812 erit
2106 756 2176 812 ab

588 852 827 922 utrisque
847 854 1049 924 puritas
1073 852 1392 908 innocentiae
1415 893 1431 919 ,
1459 852 1506 907 si
1527 853 1730 908 circum
1757 851 2011 908 interiora
2035 849 2177 906 labia

588 953 820 1013 ponatur
839 945 1035 1000 ostium
1062 944 1426 1000 continentiae.

660 1037 714 1090 4.
746 1036 972 1107 Propter
997 1036 1138 1106 quod
1175 1036 1335 1090 etiam
1385 1036 1500 1106 ipse
1540 1051 1636 1092 ore
1673 1035 1891 1107 proprio
1917 1035 2177 1090 Dominus

585 1124 660 1180 ait
689 1142 701 1178 :
735 1124 983 1179 Mandata
1005 1142 1116 1195 qua:
1142 1125 1278 1180 intus
1302 1134 1450 1192 sunt,
1473 1135 1519 1181 et
1543 1142 1658 1198 qua:
1695 1126 1820 1197 foris
1845 1134 1961 1181 sunt
1987 1125 2178 1179 munda

585 1225 731 1270 erunt
752 1215 962 1287 (Matth.
988 1233 1141 1284 χχιιι,
1159 1218 1272 1288 26).
1297 1217 1536 1289 Itemque
1548 1219 1654 1273 alio
1677 1219 1795 1274 loco
1812 1232 1933 1273 cum
1959 1216 2175 1274 Judaco-

586 1323 702 1360 rum
761 1308 1090 1379 stultiloquia
1163 1311 1459 1378 refutaret,
1535 1313 1658 1382 quia
1711 1311 2172 1366 calumniabantur

585 1400 861 1470 discipulis
884 1401 1000 1471 ejus
1038 1416 1144 1457 non
1191 1403 1312 1459 lotis
1368 1403 1615 1460 manibus
1665 1403 2114 1459 manducantibus
2155 1420 2169 1457 :

591 1491 712 1547 Non
741 1494 876 1563 quod
898 1495 1052 1548 intrat
1079 1496 1132 1550 in
1161 1513 1217 1551 os
1239 1538 1254 1562 ,
1287 1497 1490 1567 inquit,
1531 1497 1820 1568 coinquinat
1869 1497 2125 1553 hominem
2151 1514 2173 1564 ,-

585 1583 674 1636 scd
696 1585 831 1653 quod
854 1587 1078 1655 procedit
1097 1603 1159 1641 ea;
1177 1603 1264 1642 ore
1283 1630 1298 1654 ,
1321 1588 1416 1643 hoc
1439 1589 1726 1658 coinquinat
1747 1589 2018 1644 hominem.
2041 1589 2174 1656 Quae

585 1675 849 1729 sententia
879 1676 925 1730 si
954 1686 1061 1731 tota
1084 1677 1153 1733 de
1181 1693 1276 1733 ore
1303 1679 1546 1749 corporis
1573 1681 1866 1750 accipiatur
1885 1723 1900 1748 ,
1933 1679 2166 1735 absurda

584 1775 686 1820 est.
711 1766 894 1837 Neque
921 1769 1067 1823 enim
1114 1785 1270 1838 quem
1303 1787 1408 1825 non
1451 1772 1762 1842 coinquinat
1807 1773 1991 1839 cibus,
2022 1773 2172 1827 coin-

583 1858 767 1925 quinat
797 1861 1050 1915 vomitus.
1081 1860 1246 1916 Cibus
1269 1863 1465 1934 quippe
1504 1864 1556 1918 in
1583 1879 1645 1919 os
1695 1865 1894 1933 intrat,
1938 1867 2170 1922 vomitus

586 1962 652 2002 ex
683 1965 774 2003 ore
796 1951 1056 2018 procedit.
1085 1951 1190 2008 Sed
1213 1954 1397 2022 procul
1419 1955 1581 2010 dubio
1607 1957 1785 2026 priora
1811 1958 1972 2013 verba
1999 1959 2167 2028 perti-

587 2047 714 2092 nent
737 2038 804 2092 ad
834 2056 894 2093 os
921 2042 1097 2095 carnis
1117 2083 1131 2107 ,
1163 2043 1250 2096 ubi
1277 2044 1384 2108 ait,
1433 2043 1554 2099 Non
1605 2046 1741 2115 quod
1779 2049 1933 2101 intrat
1976 2048 2032 2102 in
2060 2065 2117 2103 os
2149 2090 2166 2116 ,

584 2129 873 2200 coinquinat
903 2131 1192 2198 hominem;
1220 2134 1519 2203 posteriora
1547 2149 1676 2191 vero
1724 2137 1791 2191 ad
1837 2151 1900 2192 os
1945 2138 2124 2194 cordis
2149 2180 2165 2206 ,

584 2217 672 2273 ubi
703 2221 809 2288 ait,
837 2222 926 2275 sed
947 2223 1083 2292 quod
1111 2225 1334 2294 procedit
1359 2241 1424 2280 ea:
1463 2241 1583 2293 ore,
1634 2227 1728 2282 hoc
1770 2229 2060 2299 coinquinat
2083 2231 2170 2286 hoc

582 2311 784 2365 minem.
820 2313 1059 2384 Denique
1087 2330 1210 2370 cum
1232 2316 1413 2372 abillo
1434 2317 1704 2387 apostolus
1731 2319 1923 2376 Petrus
1949 2322 2167 2392 exposi-

585 2401 784 2457 tionem
811 2404 957 2459 velut
987 2405 1254 2474 parabolas
1279 2406 1436 2477 hujus
1456 2409 1800 2478 exquireret,
1829 2410 1920 2466 ille
1939 2426 2167 2482 respon-

582 2490 660 2545 dit
689 2509 702 2544 :
731 2491 910 2548 Adhuc
929 2503 975 2548 et
999 2510 1085 2550 vos
1105 2496 1213 2551 sine
1234 2497 1489 2552 intellectu
1512 2501 1631 2554 estis
1649 2500 1676 2553 ?
1716 2516 1818 2556 non
1841 2501 2125 2572 intelligitis
2146 2545 2163 2572 ,

578 2581 696 2651 quia
726 2598 871 2638 omne
892 2585 1028 2655 quod
1054 2587 1108 2640 in
1131 2601 1189 2641 ‘os
1229 2587 1424 2656 intrat,
1451 2590 1508 2644 in
1553 2599 1773 2645 ventrem
1815 2593 1954 2646 vadit
1975 2634 1991 2660 ,
2037 2603 2085 2649 et
2111 2595 2167 2650 in

578 2689 825 2729 secessum
851 2677 1133 2733 emittitur?
1157 2678 1254 2734 Hic
1280 2688 1429 2736 certe
1455 2681 1509 2736 in
1534 2682 1676 2752 quod
1698 2683 1862 2738 intrat
1890 2685 2041 2739 cibus
2059 2726 2073 2751 ,
2102 2699 2166 2740 os

579 2765 756 2820 carnis
803 2767 1163 2838 agnoscimus.
1210 2768 1270 2825 ln
1315 2771 1398 2827 his
1441 2786 1572 2828 vero
1611 2788 1732 2844 quae
1777 2773 2052 2846 adjungit,
2106 2784 2168 2831 ut

578 2869 991 2925 agnosceremus
1019 2873 1083 2914 os
1101 2860 1314 2926 cordis,
1361 2876 1469 2918 non
1511 2872 1828 2932 sequeretur
1854 2866 2024 2920 nostri
2051 2873 2165 2920 tar-

580 2948 722 3005 ditas
749 2950 927 3006 cordis
950 2991 967 3018 ,
1001 2951 1104 3006 nisi
1130 2962 1184 3007 et
1211 2968 1335 3008 cum
1363 2954 1532 3010 tardis
1548 2955 1823 3012 ambulare
1845 2956 2059 3013 Veritas
2082 2957 2166 3014 di-

578 3051 852 3110 gnaretur.
884 3041 973 3097 Ait
995 3043 1140 3098 enim
1159 3085 1176 3112 ,
1207 3044 1337 3112 Qua:
1359 3055 1528 3101 autem
1557 3047 1838 3117 procedunt
1865 3048 1930 3104 de
1961 3065 2067 3117 ore,
2102 3050 2167 3106 de

579 3135 731 3189 corde
755 3143 971 3202 exeunt;
998 3143 1250 3208 tanquam
1276 3137 1508 3204 diceret,
1538 3139 1673 3195 Cum
1702 3140 1856 3196 audis
1882 3142 1945 3196 de
1967 3158 2072 3208 ore,
2097 3142 2165 3198 de

579 3227 742 3284 corde
758 3229 1011 3301 intellige.
1040 3229 1332 3302 Utrumque
1351 3231 1475 3287 dico
1497 3247 1514 3298 ;
1545 3231 1640 3289 sed
1661 3233 1888 3290 alterum
1904 3250 1970 3290 ex
1994 3235 2165 3293 altero

579 3334 814 3390 expono.
845 3321 1015 3378 Habet
1037 3336 1099 3377 os
1120 3323 1346 3379 interius
1369 3323 1531 3379 homo
1555 3324 1812 3393 interior,
1842 3335 1896 3382 et
1926 3328 2028 3382 hoc
2056 3327 2166 3382 dis-

580 3411 754 3466 cernit
777 3412 921 3467 auris
948 3413 1208 3470 interior:
1237 3415 1304 3470 de
1331 3413 1435 3470 hoc
1479 3429 1577 3470 ore
1601 3431 1721 3485 quae
1749 3416 2064 3486 procedunt,
2095 3418 2163 3475 de

577 3502 742 3558 corde
769 3511 967 3558 exeunt
989 3544 1004 3570 ,
1033 3512 1088 3559 et
1115 3519 1177 3560 ea
1215 3506 1562 3576 coinquinant
1613 3508 1904 3565 hominem.
1961 3511 2164 3568 Deinde

571 3593 684 3662 jam
715 3593 907 3649 relicto
927 3595 1036 3650 oris
1061 3596 1277 3652 nomine
1299 3637 1316 3664 ,
1360 3598 1502 3669 quod
1523 3607 1702 3669 potest
1739 3609 1795 3656 et
1830 3601 1899 3656 de
1937 3617 2164 3672 corpore

577 3682 798 3752 intelligi
822 3724 838 3749 ,
864 3685 1101 3754 apertius
1125 3687 1252 3756 quid
1278 3687 1423 3743 dicat
1449 3689 1722 3746 ostendit:
1750 3690 1831 3746 De
1855 3693 2005 3747 corde
2029 3694 2162 3748 enim

580 3783 782 3836 exeunt,
810 3773 1012 3844 inquit,
1035 3776 1359 3847 cogitationes
1374 3781 1543 3846 male,
1565 3782 1867 3850 homicidia,
1891 3783 2159 3852 adulteria,

581 3862 974 3932 fornicationes,
1023 3869 1190 3936 furta,
1237 3869 1372 3938 falsa
1426 3871 1744 3939 testimonia,
1797 3872 2119 3940 blasphemia:
2140 3893 2161 3930 :

578 3953 686 4006 lucc
704 3962 819 4008 sunt
865 3971 979 4026 qua:
1023 3957 1346 4028 coinquinant
1390 3961 1677 4035 hominem(
1707 3961 1796 4018 Id.
1821 3980 1921 4032 xv,
1948 3966 2158 4039 11-20).

575 4041 719 4098 Nihil
763 4052 848 4099 est
890 4054 1038 4103 certe
1092 4047 1319 4106 istorum
1364 4053 1668 4122 malorum,
1699 4069 1819 4126 quae
1856 4059 2163 4126 perpetrari

577 4133 737 4188 etiam
768 4136 1022 4192 membris
1047 4141 1289 4210 corporis
1316 4151 1572 4213 possunt,
1603 4145 1748 4216 quod
1772 4148 2024 4218 cogitatio
2051 4165 2160 4206 non

577 4225 858 4280 antecedat
909 4228 1079 4296 mala,
1131 4238 1186 4286 et
1225 4231 1538 4303 coinquinet
1592 4234 1906 4303 hominem,
1950 4226 2161 4296 etiamsi

578 4314 778 4386 aliquid
816 4314 1069 4387 impediat
1106 4335 1174 4374 ne
1197 4321 1591 4392 subsequantur
1610 4340 1772 4396 opera
1818 4325 2080 4398 ﬂagitiosa
2107 4338 2163 4385 et

575 4407 878 4464 facinorosa
921 4410 1303 4467 membrorum.
1330 4413 1387 4470 Si
1439 4416 1584 4470 enim
1633 4418 1757 4486 quia
1787 4426 2024 4488 potestas
2051 4437 2159 4478 non

578 4500 736 4556 datur
756 4503 777 4533 ³
802 4543 818 4570 ,
847 4511 1002 4558 vacat
1025 4518 1215 4562 manus
1238 4505 1306 4560 ab
1326 4507 1558 4563 hominis
1583 4509 1976 4579 interiectione,
2005 4531 2161 4570 num-

575 4592 705 4662 quid
725 4593 844 4650 idco
865 4595 1120 4650 mundum
1148 4604 1232 4652 est
1253 4597 1322 4652 ab
1347 4599 1553 4656 scelere
1575 4615 1670 4656 cor
1709 4603 2031 4659 homicidas?
2051 4606 2162 4663 Aut

577 4682 622 4734 si
647 4697 759 4737 rem
792 4683 1073 4756 subripere
1116 4685 1344 4744 alienam
1365 4729 1381 4754 ,
1409 4704 1517 4744 non
1561 4699 1620 4746 ut
1655 4693 1774 4763 quis
1793 4695 1904 4750 vult
1939 4707 2160 4768 potest,

577 4775 834 4845 numquid
858 4775 980 4832 ideo
1021 4779 1076 4833 in
1110 4780 1226 4849 ipsa
1251 4780 1524 4838 voluntate
1549 4781 1637 4838 thr
1679 4799 1786 4841 non
1816 4789 1940 4843 est?
1971 4791 2076 4845 Aut
2113 4793 2162 4848 si

573 4874 722 4919 casta
748 4875 858 4933 est,
888 4883 1046 4937 quam
1064 4871 1176 4925 vult
1199 4871 1502 4930 adulterare
1527 4890 1634 4931 non
1657 4888 1834 4935 castus
1855 4922 1870 4948 ,
1902 4881 2024 4939 ideo
2039 4899 2159 4939 eam

576 4971 684 5010 non
715 4966 799 5012 est
827 4959 879 5013 in
903 4960 1066 5016 corde
1089 4963 1425 5020 mcechatus?
1453 4967 1560 5023 Aut
1583 4968 1630 5023 si
1652 4973 1908 5028 meretrix
1943 4989 2048 5029 non
2075 4975 2159 5031 in-

574 5050 817 5106 veniatur
842 5051 895 5106 in
921 5051 1156 5122 fornice,
1190 5056 1310 5112 ideo
1336 5059 1425 5129 qui
1451 5074 1567 5116 eam
1595 5066 1816 5134 quaerit,
1849 5082 1956 5120 non
1988 5068 2162 5122 forni-

577 5148 731 5196 catur
754 5142 805 5197 in
850 5145 1071 5200 mente?
1099 5147 1205 5202 Aut
1231 5148 1277 5204 si
1314 5151 1546 5220 cupienti
1577 5170 1673 5224 per
1701 5157 2036 5213 mendacium
2070 5159 2160 5214 lm-

575 5234 706 5291 dere
736 5238 1035 5306 proximum
1055 5281 1072 5307 ,
1101 5247 1312 5312 tempus
1341 5246 1426 5301 vel
1448 5246 1598 5302 locus
1619 5248 1795 5314 desit,
1822 5249 1942 5305 ideo
1966 5251 2158 5309 falsum

577 5328 944 5385 testimonium
974 5346 1080 5386 non
1103 5348 1196 5389 ore
1222 5335 1474 5392 interiore
1489 5337 1601 5406 jam
1622 5338 1754 5393 dixit
1778 5341 1801 5393 ?
1822 5341 2160 5415 Autsiquis—

577 5435 736 5488 quam
774 5423 1018 5480 homines
1038 5425 1263 5492 timens,
1298 5444 1402 5482 non
1429 5429 1622 5484 audeat
1647 5431 1822 5502 lingua
1847 5437 2025 5491 carnis
2065 5453 2160 5494 so-

575 5528 705 5568 nare
756 5514 1180 5586 blasphemiam,
1235 5519 1354 5575 ideo
1419 5536 1524 5576 non
1568 5531 1651 5576 est
1707 5521 1864 5594 hujus
1911 5528 2156 5586 criminis

578 5619 724 5672 rcus,
777 5609 864 5677 qui
921 5609 1050 5665 dicit
1100 5611 1152 5666 in
1209 5611 1372 5668 corde
1399 5627 1533 5682 suo,
1582 5604 1789 5671 Nonest
1810 5617 1948 5674 Deus
1980 5620 2155 5692 (Psal.

634 5760 735 5834 :Sjc
743 5761 924 5834 aliquot
937 5763 1172 5834 atss.t_iditi
1187 5779 1322 5824 vero,
1339 5769 1599 5830 procedant
1608 5770 1666 5834 ab
1682 5771 1982 5827 interioribus
1995 5778 2154 5834 dictis.

632 5820 656 5854 ⁸
673 5827 749 5872 Er.
776 5820 982 5874 et'atssa
1025 5824 1075 5876 si
1093 5824 1219 5877 enim
1249 5820 1452 5892 potestas
1473 5844 1568 5884 non
1584 5820 1766 5888 eam}?
1779 5820 1978 5890 omisso
1996 5820 2146 5897 ’ὅὲτέἷῇ

1663 363 1752 418 DE
1791 353 2267 420 CONTINENTIA,
2309 351 2366 410 S.
2409 353 2775 414 AUGUSTINI
3776 369 3848 429 δεῖ

2282 481 2412 534 xui,
2479 468 2575 539 l)?
2621 470 2696 524 Ita
2741 478 2935 528 caitera
2990 472 3135 528 mala
3191 472 3346 529 facta
3411 473 3723 544 hominum,
3759 497 3840 552 qua:

2287 557 2468 613 nullus
2490 559 2599 629 agit
2625 562 2867 631 corporis
2896 573 3071 620 motus
3095 607 3114 630 ,
3179 579 3314 635 qua:
3361 567 3542 621 nescit
3592 569 3721 625 ullus
3756 588 3840 629 cor-

2289 649 2438 720 poris
2461 665 2650 707 sensus
2668 692 2685 721 ,
2708 667 2831 710 reos
2858 669 2986 711 suos
3013 655 3278 712 occultos
3307 656 3553 724 habent;
3581 674 3704 730 quos
3723 665 3837 722 etiam

2281 742 2430 798 solus
2454 743 2698 814 inquinat
2727 745 2780 800 in
2808 747 3137 818 cogitatione
3161 763 3488 806 consensus
3514 791 3529 818 ,
3568 751 3621 807 id
3645 763 3745 821 est,
3767 761 3841 814 oris

2283 833 2553 891 interioris
2577 836 2800 894 verbum
2829 840 3147 912 malignum.
3178 841 3244 897 In
3275 841 3430 912 quod
3459 843 3652 900 timens
3684 846 3757 902 ille
3778 849 3838 906 de-

2281 926 2468 982 clinari
2492 943 2586 985 cor
2633 945 2790 986 suum
2811 973 2827 998 ,
2855 934 3052 989 ostium
3077 934 3461 992 continentia:
3513 937 3705 994 circum
3743 943 3838 999 labia

2281 1019 2393 1074 oris
2422 1020 2578 1090 hujus
2598 1023 2723 1092 poni
2750 1026 2923 1095 poscit
2940 1040 2972 1081 a
2995 1027 3237 1082 Domino
3259 1069 3276 1095 ,
3307 1028 3462 1098 quod
3494 1031 3744 1088 contineat
3763 1049 3840 1103 cor,

2282 1124 2351 1165 ne
2388 1110 2686 1169 declinetur
2723 1115 2776 1170 in
2804 1117 2968 1174 verba
3007 1118 3254 1190 maligna
3292 1137 3308 1174 :
3338 1120 3622 1176 contineat
3667 1135 3841 1194 autem,

2281 1217 2387 1258 non
2404 1204 2630 1262 sinendo
2648 1207 3025 1279 cogitationem
3048 1211 3373 1281 procedere
3390 1213 3448 1268 in
3470 1217 3838 1282 consensionem;

2280 1294 2359 1351 sic
2383 1298 2526 1353 enim
2550 1300 2844 1357 secundum
2875 1314 3214 1376 praeceptum
3248 1308 3648 1378 apostolicum,
3679 1327 3766 1366 non
3787 1330 3841 1368 re-

2281 1397 2409 1457 gnat
2434 1399 2710 1460 pcccatum
2736 1394 2790 1449 in
2815 1404 2998 1451 nostro
3022 1398 3254 1453 mortali
3277 1414 3539 1470 corpore,
3566 1418 3723 1473 neque
3735 1405 3840 1459 exhi-

2278 1478 2465 1536 bemus
2495 1482 2733 1539 membra
2765 1494 2948 1542 nostra
2969 1489 3458 1562 armainiquitatis
3476 1504 3688 1564 peccato
3711 1497 3834 1568 (Rom.

2277 1585 2330 1625 vr
2351 1609 2367 1636 ,
2397 1571 2500 1640 12,
2532 1574 2645 1645 15).
2678 1578 2724 1630 Α
2750 1591 2857 1647 quo
2881 1589 3155 1649 pra-cepto
3186 1581 3485 1651 implendo
3515 1586 3688 1655 utique
3722 1587 3833 1643 alieni

2277 1672 2437 1731 sunt,
2465 1667 2557 1736 qui
2583 1668 2652 1723 ob
2668 1667 2772 1724 hoc
2786 1669 2852 1724 ad
2880 1672 3220 1741 peccandum
3246 1675 3507 1730 membra
3538 1693 3637 1730 non
3657 1691 3832 1742 movent,

2276 1758 2400 1827 quia
2432 1766 2668 1828 potestas
2699 1761 2840 1816 nulla
2871 1764 3210 1832 permittitur
3238 1782 3254 1820 :
3285 1780 3415 1836 quae
3445 1767 3492 1822 si
3521 1766 3687 1834 adsit,
3711 1771 3834 1838 proli.

2275 1865 2376 1906 nus
2397 1865 2464 1906 ex
2493 1853 2859 1909 membrorum
2880 1855 3028 1911 velut
3074 1871 3370 1914 armorum
3397 1860 3656 1928 motibus,
3681 1863 3774 1932 quis
3795 1863 3826 1918 in

2274 1942 2353 1997 cis
2399 1942 2542 1998 intus
2588 1953 2817 2014 regnet,
2868 1947 3182 2004 ostendunt.
3221 1950 3475 2007 Proinde
3524 1961 3753 2022 quantum
3795 1957 3828 2008 in

2273 2032 2403 2101 ipsis
2423 2042 2533 2097 est,
2563 2036 2804 2091 membra
2831 2051 2927 2092 sua
2951 2038 3220 2096 exhibent
3247 2055 3411 2098 arma
3443 2042 3716 2112 iniquitatis
3735 2059 3823 2113 pec-

2274 2131 2426 2189 cato;
2449 2125 2572 2194 quia
2592 2124 2693 2180 hoc
2717 2126 2905 2182 volunt
2923 2169 2937 2196 ,
2969 2129 3113 2199 quod
3140 2139 3451 2202 propterea
3475 2147 3581 2189 non
3604 2133 3822 2200 exhibent,

2273 2215 2395 2284 quia
2424 2230 2530 2271 non
2555 2227 2795 2287 possunt.
2879 2213 2885 2218 ’

2343 2307 2398 2362 5.
2437 2306 2517 2362 Ac
2545 2323 2640 2378 per
2669 2309 2772 2367 hoc
2799 2310 2887 2368 illa
2919 2327 3038 2383 quae
3064 2315 3409 2385 genitalibus
3448 2318 3688 2374 membris
3716 2316 3823 2388 pudi-
3866 2306 3867 2388 ξ

2271 2395 2397 2450 citia
2425 2397 2712 2456 refrenetis
2732 2443 2747 2468 ,
2780 2403 2918 2459 solet
2943 2405 3182 2463 maxime
3211 2421 3282 2464 ac
3311 2409 3532 2480 proprie
3556 2409 3818 2466 continentia

2274 2489 2578 2557 nominari,
2616 2491 2760 2547 nulla
2793 2499 3227 2566 transgressione
3255 2499 3518 2567 violatur,
3558 2502 3601 2554 si
3639 2499 3820 2571 superior

2272 2580 2622 2645 continentia,
2643 2583 2713 2639 de
2734 2599 2837 2654 qua
2861 2585 3069 2657 jamdiu
3095 2587 3408 2660 loquimur,
3433 2591 3489 2646 in
3518 2589 3667 2646 corde
3682 2605 3817 2646 serve

2277 2679 2383 2726 tur.
2412 2672 2699 2743 Propterea
2728 2676 2986 2734 Dominus
3012 2695 3136 2736 cum
3191 2682 3450 2750 dixisset,
3479 2683 3558 2739 De
3580 2683 3710 2739 corde
3727 2684 3816 2737 enim

2271 2773 2452 2818 exeunt
2490 2767 2818 2837 cogitationes
2860 2771 3050 2836 malta;
3087 2772 3297 2831 deinde
3341 2776 3471 2847 quid
3513 2777 3740 2848 pertineat
3769 2773 3812 2827 ad

2270 2855 2624 2924 cogitationes
2650 2859 2820 2914 malas
2844 2871 3061 2917 secutus
3087 2863 3366 2934 adjunxit,
3400 2867 3679 2932 homicidia,
3704 2863 3812 2918 add.

2271 2945 2418 3012 teria,
2468 2953 2523 3000 et
2568 2955 2779 3003 caetera.
2810 2949 2921 3006 Nec
2965 2951 3098 3008 dixit
3141 2956 3375 3022 omnia;
3418 2956 3514 3012 sed
3564 2953 3809 3026 quibusdam

2271 3037 2507 3106 exempli
2533 3040 2702 3108 gratia
2729 3042 3017 3098 nominatis
3040 3053 3095 3100 et
3120 3046 3231 3102 alia
3264 3047 3608 3120 intelligenda
3633 3059 3809 3102 commo-

2269 3129 2406 3183 nuit.
2437 3128 2675 3197 Quorum
2705 3133 2836 3188 nihil
2865 3145 2947 3190 est
2971 3137 3115 3207 quod
3145 3139 3271 3195 ﬁeri
3302 3141 3512 3210 possit,
3542 3140 3586 3194 si
3611 3138 3722 3194 mala
3745 3151 3807 3191 CO-

2269 3221 2455 3292 gitatio
2498 3239 2605 3280 non
2649 3229 3005 3298 prmeesserit,
3033 3246 3138 3302 qua
3170 3233 3327 3290 intus
3359 3235 3645 3290 instituitur
3671 3235 3684 3265 '
3708 3229 3805 3301 quod

2269 3311 2400 3368 foris
2428 3313 2642 3385 agitur;
2673 3327 2728 3372 et
2755 3333 2820 3374 ex
2849 3334 2944 3376 ore
2980 3321 3161 3378 cordis
3191 3326 3535 3395 procedens,
3564 3325 3664 3395 jam
3697 3322 3803 3377 coin~

2267 3405 2456 3475 quinat
2481 3407 2776 3479 hominem,
2804 3412 3014 3468 etiamsi
3040 3415 3186 3471 nulla
3217 3416 3477 3474 facultate
3501 3416 3728 3488 permissa
3750 3411 3801 3465 fo-

2267 3498 2343 3551 ris
2387 3513 2485 3567 per
2526 3501 2767 3557 membra
2807 3506 3051 3574 corporis
3095 3523 3210 3564 non
3258 3520 3473 3581 agatur.
3504 3508 3669 3564 Posito
3691 3505 3802 3575 igitur

2269 3587 2409 3642 ostio
2436 3591 2781 3648 continentiae
2809 3595 2864 3649 in
2890 3610 2984 3652 ore
3018 3598 3218 3666 cordis,
3265 3601 3412 3658 unde
3448 3608 3629 3656 cuncta
3655 3601 3800 3652 exeunt

2267 3693 2388 3749 qua:
2414 3681 2763 3752 coinquinant
2788 3685 3084 3756 hominem,
3113 3692 3157 3746 si
3187 3693 3266 3748 nil
3298 3695 3406 3750 tale
3435 3692 3558 3748 inde
3585 3687 3800 3762 permitta—

2268 3777 2354 3824 tur
2381 3772 2550 3840 exire,
2587 3775 2831 3844 sequitur
2862 3779 3118 3834 munditia
3150 3797 3257 3852 qua
3296 3784 3470 3854 possit
3492 3783 3594 3853 jam
3624 3775 3799 3850 gaudere

2267 3861 2628 3930 conscientia;
2657 3867 2904 3935 quamvis
2945 3870 3178 3925 nondum
3222 3875 3295 3928 sit
3336 3874 3426 3929 illa
3468 3869 3718 3945 perfectio,
3740 3863 3796 3918 ubi

2266 3967 2374 4007 non
2421 3953 2712 4010 luctabitur
2757 3971 2878 4012 cum
2925 3960 3055 4015 vitio
3099 3965 3457 4020 continentia.
3493 3963 3634 4019 Nunc
3664 3965 3793 4012 autem

2267 4046 2519 4117 quamdiu
2547 4050 2880 4119 concupiscit
2913 4067 3040 4108 caro
3073 4055 3336 4112 adversus
3366 4057 3625 4128 spiritum,
3651 4061 3697 4108 el
3718 4046 3794 4118 ερί·

2266 4137 2402 4220 ritus
2428 4138 2684 4194 adversus
2713 4156 2931 4198 carnem
2967 4145 2986 4216 (
3013 4144 3185 4200 Galat.
3213 4165 3271 4217 v,
3305 4150 3372 4203 17
3402 4149 3443 4220 ),
3473 4157 3552 4203 sat
3582 4154 3655 4202 cst
3683 4138 3791 4197 nobis

2266 4243 2374 4284 non
2415 4233 2720 4289 consentire
2761 4235 2916 4290 malis
2960 4252 3079 4306 qua:
3123 4241 3387 4296 sentimus
3430 4241 3484 4295 in
3520 4237 3674 4293 nobis.
3698 4233 3790 4286 Cum

2264 4328 2441 4375 autem
2472 4321 2532 4377 iit
2559 4322 2658 4378 ista
2683 4326 2986 4391 consensio,
3012 4336 3139 4383 tunc
3167 4331 3279 4386 exit
3306 4346 3371 4387 ex
3400 4345 3492 4386 ore
3511 4326 3670 4384 cordis
3688 4316 3788 4392 quod

2265 4411 2575 4482 coinquinat
2621 4413 2914 4470 hominem.
2960 4416 3096 4472 Cum
3142 4434 3274 4476 vero
3323 4437 3421 4492 per
3469 4412 3786 4475 continentiam

2264 4504 2550 4559 consensio
2578 4519 2684 4560 non
2717 4514 2928 4563 tenetur
2949 4510 2991 4574 ',
3016 4510 3216 4566 malum
3247 4508 3672 4582 concupiscentia:
3701 4513 3786 4554 car-

2263 4596 2424 4665 nalis,
2454 4605 2641 4653 contra
2671 4599 2813 4669 quod
2843 4611 3041 4672 pugnat
3068 4605 3499 4677 concupiscentia
3538 4592 3787 4671 spiritualis,

2265 4703 2462 4745 nocere
2482 4705 2589 4744 non
2615 4690 2826 4747 sinitur.

2333 4778 2561 4836 CAPUT
2599 4782 2688 4836 Ill.
2709 4813 2778 4823 —
2798 4783 2849 4839 6.
2870 4783 3200 4843 Continentia,’
3218 4805 3389 4862 pugna
3416 4793 3582 4842 contra
3609 4775 3785 4834 libidine:

2264 4871 2506 4940 quamdiu
2525 4889 2698 4927 sumus
2724 4875 2778 4928 in
2800 4877 2896 4930 hac
2913 4878 3036 4934 vita.
3065 4878 3249 4951 Pugna
3274 4883 3467 4936 interna
3488 4870 3781 4962 concupiscat-

2265 4968 2450 5018 tiaram
2479 4982 2581 5020 non
2605 4977 2811 5037 experta
2839 4970 2937 5024 nisi
2965 4971 3286 5029 bellatoribus
3311 4974 3559 5027 virtutum.
3586 4965 3781 5057 Concupi-

2264 5057 2452 5110 scentia
2477 5074 2567 5128 per
2597 5059 2756 5131 legem
2783 5064 3119 5133 cognoscitur,
3154 5066 3354 5120 nonnisi
3381 5081 3468 5136 per
3491 5057 3679 5132 gratiam
3700 5062 3778 5101 νην

2265 5147 2416 5203 citur.
2461 5147 2804 5220 Pugnandum
2854 5170 2916 5208 ne
2967 5157 3156 5225 peccati
3203 5151 3590 5226 concupiscentia
3632 5142 3774 5212 NW"

2269 5236 2440 5308 Opera
2467 5243 2634 5296 carnis
2663 5245 3036 5314 mortiﬁcanda.
3063 5246 3169 5303 Sed
3198 5248 3340 5303 aliud
3369 5254 3450 5323 est
3472 5244 3598 5329 De"?
3620 5240 3769 5329 Ρυὸῖηῗ

2263 5345 2344 5396 re,
2371 5331 2511 5400 quod
2540 5347 2682 5389 nunc
2711 5344 2814 5403 est,
2842 5337 3056 5407 quando
3081 5340 3267 5394 mortis
3287 5328 3594 5394 contentioni
3615 5324 3770 5418 resisti;

2264 5431 2350 5478 "11‘
2377 5422 2418 5488 ³;
2442 5423 2586 5480 aliud
2623 5427 2986 5520 adversarium
3017 5445 3125 5487 non
3153 5430 3370 5497 habere,
3399 5423 3530 5499 quod
3556 5428 3661 5475 tunc
3679 5414 3768 5466 erit.

2328 5538 2343 5603 ξ
2364 5537 2676 5591 Michaelinus
2701 5547 2802 5603 Ms.,
2818 5541 3135 5597 constituitur.
3563 5602 3566 5603 ,
3674 5582 3737 5603 -..ι

2326 5601 2346 5631 ³
2371 5607 2470 5650 Duo
2501 5604 2707 5653 Vaticani
2725 5592 2830 5654 Mss.
2850 5592 2902 5657 et
2913 5592 3177 5672 't-‘uli'ensis,
3201 5603 3435 5661 consensio
3456 5602 3650 5654 τεπαννῖ
3666 5592 3770 5638 om"

2264 5673 2696 5814 iiiii’i'i'éhienws
2763 5727 2961 5814 cadet:
3028 5732 3172 5814 τηοτιί

2263 5786 2659 5878 Χῇίίίῖῗξῗξ..ίέἔὲῗῖ.ιη
3170 5784 3763 5878 ,τίςεὲξεπ..ι³¹ε,ξ.,ε¹ξί¹ξε²ἵ¹ἱὲ

2261 5845 2333 5896 dit
2370 5838 2661 5910 Augustinus
2683 5850 2740 5900 ad
2782 5838 3144 5918 illiutlﬁttpostoli'
3169 5838 3481 5914 ῐὸίῖιιιιιιη
3509 5838 3676 5906 ένυδδί
3697 5838 3720 5880 ι
