3882 6286
85 350 170 404 353
1424 321 1627 377 LIBER
1665 320 1866 376 unus.

82 456 251 530 qtmndo
272 466 409 508 mors
433 449 712 505 novissima
734 445 943 501 inimica
968 442 1269 497 destruetur
1290 437 1331 509 (I
1351 436 1471 493 Cor.
1500 450 1591 504 xv,

84 529 152 616 55,
170 549 268 618 26).
289 545 413 600 Nam
442 551 497 599 et
524 543 628 611 ipsa
654 537 977 594 continentia
1006 551 1130 590 cum
1150 534 1333 588 'frenat
1352 529 1600 585 cohibet-

82 659 162 715 que
180 639 420 702 libidines,
440 634 594 691 simul
619 642 670 688 et
694 632 895 703 appetit
915 630 1114 685 bonum
1131 626 1198 683 ad
1214 627 1364 695 cujus
1386 624 1605 715 immor-

82 713 295 787 talitatem
322 725 600 790 tendimus,
622 731 677 778 et
701 720 903 791 respuit
928 718 1125 773 malum
1149 730 1270 772 cum
1296 729 1400 785 quo
1430 715 1481 768 in
1505 713 1605 767 hae

80 820 353 879 mortalitate
399 814 785 870 contendimus.
831 811 977 865 Illius
1028 809 1223 879 quippe
1279 805 1507 861 amatrix
1553 813 1610 859 et

79 911 317 984 spectatrix
346 909 383 973 ¹,
412 905 572 975 hujus
595 920 719 959 vero
745 911 798 957 et
829 900 999 957 hostis
1027 908 1081 955 et
1106 899 1256 954 testis
1283 905 1402 961 est;
1434 903 1487 951 et
1512 895 1609 950 de-

79 1020 152 1060 cus
188 1009 441 1071 appetens,
484 1006 542 1053 et
598 995 828 1050 dedecus
874 992 1099 1062 fugiens.
1158 989 1275 1045 Non
1334 989 1515 1058 utique
1556 987 1610 1042 in

81 1090 405 1163 cupiditatibus
431 1086 702 1144 frenandis
730 1084 1055 1140 continentia
1085 1082 1373 1147 laboraret,
1404 1081 1449 1135 si
1478 1079 1611 1135 nihil

80 1201 157 1240 nos
178 1190 340 1239 contra
365 1179 508 1250 quod
541 1179 689 1233 decet
713 1176 899 1232 liberet
931 1177 972 1241 ’,
1002 1175 1047 1229 si
1074 1172 1204 1228 nihil
1235 1182 1432 1227 nostrae
1458 1171 1614 1225 bona:

82 1273 296 1332 voluntati
324 1288 387 1327 ex
416 1271 558 1325 mala
585 1268 1014 1339 concupiscentia
1042 1273 1379 1336 repugnaret.
1407 1262 1617 1318 Clamat

83 1363 316 1435 Apostolus
344 1380 357 1415 :
388 1360 535 1428 Scio,
571 1359 757 1430 inquit,
789 1359 909 1428 quia
938 1374 1037 1411 non
1075 1355 1265 1410 habitat
1304 1355 1357 1408 in
1387 1370 1485 1420 me,
1520 1352 1614 1407 hoc

85 1471 145 1515 est
166 1459 208 1512 in
227 1472 357 1511 carne
378 1470 513 1521 mea,
543 1452 744 1507 bonum.
780 1450 924 1505 Velle
948 1450 1080 1504 enim
1105 1449 1304 1519 adjacet
1334 1447 1477 1511 mihi,
1501 1462 1617 1517 per-

82 1551 203 1619 ﬁcere
230 1555 379 1600 autem
407 1547 597 1598 bonum
636 1559 737 1598 non
780 1542 998 1596 invenio.
1026 1540 1179 1595 Nunc
1207 1539 1349 1595 enim
1372 1538 1486 1593 ﬁeri
1516 1538 1616 1593 bo-

82 1659 179 1698 num
202 1649 377 1711 potest,
417 1649 479 1696 ut
516 1640 671 1707 mala:
699 1638 1145 1708 concupiscentiae
1174 1652 1280 1692 non
1312 1636 1618 1692 consentia-

81 1745 174 1798 tur;
193 1733 475 1805 perﬁcietur
501 1741 680 1787 autem
706 1732 927 1798 bonum,
953 1729 1166 1801 quando
1192 1729 1304 1799 ipsa
1328 1729 1467 1784 mala
1491 1742 1621 1783 con-

82 1826 357 1898 cupiscentia
405 1825 642 1881 ﬁnietur.
684 1824 921 1895 Itemque
969 1823 1110 1879 idem
1159 1822 1346 1878 doctor
1371 1823 1620 1878 Gentium

81 1920 267 1972 clamat:
290 1915 617 1972 Condelector
647 1916 747 1987 legi
770 1915 866 1970 Dei
890 1914 1166 1970 secundum
1203 1913 1492 1968 interimant
1525 1913 1621 1967 lto-

82 2008 253 2075 tninem;
276 2008 413 2063 video
439 2015 612 2062 autem
640 2007 797 2061 aliam
827 2006 987 2077 legem
1013 2006 1067 2059 in
1091 2005 1327 2059 membris
1366 2005 1509 2069 meis,
1535 2020 1621 2058 re-

83 2111 340 2174 pugnantem
366 2102 465 2173 legi
496 2100 677 2155 mentis
701 2115 826 2154 metu
849 2098 1022 2171 (Rom.
1049 2113 1147 2162 vtt,
1172 2097 1259 2163 i8,
1281 2097 1373 2163 22,
1400 2096 1515 2168 25).

138 2194 181 2248 7.
214 2193 349 2248 Hanc
396 2206 631 2262 pugnam
679 2205 786 2244 non
834 2189 1181 2259 experiuntur
1226 2188 1280 2243 in
1324 2186 1627 2258 semetipsis

83 2285 161 2339 nisi
198 2284 470 2339 bellatores
516 2284 773 2337 virtutum
819 2280 1282 2351 debellatoresque
1329 2280 1623 2335 vitiorum:

84 2389 161 2429 nec
178 2383 426 2446 expugnat
444 2373 895 2444 concupiscentiae
916 2373 1134 2440 malum,
1162 2372 1265 2427 nisi
1289 2372 1629 2427 continentiae

83 2465 262 2521 bonum.
287 2466 418 2521 Sunt
446 2473 632 2521 autem
662 2464 753 2535 qui
796 2465 968 2536 legem
1005 2464 1101 2520 Dei
1132 2463 1351 2519 omnino
1382 2464 1629 2519 nescien-

84 2568 162 2624 tes,
188 2559 340 2614 malas
368 2558 842 2629 concupiscentias
867 2572 969 2613 nec
998 2558 1052 2612 in
1083 2557 1324 2612 hostibus
1352 2556 1629 2627 deputant,

84 2651 231 2720 eisque
265 2650 556 2706 miserabili
596 2648 833 2704 caecitate
872 2648 1190 2716 servientes,
1220 2648 1437 2719 insuper
1465 2647 1628 2702 etiam

88 2738 237 2795 beatos
262 2756 316 2796 se
340 2750 557 2811 putant,
581 2739 826 2797 satiando
848 2754 940 2795 eas
962 2740 1140 2809 potius
1165 2754 1321 2809 quam
1343 2738 1628 2794 domando.

85 2830 160 2898 Qui
182 2847 293 2888 vero
317 2849 412 2903 per
436 2832 619 2904 legem
646 2839 1012 2903 cognoverunt
1036 2846 1128 2886 eas
1154 2830 1285 2902 (Per
1314 2830 1473 2903 legem
1502 2832 1634 2887 enim

86 2924 259 2994 cognitio
286 2926 475 2995 peccati
512 2922 625 2997 [Id.
647 2939 723 2989 ιιι,
755 2922 880 2995 20];
909 2931 983 2988 et,
1011 2920 1481 2993 Concupiscentiam
1501 2963 1516 2989 ,
1548 2922 1633 2976 in-

86 3016 186 3084 quit,
206 3016 490 3084 nesciebam,
530 3016 628 3069 nisi
659 3016 738 3069 lea:
760 3014 965 3079 diceret,
994 3012 1117 3068 Non
1147 3015 1489 3084 concupisces,
1522 3011 1632 3087 [Id.

86 3121 158 3171 ru,
181 3105 336 3180 7]),et
359 3122 554 3163 earum
570 3116 744 3162 tamen
769 3106 1163 3177 oppugnatione
1186 3106 1490 3174 vincuntur,
1512 3106 1636 3177 quia

88 3199 164 3253 sub
184 3199 287 3271 lege
306 3201 519 3266 vivunt,
551 3213 653 3269 qua
678 3197 894 3268 jubetur
922 3197 1063 3268 quod
1090 3196 1288 3253 bonum
1318 3205 1419 3262 est,
1446 3212 1552 3252 non
1583 3204 1637 3253 et

88 3289 241 3357 datur;
268 3306 368 3347 non
401 3294 593 3346 vivunt
624 3290 723 3344 sub
749 3290 950 3360 gratia,
987 3305 1106 3359 quae
1146 3288 1237 3344 dat
1264 3304 1358 3358 per
1381 3288 1637 3358 Spiritum

88 3388 287 3436 sanctum
310 3382 452 3453 quod
475 3396 581 3453 per
602 3380 771 3451 legem
798 3380 1012 3450 jubetur
1037 3398 1049 3432 :
1077 3380 1158 3434 his
1180 3378 1299 3435 ideo
1324 3378 1641 3435 subintravit

90 3469 183 3539 lex,
220 3482 271 3527 ut
304 3473 357 3528 in
394 3473 475 3528 eis
513 3470 807 3526 abundaret
834 3470 1085 3525 delictum
1120 3469 1233 3541 (1d.
1258 3486 1311 3537 v,
1339 3470 1451 3540 20).
1480 3470 1642 3525 Auxit

92 3563 335 3633 prohibitio
360 3562 855 3634 concupiscentiam
875 3602 890 3628 ,
917 3576 1142 3631 eamque
1177 3560 1305 3616 fecit
1348 3560 1637 3627 invictam;

92 3664 137 3709 ut
165 3658 418 3713 accederet
459 3654 857 3728 praevaricatio,
896 3670 1014 3724 quae
1056 3654 1176 3710 sine
1215 3654 1332 3724 lege
1368 3669 1474 3708 non
1517 3653 1639 3722 fuit,

93 3748 261 3803 etiamsi
280 3757 559 3819 peceatum
586 3745 683 3801 fuit
703 3746 743 3798 ³.
775 3744 872 3799 Ubi
896 3745 1027 3798 enim
1052 3761 1151 3799 non
1176 3754 1247 3799 est
1273 3744 1369 3809 lex,
1395 3760 1485 3799 nec
1511 3759 1643 3815 prae-

93 3841 293 3896 raricatio
323 3841 430 3914 (Id.
460 3856 541 3905 tv,
571 3840 687 3908 15).
710 3838 787 3893 Ita
817 3838 902 3893 lex
930 3840 1098 3909 gratia
1128 3852 1231 3892 non
1256 3837 1492 3907 juvante,
1514 3852 1641 3908 pro-

93 3928 249 3988 hibens
284 3941 588 4003 peccatum,
619 3932 786 3986 virtus
814 3938 898 3985 est
936 3931 1154 3999 insuper
1182 3929 1319 3984 facta
1345 3928 1367 3961 ’⁸
1393 3931 1595 4000 peccati
1624 3947 1640 3985 :

95 4022 208 4079 unde
229 4024 297 4078 ait
319 4023 632 4094 Apostolus,
672 4022 843 4077 Virtus
870 4021 1061 4091 peccati
1090 4021 1172 4075 lex
1200 4020 1239 4091 (l
1264 4018 1383 4077 Cor.
1409 4037 1500 4089 xv,
1529 4022 1641 4094 56).

94 4110 181 4167 Nec
203 4115 493 4171 mirandum
531 4122 615 4170 est
642 4114 782 4184 quod
819 4112 1049 4167 humana
1080 4111 1359 4168 inﬁrmitas
1388 4113 1549 4168 etiam
1576 4114 1646 4171 de

95 4204 188 4274 lege
210 4207 336 4263 bona
364 4210 516 4264 vires
549 4206 690 4261 malo
729 4205 961 4273 addidit,
1000 4205 1124 4260 dum
1165 4206 1232 4260 ad
1267 4206 1433 4275 ipsam
1472 4206 1645 4277 legem

99 4294 351 4355 faciendam
389 4301 457 4356 de
510 4300 620 4355 suis
652 4298 855 4353 viribus
883 4297 1015 4352 ﬁdit.
1045 4298 1298 4368 Ignorans
1326 4300 1521 4371 quippe
1554 4299 1647 4353 Dei

101 4387 346 4457 iustitiam,
386 4406 551 4462 quam
581 4390 672 4446 dat
699 4390 935 4457 inlirme,
966 4398 1021 4444 et
1049 4404 1200 4444 suam
1233 4390 1419 4445 volens
1444 4391 1648 4446 consti-

103 4488 249 4548 tuere,
281 4498 379 4554 qua
420 4491 570 4539 caret
611 4480 875 4547 inﬁrmus,
902 4480 1120 4549 justitia:
1150 4480 1248 4536 Dei
1278 4496 1383 4535 non
1411 4490 1494 4536 est
1519 4480 1648 4537 sub-

104 4570 261 4639 iectus,
289 4576 547 4645 reprobus
592 4582 647 4628 et
688 4573 947 4642 superbus
987 4571 1160 4645 (Item.
1192 4589 1245 4639 x,
1278 4572 1356 4642 ὅ).
1389 4574 1443 4629 Si
1472 4582 1650 4630 autem

108 4662 174 4718 lex
200 4665 373 4722 iactum
408 4667 897 4738 prtevarieatorem,
925 4674 1171 4734 tanquam
1209 4666 1275 4720 ad
1310 4668 1413 4722 hoc
1437 4669 1652 4737 gravius

110 4758 401 4815 vulneratum
431 4770 492 4816 ut
515 4759 783 4815 desideret
812 4756 1097 4825 medicum,
1128 4767 1377 4828 tanquam
1403 4758 1651 4831 paedago-

113 4862 192 4917 gus
214 4852 439 4921 perducit
474 4851 543 4908 ad
579 4850 839 4923 gratiam;
874 4858 1059 4905 contra
1088 4850 1401 4907 suavitatem
1439 4851 1654 4909 noxiam

120 4987 191 5042 ut,
217 4997 357 5045 mors,
394 4983 630 5035 contentio
651 4981 779 5045 tua?
808 4990 871 5033 tta
896 4995 1077 5045 nempe
1110 4985 1262 5034 citare
1287 4984 1413 5034 solet
1435 4984 1563 5034 hunc
1585 4983 1655 5034 Io-

120 5052 220 5105 tum,
240 5047 314 5109 qui
332 5044 433 5109 pro,
467 5052 576 5096 cont
602 5044 791 5109 mione;
814 5044 973 5109 modo,
1008 5045 1273 5109 uictoriam,
1298 5047 1447 5096 habet
1471 5048 1519 5095 in
1544 5047 1656 5096 Vul-

118 5113 236 5171 gata:
256 5106 363 5169 quia
380 5122 592 5171 graecum
624 5106 784 5171 ncicos
801 5120 910 5171 cum
943 5108 1242 5171 diphthongo
1263 5110 1514 5171 scriptum,
1537 5122 1654 5160 con-

118 5170 350 5231 tentionem
368 5169 548 5229 {secus
567 5182 705 5229 vero,
730 5170 975 5219 victoriam
998 5169 1252 5231 signiﬁcat.

120 5229 397 5337 "amicam
435 5240 558 5293 Mss,
600 5231 880 5295 appetitrias.
914 5229 1063 5282 Forte‘
1082 5230 1363 5295 legendum,
1405 5239 1655 5297 exspecta-

172 5324 272 5400 ἶέτ.
297 5362 344 5404 et
362 5361 487 5415 Lov.,
514 5368 599 5406 nos
621 5360 788 5405 contra
810 5354 938 5416 quod
971 5356 1291 5416 contenderet,
1328 5354 1575 5408 detineret.
1603 5366 1658 5408 At

124 5414 225 5469 ius,
244 5427 319 5486 nos
337 5414 494 5467 contra
516 5418 642 5481 quod
658 5420 790 5468 decet
810 5414 932 5477 (vel,
946 5416 1156 5528 ἄεσανεὲ
1181 5414 1362 5467 liberet.
1389 5420 1461 5468 sic
1484 5420 1659 5482 passim

126 5480 376 5528 Αυξωδυηιιδ
397 5482 626 5528 verbum.
651 5478 778 5528 libet.
805 5480 934 5528 quod
965 5480 1098 5528 iunci
1157 5482 1285 5528 ativo
1322 5480 1465 5528 solet.
1504 5482 1659 5528 iuncxit

126 5478 376 5586 mpure
397 5478 595 5529 verbum
611 5514 626 5541 ,
651 5478 778 5539 libet,
805 5480 934 5541 quod
962 5478 1285 5542 jungi‘uativo
1322 5480 1465 5541 solet,
1484 5478 1660 5546 'jungit

285 5553 370 5588 tvo.

132 5577 455 5708 non
484 5603 590 5666 fuit.
627 5604 799 5662 Abest,
832 5615 950 5664 non,
994 5603 1067 5652 ab
1092 5604 1304 5653 editione
1338 5605 1513 5653 Erasmi
1548 5612 1597 5653 et
1630 5621 1658 5654 a

155 5717 269 5789 ,δεῖ
286 5729 383 5774 Mss.
400 5727 949 5789 restituitnusverbum,
977 5728 1119 5789 facta,
1156 5732 1382 5780 omissum
1425 5731 1470 5779 in
1498 5729 1654 5782 editis.

134 5781 217 5839 εῖυε
231 5791 381 5837 tamen
398 5788 499 5840 loco
518 5788 736 5841 nonnulli
753 5797 855 5839 Mss.
884 5781 1082 5850 habent,
1108 5791 1237 5853 facti.

3186 325 3294 383 554

1716 450 1819 503 qua
1849 434 2093 489 vincebat
2119 434 2567 505 concupiscentia,
2589 437 2842 492 Dominus
2867 439 2957 493 dat
2977 444 3291 503 suavitatem

1714 526 2010 581 beneﬁcam
2037 543 2139 595 qua
2161 527 2423 582 delectet‘
2443 530 2669 599 amplius
2694 532 3037 600 continentia,
3065 545 3119 589 et
3151 545 3294 592 terra

1718 626 1898 673 nostra
1933 618 2023 672 dat
2063 619 2289 673 fructum
2331 634 2485 674 suum
2516 620 2535 691 (
2563 620 2706 675 Psal.
2750 639 2977 691 Lxxxtv,
3020 627 3152 697 15),
3194 643 3298 699 quo

1717 712 1954 785 pascitur
1979 713 2151 779 miles,
2184 712 2273 782 qui
2300 712 2532 769 debellat
2555 714 2662 769 Deo
2684 715 2902 784 juvante
2928 728 3227 787 peccatum.

1790 806 1843 861 8.
1886 805 2044 860 Tales
2073 805 2271 861 milites
2299 808 2589 877 apostolica
2622 809 2743 864 tuba
2772 810 2873 864 isto
2903 812 3077 867 sonitu
3106 827 3299 869 accen-

1718 894 1797 949 dit
1822 896 1875 949 in
1903 897 2149 966 praelium
2182 914 2195 950 :
2228 896 2347 951 Non
2378 914 2498 969 ergo
2531 910 2719 970 regnet,
2748 900 2936 970 inquit,
2962 915 3221 972 peccatum
3250 908 3303 962 in

1719 995 1882 1041 vestro
1912 989 2117 1042 mortali
2161 1006 2369 1060 corpore
2406 991 2474 1043 ad
2512 990 2845 1046 obediendum
2874 994 3133 1051 desideriis
3159 999 3302 1069 ejus;

1720 1096 1877 1149 neque
1900 1081 2225 1137 exltibueritis
2251 1084 2471 1137 membra
2505 1093 2670 1138 vestra
2696 1102 2841 1139 arma
2876 1087 3154 1157 iniquitatis
3190 1107 3300 1160 pec-

1721 1178 1832 1226 cato
1864 1187 1882 1225 :
1911 1172 2001 1226 sed
2027 1173 2252 1227 exhibete
2279 1190 2363 1228 vos
2390 1174 2496 1229 Deo
2535 1184 2772 1244 tanquam
2801 1194 2863 1231 ea:
2896 1181 3105 1233 mortuis
3137 1182 3309 1236 viven-

1723 1270 1815 1330 tes,
1839 1271 1885 1316 et
1909 1264 2130 1317 membra
2150 1273 2311 1319 vestra
2337 1281 2481 1319 arma
2494 1267 2710 1337 justitice
2729 1267 2855 1322 Deo.
2881 1268 3155 1325 Peccatum
3175 1273 3309 1327 enim

1722 1356 1858 1409 vobis
1886 1372 1983 1410 non
2008 1356 2366 1411 dominabitur.
2394 1357 2517 1413 Non
2543 1361 2675 1413 enim
2697 1362 2814 1415 estis
2842 1363 2933 1416 sub
2957 1362 3085 1433 lege,
3108 1364 3197 1418 sed
3215 1365 3308 1419 sub

1722 1448 1889 1517 gratia
1918 1447 1937 1518 (
1967 1447 2118 1502 Rom.
2141 1464 2214 1515 vr,
2241 1448 2402 1529 12-14
2422 1448 2463 1520 ).
2498 1450 2563 1505 Et
2595 1451 2699 1506 alio
2726 1452 2845 1507 loco
2872 1470 2886 1506 :
2916 1450 3078 1523 Ergo,
3115 1454 3305 1525 inquit,

1724 1543 1928 1611 fratres,
1957 1540 2200 1594 debitores
2225 1557 2396 1595 sumus
2422 1558 2523 1595 non
2552 1544 2782 1608 carni,ut
2808 1545 3080 1599 secundum
3104 1562 3310 1601 carnem

1724 1630 1967 1685 vivamus.
2009 1630 2069 1685 Si
2121 1632 2254 1685 enim
2296 1633 2570 1687 secundum
2608 1650 2811 1688 carnem
2848 1636 3090 1704 vixeritis,
3122 1639 3310 1692 morie-

1726 1722 1850 1776 mini
1873 1739 1891 1776 :
1911 1722 1955 1777 si
1979 1731 2146 1777 autent
2170 1723 2349 1792 spiritu
2370 1727 2507 1795 facta
2533 1726 2699 1780 carnis
2720 1727 3157 1797 mortiﬁcaveritis,
3180 1729 3313 1785 vive-

1728 1815 1811 1870 tis.
1847 1815 2101 1886 Quotquot
2141 1816 2274 1870 enim
2314 1816 2516 1887 Spiritu
2556 1818 2653 1873 Dei
2694 1828 2933 1891 aguntur,
2974 1822 3028 1876 hi
3064 1823 3162 1892 ﬁlii
3198 1831 3314 1878 sunt

1728 1911 1826 1967 Dei
1856 1913 1874 1983 (
1902 1911 1990 1967 Id.
2023 1928 2138 1981 vnt,
2169 1914 2333 1969 12-14
2354 1913 2394 1984 ).
2426 1913 2484 1970 Id
2512 1929 2639 1986 ergo
2672 1930 2813 1969 nunc
2842 1914 3033 1985 agitur,
3063 1917 3316 1987 quamdiu

1730 2012 1815 2061 est
1836 2005 2074 2060 mortalis
2105 2005 2219 2060 haec
2240 2005 2349 2059 vita
2374 2013 2554 2060 nostra
2579 2005 2678 2060 sub
2706 2006 2894 2075 gratia,
2922 2021 2990 2060 ne
3016 2015 3315 2077 peccatum,

1731 2096 1784 2151 id
1822 2104 1932 2162 est,
1960 2096 2386 2166 concupiscentia
2433 2098 2635 2167 peccati
2666 2095 2840 2169 (hanc
2873 2097 3018 2154 enim
3060 2097 3160 2154 hoc
3200 2099 3318 2156 loco

1732 2185 1938 2257 peccati
1984 2186 2200 2240 nomine
2243 2184 2539 2259 appellat),
2577 2194 2763 2258 regnet
2800 2188 2854 2241 in
2897 2197 3081 2243 nostro
3107 2190 3321 2246 mortali

1732 2292 1976 2349 corpore.
2000 2277 2149 2334 Tune
2168 2286 2345 2333 autem
2372 2293 2600 2349 regnare
2622 2278 2941 2346 ostenditur,
2968 2281 3013 2335 si
3039 2280 3321 2337 desideriis

1732 2372 1848 2442 ejus
1876 2370 2139 2427 obeditur.
2163 2371 2260 2426 Est
2285 2385 2414 2441 ergo
2441 2371 2494 2426 in
2520 2371 2675 2427 nobis
2699 2372 2905 2442 peccati
2930 2375 3320 2444 concupiscen-

1734 2464 1828 2531 tia,
1862 2479 1979 2534 quae
2010 2478 2114 2518 non
2143 2472 2227 2519 est
2251 2464 2603 2534 permittenda
2632 2480 2858 2535 regnare
2888 2484 2901 2520 :
2933 2474 3057 2521 sunt
3080 2466 3197 2536 ejus
3223 2467 3322 2524 de-

1735 2554 1959 2621 sideria,
1987 2555 2182 2625 quibus
2208 2571 2315 2610 non
2346 2563 2428 2611 est
2451 2555 2830 2621 ohediendum,
2861 2571 2931 2612 ne
2952 2557 3323 2616 obedientibus

1735 2655 1942 2717 regnet.
1968 2646 2192 2716 Propter
2220 2646 2364 2717 quod
2403 2647 2641 2702 membra
2671 2654 2854 2702 nostra
2885 2663 2990 2702 non
3032 2647 3134 2703 sibi
3168 2664 3324 2704 usur-

1738 2746 1827 2808 pet
1856 2738 2307 2809 concupiscentia,
2338 2737 2435 2793 sed
2474 2737 2573 2793 sibi
2612 2736 2843 2793 vindicet
2877 2737 3235 2804 continentia;
3264 2748 3326 2795 ut

1737 2832 1845 2885 sint
1872 2843 2020 2884 arma
2046 2828 2267 2899 iustitia:
2298 2829 2433 2896 Deo,
2464 2844 2532 2884 ne
2562 2829 2669 2884 sint
2702 2829 2995 2899 iniquitatis
3019 2844 3165 2884 arma
3193 2844 3323 2900 pec-

1739 2931 1861 2979 cato
1885 2940 1898 2977 :
1922 2922 2000 2976 sic
2028 2921 2169 2977 enim
2197 2921 2351 2977 nobis
2378 2928 2653 2991 peceatum
2680 2935 2787 2977 non
2815 2920 3195 2975 dominabitur.
3208 2920 3326 2977 Non

1739 3013 1882 3069 enim
1928 3026 2113 3067 sumus
2151 3012 2253 3067 sub
2294 3011 2431 3081 lege,
2466 3010 2665 3066 bonum
2699 3010 2910 3081 quidem
2946 3010 3186 3081 jubente,
3219 3024 3328 3067 non

1741 3114 1919 3161 tamen
1948 3104 2107 3159 dante
2131 3122 2145 3159 :
2169 3103 2266 3159 sed
2292 3118 2477 3158 sumus
2502 3103 2601 3159 sub
2630 3103 2820 3174 gratia,
2850 3118 2969 3173 quae
2990 3102 3044 3158 id
3071 3102 3211 3173 quod
3240 3103 3328 3160 lex

1737 3196 1890 3267 jubet
1918 3194 2117 3251 faciens
2146 3209 2244 3249 nos
2274 3210 2475 3261 amare,
2502 3202 2681 3265 potest
2707 3194 2890 3249 liberis
2917 3194 3202 3265 imperare.

1813 3288 1867 3343 9.
1909 3285 2143 3358 Itemque
2169 3302 2290 3340 eum
2313 3286 2560 3341 hortatur
2579 3294 2637 3340 ut
2658 3301 2767 3341 non
2793 3285 3085 3342 secundum
3110 3299 3329 3341 carnem

1742 3379 2003 3446 vivamus,
2031 3394 2100 3434 ne
2128 3378 2439 3445 moriamur,
2471 3376 2565 3434 sed
2591 3378 2784 3447 spiritu
2812 3377 2947 3433 facta
2973 3378 3151 3433 carnis
3185 3392 3331 3433 mor-

1745 3472 2029 3538 tiﬁcemus,
2059 3480 2117 3527 ut
2145 3472 2417 3537 vivamus;
2449 3471 2573 3527 tuba
2594 3470 2776 3541 utique
2798 3485 2917 3542 quze
2946 3471 3108 3536 canit,
3132 3471 3331 3530 bellum

1744 3563 1800 3619 in
1823 3578 1929 3635 quo
1953 3579 2227 3619 versamur
2252 3562 2517 3632 ostendit,
2546 3572 2600 3618 et
2625 3572 2682 3619 ut
2710 3563 2906 3619 acriter
2934 3563 3249 3620 dimicemus
3273 3573 3330 3621 et

1745 3657 1930 3715 hostes
1958 3669 2173 3723 nostros
2197 3660 2602 3727 mortiﬁcemus,
2626 3675 2695 3717 ne
2721 3660 2790 3717 ab
2818 3660 2897 3715 eis
2925 3660 3328 3729 mortiﬁcemur,

1746 3749 2008 3805 accendit.
2032 3750 2132 3819 Qui
2161 3750 2268 3806 sint
2286 3765 2415 3807 vero
2439 3750 2529 3807 isti
2557 3751 2762 3819 hostes,
2788 3753 2917 3808 satis
2943 3752 3217 3809 evidenter
3240 3768 3333 3808 ex-

1747 3841 1959 3911 pressit.
1998 3842 2145 3909 Quos
2182 3842 2325 3898 enim
2364 3857 2396 3895 a
2439 3842 2594 3899 nobis
2635 3843 2803 3899 voluit
2850 3844 3189 3913 mortiﬁcari,
3231 3844 3334 3915 ipsi

1747 3942 1908 4002 sunt,
1954 3934 2159 3990 scilicet
2199 3949 2362 4005 Opera
2402 3936 2598 3991 carnis.
2633 3935 2722 3991 Sic
2760 3936 2904 3992 enim
2945 3937 3139 3992 ait:Si
3166 3947 3336 3991 autem

1748 4027 1931 4096 spiritu
1958 4029 2096 4098 facta
2119 4028 2286 4081 carnis
2314 4028 2755 4097 mortiﬁcaveritis,
2778 4029 2966 4083 vinetis.
2994 4029 3061 4083 Et
3088 4030 3188 4084 ista
3215 4046 3337 4099 qua:

1748 4120 1854 4175 sint
1883 4128 1942 4176 ut
1967 4120 2216 4185 sciamus,
2244 4119 2492 4175 eumdem
2520 4119 2704 4175 itidem
2728 4120 3005 4175 audiamus
3030 4121 3097 4175 ad
3118 4121 3337 4179 Galatas

1750 4208 2068 4267 scribentem
2097 4221 2152 4267 et
2179 4210 2444 4266 dicentem
2471 4229 2485 4265 :
2512 4210 2790 4283 Manifesta
2825 4221 2943 4266 sunt
2979 4222 3145 4268 autem
3182 4230 3340 4283 opera

1751 4303 1947 4369 carnis,
1985 4317 2096 4371 qua:
2132 4309 2249 4356 sunt
2289 4302 2677 4373 fornicationes,
2716 4304 3066 4369 immunditiis,
3098 4305 3337 4374 luxuriae,

1750 4393 2007 4448 idolorum
2047 4394 2287 4461 servitus,
2327 4394 2597 4463 veneﬁcia,
2638 4393 2935 4462 inimicitiaz,
2977 4397 3338 4464 contentiones,

1752 4485 2116 4551 armulationes,
2159 4485 2522 4554 animositates,
2565 4486 2918 4550 dissensiones,
2950 4488 3177 4552 Itwreses,
3211 4486 3342 4542 invi-

1755 4576 1872 4641 αἰαῖ,
1900 4576 2177 4644 ebrietates,
2211 4578 2614 4645 comessationes,
2645 4586 2691 4632 et
2721 4579 2800 4633 Itis
2824 4579 3043 4642 similia;
3069 4595 3179 4650 qua:
3208 4598 3342 4652 pra:-

1756 4666 1870 4720 dico
1894 4667 2049 4733 vobis,
2076 4668 2203 4721 sicut
2232 4668 2467 4738 praedixi,
2504 4667 2745 4739 quoniam
2782 4670 2866 4738 qui
2895 4669 3019 4723 talia
3045 4680 3223 4741 agunt,
3255 4689 3340 4727 re-

1756 4775 1912 4829 gnum
1932 4758 2026 4813 Dei
2054 4774 2155 4812 non
2181 4758 2526 4829 possidebunt.
2551 4758 2726 4827 Ipsum
2756 4759 2897 4815 enim
2931 4760 3092 4815 etiam
3128 4762 3200 4817 ibi
3227 4762 3343 4818 bel-

1758 4847 1891 4914 lum,
1938 4856 1998 4902 ttt
2038 4847 2154 4902 haec
2200 4846 2403 4903 diceret
2445 4847 2781 4916 ostendebat,
2824 4858 2878 4904 et
2915 4849 2983 4905 ad
3027 4849 3125 4907 hos
3160 4851 3344 4908 hostes

1757 4938 2157 4994 mortiﬁcandos
2182 4937 2371 4994 eadem
2397 4938 2602 4993 caelesti
2632 4945 2687 4994 et
2711 4939 2973 5009 spirituali
3002 4941 3126 4996 tuba
3146 4941 3345 4999 Christi

1758 5031 1958 5085 milites
1999 5029 2282 5084 excitabat.
2317 5028 2488 5100 Supra
2530 5030 2673 5085 enim
2716 5031 2960 5087 dixerat:
2988 5032 3115 5087 Dico
3154 5043 3344 5102 autem,

1759 5122 1942 5193 spiritu
1979 5120 2260 5188 ambulate,
2306 5130 2352 5175 et
2401 5121 2650 5176 desideria
2693 5124 2862 5177 carnis
2909 5140 2971 5178 ne
3015 5127 3343 5198 perfeceritis.

1762 5214 1893 5271 Caro
1919 5214 2052 5271 enim
2075 5215 2381 5287 concupiscit
2404 5215 2642 5269 adversus
2670 5216 2923 5287 spiritum,
2946 5217 3153 5287 spiritus
3178 5227 3347 5271 autem

1762 5309 2000 5362 adversus
2038 5322 2259 5359 carnem.
2305 5306 2433 5360 ch
2475 5306 2605 5360 enim
2649 5306 2860 5361 invicem
2906 5307 3257 5373 adversantur,
3290 5316 3347 5361 ut

1762 5415 1864 5454 non
1898 5414 1956 5453 ea
1992 5413 2106 5468 qua:
2142 5398 2291 5451 vultis
2335 5398 2555 5469 faciatis.
2588 5398 2740 5465 Quod
2778 5398 2823 5451 si
2862 5398 3044 5467 spiritu
3082 5397 3342 5464 ducimini,

1763 5507 1865 5545 non
1910 5492 2029 5546 estis
2075 5489 2165 5545 sub
2210 5490 2336 5559 lege.
2378 5489 2518 5560 Ergo
2560 5490 2658 5545 sub
2698 5490 2862 5561 gratia
2892 5488 3206 5543 constitutos
3237 5489 3346 5547 vult

1764 5585 1923 5640 istum
1964 5584 2218 5639 adversus
2262 5599 2422 5653 opera
2464 5583 2640 5637 carnis
2686 5582 2881 5635 habere
2920 5580 3246 5635 conﬂictum.
3278 5580 3345 5637 Et

1765 5681 1881 5736 hinc
1904 5695 2062 5749 opera
2093 5679 2268 5733 carnis
2298 5685 2353 5731 ut
2381 5678 2788 5738 demonstraret,
2821 5672 3065 5740 adjunxit
3096 5690 3214 5748 qum
3250 5690 3343 5733 su.

1834 5803 1847 5824 ³
1869 5800 1934 5842 tta
1956 5792 2285 5841 (:isterciensis
2306 5797 2384 5839 Ms.
2415 5795 2467 5838 At
2492 5787 2621 5841 editi.
2647 5784 2920 5835 delectetur.
