3882 6286
638 295 744 355 355

633 429 726 486 pro
754 411 1162 469 commemoravi
1188 426 1202 464 :
1227 406 1500 478 Manifesta
1525 414 1690 461 autem
1713 414 1830 462 sunt
1849 422 2002 478 opera
2021 405 2210 473 carnis,

631 521 747 578 qua:
785 515 903 561 sunt
942 504 1328 575 fornicationes,
1366 509 1420 556 et
1447 508 1660 568 caetera,
1692 500 1804 556 sive
1831 513 1950 570 quae
1979 511 2217 554 comme-

629 598 876 662 morarit,
915 595 1028 651 sive
1064 609 1183 666 quas
1219 591 1559 662 intelligenda
1596 589 1944 657 commonuit,
1983 590 2214 643 maxime

625 688 907 758 adjiciens,
934 696 980 741 et
1007 688 1087 740 his
1114 685 1320 740 similia.
1344 685 1583 754 Denique
1610 683 1665 738 in
1690 682 1791 736 hoc
1817 681 2000 751 prndio
2023 680 2211 735 adver-

627 794 718 834 sus
763 780 1028 834 carnalem
1069 777 1297 847 quodam
1339 775 1498 830 modo
1539 773 1826 830 exercitum
1870 773 2014 828 velut
2051 772 2210 828 aliam

626 869 928 941 producens
953 869 1122 923 aciem
1150 867 1480 938 spiritualem
1511 885 1524 920 :
1557 864 1778 920 Fructus
1805 874 1973 919 autem
1999 865 2208 937 spiritus

623 974 718 1032 est,
755 964 945 1034 inquit,
976 962 1215 1025 altar-itas,
1259 960 1521 1034 gaudium,
1561 975 1682 1030 pax,
1714 958 2089 1030 longanimitas,
2117 957 2204 1011 be-

622 1055 862 1125 nignitas,
887 1053 1097 1118 bonitas,
1123 1050 1265 1120 ﬁdes,
1291 1049 1640 1117 mansuetudo,
1669 1049 1975 1103 continentia
1997 1063 2016 1102 :
2036 1047 2206 1101 adver-

621 1161 708 1199 sus
733 1144 1023 1214 htojusmodi
1047 1150 1244 1195 nonest
1269 1141 1369 1196 lex.
1398 1141 1514 1196 Non
1539 1142 1633 1209 ait,
1663 1140 1922 1196 adversus
1957 1139 2104 1204 huic;
2136 1151 2206 1193 ne

618 1237 731 1290 sola
775 1249 895 1290 esse
943 1242 1256 1305 putarentur
1296 1249 1311 1287 :
1355 1233 1595 1302 quamvis
1640 1241 1693 1286 et
1740 1231 1787 1286 si
1837 1231 1936 1285 hoc
1979 1230 2201 1295 diceret,

615 1326 793 1382 omnia
833 1325 1150 1381 deberemus
1189 1323 1516 1394 intelligere,
1555 1339 1673 1394 qua:
1714 1323 1950 1392 ejusdem
1987 1322 2204 1393 generis

615 1417 758 1471 bella
779 1417 1014 1487 cogitare
1034 1429 1314 1486 possemus
1338 1432 1350 1468 :
1375 1414 1471 1469 sed
1493 1416 1586 1481 ait,
1611 1415 1849 1468 adversus
1871 1415 2201 1486 hujusmodi;

613 1516 670 1563 et-
710 1508 824 1562 Ιπκο
866 1507 1067 1563 scilicet
1106 1515 1159 1562 et
1192 1521 1541 1578 quaecumque
1577 1506 1790 1561 similia.
1822 1506 2199 1562 Verumtamen

612 1600 754 1671 quod
800 1600 854 1653 in
893 1599 978 1654 eis
1009 1598 1168 1653 bonis
1207 1613 1328 1669 qua}
1370 1598 1828 1663 commemoravit,
1865 1598 2049 1652 ultimo
2079 1597 2199 1653 loco

611 1693 786 1763 posuit
813 1691 1213 1757 continentiam,
1248 1691 1314 1745 de
1343 1704 1445 1761 qua
1479 1704 1618 1744 nunc
1649 1689 1921 1759 disputare
1957 1689 2198 1762 suscepi-

607 1799 748 1848 mus,
781 1793 835 1838 et
864 1791 1086 1854 propter
1111 1797 1270 1854 quam
1309 1782 1472 1836 multa
1507 1783 1622 1854 jam
1647 1781 1897 1846 diximus,
1930 1781 2198 1851 praecipue

606 1876 779 1931 voiuit
795 1889 928 1930 eam-
945 1875 1146 1929 nestris
1172 1872 1441 1928 mentibus
1470 1872 1751 1927 inhaerere.
1776 1872 1894 1942 ipsa
1919 1873 2114 1942 quippe
2139 1871 2195 1926 in

607 1966 712 2022 hoe
751 1966 898 2022 bello
929 1966 1079 2021 valet
1111 1965 1419 2036 plurimum,
1460 1965 1514 2019 in
1551 1979 1657 2035 quo
1693 1964 1950 2020 adversus
1975 1979 2194 2019 camem

605 2057 828 2129 spiritus
868 2057 1230 2128 concupiscit;
1260 2057 1512 2127 quoniam
1556 2057 1698 2127 ipsas
1725 2056 1903 2111 carnis
1940 2057 2195 2126 concupi-

604 2151 836 2206 scentiae
887 2147 1117 2221 quodam
1173 2148 1334 2203 modo
1386 2147 1666 2218 erucitigit.
1716 2146 1869 2202 Unde
1909 2161 2030 2202 cum
2077 2146 2192 2204 haec

602 2243 826 2298 dixisset
850 2241 1160 2312 Apostolus,
1190 2239 1444 2295 continuo
1473 2239 1719 2308 subjecit,
1748 2238 1849 2306 Qui
1873 2249 2041 2292 autem
2061 2237 2194 2293 Iesu

603 2333 790 2388 Christi
827 2342 972 2401 sunt,
1009 2347 1210 2386 carnem
1235 2347 1384 2386 suane
1409 2331 1768 2400 cruci/imm
1796 2346 1910 2384 cum
1941 2332 2192 2399 passioni-

602 2425 696 2480 btts
719 2435 768 2480 et
795 2424 1209 2497 concupiscentiis
1240 2422 1438 2495 (Galat.
1465 2437 1522 2490 ν,
1549 2421 1761 2493 1-6-24).
1788 2423 1912 2477 Haec
1939 2431 2031 2478 cst-
2050 2425 2192 2478 actio

604 2517 948 2574 continentia)
973 2535 987 2571 :
1019 2517 1096 2571 sic
1123 2530 1286 2587 opera
1319 2517 1337 2547 ³
1365 2515 1541 2570 carnis
1568 2514 1974 2570 mortiﬁcamur.
2001 2514 2188 2570 Morti-

598 2609 762 2663 ticant
780 2622 909 2663 vero
933 2621 1046 2674 eos,
1073 2622 1207 2678 quos
1230 2606 1542 2662 deﬁcientes
1566 2621 1596 2660 a
1619 2607 1944 2664 continentia
1970 2606 2037 2661 ad
2057 2621 2189 2662 con-

595 2701 901 2755 sensionem
923 2698 1608 2770 perpetrandorumtaiium
1633 2714 1855 2770 operum
1878 2699 2039 2755 trahit
2057 2714 2190 2756 cou-

595 2793 941 2863 cupiseentia.

663 2884 890 2941 CAPUT
919 2882 1182 2939 l-V.-—l(i.
1209 2883 1255 2939 U
1259 2883 1594 2939 (continentia
1604 2883 1792 2937 servari
1819 2885 1994 2956 possit,
2013 2899 2188 2940 caven-

593 2977 662 3032 da
679 2977 1002 3048 prasumptio
1029 2976 1092 3029 de
1112 2976 1332 3047 propriis
1355 2975 1562 3030 viribus.
1597 2975 1772 3029 Vivere
1792 2976 2071 3030 secundum
2091 2976 2185 3031 Ito-

594 3069 798 3136 minent,
812 3078 858 3122 et
875 3067 1034 3121 vivere
1051 3065 1328 3121 secundum
1352 3081 1577 3134 carnem,
1599 3066 1744 3120 idem
1758 3074 1850 3121 est.
1872 3065 2136 3123 lit-autem
2151 3083 2187 3123 a

592 3159 919 3218 continentia
947 3175 1060 3214 non.
1093 3158 1439 3224 deficianms,
1472 3157 1730 3213 adversus
1759 3158 1878 3214 ilias
1915 3161 2185 3230 praecipue

592 3256 976 3314 diabolicarum
1005 3254 1402 3325 suggestionem
1419 3251 1642 3309 insidias
1662 3251 1880 3324 vigilare
1899 3253 2183 3322 debemus,

592 3364 662 3405 ne
686 3349 755 3404 de
780 3349 976 3403 nostris
995 3341 1200 3402 iriribus
1233 3360 1642 3416 pratsumamus.
1682 3345 1995 3401 Maledictus
2035 3346 2180 3402 enim

593 3441 756 3497 omnis
783 3441 868 3514 qui
888 3456 1034 3510 spem
1050 3456 1197 3494 suam
1224 3439 1366 3511 ponit
1384 3440 1437 3494 in
1466 3440 1668 3494 homine
1694 3438 1903 3511 (Jerem.
1932 3454 2067 3508 xvn,
2101 3440 2180 3511 5).

592 3532 662 3589 Et
686 3531 805 3602 quis
831 3539 920 3586 est
939 3531 1067 3598 iste,
1100 3530 1204 3586 nisi
1231 3529 1394 3586 homo
1418 3531 1484 3583 ’Υ
1509 3527 1624 3586 Non
1655 3538 1834 3601 potest
1861 3545 1993 3602 ergo
2020 3545 2180 3587 vera-

595 3625 730 3680 citer
755 3623 936 3678 dicere
962 3637 1068 3677 non
1094 3635 1159 3678 se
1175 3635 1343 3692 spem,
1355 3637 1554 3693 ponere
1578 3623 1633 3678 in
1662 3622 1877 3679 homine
1899 3665 1913 3690 ,
1941 3623 2037 3694 qui
2059 3637 2180 3678 eam

595 3716 746 3787 ponit
770 3716 832 3770 in
853 3729 931 3770 se.
958 3715 1089 3769 Nam
1113 3720 1170 3769 et
1192 3714 1305 3769 hoc
1321 3714 1615 3769 secundum
1661 3714 1931 3770 hominem
1959 3716 2140 3770 vivere
2162 3757 2178 3784 ,

593 3809 721 3880 quid
751 3817 836 3864 est-
861 3807 961 3862 nisi
1004 3806 1303 3863 secundum
1329 3821 1544 3862 carnem
1585 3807 1800 3863 vivere?
1833 3808 2028 3864 Audiat
2053 3822 2183 3879 ergo

593 3903 686 3972 qui
711 3901 799 3956 tali
827 3901 1163 3972 suggestione
1191 3908 1442 3968 tentatur,
1474 3910 1530 3957 et
1577 3903 1628 3957 si
1669 3902 1808 3959 ullus
1845 3903 1896 3958 ei
1925 3904 2176 3960 christia-

595 4009 696 4052 nus
735 4008 924 4049 sensus
958 4002 1070 4058 est,
1110 3993 1487 4048 contremiscat
1516 4010 1532 4046 :
1558 3993 1759 4063 audiat,
1815 3994 2064 4066 inquam,
2113 3997 2186 4053 Si

594 4085 872 4141 secundum
892 4101 1092 4140 carnem
1117 4085 1361 4154 viaeritis,
1386 4086 1688 4140 moriemini.

667 4177 1164 4247 H.5cd-quispiam
1187 4177 1430 4233 dicturus
1476 4187 1562 4234 est
1598 4177 1736 4233 mihi
1754 4179 1896 4235 aliud
1931 4194 2054 4236 esse
2084 4193 2174 4237 se-

593 4269 827 4336 eundum
856 4269 1126 4324 hominem
1146 4310 1160 4335 ,
1206 4269 1351 4324 aliud
1379 4269 1675 4324 secundum
1707 4285 1924 4326 carnem
1951 4273 2131 4329 vivere
2162 4291 2177 4329 :

594 4366 719 4438 quia
746 4364 908 4418 homo
938 4362 1184 4418 videlicet
1216 4361 1492 4416 rationalis
1521 4371 1764 4417 creatura
1791 4373 1876 4420 est
1896 4406 1911 4431 ,
1943 4375 1996 4420 et
2027 4368 2080 4420 in
2116 4381 2182 4423 eo

591 4454 870 4513 rationalis
895 4461 979 4509 est
1011 4453 1218 4507 animus
1240 4493 1254 4519 ,
1282 4465 1389 4521 quo
1413 4450 1574 4505 distat
1598 4466 1627 4505 a
1653 4467 1884 4522 pecore;
1926 4470 2052 4511 caro
2087 4447 2184 4511 au-

594 4555 703 4604 tem
729 4554 813 4603 est
841 4545 1021 4601 inﬁma
1048 4553 1102 4599 et
1129 4543 1340 4599 terrena
1380 4557 1503 4614 pars
1549 4545 1811 4612 hominis,
1846 4555 1899 4602 et
1941 4547 2062 4604 ideo
2090 4564 2181 4605 se-

593 4640 832 4694 cundum
855 4653 972 4694 eam
1003 4638 1185 4694 vivere
1207 4637 1455 4691 vitiosum
1493 4643 1576 4691 est
1604 4653 1617 4688 :
1648 4646 1868 4706 propter
1906 4639 2048 4710 quod
2091 4640 2181 4697 ille

594 4732 686 4801 qui
715 4731 1012 4786 secundum
1032 4729 1303 4785 hominem
1331 4727 1493 4794 vivit,
1519 4741 1624 4782 non
1653 4730 1837 4800 utique
1881 4732 2180 4788 secundum

594 4836 813 4877 carnem
834 4862 850 4887 ,
892 4821 986 4876 sed
1014 4822 1192 4893 potius
1222 4819 1519 4876 secundum
1544 4833 1662 4875 eam
1696 4829 1902 4890 partem
1947 4821 2186 4888 hominis;

598 4913 732 4967 vivit
772 4925 872 4982 qua
907 4913 1066 4966 homo
1120 4921 1232 4978 est,
1281 4909 1383 4966 hoc
1433 4919 1552 4977 est,
1599 4911 1890 4966 secundum
1935 4913 2178 4982 spiritum

597 5003 812 5070 ment-is,
839 5019 945 5074 quo
964 5003 1243 5072 pecoribus
1269 5003 1598 5072 praeeminet.
1623 5002 1821 5059 Verum
1853 5003 1968 5059 hzec
1997 5004 2180 5076 dispu-

595 5097 729 5152 tatio
755 5095 892 5150 valet
919 5095 1159 5149 fortassis
1187 5093 1386 5164 aliquid
1414 5095 1465 5149 in
1484 5094 1681 5150 scholis
1699 5095 2177 5167 philosophorum:

595 5205 696 5246 nos
725 5198 902 5242 autem
930 5194 987 5242 ut
1029 5186 1384 5256 intelligamus
1435 5189 1750 5258 Apostolum
1797 5190 2026 5258 Christi,
2057 5191 2180 5247 libri

596 5279 872 5337 christiani
900 5278 1342 5350 quemadmodum
1373 5281 1513 5352 loqui
1542 5283 1777 5349 soleant,
1809 5284 2066 5340 debemus
2089 5285 2182 5340 ad-

596 5383 826 5430 vertere.
869 5371 1028 5428 Fides
1065 5383 1211 5428 certe
1255 5376 1490 5430 omnium
1542 5389 1781 5430 nostrum
1825 5386 1934 5445 est,
1989 5381 2181 5449 quibus

595 5463 840 5523 Christus
866 5466 1045 5521 vivere
1069 5474 1150 5520 est
1177 5466 1219 5534 ³,
1258 5465 1527 5522 hominem
1550 5482 1579 5522 a
1616 5466 1807 5523 Verbo
1839 5471 1925 5525 Dei
1972 5488 2184 5526 assum-

662 5671 676 5699 ι
704 5667 1034 5732 Cisterciensis
1046 5673 1146 5732 33s.:
1166 5675 1276 5716 Ha‘c
1293 5672 1359 5718 cst
1374 5666 1499 5716 actio
1516 5667 1826 5724 commentae,
1845 5670 1887 5718 si
1905 5683 2067 5732 opera.

662 5732 682 5762 ³
708 5731 841 5790 Editi,
865 5729 958 5780 nisi
977 5729 1075 5794 ipse
1093 5731 1244 5778 homo.
1275 5732 1418 5778 Abest
1445 5744 1554 5794 vos,
1574 5744 1690 5792 ipse,
1717 5745 1743 5779 a
1772 5732 1872 5781 bss.
1913 5757 1925 5776 .-

663 5794 817 5842 3'I‘res
841 5802 965 5855 3155.,
992 5791 1212 5844 nostum:
1241 5800 1327 5863 est,
1352 5799 1400 5864 nt
1425 5791 1637 5845 dsistas
1663 5793 1856 5853 rcncril,
1879 5803 1922 5845 et
1947 5793 2183 5849 Iltlltiillt‘lli

1737 288 1826 347 DE
1864 285 2342 356 CONTINENTIA,
2382 286 2441 344 S.
2482 286 2851 347 AUGUSTINI
3743 305 3809 364 πθ

2335 411 2483 473 ptum
2505 444 2520 470 ,
2553 417 2659 458 non
2685 404 2868 474 utique
2891 403 3006 460 sine
3029 405 3203 462 anima
3225 406 3489 477 rationali,
3516 409 3634 468 sicut
3657 419 3809 486 quidam

2325 492 2564 548 lueretici
2594 495 2805 561 volunt;
2837 504 2896 550 et
2922 505 3097 551 tamen
3130 496 3357 567 legimus
3379 541 3394 566 ,
3429 499 3625 556 Verbum
3645 521 3734 562 caro
3753 516 3798 580 {a-

2321 591 2458 636 ctum
2483 592 2560 637 est
2587 581 2762 656 (Joan.
2787 599 2826 649 ι,
2856 584 2966 654 14).
2995 585 3133 654 Quid
3160 587 3246 642 hic
3271 603 3398 644 caro
3427 589 3720 663 intelligenda
3740 615 3804 668 est,

2320 674 2432 728 nisi
2453 673 2613 730 homo
2628 676 2651 729 ‘l
2681 675 2749 729 Et
2768 676 2956 731 videbit
2969 679 3133 732 omnis
3146 695 3266 734 caro
3285 681 3508 736 salutare
3519 681 3606 738 Dei
3617 685 3731 758 (Luc.
3748 708 3797 759 lli,

2319 764 2408 836 6);
2433 767 2564 838 quid
2603 776 2778 838 potest
2818 770 3041 841 intelligi
3061 812 3077 840 ,
3104 772 3238 837 nisi,
3270 775 3446 829 omnis
3485 776 3662 833 homo?
3695 783 3753 836 Ad
3781 799 3806 839 lt

2319 861 2482 915 omnis
2509 875 2630 914 caro
2669 863 2829 916 veniet
2878 862 3048 936 (Psal.
3092 879 3240 931 LXIV,
3289 865 3387 938 5);
3434 868 3552 938 quid
3587 879 3679 939 est,
3716 876 3802 944 nisi,

2317 953 2491 1008 omnis
2512 953 2672 1009 homo
2688 955 2711 1008 ?
2730 951 2932 1009 Dedisti
2951 958 2994 1010 ei
3023 966 3318 1027 potestatem
3337 960 3496 1014 omnis
3521 964 3663 1017 carnis
3685 965 3804 1038 (latin.

2315 1057 2449 1111 xvn,
2477 1044 2586 1114 2-);
2617 1045 2743 1116 quid
2772 1054 2881 1112 est,
2914 1048 3048 1112 nisi,
3077 1049 3249 1104 omnis
3280 1048 3537 1106 hominis?
3555 1052 3627 1107 Ea:
3643 1059 3807 1126 Operibttt

2314 1133 2439 1205 legis
2460 1152 2560 1190 non
2575 1137 2948 1207 justi/imbitur
2968 1139 3130 1194 omnis
3154 1156 3272 1194 caro
3300 1138 3474 1212 (Rom.
3504 1158 3575 1210 ιιι,
3599 1144 3676 1215 20)
3691 1163 3702 1212 ;
3719 1151 3804 1216 quid

2311 1236 2433 1293 est,
2494 1229 2630 1295 nisi,
2683 1231 2860 1285 nullus
2897 1231 3278 1300 justiﬁeabitur
3319 1232 3510 1288 homo?
3547 1235 3675 1303 Quod
3713 1240 3804 1296 idem

2310 1319 2581 1387 apostolus
2623 1319 2745 1376 alibi
2783 1323 3090 1392 exprimens
3131 1323 3493 1392 manifestius,
3527 1324 3652 1395 Non,
3675 1329 3804 1400 inquit,

2302 1410 2670 1480 justiﬁcabitnr
2695 1414 2844 1468 homo
2891 1429 2954 1469 ea:
2992 1415 3225 1486 operibus
3275 1417 3404 1488 legis
3433 1416 3610 1491 (Colat.
3649 1437 3694 1486 ιι,
3728 1424 3803 1494 16).

2308 1498 2615 1559 Corinthios
2645 1517 2859 1575 quoque
2903 1505 3143 1576 increpat
3177 1507 3365 1563 dicens
3394 1507 3607 1566 :Nonne
3639 1517 3799 1569 carnales

2307 1595 2444 1660 estis,
2475 1603 2526 1648 et
2565 1596 2840 1650 secundum
2883 1597 3137 1652 hominem
3162 1599 3434 1655 ambulatis
3476 1601 3520 1672 (Ι
3542 1601 3646 1657 Cor.
3665 1620 3722 1670 ill,
3744 1606 3802 1673 5}?

2305 1683 2440 1739 Cum
2459 1687 2705 1743 carnales
2743 1703 2839 1744 eos
2879 1688 3129 1758 dixisset,
3165 1707 3273 1747 non
3311 1693 3420 1760 ait,
3454 1696 3710 1751 secundum
3731 1713 3802 1753 car-
3838 1705 3839 1760 ἢ

2304 1793 2432 1835 nem
2457 1780 2778 1847 ambulatis;
2804 1782 2898 1837 sed
2914 1823 2929 1848 ,
2962 1783 3237 1838 secundum
3257 1783 3508 1840 hominem
3527 1803 3547 1841 :
3569 1789 3672 1859 quia
3685 1791 3798 1845 ethoc

2304 1870 2430 1941 quid
2465 1872 2634 1927 voluit
2667 1873 2926 1946 intelligi,
2957 1874 3094 1943 nisi,
3126 1874 3423 1932 secundum
3467 1881 3694 1936 carnem!
3712 1881 3797 1937 Nan

2303 1964 2487 2032 utique
2530 1963 2576 2018 si
2623 1964 2962 2034 culpabiliter
3010 1966 3229 2037 quidem
3286 1968 3568 2026 secundum
3615 1986 3797 2041 carnem,
3838 1963 3839 2041 ἦ

2301 2054 2639 2110 laudabiliter
2661 2065 2840 2112 autem
2867 2057 3162 2113 secundum
3189 2058 3463 2116 hominem
3499 2061 3794 2129 ambularetur,

2300 2148 2355 2203 id
2381 2157 2463 2203 est
2482 2190 2498 2216 ,
2527 2148 2817 2216 viveretur,
2847 2165 2954 2205 non
2984 2153 3321 2221 exprobrans
3354 2153 3576 2222 diceret,
3599 2156 3795 2210 secundum

2301 2240 2555 2295 hominem
2597 2241 2887 2296 ambulatis.
2943 2245 3212 2314 Agnoscat
3264 2245 3424 2301 homo
3470 2247 3790 2316 opprobrium‘,

2297 2340 2468 2388 mutet
2511 2335 2876 2403 propositum,
2923 2335 3055 2390 vitet
3107 2336 3404 2391 interitum.
3458 2337 3615 2406 Audi,
3657 2338 3788 2400 homo;

2296 2425 2409 2481 noli
2436 2425 2708 2480 ambulare
2742 2424 3040 2481 secundum
3083 2426 3394 2494 hominem,
3447 2427 3538 2483 sed
3579 2429 3789 2484 secundum

2296 2527 2422 2571 eum
2450 2516 2540 2586 qui
2573 2516 2694 2571 fecit
2724 2517 2992 2572 hominem
3022 2535 3034 2570 :
3065 2517 3133 2572 ab
3157 2533 3222 2573 eo
3249 2520 3339 2590 qui
3369 2517 3493 2573 fecit
3521 2527 3592 2584 te,
3622 2518 3702 2572 noli
3725 2517 3786 2571 de-

2294 2608 2458 2664 iicere
2487 2623 2586 2663 nec
2611 2607 2680 2663 ad
2707 2617 2776 2664 te.
2807 2608 2980 2664 Homo
3006 2611 3146 2665 enim
3177 2609 3394 2666 dicebat
3412 2651 3427 2677 ,
3453 2611 3536 2680 qui
3562 2620 3700 2664 tamen
3719 2623 3785 2662 non

2294 2702 2589 2758 secundum
2619 2703 2891 2758 hominem
2923 2704 3135 2759 vivebat
3159 2721 3173 2758 :
3205 2703 3334 2759 Non
3359 2706 3474 2774 quia
3498 2705 3642 2759 idonei
3671 2720 3784 2758 suntut

2294 2794 2516 2866 cogitare
2537 2794 2731 2865 aliquid
2759 2812 2791 2847 a
2816 2797 2958 2850 nobis
2975 2797 3120 2866 quasi
3135 2813 3198 2851 ea:
3223 2798 3612 2870 nobismetipsis;
3633 2796 3782 2864 sedsuf-

2293 2885 2518 2956 ﬁcientia
2545 2896 2718 2940 nostra
2738 2903 2801 2941 ea:
2824 2885 2931 2941 Deo
2951 2897 3024 2941 est
3046 2886 3115 2958 (ll
3152 2887 3275 2944 Cor.
3310 2905 3387 2956 ιιι,
3415 2889 3486 2959 5).
3531 2887 3640 2943 Vide
3668 2887 3702 2943 si
3733 2900 3784 2938 se-

2293 2979 2525 3035 cundum
2551 2979 2822 3035 hominem
2861 2981 3101 3048 vivebat,
3124 2983 3214 3054 qui
3240 2983 3500 3038 veraciter
3523 2981 3610 3038 i5ta
3625 2979 3780 3034 diccbat.

2293 3071 2602 3127 Admonens
2629 3085 2758 3144 ergo
2786 3073 3073 3143 Apostolus
3101 3074 3404 3143 hominem,
3428 3089 3491 3130 ne
3517 3075 3638 3128 vivat
3656 3087 3783 3127 secun-

2293 3164 2419 3220 dum
2449 3164 2717 3220 hominem
2743 3207 2758 3234 ,
2788 3166 3058 3224 hominem
3086 3168 3197 3225 Deo
3220 3169 3415 3225 reddit.
3446 3169 3537 3236 Qui
3555 3176 3694 3222 autem
3715 3179 3779 3218 non

2293 3256 2423 3310 vivit
2446 3257 2739 3312 secundum
2767 3257 3063 3329 hominem,
3088 3260 3184 3315 sed
3204 3260 3493 3316 secundum
3515 3260 3680 3325 Deum,
3699 3271 3778 3325 pro-

2292 3347 2434 3403 fecto
2458 3364 2564 3403 non
2587 3349 2714 3404 vivit
2742 3351 2900 3404 etiam
2937 3352 3234 3410 secundum
3265 3353 3523 3425 seipsum;
3551 3351 3652 3422 quia
3674 3349 3778 3402 homo

2292 3451 2375 3498 est
2401 3451 2456 3497 et
2475 3442 2610 3513 ipse.
2639 3441 2743 3498 Sed
2768 3443 2889 3499 ideo
2917 3444 3113 3500 dicitur
3149 3447 3312 3504 etiam
3345 3443 3614 3510 secundum
3636 3452 3780 3497 carnem

2291 3536 2506 3604 vivere,
2536 3551 2658 3594 cum
2689 3537 2760 3590 ita
2788 3537 2944 3604 vivit;
2979 3538 3104 3608 quia
3147 3547 3202 3593 et
3242 3554 3406 3594 carne
3448 3538 3552 3593 sola
3590 3533 3779 3591 nominata

2291 3630 2603 3704 intelligitur
2649 3630 2832 3700 homo,
2863 3631 3004 3702 quod
3028 3633 3140 3703 jam
3185 3634 3511 3691 ostendimus
3541 3631 3680 3686 :sicut
3710 3624 3779 3678 soli

2291 3707 2476 3778 animal
2490 3723 2761 3780 nominata
2787 3724 3098 3796 intelligitur
3127 3724 3325 3794 homo;
3369 3726 3502 3781 unde
3520 3723 3684 3779 dictum
3705 3726 3775 3777 est.

2296 3811 2473 3868 Omnis
2523 3814 2692 3868 anima
2748 3815 3123 3874 sublimioribus
3179 3817 3501 3888 potestatibus
3555 3809 3713 3868 subdita
3741 3805 3777 3855 sit

2293 3902 2470 3982 (Rom.
2501 3925 2616 3974 Sili,
2651 3909 2730 3980 l),
2757 3909 2808 3963 id
2841 3919 2941 3974 est,
2975 3910 3147 3965 omnis
3174 3910 3372 3976 homo;
3408 3921 3488 3976 ct,
3534 3899 3778 3975 Septuaginta

2291 4003 2512 4076 quinque
2545 4004 2728 4058 anima:
2768 4003 3129 4082 descenderunt
3166 4005 3220 4058 in
3265 4004 3652 4077 Egyptumcunt
3672 3987 3776 4082 lacti

2293 4093 2446 4170 (Gen.
2470 4112 2618 4162 XLVI,
2651 4095 2744 4168 27)
2765 4139 2782 4164 ,
2814 4079 2864 4151 id
2893 4106 2974 4151 cst
2997 4139 3012 4164 ,
3054 4099 3387 4168 septuaginta
3429 4095 3634 4163 quinque
3666 4079 3777 4138 bonn-

2291 4203 2410 4242 nes.
2439 4185 2556 4241 Noli
2579 4203 2704 4260 ergo
2733 4187 2911 4243 vivere
2940 4189 3231 4242 secundum
3268 4197 3318 4244 te
3347 4188 3544 4258 ipsum,
3579 4195 3608 4234 ο
3637 4178 3774 4266 bouw‘:

2292 4278 2418 4336 inde
2446 4279 2685 4350 perieras
2710 4319 2723 4344 ,
2762 4279 2855 4334 scd
2908 4280 3163 4349 quaesitus
3201 4294 3282 4334 es.
3311 4277 3458 4341 Noli,
3502 4275 3776 4342 inquamti“

2291 4386 2416 4429 vere
2441 4370 2731 4426 saeundum
2756 4380 2806 4425 te
2834 4370 3006 4439 ipsum
3039 4387 3052 4423 :
3082 4370 3205 4424 inde
3237 4369 3498 4440 perieras,
3525 4370 3572 4418 ct
3607 4360 3775 4414 inventus

2290 4478 2352 4518 BS
2375 4465 2416 4516 ἀ
2451 4461 2568 4516 Νοίἱ
2597 4462 2778 4520 carnis
2821 4477 3074 4517 accusare
3121 4471 3394 4527 naturam,
3440 4453 3624 4529 quando
3648 4443 3774 4539 audis.

2292 4552 2356 4609 Si
2379 4553 2658 4610 secundum
2682 4569 2882 4606 carnem
2904 4551 3148 4623 viceritis,
3173 4551 3466 4608 moriemini.
3488 4548 3566 4602 Sic
3583 4540 3692 4598 enim
3710 4533 3773 4586 dtu

2291 4647 2495 4720 potuit,
2527 4654 2581 4701 et
2627 4645 2904 4702 verissime
2929 4647 3139 4717 potuit,
3171 4647 3229 4703 Si
3277 4641 3552 4702 secundum
3577 4647 3653 4689 vos
3681 4627 3775 4680 vin--

2291 4740 2445 4807 ritis,
2484 4737 2809 4794 moriemini.
2849 4736 2982 4793 Nam
3014 4737 3258 4793 diabolus
3288 4752 3392 4794 non
3417 4733 3560 4788 habet
3599 4729 3771 4812 cant-cat,

2290 4841 2345 4890 et
2393 4843 2567 4888 tamen
2609 4831 2731 4902 quia
2774 4829 3066 4885 secundum
3107 4843 3166 4884 se
3211 4829 3383 4900 ipsum
3437 4823 3596 4878 vivere
3637 4810 3768 4908 volvit.
3813 4859 3820 4908 ἔ

2289 4925 2342 4982 in
2372 4927 2576 4981 veritate
2597 4941 2696 4978 non
2725 4924 2878 4978 stetit.
2909 4921 3045 4990 Quid
3075 4937 3202 4993 ergo
3247 4923 3434 4976 mirum
3454 4917 3473 4947 ³
3493 4913 3532 4968 si
3557 4898 3765 4993 secundum

2289 5032 2350 5074 se
2378 5019 2550 5088 ipsum
2579 5019 2765 5071 vivens
2784 5057 2799 5083 ,
2823 5031 2937 5069 cum
2965 5015 3187 5087 loquitur
3211 5010 3530 5071 mendacium.

2289 5082 2459 5180 quitur
2503 5106 2682 5178 (Joan.
2709 5082 2824 5172 vni,
2872 5105 2962 5175 44)
2981 5104 3008 5162 ’Ξ
3027 5082 3176 5176 quod
3198 5118 3382 5162 verum
3406 5097 3468 5154 de
3505 5094 3583 5150 illo
3623 5082 3763 5138 Velim

2289 5201 2456 5256 dixit.
3417 5244 3426 5249 .

2333 5291 2558 5348 CAPUT
2571 5290 2803 5347 V.—-12.
2821 5289 2938 5344 Non
2951 5289 3077 5359 ﬁdat
3094 5289 3156 5344 de
3174 5306 3226 5344 se
3246 5289 3332 5359 qui
3347 5283 3441 5340 vult
3457 5270 3622 5352 peccati
3635 5271 3760 5325 σοιιίν·

2291 5435 2322 5473 a
2352 5418 2518 5481 Verbo,
2547 5426 2641 5469 etc.
2659 5416 3229 5480 Genovcﬁeanuscodex,
3253 5411 3543 5468 nostrumest,
3563 5388 3761 5449 utcbnslut

2289 5483 2486 5541 veniret,
2511 5482 2750 5533 hominem
2771 5497 2804 5532 α
2818 5481 3001 5540 J~'erbo,
3022 5491 3115 5532 etc.
3355 5538 3364 5543 _
3408 5534 3418 5543 _

2357 5551 2370 5578 ¹
2398 5538 2501 5594 Sola
2527 5547 2673 5594 editio
2696 5553 2825 5594 l.ov.:
2850 5538 3020 5593 .ltltlittl
3044 5543 3182 5594 ltomo
3203 5538 3505 5606 opprobrium.
3609 5573 3754 5630 Mt“

2357 5611 2375 5630 ε
2399 5612 2469 5630 ιιι,
2493 5609 2666 5630 ι.,.ι..υ.ι
2697 5607 2870 5630 ,.ι;....,..ι
2895 5614 2981 5630 πμ...
3031 5613 3068 5630 ιι
3099 5614 3155 5630 υ..
3183 5621 3192 5630 .
3216 5605 3255 5630 M'
3272 5602 3374 5630 ’.πλη
3391 5599 3590 5630 cumras.

2357 5611 2470 5678 {sic
2493 5609 2675 5678 habent
2696 5607 2876 5676 aliquot.
2893 5613 3076 5678 Mss._At
3099 5614 3195 5654 Ern:
3213 5599 3376 5668 siquia
3391 5599 3590 5663 penem:

2291 5685 2358 5723 es.
2373 5676 2514 5727 'Lov.,
2538 5676 2579 5720 st
2603 5683 2834 5732 portorus,
2858 5676 3070 5718 inventus
3088 5682 3154 5732 es.

2387 5698 2514 5727 ιιυνη
2538 5698 2579 5720 oc
2603 5698 2674 5732 νςιι
2690 5698 2747 5718 ιω
2762 5698 2834 5726 uo,
2858 5698 3070 5718 uwcucuo
3088 5698 3154 5718 co.
3394 5721 3403 5731 .
3585 5701 3656 5750 Hd,
3703 5698 3750 5736 ω,

2358 5737 2376 5766 ³
2402 5743 2463 5783 tta
2491 5734 2655 5797 plures
2675 5738 2778 5778 Mss.
2799 5739 2852 5780 at
2875 5732 3009 5797 editi,
3045 5731 3166 5792 Quid
3183 5741 3295 5797 ergo
3313 5733 3454 5776 certus
3487 5729 3500 5766 :
3524 5717 3567 5760 ei
3583 5718 3610 5756 ιι
3637 5707 3692 5748 ιω

2294 5797 2361 5845 ira
2388 5795 2640 5854 t:t'o,.qtt0d
2669 5806 2856 5855 verum;
2876 5795 3075 5855 habent,
3101 5798 3226 5856 quod
3250 5795 3365 5844 vere.
