3882 6286
97 312 186 371 857

93 423 350 499 piscemiam
366 423 577 479 vincere.
601 420 875 479 Excusatio
902 430 1219 499 peccatorum
1241 423 1518 480 cohibenda
1547 442 1637 498 per

91 516 429 575 nam
474 514 853 571 Emmtioncx
892 516 947 570 in
991 518 1207 589 peccatis
1235 518 1462 573 diversae.
1512 518 1635 574 Fati

86 608 325 672 «essetin,
376 607 601 677 prtum
626 648 645 674 ,
675 604 887 675 diaboli;
916 606 1023 662 Dei
1040 621 1157 663 vero
1190 609 1353 679 ipsius
1380 626 1413 663 a
1461 609 1635 666 Μ’αηὶ-

85 699 227 754 clta-is.
250 696 378 753 Cum
404 712 535 773 ergo
556 697 705 754 audis
728 742 744 769 ,
782 697 1062 757 Peccatum
1079 699 1223 761 vobis
1249 717 1353 756 non
1396 702 1629 760 domina-

82 793 225 854 titur;
242 789 431 845 aulide
462 798 515 845 te
540 790 701 847 ﬁdere
718 831 735 857 ,
758 798 819 846 ut
848 799 1126 862 peccatum
1172 793 1271 848 tibi
1311 809 1420 851 non
1446 795 1628 853 domi-

80 891 236 946 netur;
259 880 351 936 sed
375 880 445 936 de
480 880 577 937 illo
616 881 709 937 cui
742 881 873 938 dicit
917 874 1081 939 orans
1117 884 1333 956 quidam
1363 894 1582 949 sanctus
1604 929 1620 958 ,

80 973 249 1026 Itinere
264 988 372 1025 mea
407 972 573 1043 dirige
596 974 875 1028 secundum
901 976 1109 1030 uerbum
1134 985 1297 1043 tuum,
1320 985 1369 1032 et
1393 994 1497 1033 non
1526 979 1623 1039 do-

78 1064 263 1117 minetur
284 1064 407 1119 mild
429 1065 598 1119 mnis
620 1064 861 1136 eum
889 1064 1059 1137 (Paul.
1089 1081 1275 1135 cxvm,
1329 1068 1482 1141 155).
1529 1067 1626 1131 Et-

75 1156 193 1211 enim
214 1169 274 1209 ne
309 1155 444 1210 forte
466 1196 481 1221 ,
512 1148 633 1211 cum
654 1157 1011 1227 audissemus,
1039 1157 1311 1214 Peccatum
1338 1161 1477 1216 vobis
1518 1177 1621 1217 non

74 1249 387 1313 conciditur,
430 1264 535 1305 nos
566 1249 713 1320 ipsos
755 1251 1163 1321 extolleremus,
1206 1261 1260 1309 et
1286 1253 1489 1310 viribus
1518 1269 1620 1311 no-

74 1342 286 1399 strisboc
325 1340 723 1412 uiuum-emus,
756 1343 936 1398 statim
980 1344 1085 1400 hoc
1119 1344 1254 1400 vidit
1292 1346 1580 1416 Apostolus
1601 1388 1616 1413 ,

75 1446 203 1505 atque
223 1433 468 1503 subjecit,
501 1432 627 1489 Non
654 1435 786 1490 enim
810 1435 933 1491 estis
947 1437 1039 1491 sub
1067 1436 1194 1509 tege,
1223 1438 1323 1493 sed‘
1341 1438 1430 1493 sub
1453 1439 1621 1510 gratia

80 1528 220 1597 (Rom.
236 1542 301 1593 vi,
325 1525 439 1597 14).
489 1525 673 1582 Gratia
718 1527 898 1600 itaque
941 1528 1069 1611 facit
1114 1539 1173 1586 ut
1214 1542 1493 1603 peccatum
1522 1534 1619 1591 tibi

76 1634 163 1673 non
182 1618 485 1675 dominetur.
516 1619 639 1675 Noli
666 1635 794 1692 ergo
821 1622 888 1677 de
919 1629 971 1678 te
996 1622 1178 1689 lldere,
1213 1641 1282 1683 ne
1309 1627 1477 1682 multo
1497 1643 1614 1682 am-

73 1711 183 1780 plius
204 1712 312 1766 inde
358 1710 455 1767 tibi
484 1712 815 1769 dominetur.
847 1713 1065 1770 Etcum
1106 1716 1352 1774 audimus
1372 1759 1388 1787 ,
1421 1717 1486 1774 Si
1509 1718 1616 1791 spi-

68 1803 148 1853 ritu
175 1802 372 1856 actiones
412 1804 589 1858 carnis
624 1806 1065 1875 mortiﬁcaveritis,
1114 1808 1322 1876 uinetis;
1360 1825 1467 1867 non
1512 1811 1614 1870 hoc

70 1902 232 1948 tantum
258 1892 447 1950 bonum
480 1896 695 1967 spiritui
723 1905 947 1966 nostro,
996 1899 1149 1969 quasi
1196 1915 1293 1971 per
1333 1915 1393 1959 se
1438 1903 1612 1973 ipsum

68 1987 198 2056 possit
212 1987 305 2042 ista
326 2029 341 2055 ,
373 1988 698 2044 tribuamus.
728 1989 863 2047 Nam
900 2005 969 2047 ne
996 1991 1157 2047 istum
1181 1994 1452 2050 carnalem
1484 2011 1610 2052 sen-

66 2093 157 2132 sum
170 2078 341 2147 spiritu
351 2090 569 2137 mortuo
597 2081 775 2151 potius
800 2097 959 2155 quam
981 2084 1337 2142 mortificante
1356 2087 1373 2119 ¹
1395 2101 1611 2163 sapere-

64 2186 181 2239 mus,
204 2172 333 2230 illico
365 2174 609 2242 addidit,
646 2176 902 2249 Quotquot
927 2180 1061 2236 enim
1084 2179 1287 2251 Spiritu
1326 2181 1423 2236 Dei
1446 2199 1609 2254 agun-

65 2272 143 2328 tur,
166 2264 210 2317 hi
228 2264 315 2333 ﬁlii
333 2274 447 2321 sunt
462 2264 565 2321 Dei
588 2266 700 2342 (Id.
724 2270 949 2339 vtn,15,
973 2271 1083 2342 14).
1114 2270 1296 2344 Itaque
1322 2283 1381 2331 ut
1418 2277 1609 2347 spiritu

66 2365 208 2412 nostro
231 2372 382 2430 opera
403 2362 589 2416 carnis
618 2363 1025 2434 mortificemus,
1048 2364 1248 2443 Spiritu
1275 2369 1368 2425 Dei
1396 2372 1608 2441 agimur

64 2448 130 2517 qui
149 2448 223 2504 dat
244 2451 623 2509 continentiam
644 2496 662 2521 ,
700 2470 803 2527 qua
832 2456 1125 2531 fronemus,
1148 2461 1449 2533 domemus,
1484 2465 1603 2523 vin-

63 2554 205 2596 camus
228 2546 739 2616 concupiscentiam.

115 2634 184 2689 l3.
207 2633 260 2691 In
279 2636 375 2692 hoc
404 2646 512 2693 tam
553 2655 749 2713 magno
777 2642 994 2712 prmlio,
1027 2644 1080 2700 in
1121 2661 1231 2721 quo
1266 2648 1398 2707 vivit
1440 2649 1603 2709 homo

61 2723 134 2777 sub
155 2728 330 2796 gratia,
358 2738 411 2786 et
438 2746 568 2785 cum
596 2731 733 2788 bene
761 2743 962 2805 pugnat
992 2735 1206 2807 adjutus
1229 2780 1244 2805 ,
1286 2741 1517 2800 exsultat
1546 2744 1600 2801 in

63 2814 241 2873 Domino
265 2835 379 2876 cum
404 2831 646 2880 tremore
666 2866 680 2893 ,
713 2840 821 2881 non
852 2825 1048 2884 desunt
1071 2838 1248 2889 tamen
1277 2833 1439 2891 etiam
1467 2844 1600 2895 stre-

62 2907 150 2962 nuis
169 2908 491 2974 bellatoribus
511 2957 531 2983 ,
570 2924 626 2971 et
650 2930 872 2987 operum
897 2921 1077 2977 earnis
1103 2925 1345 2993 quamvis
1385 2925 1601 2989 invictis

62 3000 468 3061 mortiﬁcatoribus
494 3049 511 3074 ,
568 3007 743 3080 aliqua
788 3009 1012 3066 vulnera
1067 3024 1436 3085 peccatorum,
1471 3033 1597 3089 pro-

62 3105 146 3163 pter
164 3113 265 3169 quae
291 3101 528 3157 sananda
549 3102 789 3173 quotidie
828 3106 1091 3165 veraciter
1116 3108 1338 3177 dicant,
1384 3111 1595 3173 Dimitte

60 3186 163 3240 nobis
190 3187 337 3243 debita
375 3201 555 3249 nostra
584 3192 795 3262 (Matth.
822 3210 898 3263 vr,
924 3194 1012 3268 12)
1040 3214 1054 3253 :
1080 3206 1267 3256 contra
1296 3201 1483 3258 eadem
1511 3204 1589 3259 vie

59 3275 197 3343 tia,et
233 3290 406 3339 contra
459 3285 740 3344 diabolum
774 3288 1073 3360 principem
1101 3307 1390 3364 regemque
1432 3296 1589 3353 vitio.

57 3384 166 3440 rum,
188 3375 335 3431 multo
356 3377 669 3449 vigilantius
693 3388 747 3435 et
773 3381 950 3439 acrius
980 3382 1096 3454 ipsa
1114 3385 1356 3442 oratione
1381 3396 1591 3445 certan-

59 3468 137 3525 tes,
162 3479 217 3519 ne
243 3467 444 3524 valeant
469 3469 675 3541 aliquid
705 3472 997 3529 mortiferae
1026 3477 1397 3549 suggestioncs
1432 3479 1593 3555 ejus,

56 3554 197 3621 quibus
219 3560 416 3632 instigat
444 3564 672 3635 insuper
692 3574 1030 3636 peceatorem
1062 3569 1129 3625 ad
1149 3584 1245 3627 sua
1275 3574 1581 3630 excusanda

59 3646 186 3710 Potius
202 3665 344 3723 quam
372 3656 676 3715 accusanda
704 3668 957 3729 peccata;
1003 3675 1068 3717 ac
1112 3663 1191 3719 sic
1236 3664 1329 3721 illa
1358 3667 1582 3724 vulnera

58 3747 131 3789 non
153 3742 285 3799 modo
306 3760 409 3803 non
437 3758 721 3817 sanentur,
754 3766 944 3809 verum
973 3752 1134 3810 etiam
1154 3795 1169 3822 ,
1200 3757 1301 3813 etsi
1331 3759 1579 3816 mortife-

58 3839 97 3878 ra
118 3844 199 3886 non
218 3846 356 3892 erant
377 3878 391 3903 ,
414 3839 659 3910 graviter
679 3849 733 3898 et
747 3841 1017 3901 lethaliter
1042 3844 1367 3919 inﬂigantur.
1402 3850 1472 3906 Et
1490 3850 1597 3908 hic.

54 3930 146 3990 ergo
165 3926 372 3983 cautiore
416 3944 560 4002 cpus
588 3940 675 3988 est
718 3934 1048 3993 continentia
1070 3979 1084 4005 ,
1119 3953 1223 4009 qua
1263 3940 1583 3999 cohibeatur.

53 4014 255 4079 superbus
290 4017 516 4079 hominis
547 4023 837 4096 appetitus,
871 4041 978 4099 quo
1004 4028 1178 4099 placet
1220 4031 1321 4088 sibi
1364 4041 1417 4089 et
1470 4050 1583 4093 non

52 4101 393 4178 rultculpabilis
431 4114 695 4182 inveniri,
725 4116 1151 4191 dedignaturque
1190 4136 1314 4180 cum
1349 4134 1571 4195 peccat,

51 4195 237 4255 convinci
261 4203 391 4272 quod
420 4205 540 4277 ipse
571 4210 903 4278 peccaverit;
948 4226 1056 4269 non
1107 4213 1308 4271 salubri
1355 4217 1571 4273 humili-

52 4290 131 4338 tate
148 4291 406 4363 suscipiens
430 4299 828 4356 accusationem
876 4301 997 4371 sui,
1041 4304 1139 4362 sed
1165 4309 1571 4367 excusationem

51 4377 182 4441 potius
210 4383 403 4442 ruinosa
431 4388 670 4450 elatione
704 4393 1049 4463 conquirens.
1079 4396 1164 4453 Ad
1196 4397 1337 4455 hanc
1374 4414 1569 4472 super-

53 4465 154 4559 biant
187 4482 510 4539 coercendam
534 4524 552 4552 ,
598 4485 982 4543 continentiam
1031 4490 1221 4559 petivit
1259 4508 1291 4548 a
1341 4494 1569 4553 Domino

55 4555 140 4628 ίιιε,
160 4566 287 4635 cujus
303 4574 540 4643 superius
568 4576 730 4633 verba
754 4577 867 4648 jam
917 4555 1071 4649 posui
1088 4623 1104 4648 ,
1134 4591 1191 4639 et
1215 4585 1354 4641 sicut
1379 4590 1524 4658 potui
1549 4631 1566 4657 ,

54 4658 363 4716 commendavi.
392 4663 632 4736 Namque
660 4681 783 4724 cum
828 4668 1068 4738 dixisset,
1118 4673 1282 4743 Pone,
1325 4677 1565 4750 Domine,

55 4742 268 4801 custodiam
289 4753 359 4807 ori
385 4771 515 4825 meo,
561 4766 609 4811 et
650 4759 836 4814 ostium
860 4764 1183 4821 continentia:
1210 4768 1398 4824 circum
1425 4771 1565 4828 labia

59 4844 163 4930 τηετις
184 4853 235 4893 ne
272 4842 478 4903 declines
528 4864 617 4904 cor
654 4866 832 4909 meum
865 4852 918 4907 in
943 4856 1092 4911 verba
1126 4858 1389 4930 maligna;
1415 4864 1567 4925 unde.

61 4917 132 5017 ξιοε
180 4928 352 4992 diceret
393 4938 691 4999 evidentius
744 4944 1051 5016 explicans,
1079 4950 1150 5004 ad
1209 4955 1562 5025 excusandas,

61 5008 212 5113 inlini“
235 5031 629 5117 mimum
651 5008 869 5103 Ρεοοαίῖδ
890 5008 1063 5108 (Paul.
1088 5056 1211 5110 exc,
1233 5044 1287 5110 '5,
1316 5008 1587 5117 4);

63 5104 164 5160 enim
181 5113 425 5188 malignius
464 5123 548 5180 his
576 5127 786 5197 verbis,
814 5131 1009 5202 quibus
1050 5136 1226 5193 malus
1263 5141 1465 5197 malum
1500 5157 1565 5199 se

62 5205 199 5265 "9891!,
238 5208 376 5265 etiam
414 5214 481 5270 de
508 5230 670 5286 opere
708 5220 851 5276 malo
879 5224 1154 5281 convictus
1180 5229 1322 5298 quod
1362 5246 1560 5303 negare

65 5292 697 5395 nonlvaleatlEtQuoniam
717 5309 916 5368 factum
948 5330 1055 5372 non
1105 5292 1281 5387 petest
1330 5292 1513 5394 tegere
1536 5369 1554 5395 ,

66 5385 134 5428 nec
151 5377 431 5450 benefactum
460 5406 633 5466 potest
669 5399 877 5472 dicere,
904 5412 960 5461 et
1001 5421 1031 5461 a
1181 5377 1558 5474 factumuvidei

69 5474 229 5577 Patere,
252 5484 419 5577 quaerit
441 5486 492 5543 in
517 5489 677 5545 alium
706 5493 909 5551 referre
947 5498 1091 5567 quod
1121 5499 1267 5570 fecit,
1300 5514 1548 5577 tanquam

70 5555 159 5612 We
170 5568 304 5631 possit
314 5577 511 5637 auferre
536 5584 675 5653 quod
696 5590 908 5648 meruit.
937 5590 1137 5657 Nolens
1159 5608 1218 5656 se
1234 5610 1354 5661 esse
1378 5555 1553 5673 reum,

117 5750 192 5805 ³⁵ῧο
205 5762 290 5816 κει.
311 5776 359 5821 At
372 5773 493 5839 editi,
519 5778 799 5844 tiviﬁcante.

1466 306 1672 366 LIBER
1708 310 1909 370 UNUS.

3220 348 3328 411 358

1744 427 1890 484 addit
1904 431 2079 501 potius
2090 434 2156 491 ad
2174 444 2398 509 reatum,
2412 448 2569 505 etsua
2586 452 2891 513 excusando
2904 471 3009 516 non
3022 467 3325 527 accusando

1739 532 1976 593 peccata,
1998 525 2203 599 ignorat
2216 547 2320 587 non
2341 549 2399 591 se
2414 552 2630 609 poenam
2648 558 2947 615 removere,
2974 554 3068 610 sed
3083 560 3311 619 veniam.

1738 611 1900 682 Apud
1942 615 2183 677 homines
2213 620 2355 681 enim
2376 626 2613 717 judices,
2634 638 2885 705 quoniam
2925 611 3030 700 l‘alli

1734 719 2064 807 quacumque
2078 714 2217 770 velut
2231 734 2459 790 purgare,
2470 714 2675 783 fallacia
2684 730 2823 800 quod
2839 714 3113 807 perperam
3128 714 3322 807 factum

1733 806 1848 866 est,
1878 801 2130 899 prodesse
2151 806 2352 899 aliquid
2378 813 2586 875 videtur
2613 818 2682 874 ad
2717 801 2962 894 tempus}
2986 831 3125 899 apud
3148 801 3314 893 Deum

1732 896 1944 986 autem,
1967 893 2057 963 qui
2078 893 2182 951 falli
2208 914 2314 955 non
2338 911 2557 974 potest,
2578 923 2686 969 non
2714 921 2797 968 est
2825 893 3126 980 adhibenda
3155 923 3315 986 fallax

1730 976 1989 1050 defensio,
2018 986 2111 1042 sed
2138 1003 2295 1048 verax
2322 996 2585 1059 confessio
2606 1015 2975 1074 peccatorum.

1801 1072 1890 1131 14.
1922 1073 1990 1135 Et
2012 1078 2100 1175 alii
2121 1083 2337 1151 quidem
2373 1090 2465 1160 qui
2505 1072 3041 1169 sua'conSueverunt
3058 1125 3313 1175 excusare

1728 1174 1967 1234 peccata,
2008 1168 2114 1277 fato
2153 1186 2212 1228 se
2249 1175 2317 1231 ad
2368 1183 2695 1248 peccandum
2734 1168 3033 1262 queruntur
3074 1168 3311 1277 impelli:

1728 1256 1976 1360 tanquam
2008 1259 2109 1316 hoc
2138 1262 2664 1333 decreverintsidera
2685 1319 2701 1346 ,
2734 1256 2787 1337 et
2810 1286 3006 1345 etclam
3035 1256 3308 1360 prius

1724 1340 1794 1399 lia
1819 1347 2153 1409 decernendo
2176 1365 2496 1433 peccaverit,
2519 1376 2576 1423 ut
2605 1368 2769 1430 homo.
2804 1387 2987 1446 postea
3010 1340 3137 1440 tglia
3159 1340 3307 1446 con;-

1724 1437 1983 1497 mittend'o
2013 1459 2272 1514 peccaret.
2297 1452 2398 1508 Alii
2418 1454 2643 1517 fortuna:
2660 1437 3141 1542 maluittimputare

1722 1538 1947 1596 peccant
1973 1537 2103 1605 :‘qui
2125 1541 2305 1597 omnia
2335 1543 2563 1609 fortuitis
2608 1554 2818 1613 casibus
2847 1537 3036 1632 agitari
3074 1537 3300 1643 putant;

1721 1634 1821 1676 nec
1852 1630 2028 1725 tamen
2064 1627 2165 1684 hoc
2206 1645 2264 1687 se
2307 1634 2519 1695 fortuita
2565 1627 2906 1720 temeritate,
2955 1657 3049 1713 sed
3074 1627 3305 1735 perspe:

1718 1719 1805 1821 ﬁta
1833 1716 2038 1772 ratione
2067 1734 2254 1792 sapere
2279 1736 2439 1798 atque
2468 1744 2777 1793 asseverare
2793 1716 3138 1804 contendunt.
3163 1716 3304 1821 Qua,-

1718 1801 1784 1858 lis
1808 1818 1935 1879 ergo
1959 1807 2227 1869 dementia
2253 1827 2368 1885 est,
2392 1819 2778 1891 disputationes
2811 1847 2935 1891 suas
2968 1801 3303 1902 ratioai‘tri-

1716 1895 1880 1953 buere
1899 1940 1915 1966 ,
1945 1904 2256 1963 electiones
2284 1924 2407 1968 suas
2433 1916 2643 1977 casibus
2668 1921 3109 1996 subjugare?Alii
3131 1945 3299 2001 totum

1715 1987 1857 2055 quod
1881 1993 2022 2047 male
2048 1992 2266 2067 faciunt,
2304 2000 2357 2056 in
2388 2002 2659 2070 diabolum
2685 1987 2924 2074 referunt
2954 1987 3302 2087 meo—volun“;

1714 2092 1845 2135 cum
1867 2081 1959 2139 illo
1989 2084 2187 2145 habere
2228 2092 2310 2148 vel
2342 2105 2583 2169 partem,
2613 2106 2914 2166 camillum
2944 2114 3045 2172 sibi
3070 2081 3294 2187 secant;

1713 2177 2139 2246 suggestionibus
2181 2186 2320 2241 mala
2370 2192 2614 2253 suasisse,-
2658 2201 2920 2270 suspicari
2957 2211 3197 2280 possint,
3239 2177 3299 2278 se

1710 2273 1887 2320 autem
1945 2268 2053 2326 illis
2088 2277 2565 2374 vsuggestionibus,
2627 2268 2998 2368 undecumque
3061 2268 3294 2374 fuerint,

1710 2358 2046 2417 consensisse
2070 2358 2315 2424 dubitare
2344 2386 2447 2427 non
2479 2375 2702 2444 possint.
2734 2378 2868 2440 Sunt
2892 2358 3050 2445 etiam
3085 2395 3177 2463 qui
3195 2358 3296 2455 ex;

1710 2450 2037 2507 cusationem
2068 2471 2218 2511 suam
2239 2463 2533 2525 extendunt
2562 2467 2614 2523 in
2634 2477 3027 2535 accusationem
3054 2450 3185 2549 Dei,
3209 2489 3294 2545 di-

1708 2539 1835 2644 vino
1872 2541 2074 2611 judicio
2125 2549 2341 2617 miseri,
2397 2568 2495 2613 suo
2535 2568 2720 2625 autem.
2755 2564 2935 2626 furore
2974 2539 3293 2644 blasphemi.

1707 2626 1917 2686 Etenim
1947 2633 2203 2692 adversus
2222 2655 2343 2701 eum
2373 2659 2438 2700 ex
2468 2652 2735 2711 contrario
2752 2658 3010 2730 principio
3033 2626 3291 2728 inducunt

1705 2722 1831 2777 mali
1860 2725 2211 2785 substantiam
2246 2733 2594 2797 rebellantem
2614 2782 2631 2808 ,
2667 2722 2881 2805 cuinon
2912 2722 3288 2822 potuisset;

1704 2812 1915 2881 sistere,
1944 2819 2046 2873 nisi
2068 2820 2377 2881 substantiae
2399 2837 2711 2904 naturaeque
2739 2851 2849 2894 suae
2872 2812 3077 2912 partem
3105 2812 3283 2917 eidem

1702 2906 1983 2965 rebellanti
2049 2917 2515 2977 contaminandam
2567 2906 3122 3011 corrmnpendamque

1700 3001 1930 3060 scuisset
1961 3021 1974 3057 :
2008 3012 2063 3059 et
2089 3014 2214 3063 tunc
2251 3023 2310 3065 se
2338 3026 2562 3082 peccare
2591 3001 2811 3091 dicunt,
2858 3001 3069 3096 quando
3099 3001 3289 3097 natura

1698 3092 1829 3147 mali
1853 3097 2108 3163 praevalet
2132 3110 2335 3163 natura:
2364 3102 2479 3161 Dei.
2500 3106 2625 3165 Haec
2644 3092 3059 3179 Mauicltzeorum
3084 3134 3164 3185 est
3184 3092 3285 3185 itu.

1697 3184 2047 3245 mundissima
2086 3190 2323 3261 insania,
2367 3211 2591 3266 quorum
2640 3204 3066 3269 machinamenta
3096 3216 3285 3275 diabo-

1695 3273 1797 3331 lica
1823 3276 2071 3334 facillime
2096 3282 2292 3340 veritas
2333 3284 2632 3347 indubitata
2679 3294 2973 3369 subvertit,
3024 3321 3141 3376 qua:
3188 3273 3289 3377 Dei

1692 3373 1939 3422 naturam
2000 3371 2525 3435 incontaminabilem
2596 3391 2757 3457 atque
2825 3371 3288 3466 ittcorruptibilcm

1692 3460 1993 3517 confitetur.
2023 3463 2167 3533 Quid
2190 3476 2365 3525 autem
2405 3469 2681 3545 flagitiosae
2720 3460 3187 3548 contamittatiortis
3229 3505 3287 3555 ct

1689 3556 2048 3626 corruptionis
2076 3558 2145 3616 de
2174 3560 2290 3617 istis
2320 3564 2511 3621 merito
2556 3582 2664 3625 non
2704 3573 2963 3641 creditur,
3009 3595 3059 3634 a-
3089 3585 3287 3655 quibus

1688 3644 1860 3715 Deus,
1892 3648 1983 3721 qui
2009 3664 2217 3708 summe
2253 3661 2412 3726 atque
2436 3657 2926 3732 incomparabiliter
2958 3644 3131 3731 bonus
3166 3685 3283 3746 est,

1686 3742 2112 3800 contaminabilis
2138 3754 2191 3801 et
2217 3751 2577 3821 corruptibilis
2606 3756 2884 3816 creditur?

1756 3827 1982 3889 CAPUT
2010 3833 2095 3889 Vl.
2122 3867 2194 3877 —
2221 3837 2307 3894 15.
2340 3839 2531 3897 Contra
2555 3847 2683 3905 alios
2710 3850 2798 3919 qui
2821 3860 2877 3906 ut
2912 3870 2964 3908 se
2997 3871 3265 3929 excusent,

1684 3920 1858 3977 dicunt
1880 3925 2077 3995 placere
2104 3926 2213 3983 Deo
2235 3942 2461 4001 peccata.
2484 3933 2621 3991 Deus
2643 3947 2689 3991 et
2711 3940 2774 3994 de
2799 3943 2948 3999 malis
2972 3949 3094 4017 facit
3122 3920 3273 4007 bona:

1683 4008 1855 4068 Homo
1878 4032 1993 4069 cum
2032 4028 2275 4089 potestate
2316 4026 2560 4094 peccandi
2594 4031 2788 4098 factus,
2831 4050 2924 4104 pro
2949 4008 3158 4105 praemio
3185 4059 3275 4098 ac-

1681 4115 1920 4177 cepturus
1957 4127 2057 4164 non
2086 4129 2235 4183 posse
2274 4131 2502 4186 peccare.
2532 4117 2669 4175 Sunt
2706 4132 2761 4179 et
2801 4127 2891 4197 qui
2923 4144 2988 4184 co
3032 4134 3193 4189 modo
3219 4138 3273 4192 in

1679 4201 2022 4256 excusatione
2042 4216 2381 4273 peccatorum
2401 4224 2616 4266 suorum
2634 4227 2889 4273 accusant
2905 4220 3095 4291 Deum,
3114 4236 3171 4284 ut
3192 4228 3271 4284 di-

1678 4294 1871 4348 cantei
1895 4294 2111 4363 placere
2135 4309 2370 4367 peccata.
2395 4300 2526 4357 Nam
2550 4306 2596 4360 si
2624 4307 2985 4385 displicerent,
3005 4317 3267 4390 inquiunt,

1676 4385 1823 4442 nullo
1878 4386 2037 4444 modo
2094 4400 2156 4445 ca
2208 4391 2321 4448 ﬁeri
2378 4397 2894 4470 omnipotentissima
2946 4385 3126 4481 utique
3171 4385 3269 4485 p0;-

1677 4484 1870 4535 testate
1891 4482 2239 4550 permitteret.
2259 4485 2421 4554 Quasi
2443 4503 2571 4546 vero
2594 4504 2808 4563 peccata
2833 4496 2975 4559 Deus
3001 4482 3262 4575 impunita

1676 4585 1797 4627 esse
1823 4573 2155 4643 penulscrit,
2186 4577 2344 4633 etiam
2368 4579 2420 4635 in
2448 4582 2527 4637 eis
2555 4599 2689 4654 quos
2714 4602 2744 4641 a
2775 4591 3039 4661 supplicio
3070 4573 3268 4671 sempi-

1676 4670 1829 4719 ιω·ηο
1859 4665 2176 4724 remissione
2222 4669 2415 4728 liberat
2454 4685 2816 4743 peccatorum.
2860 4681 3041 4740 Nullus
3071 4665 3268 4767 quippe

1673 4756 1868 4813 debita:
1893 4760 2154 4829 gravioris
2181 4776 2355 4833 ptena:
2393 4765 2587 4838 accipit
2615 4771 2827 4825 veniam
2849 4815 2863 4839 ,
2894 4777 2993 4831 nisi
3023 4756 3263 4849 qualern-

1673 4862 1903 4922 cumque
1922 4894 1935 4919 ,
1962 4851 2063 4908 etsi
2091 4852 2249 4925 longe
2270 4857 2532 4913 minorem
2564 4875 2723 4930 quam
2755 4863 3014 4937 debebat,
3044 4874 3267 4934 solverit

1672 4958 1886 5013 poenam
1914 4964 1928 5000 :
1952 4956 2108 5017 atque
2149 4948 2219 5003 ita
2267 4950 2568 5022 impartitnr
2599 4954 2815 5027 largitas
2841 4961 3260 5039 misericordiae,

1670 5042 1731 5092 ut
1757 5051 1865 5093 non
1904 5039 2236 5110 relinquatilr
2265 5042 2423 5099 etiam
2464 5043 2671 5116 j'ustitia
2700 5048 3015 5122 disciplinre.
3047 5057 3180 5117 Nam
3209 5071 3265 5120 et

1670 5138 1943 5202 peccatum
1973 5132 2115 5203 quod
2156 5134 2378 5191 inultum
2421 5137 2650 5209 videtur,
2680 5142 2842 5200 habet
2880 5150 3254 5226 pcdissequaut

1668 5235 1881 5291 pmnam
1912 5230 2061 5278 suam
2082 5265 2095 5291 ,
2124 5233 2183 5281 ut
2208 5242 2367 5285 nemo
2397 5227 2465 5286 de
2491 5230 2728 5299 admisso
2752 5236 2857 5299 nisi
2878 5250 2969 5296 aut
2997 5248 3257 5303 amaritu-

1666 5312 1794 5369 dine
1832 5313 2047 5383 doleat,
2077 5325 2167 5373 aut
2206 5321 2444 5378 caecitate
2485 5339 2594 5380 non
2632 5325 2830 5384 doleat.
2872 5330 3019 5389 Sicut
3044 5350 3171 5407 ergo
3204 5348 3257 5395 tu

1666 5406 1803 5463 dicis
1822 5449 1838 5475 ,
1867 5408 1973 5465 Cur
2002 5412 2259 5482 permittit
2287 5414 2385 5471 ista
2408 5459 2423 5484 ,
2453 5417 2497 5473 si
2525 5414 2845 5492 displicent?
2876 5426 2947 5481 ita
2977 5442 3076 5498 ego
3098 5406 3252 5499 dico,

1666 5499 1773 5557 Cur
1802 5503 1950 5570 pnnit
1974 5504 2071 5561 ista
2090 5546 2103 5571 ,
2132 5506 2176 5561 si
2204 5506 2455 5579 placent?
2486 5512 2562 5567 Ac
2592 5529 2687 5583 per
2708 5515 2809 5572 hoc
2838 5518 2976 5574 sicut
3002 5536 3101 5592 ego
3120 5539 3255 5579 con-

1667 5595 1824 5650 ﬁteor
1847 5597 1987 5667 quod
2013 5600 2231 5657 omnino
2259 5602 2359 5659 ista
2385 5618 2492 5659 non
2522 5604 2711 5663 fierent
2732 5648 2745 5671 ,
2776 5610 2878 5663 nisi
2909 5609 2977 5669 ab
2999 5598 3256 5685 omnipow

1665 5696 1813 5743 tentc
1857 5690 2327 5759 permitterentur;
2362 5694 2433 5748 ita
2483 5703 2536 5749 tu
2582 5697 2834 5753 conﬁtere
2866 5698 3104 5760 facienda
3147 5722 3253 5764 non

1669 5797 1787 5837 esse
1818 5798 1935 5852 quzc
1976 5799 2005 5837 a
2045 5784 2190 5854 justo
2237 5786 2641 5859 punianturmt
2689 5804 2796 5845 non
2844 5789 3088 5853 faciendo
3136 5814 3255 5869 quae
