3882 6286
591 355 695 416 359

589 471 772 547 punit,
802 480 1106 525 mereamur
1141 465 1210 522 ab
1254 479 1321 523 eo
1363 464 1573 522 discere
1612 480 1710 522 cur
1753 465 2016 537 permittit
2057 479 2178 520 esse

591 581 711 639 quae
733 562 931 634 puniat.
959 560 1305 632 Perfectorum
1325 568 1396 614 est
1418 558 1560 614 enim
1579 599 1595 626 ,
1620 558 1758 613 sicut
1781 557 2035 627 scriptum
2065 565 2146 610 est
2167 597 2182 622 ,

592 655 788 714 sclidus
812 653 949 708 cibus
971 650 1154 721 (Hebr.
1187 667 1240 718 v,
1268 649 1358 720 14)
1385 667 1399 704 ε
1429 649 1485 705 in
1509 663 1616 720 quo
1641 648 1696 703 hi
1726 648 1817 719 qui
1846 649 1983 703 bene
2009 645 2185 717 profc-

594 758 784 804 cerunt
805 788 820 812 ,
845 746 956 817 jam
986 743 1288 814 intelligunt
1311 741 1380 797 ad
1411 741 1854 811 omnipotentiam
1879 739 1977 795 Dei
2009 739 2184 809 potius

522 842 535 907 ‘,
595 838 651 895 id
681 837 1031 909 pertinuisse,
1061 842 1121 889 ut
1160 849 1227 889 ex
1272 832 1439 888 libero
1483 831 1705 887 arbitrio
1748 829 2037 886 voluntatis
2089 844 2186 887 ve-

597 930 794 988 nientia
825 927 962 983 mala
993 940 1113 981 esse
1133 925 1481 995 permitteret.
1506 923 1674 979 Tanta
1695 922 1891 994 quippe
1922 923 1940 955 ⁸
1963 931 2046 979 est
2069 937 2185 978 om-

533 1023 538 1026 ’
599 1022 846 1091 nipotens
871 1017 985 1088 ejus
1008 1016 1236 1080 bonitas,
1263 1024 1326 1070 ut
1345 1015 1508 1070 etiam
1536 1013 1605 1069 de
1627 1013 1784 1090 malis
1813 1012 1983 1084 possit
2003 1011 2183 1068 facere

598 1113 739 1170 bona
757 1155 771 1179 ,
795 1112 908 1166 sive
935 1106 1258 1180 ignoscendo
1279 1148 1295 1173 ,
1323 1106 1436 1162 sive
1455 1105 1696 1162 sanando
1713 1146 1728 1172 ,
1759 1104 1873 1161 sive
1892 1103 1959 1160 ad
1979 1103 2181 1158 utilita-

599 1214 683 1261 tes
727 1204 934 1274 piorum
979 1199 1278 1271 coaptando
1323 1209 1485 1270 atque
1528 1198 1817 1266 vertendo,
1859 1198 1975 1254 sive
2020 1197 2182 1252 etiam

595 1293 890 1366 justissime
920 1291 1259 1347 vindicando.
1283 1289 1473 1346 Omnia
1497 1305 1728 1361 namque
1753 1289 1852 1343 ista
1877 1287 2014 1344 bona
2035 1295 2179 1356 sunt,

599 1398 654 1444 et
682 1388 791 1442 Deo
818 1386 959 1440 bono
1002 1393 1161 1456 atque
1189 1384 1553 1455 omnipotente
1581 1382 1893 1452 dignissima
1924 1398 1939 1435 :
1972 1395 2070 1436 nec
2102 1389 2183 1435 ta-

597 1493 720 1534 men
766 1477 900 1531 liunt
941 1477 1044 1531 nisi
1089 1475 1157 1531 de
1198 1475 1373 1530 malis.
1414 1473 1550 1543 Quid
1596 1473 1756 1544 igitur
1797 1471 2023 1538 melius,
2055 1470 2184 1542 quid

594 1569 1014 1640 omnipotentius
1059 1581 1125 1622 eo
1172 1566 1265 1636 qui
1309 1580 1433 1621 cum
1480 1565 1606 1620 mali
1648 1564 1780 1619 nihil
1827 1563 2018 1631 faciat,
2048 1562 2185 1618 bene

595 1663 759 1718 etiam
785 1660 852 1716 de
876 1660 1030 1715 malis
1057 1658 1220 1715 facit?
1248 1657 1492 1715 Clamant
1517 1657 1585 1712 ad
1609 1672 1734 1713 eum
1754 1656 1845 1727 qui
1872 1657 2012 1713 male
2041 1654 2184 1712 fece-

595 1763 750 1820 runt,
780 1753 989 1808 Dimitte
1029 1753 1171 1808 nobis
1215 1751 1382 1806 debita
1426 1759 1594 1806 nostra
1645 1749 1858 1822 (Matth.
1909 1766 1994 1816 vi,
2040 1749 2127 1819 ιε)
2165 1765 2179 1803 z

598 1844 848 1912 exaudit,
877 1843 1122 1916 ignoscit.
1153 1841 1460 1898 Nocuerunt
1497 1856 1594 1897 sua
1621 1841 1762 1896 mala
1800 1841 2180 1912 peccantibus:

596 1937 848 1995 subvenit
901 1951 1087 1993 eorum
1138 1934 1486 2004 medeturque
1533 1933 1894 2004 languoribus.
1947 1933 2185 1990 Szeviunt

598 2042 818 2084 suorum
859 2027 1042 2083 hostes
1073 2043 1087 2081 :
1117 2024 1186 2082 de
1229 2025 1444 2081 illorum
1491 2025 1695 2081 saevitia
1734 2023 1861 2080 facit
1898 2035 2181 2099 martyres.

598 2119 878 2175 Postremo
904 2121 1062 2173 etiam
1092 2116 1415 2173 condemnat
1441 2131 1536 2172 eos
1561 2130 1696 2187 quos
1729 2115 2070 2172 damnatione
2091 2116 2183 2188 ju-

596 2210 942 2280 dicatdignos
964 2225 978 2262 :
997 2223 1093 2264 sua
1120 2208 1243 2263 licet
1269 2207 1346 2262 illi
1375 2206 1512 2262 mala
1537 2207 1826 2278 patiantur,
1852 2206 1978 2262 facit
2006 2216 2185 2264 tamen

597 2302 690 2359 ille
714 2301 856 2374 quod
887 2301 1086 2356 bonum
1124 2308 1228 2356 est.
1269 2299 1385 2355 Non
1427 2305 1600 2370 potest
1644 2299 1784 2354 enim
1828 2299 2027 2355 bonum
2071 2314 2182 2356 non

597 2408 750 2459 esse,
781 2391 925 2464 quod
949 2393 1150 2463 justum
1179 2399 1262 2446 est
1289 2408 1303 2444 :
1327 2399 1383 2446 et
1426 2391 1606 2460 utique
1644 2391 1784 2447 sicut
1811 2391 2077 2462 ’injustum
2102 2399 2186 2448 est

598 2496 876 2558 peccatum
896 2527 911 2552 ,
943 2485 1016 2540 ita
1043 2485 1245 2556 justum
1267 2492 1350 2540 est
1377 2483 1584 2555 peccati
1609 2484 1950 2554 supplicium.

671 2579 759 2634 16.
801 2577 916 2632 Non
940 2585 1117 2632 autem
1163 2583 1406 2646 potestas
1435 2575 1545 2630 Deo
1586 2574 1788 2640 deluit,
1816 2575 1978 2630 talem
2006 2573 2183 2632 facere

595 2669 868 2726 hominem
911 2670 1002 2740 qui
1047 2683 1272 2740 peccare
1317 2683 1424 2723 non
1469 2666 1804 2738 possetzsed
1846 2667 2033 2722 maluit
2057 2682 2181 2724 eum

595 2764 755 2820 talem
785 2762 996 2830 facere,
1027 2762 1113 2817 cui
1156 2760 1429 2832 adjaceret
1473 2775 1730 2831 peccare,
1758 2760 1804 2816 si
1846 2760 2040 2828 vellet;
2073 2775 2182 2816 non

595 2870 848 2927 peccare,
877 2855 921 2910 si
947 2854 1112 2909 nollet
1138 2869 1151 2908 :
1176 2853 1280 2909 hoc
1308 2851 1600 2923 prohibens
1618 2893 1634 2920 ,
1665 2852 1792 2908 illud
1823 2853 2138 2925 praecipiens
2163 2871 2179 2910 :

593 2957 655 3004 ut
684 2947 829 3018 prius
857 2945 934 3001 illi
963 2953 1108 3002 esset
1149 2944 1352 2999 bonum
1396 2944 1645 2998 meritum
1689 2960 1796 3000 non
1835 2959 2096 3014 peccare,
2125 2954 2182 3002 ct

593 3049 780 3110 postea
817 3039 1021 3108 justum
1064 3037 1343 3108 praemium
1390 3051 1499 3092 non
1547 3051 1708 3107 posse
1751 3050 1996 3107 peccare.
2048 3037 2183 3096 Nam

591 3133 754 3190 etiam
784 3131 918 3187 tales
941 3139 1155 3185 sanctos
1179 3143 1305 3184 suos
1333 3128 1389 3184 in
1415 3127 1520 3183 fine
1551 3127 1788 3184 facturus
1811 3136 1923 3197 est,
1953 3131 2046 3201 qui
2067 3145 2184 3187 om-

593 3226 722 3282 nino
744 3238 968 3297 peccare
995 3237 1101 3278 non
1142 3221 1366 3292 possint.
1399 3219 1556 3276 Tales
1594 3219 1756 3276 habet
1796 3221 1990 3292 quippe
2019 3223 2182 3279 etiam

592 3332 737 3374 nunc
777 3315 1009 3385 Angelos
1036 3328 1162 3370 suos
1182 3353 1197 3379 ,
1229 3326 1364 3382 quos
1391 3311 1445 3367 in
1475 3311 1566 3366 illo
1592 3311 1670 3366 sic
1709 3326 1948 3368 amamus
1967 3353 1982 3380 ,
2010 3322 2070 3368 ut
2111 3313 2180 3371 dc

591 3410 742 3465 nullo
766 3423 952 3464 eorum
997 3421 1064 3462 ne
1092 3405 1365 3476 peccando
1395 3405 1487 3460 ﬁat
1526 3403 1770 3461 diabolus
1808 3405 2175 3464 formidemus.

593 3500 748 3570 Quod
773 3499 841 3556 de
870 3499 1083 3555 nemine
1107 3498 1325 3554 homine
1346 3498 1492 3569 justo
1519 3497 1571 3553 in
1601 3497 1759 3568 hujus
1786 3500 1908 3555 vita:
1935 3501 2178 3556 mortali-

591 3601 702 3649 tate
725 3591 1118 3664 prwsumimus.
1141 3589 1300 3646 Tales
1323 3600 1500 3645 autem
1522 3605 1712 3647 omnes
1733 3592 1936 3647 futuros
1962 3593 2016 3649 in
2037 3594 2177 3652 illius

590 3685 714 3740 vine
768 3681 1181 3738 immortalitate
1227 3681 1564 3737 conﬁdimus.
1622 3681 1972 3753 Omnipotens
2033 3686 2178 3742 enim

591 3776 735 3832 Deus
758 3774 847 3846 qui
878 3781 1129 3842 operatur
1157 3772 1293 3829 bona
1322 3773 1484 3828 etiam
1505 3771 1574 3828 de
1599 3774 1797 3830 nostris
1822 3774 1976 3830 malis
1997 3815 2012 3840 ,
2041 3791 2178 3845 qua-

590 3866 662 3922 lia
701 3865 846 3922 dabit
889 3865 1064 3929 bona,
1095 3878 1217 3918 cum
1262 3863 1569 3919 liberaverit
1596 3865 1664 3920 ab
1706 3865 1953 3921 omnibus
1981 3866 2178 3923 malis?

591 3958 756 4016 Multa
783 3957 852 4014 de
879 3957 1026 4013 bono
1047 3972 1147 4012 usu
1168 3956 1293 4011 mali
1320 3957 1587 4028 copiosius
1610 3967 1834 4028 possunt
1852 3967 1907 4014 et
1927 3959 2174 4016 subtilius

589 4048 846 4121 disputari
876 4048 1007 4104 :sed
1036 4063 1210 4118 neque
1249 4047 1350 4104 hoc
1393 4048 1495 4104 isto
1524 4064 1773 4107 sermone
1807 4051 2174 4123 suscepimus,

588 4151 645 4197 et
668 4140 784 4211 ejus
809 4139 967 4196 nimia
994 4138 1209 4195 vitanda
1235 4146 1318 4195 est
1344 4138 1640 4210 longitudo.

658 4254 885 4312 CAPUT
916 4254 1029 4309 νη.
1059 4285 1130 4296 —-
1173 4256 1263 4310 1⁸1.
1310 4254 1644 4312 ϐοηιὶηεηιίω
1683 4266 1729 4313 et
1762 4259 1980 4330 justitia:
2012 4260 2175 4331 ofﬁcia

589 4347 779 4420 pariter
816 4345 1024 4400 tendunt
1050 4343 1118 4397 ad
1155 4361 1352 4414 pacem.
1380 4342 1568 4400 Contra
1596 4345 1999 4403 Manicliworum
2030 4351 2175 4405 insa-

586 4441 728 4495 niam
755 4437 819 4491 de
849 4435 1045 4490 duabus
1072 4435 1269 4489 naturis
1307 4435 1438 4489 inter
1465 4452 1517 4490 se
1541 4437 1944 4508 conﬂigentibus.
1971 4439 2176 4496 Bellum

585 4532 750 4587 inesse
785 4529 840 4583 in
882 4527 1083 4582 homine
1125 4542 1188 4581 ea:
1223 4527 1468 4598 languore
1507 4543 1596 4599 per
1630 4530 1836 4597 culpam
1877 4540 2134 4588 contracto
2155 4577 2171 4603 ,

589 4637 766 4694 pacem
789 4628 967 4674 sanato
988 4619 1234 4690 languore
1273 4621 1501 4690 futuram
1529 4634 1654 4672 esse.
1678 4617 1829 4674 Nunc
1851 4635 1980 4692 ergo
2008 4623 2078 4678 ad
2106 4625 2173 4680 ll-

587 4714 680 4772 lud
703 4755 719 4784 ,
753 4722 966 4784 propter
1005 4711 1149 4782 quod
1187 4711 1421 4767 diximus
1465 4711 1564 4766 iSta
1585 4752 1600 4778 ,
1633 4710 1940 4770 redeamus.
1985 4714 2172 4772 Conti-

586 4807 766 4865 nentia
787 4807 940 4862 nobis
957 4821 1090 4876 opus
1110 4814 1211 4872 est,
1229 4813 1284 4861 et
1306 4819 1424 4861 eam
1451 4805 1688 4861 divinum
1715 4821 1836 4862 esse
1862 4822 2056 4866 munus
2075 4824 2172 4867 co-

584 4899 891 4972 gnoscimus
909 4937 924 4962 ,
957 4912 1025 4954 ne
1063 4898 1361 4954 declinetur
1388 4913 1482 4954 cor
1507 4907 1748 4954 nostrum
1777 4899 1832 4954 in
1868 4901 2030 4957 verba
2059 4917 2174 4958 ma-

585 4994 731 5064 ligna
774 4988 842 5044 ad
885 4988 1216 5044 excusandas
1260 4989 1636 5045 excusationes
1678 4989 1734 5046 in
1775 4994 2028 5061 peccatis.
2073 4993 2172 5051 Cui

583 5091 762 5138 autem
792 5087 1010 5150 peccato
1038 5079 1336 5136 cohibendo
1378 5094 1486 5135 non
1526 5079 1783 5138 habemus
1811 5087 2170 5143 necessariam

583 5172 1001 5239 continentiam,
1031 5187 1100 5227 ne
1143 5171 1525 5237 committatur,
1566 5172 1778 5243 quando
1826 5184 1881 5231 et
1925 5175 2028 5233 hoc
2055 5178 2169 5249 ipsa

581 5263 829 5331 cohibet,
852 5277 920 5318 nc
941 5262 1288 5318 commissum
1310 5261 1354 5318 si
1384 5261 1546 5318 fuerit
1567 5263 1770 5319 nefaria
1797 5267 2044 5336 superbia
2075 5268 2170 5325 de-

585 5355 870 5414 fendatur?
894 5353 1281 5411 Universaliter
1309 5369 1438 5424 ergo
1483 5354 1812 5410 continentia
1852 5356 2007 5414 nobis
2033 5373 2168 5430 opus

581 5458 685 5515 est,
712 5455 772 5503 ut
790 5446 1118 5502 declinemus
1136 5460 1164 5499 a
1185 5445 1346 5501 malo.
1364 5443 1434 5501 Ut
1460 5453 1639 5500 autem
1664 5444 1924 5503 faciamus
1945 5449 2164 5521 bonum,

584 5540 652 5595 ad
683 5537 838 5594 aliam
869 5537 1078 5594 videtur
1103 5537 1373 5604 virtutem,
1399 5535 1502 5592 hoc
1529 5548 1639 5605 est,
1670 5537 1738 5593 ad
1762 5539 2021 5609 justitiam
2045 5559 2168 5615 per-

586 5634 778 5688 tinere.
825 5629 939 5685 Hoc
983 5644 1084 5686 nos
1131 5627 1384 5686 admonet
1429 5643 1580 5686 sacer
1607 5631 1880 5699 Psalmus,
1911 5634 2001 5690 ubi
2032 5636 2166 5708 legi-

590 5737 708 5781 mus
738 5741 752 5778 :
779 5722 986 5777 Declina
1010 5739 1044 5777 a
1071 5721 1207 5776 malo
1227 5761 1244 5790 ,
1285 5731 1330 5778 et
1369 5723 1451 5796 {ac
1477 5727 1680 5780 bonum.
1709 5725 1826 5795 Quo
1851 5735 2031 5788 autem
2057 5729 2163 5789 ﬁne

652 5835 672 5868 ⁸
696 5843 783 5888 Uss
806 5871 821 5898 ,
843 5843 941 5888 tam
962 5835 1154 5903 quippe.

1658 351 1748 408 DE
1785 349 2267 423 CONTINENTIA,
2309 352 2370 408 S.
2412 353 2786 412 AUGUSTINI
3728 379 3798 436 360

2293 465 2392 518 ista
2435 463 2720 534 faciamus,
2752 481 2894 560 mox;
2921 468 3160 540 addidit,
3189 472 3374 532 dicens
3400 492 3415 532 :
3445 478 3616 546 Quam
3636 501 3792 560 pacem,

2289 563 2336 608 et
2365 570 2568 625 sequere
2603 573 2714 611 eam
2745 556 2913 628 (Psal.
2952 575 3154 630 XXXIII,
3185 561 3293 636 15).
3323 564 3433 621 Pax
3460 570 3596 626 enim

2291 653 2417 701 tunc
2456 649 2560 703 erit
2601 649 2782 716 nobis,
2811 651 3024 721 quando
3066 661 3253 709 natura
3293 665 3476 712 nostra
3499 657 3795 729 Creatorisuo

2290 735 2714 808 inseparabiliter
2742 741 3047 799 cohaerente
3065 786 3081 811 ,
3111 745 3244 801 nihil
3287 747 3443 804 nobis
3466 757 3734 826 repugnabit
3753 778 3797 819 ex

2289 830 2463 886 nobis.
2495 831 2608 888 Hoc
2632 841 2687 889 et
2711 833 2826 904 ipse
2850 834 3095 892 Salvator
3121 837 3323 905 voluit,
3349 850 3598 910 quantum
3623 847 3728 902 mihi
3746 852 3798 907 vi-

2288 919 2465 988 detur,
2491 923 2752 996 intelligi,
2782 927 2874 983 ubi
2917 928 3026 984 ait:
3053 928 3174 985 Sint
3197 930 3355 987 lumbi
3380 935 3527 989 vestri
3551 939 3750 1006 accincti,
3769 957 3797 1000 et

2288 1014 2509 1071 lucerna:
2533 1016 2766 1073 ardentes
2793 1019 2832 1074 ⁸.
2863 1018 3003 1088 Quid
3028 1029 3111 1076 est
3138 1020 3350 1079 lumbos
3378 1025 3675 1097 accingere?
3695 1031 3799 1088 Libi-

2287 1104 2444 1162 dines
2469 1121 2720 1164 coercere
2738 1149 2753 1176 ,
2781 1109 2926 1180 quod
2953 1120 3038 1167 est
3063 1112 3427 1170 continentia.
3449 1113 3691 1177 Lucernas
3706 1139 3796 1180 veto

2287 1199 2540 1257 ardentes
2565 1200 2784 1272 habere,
2810 1212 2895 1260 est
2917 1204 3073 1261 bonis
3097 1207 3351 1278 operibus
3379 1209 3557 1268 lucere
3575 1221 3711 1285 atque
3728 1216 3798 1273 ler-

2288 1307 2437 1362 vere,
2463 1293 2606 1365 quod
2635 1304 2719 1352 est
2737 1296 2980 1367 justitize.
3001 1297 3186 1370 Neque
3213 1299 3298 1356 hic
3320 1302 3486 1358 tacuit
3511 1319 3609 1375 quo
3629 1305 3714 1364 ﬁne
3731 1309 3797 1364 ista

2288 1381 2575 1452 faciamus,
2601 1384 2846 1442 addendo
2879 1396 3038 1460 atque
3062 1389 3289 1446 dicendo
3314 1407 3329 1446 :
3356 1391 3425 1447 Et
3451 1410 3534 1449 vos
3560 1396 3718 1453 similes
3737 1400 3798 1453 In.

2289 1474 2505 1530 minibus
2531 1479 2932 1549 exspectantibus
2960 1481 3220 1537 dominum
3253 1499 3442 1553 suum,
3470 1487 3654 1556 quando
3687 1493 3797 1545 coria
3838 1533 3839 1560 ,

2289 1581 2322 1619 a
2347 1567 2535 1636 nuptiis
2575 1566 2724 1639 (Luc.
2758 1586 2834 1625 xu
2853 1611 2869 1639 ,
2894 1572 2994 1638 '55,
3028 1571 3144 1644 36).
3173 1571 3306 1629 Cum
3335 1574 3478 1630 enim
3508 1577 3714 1646 venerit,
3736 1596 3797 1634 nos
3838 1609 3839 1622 ι

2288 1659 2685 1728 remunerabit,
2715 1663 2807 1732 qui
2851 1664 3210 1723 continuimus
3239 1682 3342 1724 nos
3388 1668 3455 1724 ab
3481 1667 3561 1724 his
3586 1674 3796 1740 quaa’cu-
3838 1679 3839 1740 ἢ

2288 1747 2517 1817 piditas,
2545 1758 2602 1804 et
2643 1764 2706 1805 ea
2745 1767 2868 1824 quas
2913 1753 3196 1824 imperavit
3238 1757 3474 1814 charitas
3512 1759 3704 1816 fecimus
3728 1780 3738 1816 :
3761 1773 3796 1817 ut

2289 1837 2344 1894 in
2388 1839 2503 1910 ejus
2531 1840 2768 1912 perfecta
2811 1851 2867 1900 et
2893 1846 3218 1920 sempiterna
3263 1862 3426 1919 pace,
3457 1850 3568 1906 sine
3604 1851 3793 1910 ullamali

2289 1931 2634 1989 contentione
2678 1942 2734 1991 ct
2779 1949 2902 1992 cum
2943 1951 3152 1994 summa
3196 1938 3325 1996 boni
3373 1939 3794 2012 delectatione,re-

2288 2037 2532 2094 gnemus.

2361 2115 2448 2171 18.
2488 2113 2686 2173 Omnes
2729 2131 2857 2188 ergo
2899 2119 2992 2190 qui
3034 2119 3305 2177 credimus
3347 2122 3402 2177 in
3432 2122 3586 2179 Deum
3612 2124 3792 2180 vivumet

2289 2220 2497 2272 verum,
2520 2208 2671 2278 cujus
2692 2223 2902 2266 summe
2921 2209 3060 2266 bona
3088 2210 3538 2284 immutabilisque
3559 2222 3712 2270 natura
3727 2230 3789 2270 nec

2289 2296 2418 2352 mali
2447 2297 2647 2368 aliquid
2679 2297 2828 2365 facit,
2857 2314 2957 2356 nec
2981 2301 3106 2356 mali
3133 2301 3336 2374 aliquid
3366 2305 3574 2374 patitur,
3603 2319 3627 2358 a
3648 2319 3726 2376 quo
3741 2315 3792 2360 est

2288 2401 2449 2443 omne
2475 2387 2674 2444 bonum
2692 2431 2709 2456 ,
2738 2389 2882 2460 quod
2910 2391 3070 2447 etiam
3099 2391 3270 2448 minui
3301 2402 3476 2464 potest
3500 2393 3539 2460 ³,
3563 2403 3612 2450 et
3634 2393 3704 2464 qui
3724 2407 3788 2447 suo

2286 2479 2430 2538 bono
2470 2481 2612 2552 quod
2657 2481 2771 2552 ipse
2813 2491 2898 2539 est
2935 2485 3155 2541 omnino
3183 2485 3356 2541 minui
3385 2501 3489 2541 non
3519 2493 3687 2556 potest,
3710 2499 3788 2540 cum

2288 2571 2533 2630 audimus
2579 2573 2894 2648 Apostolum
2939 2576 3239 2645 dicentem,
3278 2578 3482 2650 Spiritu
3507 2577 3786 2640 ambulatc,ct

2287 2665 2714 2736 concupiscentias
2734 2667 2902 2722 carnis
2923 2683 2984 2722 ne
3005 2669 3318 2739 perfeceritis
3346 2686 3365 2725 :
3385 2686 3501 2725 caro
3527 2669 3641 2725 enim
3658 2683 3786 2722 coscs-

2289 2755 2438 2825 piscit
2461 2756 2699 2812 adversus
2738 2757 3008 2830 spiritum,
3038 2759 3246 2831 spiritus
3287 2771 3465 2816 autem
3490 2760 3690 2814 adversus
3714 2773 3787 2811 car-

2287 2862 2438 2911 nem;
2461 2847 2568 2902 Itazc
2593 2848 2726 2902 enim
2747 2849 2958 2904 invicem
2982 2851 3080 2904 sibi
3100 2851 3456 2920 adversantur,
3486 2861 3538 2906 ut
3560 2866 3643 2905 non
3660 2863 3785 2918 eam

2287 2936 2437 2991 vultis
2475 2937 2675 3009 faciatis
2701 2937 2900 3010 (Galat.
2942 2954 2996 3006 v,
3022 2941 3090 2996 l6
3111 2982 3126 3009 ,
3157 2940 3247 3013 l7)
3271 2957 3286 3008 ;
3312 2942 3451 2998 absit
3477 2951 3532 2997 ut
3554 2939 3781 3000 credamUS.

2285 3029 2427 3100 quod
2453 3029 2867 3086 Manichaeorum
2894 3032 3064 3088 credit
3094 3032 3300 3089 insania
3319 3075 3335 3103 ,
3364 3033 3494 3090 duas
3530 3033 3606 3089 hic
3628 3031 3779 3087 demou-

2285 3129 2481 3176 stratas
2508 3135 2629 3177 esse
2671 3131 2890 3178 naturas
2929 3138 2999 3180 ex
3037 3125 3326 3181 contrariis
3353 3126 3492 3181 inter
3511 3139 3565 3180 se
3587 3119 3780 3194 principiis

2285 3216 2661 3287 confligentes,
2689 3231 2848 3272 unam
2897 3217 3054 3287 boni,
3086 3218 3310 3274 alteram
3337 3217 3482 3274 mali.
3508 3216 3692 3274 Prorsus
3719 3211 3779 3266 ista

2283 3306 2391 3364 duo
2416 3309 2573 3363 ambo
2599 3319 2723 3364 sunt
2749 3309 2887 3366 bona
2914 3327 2928 3364 :
2954 3321 3010 3367 et
3032 3313 3254 3382 spiritus
3278 3312 3478 3369 bonum
3515 3317 3619 3376 est,
3642 3315 3684 3363 et
3701 3317 3779 3359 caro

2283 3397 2519 3466 bonum;
2547 3410 2601 3455 et
2627 3399 2787 3456 homo
2816 3401 2906 3472 qui
2951 3417 3017 3457 cx
3048 3410 3276 3473 utroque
3302 3409 3537 3468 constat,
3563 3413 3652 3454 uno
3670 3397 3778 3464 impe-

2282 3498 2456 3557 rante,
2481 3489 2585 3547 alio
2606 3491 2893 3556 serviente,
2923 3492 3110 3563 utique
3131 3492 3332 3550 bonum
3356 3501 3458 3562 est,
3487 3489 3573 3548 sed
3596 3483 3776 3545 mutabile

2287 3578 2487 3635 bonum
2517 3581 2697 3652 :quod
2743 3591 2922 3638 tamen
2969 3583 3086 3639 fieri
3135 3600 3242 3639 non
3287 3593 3467 3656 posset
3490 3581 3528 3648 ⁵,
3554 3574 3776 3638 nisiabin-

2281 3671 2645 3727 commutabili
2674 3673 2846 3741 bono,
2877 3689 2906 3727 a
2934 3688 3041 3744 quo
3073 3683 3158 3730 est
3181 3690 3342 3732 omne
3366 3676 3553 3730 bonum
3576 3675 3773 3727 creatum.

2281 3762 2395 3819 sive
2421 3779 2642 3833 parvum
2665 3804 2679 3829 ,
2709 3764 2824 3820 sive
2850 3781 3136 3837 magnum;
3165 3765 3260 3822 sed
3285 3765 3563 3838 quamlibet
3587 3769 3768 3832 parvum.

2280 3869 2313 3910 a
2338 3870 2532 3926 magno
2560 3865 2736 3911 tamen
2762 3855 2993 3925 factum;
3015 3867 3071 3914 et
3092 3859 3388 3930 quamlibet
3411 3869 3651 3929 magnum.
3673 3846 3771 3905 υ¹¹¹¹⁰

2281 3950 2442 4007 modo
2468 3959 2644 4006 tamen
2687 3949 2906 4006 factoris
2933 3952 3278 4023 magnitudini
3305 3946 3691 4022 comparandum.
3709 3938 3771 3994 Ve-

2279 4057 2398 4098 rum
2425 4041 2479 4096 in
2508 4042 2606 4097 hac
2636 4042 2774 4097 bona
2808 4042 3041 4098 hominis
3064 4052 3119 4099 et
3144 4043 3284 4101 bene
3317 4060 3348 4099 a
3376 4043 3511 4100 bono
3536 4035 3702 4096 condita
3721 4030 3771 4084 in-

2280 4132 2568 4202 stitutaque
2610 4140 2799 4187 natura
2847 4146 2991 4188 nunc
3037 4132 3236 4188 bellum
3279 4143 3392 4202 est,
3421 4129 3640 4203 quoniam
3675 4120 3769 4177 salus
3831 4166 3834 4201 ἐ

2280 4221 2516 4278 nondum
2558 4231 2658 4278 est.
2712 4222 2963 4294 Languor
2991 4233 3230 4291 sanetur,
3274 4241 3378 4296 pax
3401 4232 3496 4280 est.
3523 4221 3768 4289 Languorem

2279 4323 2456 4370 autem
2489 4316 2645 4370 istum
2671 4317 2826 4386 culpa
2857 4318 3075 4386 meruit,
3108 4328 3295 4375 natura
3325 4335 3431 4375 non
3460 4314 3634 4372 habuit.
3656 4307 3766 4376 QII-‘1“

2279 4420 2409 4463 sane
2436 4409 2648 4478 culpam
2672 4424 2772 4479 per
2799 4410 3068 4464 lavacrum
3109 4409 3519 4482 regenerationis
3553 4403 3629 4460 Dei
3656 4395 3766 4471 liram

2278 4497 2525 4554 ﬁdelibus
2547 4498 2658 4568 jam
2686 4499 2923 4567 remisit;
2954 4500 3048 4557 sed
3080 4501 3181 4558 sub
3205 4502 3440 4573 ejusdem
3469 4494 3633 4554 medici
3653 4484 3766 4573 manij

2278 4588 2379 4645 bus
2417 4589 2590 4644 adhuc
2618 4599 2805 4646 natura
2828 4605 2951 4646 cum
2981 4608 3080 4648 suo
3115 4571 3378 4664 languore
3403 4588 3628 4659 confligit.
3649 4581 3690 4635 ln
3707 4571 3763 4630 tali

2278 4688 2458 4735 autem
2489 4695 2663 4752 pugna
2690 4682 2891 4737 sanitas
2920 4684 3024 4739 erit
3049 4692 3158 4740 tota
3183 4686 3402 4742 victoria
3428 4701 3439 4736 :
3463 4695 3552 4738 nec
3575 4678 3764 4762 ιεηιροξΐ

2277 4768 2358 4824 ria
2387 4769 2615 4838 sanitas,
2644 4770 2742 4828 sed
2786 4781 3019 4840 acterna;
3049 4774 3139 4830 ubi
3171 4790 3278 4831 non
3306 4776 3470 4831 solum
3507 4767 3681 4824 ﬁniatur
3707 4755 3761 4809 hic

2276 4859 2519 4931 languor,
2550 4877 2736 4917 verum
2773 4863 2935 4918 etiam
2980 4864 3234 4936 deinceps
3276 4865 3447 4921 nullus
3470 4847 3760 4917 oriatunPro'

2277 4960 2396 5023 pter
2421 4953 2566 5023 quod
2604 4953 2892 5026 alloquitur
2926 4956 3156 5012 animam
3183 4973 3334 5013 suam
3371 4957 3556 5027 justus,
3579 4955 3624 5001 et
3644 4936 3757 4995 dicit!

2277 5042 2498 5098 Benedic
2521 5085 2538 5112 ,
2570 5045 2740 5100 anima
2763 5063 2897 5115 mea,
2923 5046 3220 5117 Dominum,
3243 5058 3292 5104 et
3311 5047 3411 5103 noli
3435 5035 3625 5099 oblivisci

2274 5135 2626 5191 retributiones
2653 5138 2764 5207 ejus
2785 5151 2805 5190 .°
2826 5138 2914 5209 qui
2942 5139 3193 5209 propitius
3230 5141 3290 5208 ﬁt
3315 5134 3523 5195 omnibus
3555 5120 3755 5196 iniquitati-

2341 5290 2358 5320 ⁸
2382 5294 2510 5351 Unus
2531 5302 2562 5340 e
2585 5292 2821 5343 Vaticanis
2852 5299 2957 5342 Mss.
2976 5293 3122 5351 addit,
3148 5293 3201 5344 in
3227 5287 3434 5344 manibus
3466 5281 3633 5338 πεπέ
3651 5263 3752 5351 ﬂ

2275 5361 2376 5422 nec
2398 5338 2514 5422 editi
2532 5338 3202 5422 ,θηθᾷξρἱῇἠοοάἷῇἔξῖιῖὖξξιῖί
3229 5338 3559 5422 ﬁniit-venant
3572 5338 3751 5422 ﬁt!“l

2275 5418 2414 5523 ξῇξέξ
2430 5400 2984 5523 ξῶείιῇεθὶίῖάδθὲὶἶίῶὀ
3006 5400 3102 5467 at“;
3116 5400 3554 5480 Είίηδξῑέιεηιερωε
3571 5400 3752 5451 ww...

2549 5490 2608 5524 ιδ.
3670 5523 3673 5524 7
3722 5523 3727 5524 γ

2272 5485 2901 5608 ῗηζῗῗῆξίὲἓίέδέιιείεροάρχ
2935 5539 3083 5608 addit,
3106 5539 3393 5608 suggerebat.
3424 5524 3601 5583 Vaticani
3618 5523 3745 5570 πίθων

2271 5599 2963 5687 θδέίξῖῗένἭέἒΞΕἱῗῊἯῩτ
3467 5650 3588 5687 mm.
3617 5638 3746 5687 ansae

2272 5659 2364 5769 Ms;
2383 5653 2510 5721 Low,
2536 5673 2629 5710 non
2649 5669 2814 5724 potest.
2841 5653 2975 5726 Male,
2998 5671 3050 5714 et
3065 5653 3442 5729 repugnantibus
3467 5653 3588 5705 editis
3617 5655 3640 5691 a

2335 5756 2516 5854 17W.
2551 5781 2663 5854 ﬁefi
2684 5798 2776 5838 ηοη
2791 5799 2930 5853 posse
2952 5793 3150 5844 constat.
3192 5795 3245 5845 At
3265 5795 3384 5851 uss,
3404 5775 3502 5845 ﬁeri
3517 5781 3595 5825 non
3611 5758 3740 5833 ραδελι

2275 5851 2468 5910 omisso,
2485 5851 2683 5900 constat.
