3882 6286
92 315 179 378 π,
1459 304 1667 363 LIBER
1702 306 1907 367 unus.

94 438 173 493 bus
188 432 293 499 tuis,
313 428 395 501 qui
417 432 565 484 sanat
586 435 752 477 omnes
775 420 1046 491 languores
1071 428 1183 475 tuos
1214 417 1383 492 (Psat.
1400 436 1491 485 cn,
1511 419 1547 474 2
1575 428 1624 475 et

90 530 154 600 3).
172 523 415 596 Propitius
445 520 504 574 lit
532 516 895 588 iniquitatibus
915 556 931 583 ,
962 529 1083 570 cum
1114 521 1332 584 peccata
1357 512 1578 568 dimittit
1609 529 1622 566 :

88 627 213 676 sanat
251 617 574 685 languores,
603 624 725 665 cum
777 605 1042 665 desideria
1093 619 1256 675 prava
1309 604 1622 675 compescit.

89 707 314 780 Propitius
336 682 395 759 iit
412 682 798 774 iniquitatibus,
820 696 1000 755 dando
1024 696 1407 767 indulgentiam
1434 713 1447 749 :
1472 702 1625 750 sanat

88 804 362 870 lattguores,
391 791 569 850 dando
605 789 1011 848 continentiam.
1053 787 1186 843 Illud
1230 785 1432 842 factum
1459 794 1542 843 est
1571 785 1625 840 in

84 890 364 961 Baptismate
390 882 799 951 conﬁtentibus,
831 882 932 937 hoc
959 881 1019 936 lit
1061 880 1116 936 in
1158 894 1331 951 agone
1373 880 1627 935 certanti-

86 984 193 1046 bus;
219 981 265 1033 in
291 993 393 1050 quo
418 991 448 1031 a
477 975 633 1031 nobis
670 983 857 1030 noster
880 988 977 1045 per
1014 972 1130 1043 ejus
1158 970 1479 1041 adiutorium
1507 970 1627 1025 vin-

85 1074 250 1131 cendus
272 1080 349 1128 est
370 1070 609 1126 morbus.
632 1067 808 1124 Etiam
834 1081 978 1122 nunc
997 1064 1127 1120 illud
1153 1064 1231 1128 ﬁt,
1254 1079 1375 1120 cum
1401 1062 1625 1119 exaudi-

84 1184 181 1223 ntur
198 1165 439 1229 dicentes,
466 1161 674 1215 Dimitte
697 1160 840 1215 nobis
864 1157 1031 1213 debita
1055 1165 1229 1213 nostra
1248 1173 1267 1211 :
1290 1157 1393 1211 hoc
1416 1163 1617 1221 autem,

84 1253 500 1315 cumexaudintur
536 1252 812 1317 dicentes,
847 1248 932 1305 Ne
968 1266 1060 1305 nos
1091 1250 1283 1321 inferas
1309 1248 1364 1303 in
1384 1248 1624 1304 tentatio-

85 1368 177 1405 nem
203 1348 393 1423 (Hatth.
430 1362 525 1415 v1,
549 1345 653 1412 l2,
686 1341 797 1417 15).
829 1342 1186 1414 Unusquisque
1221 1343 1363 1398 enim
1386 1350 1619 1408 tentatur,

88 1443 199 1499 sicut
219 1442 280 1495 ait
299 1439 572 1510 apostolus
607 1436 839 1493 Jacobus
858 1476 874 1503 ,
903 1451 936 1488 a
963 1434 1368 1505 concupiscentia
1388 1451 1483 1488 sua
1504 1433 1623 1488 abs-

91 1532 515 1592 tractasetillectus
541 1529 817 1603 (lucebit,
864 1528 981 1602 14).
1019 1528 1219 1585 Contra
1248 1527 1392 1599 quod
1434 1527 1622 1582 vitium

86 1627 350 1688 medicinale
374 1626 619 1697 poscitur
641 1624 962 1697 adiutorium
992 1623 1059 1679 ab
1079 1622 1174 1679 illo
1193 1623 1284 1694 qui
1308 1630 1486 1694 potest
1508 1637 1627 1678 om-

83 1741 160 1781 nes
200 1718 551 1792 hujuscemodi
604 1733 798 1775 sanare
848 1718 1170 1791 languores,
1227 1732 1335 1773 non
1384 1733 1414 1772 a
1472 1716 1626 1773 nobis

85 1816 234 1871 aliena:
254 1811 588 1884 separatione
610 1812 651 1878 ί,
679 1808 775 1866 sed
796 1809 849 1865 in
874 1817 1075 1866 nostrae
1102 1808 1440 1879 reparatione
1465 1817 1624 1863 natu-

89 1923 163 1963 rae.
181 1904 311 1962 Unde
330 1912 383 1959 et
401 1900 696 1973 praedictus
718 1901 990 1971 apostolus
1009 1914 1118 1955 non
1136 1899 1241 1966 ait,
1274 1898 1628 1971 Unusquisque

84 2006 263 2054 testatur
277 2014 306 2050 a
323 1995 772 2065 concupiscentia;
793 1992 886 2049 sed
909 1992 1145 2060 addidit,
1172 2009 1266 2047 sua
1288 2008 1308 2046 :
1329 2000 1387 2046 ut
1410 1992 1500 2063 qtti
1522 1991 1627 2049 hoc

81 2089 197 2143 audit
216 2086 460 2159 intelligat
496 2084 773 2158 quomodo
796 2084 1031 2141 clamare
1072 2083 1294 2151 debeat,
1324 2082 1436 2155 Ego
1474 2083 1583 2139 dixi
1605 2123 1621 2152 ,

80 2182 283 2249 Domine,
309 2180 546 2236 miserere
584 2180 720 2246 mei;
750 2194 877 2234 sana
900 2178 1123 2233 animam
1160 2194 1356 2243 meam,
1385 2176 1624 2245 quoniam

81 2274 238 2346 peccari
259 2273 340 2328 tibi
362 2272 535 2346 (Psal.
558 2287 651 2340 XL,
670 2271 748 2343 5).
770 2270 887 2327 Non
908 2270 1051 2327 enim
1072 2269 1349 2326 sanatione
1372 2268 1625 2340 indiguis-

80 2376 174 2435 set,
198 2367 288 2423 nisi
309 2381 369 2423 se
395 2366 513 2437 ipsa
540 2363 819 2437 peccando
846 2363 1113 2431 vitiasset,
1136 2371 1196 2418 ut
1219 2362 1475 2418 adversus
1503 2377 1622 2419 eam

83 2476 179 2516 mro
195 2475 277 2515 sua
301 2457 744 2529 concupisceret,
768 2455 821 2512 id
845 2465 929 2513 est
948 2496 964 2521 ,
992 2457 1106 2527 ipsa
1127 2455 1442 2527 sibimetipsi
1462 2470 1531 2511 ex
1560 2470 1624 2511 ea

80 2559 199 2622 parte
216 2566 308 2621 qua
332 2552 384 2606 in
410 2564 582 2606 carne
607 2548 874 2604 inﬁrmata
894 2556 976 2603 est
996 2556 1337 2619 repugnaret.

134 2641 326 2699 CAPUT
355 2641 487 2697 Vlll.
522 2671 599 2682 —
628 2639 718 2697 19.
752 2638 885 2695 Caro
916 2637 1158 2693 adversus
1177 2638 1414 2707 spiritum
1439 2654 1625 2694 concu-

81 2735 214 2806 piscit,
239 2751 331 2788 non
358 2735 477 2805 quia
496 2732 710 2788 inimica
730 2741 914 2786 natura
928 2772 943 2797 ,
975 2729 1065 2785 sed
1083 2730 1206 2802 quia
1228 2729 1422 2784 vitiata.
1443 2728 1625 2786 Carnis

82 2826 457 2897 concupiscemias
495 2840 567 2881 ea:
598 2820 717 2879 vitio
737 2839 842 2878 esse
860 2864 876 2891 ,
909 2838 1090 2893 easque
1114 2822 1196 2875 hic
1222 2820 1382 2875 minui
1421 2820 1625 2892 quidem

84 2934 223 2989 posse,
250 2936 343 2973 non
364 2918 572 2990 penitus
592 2915 786 2988 auferri
825 2914 927 2969 nisi
952 2914 1005 2969 in
1026 2915 1191 2968 altera
1210 2912 1331 2968 vita.
1371 2908 1627 2984 Concupi-

83 3012 232 3066 tcentia
260 3012 417 3066 carnis
454 3010 543 3064 hic
568 3025 718 3081 pinna
760 3007 973 3080 peccati,
1002 3022 1155 3061 carne
1179 3015 1360 3061 sanata
1388 3006 1441 3060 in
1462 3005 1622 3061 beatis

84 3118 160 3157 non
181 3104 277 3159 erit.
304 3103 440 3159 Caro
479 3102 631 3158 enim
658 3099 791 3155 nihil
831 3099 935 3155 nisi
964 3114 1060 3170 per
1098 3099 1333 3155 animam
1364 3098 1622 3170 concupi-

86 3195 188 3260 scit;
206 3194 289 3251 sed
308 3193 692 3265 concupiscere
714 3205 842 3246 caro
866 3190 1123 3246 adversus
1146 3190 1389 3261 spiritum
1408 3188 1620 3257 dicitur,

84 3288 252 3355 quando
272 3288 436 3343 anima
467 3280 676 3342 carnali
695 3283 1131 3354 concupiscentia
1154 3282 1365 3353 spiritui
1391 3282 1625 3337 relucta-

87 3389 166 3436 tur.
189 3380 360 3438 Totum
385 3380 490 3437 hoc
517 3393 622 3434 nos
662 3391 848 3433 sumus
872 3393 886 3430 :
908 3383 964 3432 et
990 3390 1116 3432 caro
1158 3375 1272 3445 ipsa
1297 3389 1416 3446 qua:
1442 3373 1620 3430 disce-

85 3470 209 3527 dente
242 3473 407 3528 anima
451 3468 709 3535 moritur,
749 3476 932 3524 nostra
972 3480 1097 3537 pars
1139 3464 1357 3532 inﬁma,
1385 3481 1492 3521 non
1538 3466 1623 3520 lu-

87 3562 233 3631 gicuda
277 3564 587 3629 dimittitur,
648 3560 743 3617 sed
795 3558 1099 3630 recipienda
1154 3558 1472 3629 deponitur,
1523 3572 1624 3614 nec

90 3663 252 3723 recepta
272 3655 488 3711 ulterius
524 3652 880 3722 relinquetur.
914 3650 1209 3706 Seminatur
1227 3657 1406 3705 autem
1436 3664 1623 3721 corpus

90 3746 291 3814 animale,
313 3756 541 3820 resurget
584 3761 770 3817 corpus
816 3741 1083 3816 spirituale
1127 3741 1171 3813 (Ι
1212 3740 1332 3798 Cor.
1380 3757 1471 3805 xv,
1504 3742 1617 3814 44).

88 3836 201 3895 Tunc
226 3841 324 3911 jam
347 3857 470 3899 caro
511 3839 647 3896 nihil
675 3838 1019 3909 concupiscet
1044 3835 1301 3892 adversus
1338 3836 1579 3906 spiritum
1600 3875 1618 3903 ,

87 3933 256 4001 quando
275 3944 326 3990 et
347 3936 459 4007 ipsa
490 3933 788 4006 spiritualis
806 3930 1105 3999 vocabitur,
1131 3930 1383 4002 quoniam
1409 3928 1619 3999 spiritui

89 4038 170 4078 non
192 4025 339 4084 solum
376 4029 493 4084 sine
530 4025 643 4083 ulla
670 4023 1020 4097 repugnantia
1039 4065 1057 4092 ,
1088 4037 1274 4079 verum
1312 4022 1471 4078 etiam
1502 4021 1621 4077 sine

88 4112 170 4168 ulla
193 4118 456 4187 corporalis
476 4116 723 4172 alimenti
750 4113 1041 4185 indigentia
1070 4112 1123 4168 in
1158 4122 1416 4168 aetemum
1442 4111 1616 4167 viviti-

89 4207 220 4263 canda
242 4211 506 4268 subdetur.
550 4209 679 4266 llaec
710 4208 869 4280 igitur
905 4208 1043 4275 duo,
1069 4222 1189 4279 qua:
1226 4223 1368 4263 nunc
1387 4207 1617 4263 invicem

90 4295 378 4356 adversantur
396 4303 448 4357 in
467 4300 629 4357 nobis
646 4341 662 4366 ,
692 4298 944 4370 quoniam
966 4298 1020 4353 in
1041 4307 1270 4369 utroque
1289 4312 1388 4352 nos
1410 4310 1615 4361 sumus,

92 4393 136 4440 ut
148 4390 435 4448 concordent
456 4406 680 4448 oremus
704 4398 761 4446 et
795 4404 1036 4461 agamus.
1076 4387 1194 4444 Non
1218 4389 1361 4444 enim
1389 4389 1617 4443 alterum

95 4492 235 4537 eorum
251 4494 423 4555 putare
440 4484 705 4542 debemus
724 4483 996 4539 inimicum
1011 4524 1027 4551 ,
1046 4481 1141 4538 sed
1162 4480 1347 4537 vitium
1369 4494 1475 4552 quo
1492 4495 1619 4536 caro

95 4576 361 4646 concupiscit
402 4578 664 4635 adversus
703 4575 949 4647 spiritum
983 4592 997 4629 :
1030 4572 1172 4645 quod
1202 4582 1446 4628 sanatum
1467 4615 1482 4639 ,
1517 4587 1617 4629 nec

98 4664 229 4734 ipsum
249 4672 369 4739 erit,
394 4681 449 4727 et
473 4669 770 4728 substantia
807 4677 1035 4740 utraque
1058 4668 1203 4724 salva
1231 4666 1335 4723 erit
1352 4707 1369 4733 ,
1401 4675 1454 4722 et
1482 4666 1621 4723 inter

100 4767 320 4835 υιηωίιιιθ
353 4767 494 4822 nulla
538 4780 716 4837 pugna
763 4763 885 4820 erit.
931 4762 1225 4818 Audiamus
1257 4760 1616 4832 Apostolutn:

102 4851 216 4919 Scio,
241 4858 423 4928 inquit,
449 4860 573 4931 quia
598 4875 702 4913 non
730 4856 923 4911 habitat
953 4856 1007 4910 in
1034 4872 1142 4920 me,
1170 4854 1266 4909 Itoc
1289 4863 1362 4908 est
1390 4854 1444 4907 in
1468 4868 1620 4907 carne

102 4960 212 5016 mea,
232 4951 413 5009 bonum.
437 4952 554 5008 Hoc
578 4951 763 5022 utique
789 4950 893 5015 ait,
924 4949 1049 5020 quia
1071 4948 1260 5003 vitium
1285 4947 1464 5002 carnis
1485 4947 1537 5000 in
1560 4961 1619 5001 re

105 5032 312 5098 bonanon
335 5051 414 5100 est
435 5044 638 5101 bonum
661 5058 675 5095 :
702 5041 848 5113 quod
872 5056 995 5097 cum
1022 5054 1144 5097 esse
1163 5038 1462 5107 destiterit,
1493 5053 1622 5094 caro

107 5128 202 5196 erit,
219 5133 296 5188 sed
310 5135 409 5206 jam
428 5138 611 5192 vitiata
634 5135 721 5192 vel
745 5134 940 5191 vitiosa
959 5148 1067 5189 non
1091 5133 1211 5190 erit.
1241 5134 1412 5202 Quam
1443 5142 1620 5189 tamen

108 5216 156 5271 ad
179 5232 375 5281 nostram
399 5228 663 5297 pertinere
688 5235 932 5284 naturam
950 5267 965 5291 ,
990 5225 1132 5281 idem
1157 5225 1344 5281 doctor
1361 5225 1619 5294 ostendit,

112 5308 222 5373 Prius
240 5312 441 5374 dicendo
460 5361 475 5386 ,
506 5319 629 5375 Scio
656 5318 778 5389 quia
813 5335 915 5373 non
944 5317 1137 5373 habitat
1164 5319 1217 5373 in
1258 5334 1338 5372 me
1355 5334 1375 5373 :
1396 5318 1537 5389 quod
1566 5323 1625 5372 ut

112 5411 369 5471 exponeret,
398 5408 632 5478 addidit,
662 5411 756 5465 hoc
787 5418 863 5465 est
890 5410 945 5464 in
972 5426 1126 5465 carne
1147 5427 1258 5465 mea
1275 5451 1292 5477 ,
1322 5409 1526 5465 bonum.
1550 5408 1623 5465 Se

115 5486 247 5562 itaque
267 5495 379 5554 dicit
402 5516 516 5557 esse
534 5516 752 5558 carnem
783 5515 956 5557 suam.
984 5501 1100 5557 Non
1126 5517 1252 5574 ergo
1274 5501 1386 5572 ipsa
1405 5509 1488 5556 est
1517 5499 1621 5555 iui-

117 5582 215 5638 mica
233 5597 385 5645 nostra
408 5608 421 5645 :
441 5602 493 5647 et
511 5591 725 5664 quando
742 5593 859 5662 ejus
874 5593 1017 5649 vitiis
1034 5592 1319 5660 resistitur,
1341 5594 1456 5663 ipsa
1472 5606 1622 5647 ama-

165 5716 465 5793 ‘_&ﬁti,_atiena
478 5725 798 5792 separatione.
822 5730 995 5779 Verius
1014 5736 1142 5791 Mss,
1165 5727 1337 5781 aliena:
1356 5731 1623 5793 separatio-

120 5784 162 5825 κε
182 5790 195 5829 ἔ
210 5784 372 5847 supple,
392 5784 587 5841 naturie.
1129 5784 1138 5791 ”
1190 5816 1195 5821 ι

306 5870 509 5940 Sutor.
544 5880 822 5944 Auensr.
858 5876 965 5943 VI.

1739 429 1844 485 tur.
1876 424 1997 494 quia
2042 425 2153 496 ipsa
2196 438 2430 487 curatur.
2479 432 2642 491 Nemo
2680 439 2811 493 enim
2854 456 3075 512 unquam
3112 463 3319 505 carnem

1735 532 1881 608 suam
1901 520 2020 574 odio
2044 522 2217 576 habuit
2240 523 2459 595 (Epltes.
2490 543 2540 594 v,
2570 528 2699 599 29);
2731 531 2863 586 sicut
2894 533 3008 603 ipse
3030 538 3316 608 Apostolus

1735 607 1883 705 dicit.
1914 610 1979 665 Et
1998 613 2103 669 alio
2129 614 2244 669 loco
2267 617 2341 670 ait
2368 635 2380 671 :
2404 616 2574 688 Igitur
2604 620 2710 690 ipse
2733 638 2826 694 ego
2858 636 3018 680 mente
3038 607 3195 683 servio
3216 633 3317 705 legi

1734 699 1865 769 Dei,
1892 720 2043 758 carne
2064 716 2231 761 autem
2269 709 2369 781 legi
2397 712 2607 781 peccati.
2647 714 2880 770 Audiant
2905 719 2997 788 qui
3026 735 3183 777 aures
3224 699 3322 779 Ita-

1733 791 1863 847 bent
1903 811 1918 848 :
1958 793 2130 866 Igitur
2174 798 2282 868 ipse
2323 816 2448 870 ego;
2476 816 2576 872 ego
2618 813 2827 872 mente,
2856 822 2955 878 ego
2998 824 3190 877 carne;
3224 816 3320 871 sed
3372 866 3374 869 ,

1732 894 1897 939 mente
1931 887 2092 941 servio
2120 888 2217 958 legi
2261 889 2388 957 Dei,
2420 908 2572 947 carne
2607 904 2776 951 autem
2813 897 2913 971 legi
2936 904 3145 971 peccati.
3169 903 3318 972 Quo-

1733 976 1895 1032 modo
1948 994 2100 1034 carne
2147 981 2247 1052 legi
2289 984 2520 1053 peccati?
2563 987 2818 1058 numquid
2873 993 3318 1063 concupiscentiae

1732 1070 2116 1127 consentiendo
2138 1074 2372 1129 carnali?
2393 1075 2548 1132 Absit
2572 1096 2586 1133 :
2608 1078 2702 1133 sed
2725 1088 2903 1137 motus
2926 1082 3317 1143 desideriorum

1733 1159 1845 1216 illic
1869 1159 2113 1218 habendo
2131 1204 2146 1230 ,
2176 1178 2310 1235 quos
2353 1164 2551 1224 habere
2579 1169 2831 1240 nolebat,
2862 1182 2917 1228 et
2947 1183 3122 1232 tamen
3151 1177 3319 1236 halte-

1731 1250 1844 1307 bat.
1868 1250 1973 1308 Sed
2014 1252 2093 1307 eis
2120 1268 2225 1309 non
2267 1258 2653 1314 consentiendo
2697 1266 3186 1324 menteserviebat
3212 1270 3315 1342 legi

1733 1341 1858 1407 Dei,
1889 1350 1942 1398 et
1972 1343 2188 1399 tenebat
2215 1346 2484 1417 membra,
2508 1364 2578 1405 ne
2596 1350 2785 1407 ﬁerent
2806 1368 2955 1410 arma
2981 1360 3206 1427 peccati.

1802 1434 1893 1492 20.
1933 1435 2212 1509 Suntergo
2241 1438 2293 1494 in
2326 1441 2478 1497 nobis
2504 1442 2766 1500 desideria
2790 1447 2950 1513 mala,
2973 1451 3164 1519 quibus
3197 1468 3307 1509 non

1731 1528 2118 1584 consentiendo
2146 1544 2254 1585 non
2279 1531 2511 1588 vivimus
2538 1534 2676 1590 male
2709 1551 2722 1589 :
2759 1546 2885 1593 sunt
2911 1538 2966 1593 in
2997 1542 3151 1597 nobis
3179 1558 3316 1598 con-

1730 1619 2074 1691 cupiscentia:
2099 1631 2462 1693 peccatorum,
2488 1626 2680 1697 quibus
2721 1643 2828 1683 non
2870 1629 3171 1688 obediendo
3210 1651 3319 1691 non

1731 1709 2037 1781 perlicimus
2062 1713 2281 1779 malum,
2313 1714 2406 1769 sed
2438 1729 2529 1771 eas
2560 1715 2807 1774 habendo
2836 1721 3069 1776 nondum
3100 1726 3314 1794 pertici-

1731 1816 1852 1858 mus
1881 1802 2099 1859 bonum.
2143 1804 2434 1877 Utrumque
2472 1808 2706 1864 ostendit
2741 1810 3049 1881 Apostolus,
3093 1830 3195 1871 ncc
3223 1816 3318 1870 bo-

1730 1907 1858 1948 num
1888 1894 1977 1951 hic
2005 1894 2208 1965 perlici,
2256 1896 2346 1952 ubi
2391 1899 2591 1954 malum
2633 1899 2712 1956 sic
2759 1905 3186 1975 concupiscitur;
3220 1924 3319 1964 nec

1731 1985 1929 2040 malum
1965 1985 2052 2042 hic
2093 1988 2295 2058 perlici,
2327 1989 2540 2060 quando
2585 1992 2676 2047 tali
2723 1996 3175 2066 concupiscentia:
3207 2016 3316 2056 non

1730 2075 1996 2133 obeditur.
2021 2078 2156 2134 Illud
2183 2080 2382 2151 quippe
2427 2081 2662 2137 ostendit
2694 2084 2782 2138 ubi
2808 2085 2902 2151 ait,
2951 2085 3094 2142 Velle
3122 2090 3321 2160 adjacet

1731 2168 1875 2234 mihi,
1896 2170 2132 2239 per/icere
2144 2181 2311 2225 autem
2337 2171 2521 2226 bonum
2533 2189 2633 2227 non
2656 2173 2931 2245 (Rom.vu,
2948 2177 3036 2241 18,
3054 2177 3148 2248 25)
3181 2197 3194 2233 :
3220 2180 3322 2236 ltoc

1729 2273 1879 2328 vero,
1920 2259 2011 2316 ubi
2066 2261 2160 2329 ait,
2216 2261 2417 2332 Spiritu
2467 2264 2757 2329 ambulate,
2799 2275 2844 2321 et
2890 2269 3322 2339 concupiscentias

1729 2353 1898 2408 carnis
1926 2370 1989 2409 ne
2013 2356 2345 2427 perfeceritis.
2378 2355 2565 2427 Neque
2614 2358 2685 2413 ibi
2721 2359 2864 2415 enim
2903 2359 3034 2416 dicit
3074 2377 3181 2417 non
3216 2364 3320 2419 sibi

1728 2445 1974 2516 adjacere
2016 2446 2192 2502 facere
2236 2448 2471 2514 bonum;
2505 2448 2621 2514 sed,
2669 2451 2931 2521 perlicere
2973 2470 2988 2508 :
3028 2469 3203 2525 neque
3229 2454 3321 2512 hic

1728 2538 1879 2605 dicit,
1910 2538 2354 2612 Cancupiscentias
2400 2543 2569 2598 carnis
2616 2558 2685 2597 ne
2729 2544 3055 2614 habueritis;
3100 2548 3217 2615 sed,
3259 2566 3323 2606 ne

1729 2630 2057 2703 perfeceritis.
2108 2630 2269 2686 Fiunt
2317 2632 2498 2703 itaque
2556 2633 2610 2687 in
2661 2633 2817 2689 nobis
2873 2637 3321 2708 concupiscentia:

1728 2724 1907 2790 malae,
1939 2723 2151 2795 quando
2180 2724 2233 2779 id
2263 2725 2409 2795 quod
2448 2740 2557 2780 non
2587 2727 2711 2781 licet
2738 2728 2869 2783 libet
2895 2746 2908 2782 :
2938 2730 3035 2785 sed
3060 2745 3166 2787 non
3198 2746 3320 2801 per-

1730 2814 2000 2884 ﬁciuntur,
2023 2830 2143 2870 cum
2170 2816 2272 2887 legi
2298 2817 2389 2872 Dei
2418 2827 2597 2873 mente
2626 2819 2892 2875 serviente
2921 2819 3171 2876 libidines
3189 2835 3319 2877 con-

1730 2904 1984 2961 tinentur.
2010 2906 2075 2960 Et
2105 2907 2301 2961 bonum
2331 2906 2408 2974 ﬁt,
2440 2922 2559 2961 cum
2588 2907 2641 2962 id
2671 2908 2814 2979 quod
2843 2910 2983 2965 male
3009 2910 3162 2977 libet,
3191 2912 3317 2967 vin-

1728 3003 1887 3053 cente
1920 2997 2057 3052 bona
2086 2996 2443 3053 delectatione
2472 3014 2580 3053 non
2609 2999 2667 3053 ﬁt
2713 3016 2727 3054 :
2767 3000 2862 3057 sed
2905 3001 3029 3056 boni
3062 3004 3320 3071 perfectio

1730 3103 1838 3144 non
1866 3088 2140 3159 impletur,
2173 3089 2425 3160 quamdiu
2462 3090 2565 3161 legi
2593 3091 2799 3163 peccati
2826 3107 2988 3148 carne
3011 3094 3315 3151 servicnte‘

1728 3179 1895 3236 libido
1919 3179 2093 3247 illicit,
2113 3189 2166 3235 ct
2195 3181 2439 3250 quamvis
2465 3182 2823 3251 contineatur,
2847 3191 3023 3241 tamen
3045 3197 3311 3242 movetur.

1728 3272 1846 3329 Non
1875 3273 2017 3329 enim
2044 3289 2178 3344 opus
2202 3282 2347 3329 esset
2369 3284 2425 3329 ut
2448 3275 2835 3344 contineretur,
2858 3278 2960 3335 nisi
2987 3290 3313 3338 moveretur.

1729 3367 1845 3423 Erit
1870 3366 2187 3438 quandoque
2231 3368 2394 3422 etiam
2438 3368 2697 3438 perfectio
2750 3369 2897 3438 boni,
2946 3373 3160 3444 quando
3186 3390 3317 3430 con-

1728 3460 1960 3530 sumptio
1985 3458 2111 3514 mali
2146 3475 2159 3512 :
2184 3459 2312 3514 illud
2342 3474 2632 3527 summum,
2666 3461 2768 3518 hoc
2793 3464 2896 3519 erit
2917 3466 3142 3521 nullum.
3162 3467 3316 3537 Quod

1728 3550 1775 3606 si
1814 3550 1869 3606 in
1906 3551 2005 3606 ista
2043 3552 2367 3607 mortalitate
2392 3553 2717 3622 sperandum
2766 3564 3033 3625 putamus,
3060 3558 3313 3614 fallimur.

1726 3640 1879 3698 Tunc
1897 3643 2039 3699 enim
2069 3642 2189 3708 erit,
2231 3643 2444 3713 quando
2470 3659 2619 3699 mors
2654 3659 2759 3700 non
2800 3647 2938 3713 erit;
2974 3658 3027 3703 et
3074 3649 3144 3703 ibi
3188 3652 3313 3719 crit,

1726 3734 1818 3790 ubi
1838 3733 1943 3788 vita
1964 3743 2161 3788 aeterna
2193 3734 2312 3788 erit.
2346 3734 2403 3788 ln
2440 3734 2532 3789 illo
2552 3735 2693 3790 enim
2723 3738 2918 3792 smculo
2943 3746 2997 3793 et
3022 3739 3072 3794 in
3115 3741 3207 3797 illo
3231 3759 3317 3798 rc-

1724 3839 1833 3896 gno
1852 3826 1957 3881 erit
1974 3825 2169 3880 bonum
2191 3841 2482 3892 summum,
2502 3827 2697 3882 malum
2724 3828 2924 3883 nullum
2946 3847 2960 3895 ;
2983 3834 3197 3901 quando
3212 3836 3315 3889 erit

1725 3924 1782 3973 et
1799 3916 1888 3973 ubi
1907 3917 2010 3972 erit
2037 3918 2311 3988 sapientiai
2330 3932 2482 3972 amor
2501 3933 2767 3989 summus,
2794 3923 3138 3980 continentia:
3160 3927 3314 3981 labor

1724 4006 1923 4062 nullus.
1955 4005 2070 4061 Non
2115 4007 2273 4076 igitur
2295 4008 2431 4061 mala
2455 4016 2538 4063 est
2577 4024 2724 4078 caro,
2762 4012 2807 4066 si
2852 4014 2992 4069 malo
3029 4024 3226 4081 careat,
3259 4018 3311 4072 id

1725 4106 1826 4162 est,
1861 4096 1989 4151 vitio
2013 4112 2119 4165 quo
2143 4097 2357 4151 vitiatus
2378 4107 2463 4153 est
2490 4097 2673 4165 homo,
2708 4114 2813 4154 non
2844 4101 3013 4157 factus
3043 4107 3197 4171 male,
3215 4108 3311 4162 scd

1724 4187 1842 4257 ipse
1868 4185 2092 4242 faciens.
2128 4187 2206 4241 Ex
2226 4198 2454 4258 utraque
2479 4188 2623 4244 enim
2649 4198 2820 4259 parte,
2848 4192 2901 4246 id
2922 4204 3025 4262 est,
3056 4204 3111 4250 et
3132 4197 3309 4254 anima

1722 4287 1783 4335 et
1807 4292 2033 4348 corpore
2055 4292 2083 4331 a
2114 4276 2255 4332 bono
2282 4278 2394 4335 Deo
2418 4278 2588 4335 factus
2615 4279 2808 4353 bonus,
2828 4283 2941 4353 ipse
2962 4284 3086 4341 fecit
3110 4289 3310 4345 malum

1723 4385 1833 4444 quo
1881 4368 2051 4425 factus
2088 4378 2171 4425 est
2196 4369 2390 4425 malus.
2436 4372 2482 4425 A
2503 4371 2657 4443 cujus
2683 4373 2810 4429 mali
2837 4385 2987 4431 reatu
3011 4377 3121 4447 jam
3148 4381 3307 4434 etiam

1722 4466 1929 4522 solutus
1953 4479 2050 4534 per
2073 4463 2476 4535 indulgentiam,
2506 4480 2575 4521 ne
2604 4466 2719 4522 leve
2745 4468 3012 4524 existimet
3031 4486 3151 4525 esse
3168 4474 3307 4541 quod

1723 4556 1870 4623 fecit,
1902 4555 2078 4612 adhuc
2100 4571 2220 4611 cum
2251 4571 2348 4611 suo
2370 4557 2501 4612 vitio
2541 4567 2739 4628 pugnat
2768 4574 2865 4629 per
2898 4563 3279 4617 continentiam

1725 4648 1880 4704 Absit
1898 4656 2076 4702 autem
2098 4656 2157 4701 ut
2181 4647 2345 4701 insint
2370 4647 2480 4701 ulla
2509 4648 2637 4701 vitia
2666 4649 2717 4702 in
2749 4649 2839 4703 illa
2866 4665 2985 4720 quae
3019 4651 3188 4708 futura
3226 4665 3310 4710 ρει

1724 4755 1856 4811 pace
1876 4739 2256 4810 regnantibus;
2282 4738 2712 4809 quandoquidem
2736 4740 2787 4793 in
2808 4740 2913 4795 isto
2943 4743 3082 4798 bello
3125 4748 3305 4815 quoti-

1724 4831 1813 4888 die
1852 4830 2161 4886 minuuntur
2183 4830 2236 4883 in
2265 4829 2687 4900 proﬁcientibus,
2720 4846 2830 4886 non
2853 4844 3070 4903 peccata
3107 4840 3305 4907 solum,

1725 4925 1820 4981 sed
1864 4925 1993 4995 ipsze
2025 4938 2237 4994 quoque
2278 4923 2741 4993 concupiscentiae,
2790 4940 2914 4982 cum
2968 4931 3160 5000 quibus
3201 4951 3309 4990 non

1726 5014 2114 5072 consentiendo
2141 5012 2464 5085 conﬂigitur,
2496 5023 2551 5071 et
2569 5015 2762 5086 quibus
2782 5022 3167 5079 consentiendo
3187 5041 3312 5095 pec-

1726 5117 1902 5168 catur.
2798 5107 2802 5112 ’

1799 5202 1891 5257 21.
1930 5198 2082 5267 Quod
2107 5213 2234 5271 ergo
2254 5214 2380 5255 caro
2398 5202 2725 5273 concupiscit
2753 5205 3009 5264 adversus
3038 5211 3305 5278 spiritum,

1727 5291 1870 5364 quod
1890 5306 1995 5346 non
2026 5290 2229 5346 habitat
2252 5292 2308 5347 in
2334 5307 2497 5350 carne
2523 5305 2704 5350 nostra
2731 5297 2950 5368 bonum,
2974 5303 3113 5371 quod
3149 5304 3230 5359 lex
3257 5306 3307 5358 itt

1728 5383 1986 5440 membris
2013 5384 2211 5439 nostris
2234 5396 2495 5456 repugnat
2526 5387 2629 5457 legi
2675 5392 2888 5457 mentis,
2924 5408 3029 5446 non
3059 5403 3140 5448 est
3169 5395 3305 5449 dua-

1728 5492 1847 5533 rum
1884 5484 2196 5532 naturarum
2230 5491 2297 5534 ex
2345 5480 2628 5536 contrariis
2667 5484 2941 5553 principiis
2980 5484 3115 5539 facta
3155 5501 3305 5542 com-

1793 5675 1811 5707 ι
1837 5674 1987 5725 Editio
2000 5681 2132 5737 ιον..
2146 5675 2196 5726 in
2218 5676 2378 5727 carnis
2392 5677 2638 5730 serviente.
2656 5680 2942 5730 Emendatur
2961 5694 3023 5731 ex
3045 5683 3188 5735 editis
3201 5685 3311 5739 aliis

1730 5744 1795 5814 et,
1818 5744 2018 5814 euqntss.
2045 5752 2250 5814 quorum
2289 5740 2481 5814 plurimi
2510 5749 2680 5803 postea
2713 5743 2893 5803 ferunt,
2934 5741 3083 5796 libido
3116 5745 3307 5814 illicita,

1731 5811 1947 5864 quamvis
1969 5807 2281 5862 contineatur,
2308 5808 2402 5851 etc.

2691 5887 3001 5968 (Dousa)
