3882 6286
558 264 665 322 563

557 376 766 445 mixtio,
794 375 889 433 sed
930 375 1088 431 unius
1108 374 1367 434 adversus
1398 390 1458 433 se
1499 375 1668 447 ipsam
1692 384 1912 449 propter
1943 377 2149 448 peccati

558 471 809 526 meritum
834 466 971 523 facta
994 467 1206 524 divisio.
1229 467 1347 524 Non
1369 468 1447 524 sic
1478 468 1677 523 fuimus
1699 469 1751 524 in
1782 468 1974 536 Adam,
2002 476 2152 524 ante-

556 577 717 634 quam
749 570 934 615 natura
965 576 1064 616 suo
1109 562 1399 633 deceptore
1443 562 1624 618 audito
1664 577 1728 618 ac
1757 571 1965 630 secuto,
1995 577 2151 619 suum

554 654 975 724 contempsisset
1001 663 1162 726 atque
1206 653 1519 711 offendisset
1554 664 1827 710 auctorem
1875 673 1888 709 :
1922 671 2027 709 non
2066 663 2152 711 est

555 747 655 801 ista
710 747 856 817 prior
897 747 1004 801 vita
1043 749 1209 804 creati
1258 748 1521 815 hominis,
1553 748 1647 803 sed
1686 749 1953 819 posterior
1992 763 2152 819 paena

558 840 816 896 damnati.
856 840 934 896 Ex
969 856 1073 912 qua
1132 841 1475 896 damnatione
1520 856 1616 910 per
1658 839 1840 895 Jesum
1876 840 2151 897 Christum

560 933 729 1003 gratia
752 932 989 999 liberati,
1016 948 1137 988 cum
1169 948 1325 1003 poena
1365 947 1459 987 sua
1504 931 1758 988 dimicant
1787 932 1962 998 liberi,
2010 946 2149 988 non-

559 1025 685 1079 dum
710 1026 880 1080 salute
906 1025 1086 1096 plena,
1120 1025 1214 1081 sed
1252 1025 1363 1096 jam
1396 1024 1617 1095 pignore
1661 1024 1850 1080 salutis
1886 1031 2149 1106 accepto:

563 1132 671 1171 non
701 1115 908 1171 liberati
961 1124 1159 1181 autem,
1200 1124 1255 1171 et
1282 1116 1513 1188 peccatis
1540 1115 1557 1147 ί
1579 1115 1654 1170 rei
1683 1124 1830 1184 sunt,
1859 1123 1913 1171 et
1936 1114 2151 1186 suppli-

558 1208 656 1263 ciis
683 1205 955 1276 implicati.
982 1206 1107 1262 Post
1151 1206 1289 1261 hanc
1326 1221 1455 1262 vero
1481 1207 1645 1261 vitam
1689 1222 1795 1261 reis
1832 1206 2070 1261 manebit
2095 1206 2152 1262 in

556 1309 814 1355 mternum
841 1313 998 1370 poena
1030 1314 1129 1370 pro
1157 1301 1349 1370 culpa;
1394 1300 1579 1354 liberis
1607 1313 1715 1355 non
1753 1299 2050 1355 remanebit
2095 1300 2150 1356 in

556 1402 815 1447 mternum
847 1406 946 1446 nec
965 1392 1141 1463 culpa,
1174 1407 1271 1447 nec
1309 1406 1467 1462 paena
1503 1408 1518 1445 :
1547 1390 1642 1447 sed
1675 1392 2066 1463 permanebunt
2095 1391 2150 1446 in

556 1494 817 1545 aeternum
838 1482 1150 1537 substantia:
1170 1482 1325 1537 bonae
1355 1483 1573 1554 spiritus
1598 1490 1653 1537 et
1677 1497 1833 1547 caro;
1857 1496 1989 1551 quas
2011 1482 2153 1547 Deus

554 1578 730 1633 bonus
748 1586 803 1631 et
829 1575 1177 1631 immutabilis
1205 1576 1394 1641 bonas,
1417 1575 1663 1645 quamvis
1692 1574 2000 1640 mutabiles,
2020 1588 2154 1633 eone

563 1669 718 1725 didit.
735 1668 1132 1725 Permanebunt
1154 1678 1330 1721 autem
1351 1668 1401 1721 in
1425 1668 1617 1722 melius
1636 1674 1997 1733 commutatae,
2016 1682 2153 1723 nun-

558 1778 717 1834 quam
745 1761 855 1832 jam
887 1761 939 1815 in
970 1760 1209 1817 deterius
1254 1758 1556 1824 mutandae;
1586 1766 1903 1829 consumpto
1939 1758 2153 1829 penitus

555 1857 709 1913 omni
738 1854 969 1916 malo,et
994 1853 1135 1925 quod
1167 1852 1329 1907 homo
1346 1851 1471 1907 fecit
1496 1851 1710 1920 injuste,
1726 1859 1780 1906 et
1795 1850 1935 1920 quod
1963 1865 2152 1920 passus

559 1945 1022 2016 cstjuste.Quibus
1036 1944 1243 2000 duobus
1256 1944 1380 1999 mali
1394 1942 1680 2015 generibus
1692 1942 1912 1997 omnino
1924 1957 2153 2012 pereun-

558 2038 725 2105 tibus,
754 2052 978 2107 quorum
1001 2044 1084 2091 est
1109 2051 1271 2089 unum
1299 2031 1654 2105 prmcedentis
1678 2032 1996 2105 iniquitatis,
2014 2033 2151 2091 alte-

550 2144 677 2187 rum
713 2126 1091 2199 consequentis
1121 2122 1467 2191 infelicitatis,
1504 2125 1611 2180 erit
1635 2124 1868 2180 hominis
1899 2125 2015 2181 sine
2043 2124 2153 2185 ulla

555 2223 817 2294 pravitate
840 2220 1086 2275 voluntas
1112 2226 1280 2274 recta.
1310 2216 1385 2271 lbi
1417 2216 1667 2271 omnibus
1707 2216 1811 2270 erit
1838 2216 2042 2270 clarum
2063 2225 2151 2273 at~

556 2329 662 2385 que
696 2312 1056 2384 perspicuum,
1086 2309 1228 2381 quod
1254 2323 1395 2363 nunc
1425 2323 1455 2361 a
1484 2307 1732 2363 ﬁdelibus
1768 2309 1950 2364 multis
1979 2308 2153 2373 credie

554 2415 666 2473 tur,
692 2421 724 2459 a
771 2405 957 2476 paucis
1005 2404 1336 2475 intelligitur,
1370 2403 1569 2458 malum
1599 2418 1706 2459 non
1748 2418 1869 2459 esse
1898 2403 2153 2460 substan-

555 2499 724 2565 tiam;
756 2498 847 2553 sed
870 2498 1010 2554 sicut
1034 2497 1227 2552 vulnus
1262 2497 1313 2551 in
1342 2512 1586 2567 corpore,
1621 2498 1694 2552 ita
1733 2498 1786 2552 in
1808 2498 2107 2554 substantia
2128 2501 2150 2532 ²

557 2607 679 2663 quae
704 2606 763 2647 se
794 2591 962 2661 ipsam
994 2590 1221 2657 vitiavit,
1248 2604 1369 2646 esse
1412 2590 1643 2661 coepisse
1686 2598 1839 2661 peste
1878 2591 2150 2659 inchoata,

562 2692 723 2753 atque
751 2681 823 2738 ibi
862 2695 983 2738 esse
1012 2678 1258 2738 desinere
1284 2681 1512 2737 sanitate
1540 2681 1797 2754 perfecta.
1829 2681 1985 2739 Omni
2025 2670 2154 2756 ergo

557 2775 699 2830 malo
725 2783 915 2831 exorto
941 2789 973 2828 a
1000 2766 1183 2840 nobis,
1200 2782 1254 2829 et
1282 2774 1489 2844 perdito
1525 2775 1579 2829 in
1610 2775 1785 2843 nobis,
1821 2776 1962 2832 bono
1989 2778 2152 2835 etiam

556 2874 750 2922 nostro
781 2880 951 2937 usque
975 2864 1042 2919 ad
1063 2866 1273 2920 culmen
1301 2864 1624 2921 felicissima:
1664 2866 2075 2938 incorruptionis
2098 2878 2156 2926 et

554 2956 976 3013 immortalitatis
992 2963 1150 3011 aucto
1164 2964 1323 3025 atque
1339 2955 1593 3025 perfecto,
1618 2957 1790 3026 qualis
1808 2959 1909 3013 erit
1928 2968 2154 3031 utraque

556 3055 745 3105 nostra
774 3046 1072 3102 substantia
1098 3047 1121 3100 ἳ
1163 3046 1606 3117 Quandoquidem
1642 3064 1787 3103 nunc
1824 3049 1877 3104 in
1907 3050 2007 3104 ista
2034 3066 2156 3106 cor-

555 3139 810 3211 ruptione
834 3146 889 3194 et
932 3136 1282 3202 mortalitate,
1316 3151 1436 3192 cum
1467 3136 1644 3191 adhuc
1681 3154 1865 3210 corpus
1894 3142 2153 3212 corrupti-

558 3233 656 3289 bile
682 3239 929 3306 aggravet
954 3231 1178 3285 animam
1209 3229 1364 3302 (Sap.
1398 3244 1480 3297 ix,
1523 3230 1635 3301 15),
1665 3240 1720 3285 et
1751 3231 1893 3302 quod
1916 3233 2153 3303 Apostoe

555 3324 643 3380 lus
662 3325 809 3390 dicit,
840 3339 1025 3394 corpus
1063 3331 1320 3377 mortuum
1349 3330 1422 3375 est
1453 3330 1660 3392 prapter
1687 3332 1945 3392 peccatum
1972 3323 2149 3393 (Rom.

556 3430 673 3481 vnt,
701 3414 817 3487 10),
846 3413 952 3469 tale
985 3421 1165 3469 tamen
1192 3411 1559 3467 testimonium
1590 3411 1837 3482 perhibet
1867 3413 2006 3468 idem
2035 3415 2153 3485 ipse

557 3505 710 3563 carni
738 3512 958 3569 nostrae,
1002 3502 1057 3559 id
1094 3513 1178 3561 est
1208 3504 1345 3574 parti
1374 3512 1597 3559 nostrae-
1618 3502 1818 3559 intima:
1844 3513 2004 3575 atque
2045 3514 2153 3561 ter-

558 3612 725 3662 renae,
747 3604 808 3653 ut
834 3596 978 3652 dicat
1004 3595 1147 3667 quod
1170 3595 1328 3666 paulo
1352 3604 1479 3652 ante
1503 3598 1948 3663 commemoravi,
1986 3598 2155 3657 Nemo

558 3705 784 3759 unquam
804 3703 1008 3743 carnem
1049 3702 1196 3742 suam
1222 3686 1339 3742 odio
1370 3686 1579 3753 habuit;
1612 3688 1899 3761 statimque
1928 3689 2151 3760 subjun-

559 3790 671 3852 gat,
715 3779 805 3836 sed
829 3781 988 3836 nutrit
1030 3795 1143 3834 eam
1167 3788 1214 3833 et
1239 3779 1405 3850 fovet,
1442 3779 1572 3834 sicut
1615 3788 1661 3835 et
1704 3778 1933 3836 Christus
1962 3781 2141 3838 Eccle-

556 3876 689 3929 siam
706 3875 732 3929 ?

631 3965 858 4023 CAPUT
896 3964 991 4022 IX.
1018 3994 1090 4006 -—
1112 3963 1202 4019 22.
1227 3964 1441 4020 Carnem
1467 3952 1651 4019 natura
1671 3982 1772 4020 non
1799 3982 1905 4021 esse
1933 3967 2142 4037 malam,

561 4078 675 4115 cum
719 4062 827 4131 ejus
858 4060 1087 4131 exemplo
1116 4058 1400 4131 diligendus
1444 4074 1630 4113 uxores
1659 4059 1885 4113 hortetur
1926 4060 2148 4130 Apono-

563 4154 663 4208 lus.
697 4151 818 4206 Tres
860 4149 1058 4221 copula:
1100 4150 1369 4204 insinuata;
1406 4149 1469 4203 ab
1495 4149 1757 4219 Apostolo,
1788 4166 1959 4205 omnes
1984 4150 2148 4218 bonis,

558 4260 772 4315 quarum
795 4243 938 4298 tertia
958 4250 1028 4297 est
1054 4243 1221 4295 carnis
1267 4251 1313 4296 et
1334 4242 1560 4311 spiritus.
1588 4242 1797 4297 Mulieri
1830 4245 2151 4316 subjectionis

564 4335 853 4405 exemplum
889 4350 921 4386 a
965 4350 1117 4388 carne
1158 4350 1250 4387 cur
1291 4350 1392 4388 non
1419 4334 1615 4388 datum.
1649 4334 1766 4401 Quo
1814 4337 1994 4406 igitur,
2039 4352 2147 4392 non

563 4426 705 4492 dico,
753 4438 960 4490 errore,
988 4423 1082 4478 sed
1127 4438 1352 4493 prorsus
1378 4422 1557 4479 furore
1577 4465 1590 4488 ,
1625 4425 1903 4481 Manichmi
1933 4443 2151 4483 carnem

560 4522 800 4573 nostram
823 4516 1008 4572 nescio
1034 4515 1123 4569 cui
1152 4514 1408 4569 fabulosre
1433 4515 1580 4585 genti
1626 4517 1869 4573 tribuunt
1899 4520 2151 4575 tenebra-

557 4624 701 4675 rum,
727 4623 884 4678 quam
915 4606 1102 4662 volunt
1125 4620 1274 4660 suam
1304 4604 1420 4660 sine
1452 4605 1559 4659 ullo
1596 4606 1748 4662 initio
1776 4608 1969 4663 malam
2006 4624 2149 4666 sem-

557 4716 657 4771 per
687 4700 936 4756 habuisse
964 4708 1207 4756 naturam
1240 4716 1253 4753 :
1291 4713 1413 4754 cum
1441 4714 1602 4755 verax
1626 4700 1816 4757 doctor
1841 4704 1986 4760 viros
2024 4705 2146 4761 dili—

555 4806 685 4862 gere
712 4806 905 4847 uxores
929 4806 1054 4847 suas
1095 4790 1345 4862 exemplo
1368 4805 1481 4845 suae
1504 4793 1681 4848 carnis
1724 4793 1988 4863 hortetur,
2011 4812 2147 4867 quos

558 4884 629 4939 ad
675 4883 776 4938 hoc
819 4884 990 4953 ipsum
1012 4884 1208 4940 Christi
1254 4898 1468 4955 quoque
1508 4892 1563 4940 et
1600 4885 1859 4943 Ecclesiae
1902 4887 2145 4945 hortatur

555 4974 843 5044 exemplo?
902 4974 1067 5029 Totus
1110 4975 1341 5046 denique
1379 4977 1495 5047 ipse
1537 4979 1843 5048 apostolica:
1890 4981 2145 5051 Epistolas

554 5066 729 5132 locus,
759 5066 912 5123 valde
963 5067 1029 5121 ad
1077 5082 1191 5122 rem
1242 5070 1539 5136 pertinens,
1590 5073 1954 5129 recordandus
1996 5085 2079 5131 est
2127 5095 2139 5131 :

562 5157 695 5223 Viri,
741 5158 931 5228 inquit,
978 5158 1175 5229 diligite
1212 5174 1396 5214 uxores
1424 5170 1635 5230 uestras,
1674 5165 1801 5218 sicut
1837 5175 1883 5220 et
1911 5165 2143 5223 Christus

555 5247 733 5303 dilexit
755 5247 1058 5317 Ecclesium,
1093 5258 1139 5303 et
1176 5265 1229 5304 se
1256 5249 1425 5319 ipsum
1450 5252 1661 5307 tradidit
1698 5272 1789 5325 pro
1815 5272 1894 5324 ea,
1938 5268 1991 5313 ut
2027 5277 2141 5315 eam

550 5340 911 5409 sanctiﬁcaret,
943 5339 1198 5395 mundana
1225 5340 1425 5397 lavacro
1460 5360 1607 5415 aqum
1636 5347 1689 5401 in
1728 5349 1874 5404 verba
1893 5368 1913 5415 ;
1962 5360 2019 5405 ut
2052 5369 2142 5407 ex-

554 5430 741 5486 hiberet
782 5429 879 5486 sibi
932 5431 1040 5502 ipse
1083 5432 1358 5503 gloriosam
1404 5432 1717 5506 Eeclesiam,
1748 5456 1851 5494 non
1878 5440 2142 5515 habentem

559 5523 837 5588 maculam,
881 5532 967 5577 aut
1013 5539 1215 5594 rugam,
1260 5533 1347 5578 aut
1393 5524 1589 5595 aliquid
1614 5529 2057 5596 huiusmodi;scd
2085 5544 2140 5588 ut

613 5639 630 5669 ¹
656 5636 963 5712 Michaelinus
984 5647 1084 5699 Ms,
1118 5640 1318 5712 peccati.
1341 5641 1574 5712 Fuliensis
1598 5653 1649 5697 et
1686 5646 1765 5697 alii
1810 5649 2022 5712 quidam,
2045 5662 2139 5700 non

548 5694 738 5764 liberati
751 5706 908 5764 autem
924 5716 953 5751 α
974 5694 1201 5764 peccatis,
1222 5703 1293 5753 rei
1306 5711 1432 5756 sunt.

619 5762 639 5792 ¹
663 5762 735 5810 sic
757 5762 936 5825 aliquot
959 5762 1064 5814 Mss.
1087 5772 1141 5816 At
1165 5766 1300 5828 editi,
1327 5764 1395 5817 ita
1418 5767 1744 5822 substantiam.

1718 260 1809 315 DE
1847 256 2328 333 CONTINENTIA,
2368 258 2426 314 S.
2469 261 2838 322 AUGUSTINI
3711 288 3789 352 εει

2263 376 2332 432 sit
2354 386 2530 432 sancta
2555 388 2604 434 et
2628 381 2974 439 immaculata.
3004 383 3111 454 Ita,
3139 386 3330 459 inquit,
3356 398 3409 448 ct
3432 393 3525 450 uiri
3550 394 3702 458 debent
3723 407 3785 460 di.

2264 470 2419 543 ligere
2441 489 2626 529 uxores
2653 492 2794 545 suas,
2820 478 2948 533 sicut
2990 495 3204 550 corpora
3230 499 3347 538 sua.
3378 484 3480 551 Qui
3521 488 3673 564 diligit
3696 512 3787 555 ιω.

2262 579 2368 617 rem
2391 580 2558 633 suam,
2590 582 2644 621 se
2665 567 2835 638 ipsum
2855 569 3020 641 diligit
3050 570 3267 639 (Ephes.
3312 590 3371 644 ν,
3398 576 3608 650 2539).
3633 584 3788 649 Deinde

2263 653 2559 724 subjunxit,
2587 657 2731 727 quod
2761 658 2875 728 jam
2901 664 3447 723 commemoravimus
3474 685 3488 721 :
3519 669 3669 729 Nemo
3692 682 3787 737 etin

2261 761 2484 816 unquam
2509 764 2713 803 carnem
2746 766 2892 805 suam
2946 752 3063 807 odio
3087 754 3283 823 habuit,
3326 759 3419 813 sed
3461 765 3610 817 nutrit
3630 777 3669 820 et
3698 774 3787 839 [ora

2262 854 2391 906 eam,
2417 840 2545 895 sicut
2562 850 2613 896 et
2637 840 2870 899 Christus
2895 842 3194 903 Ecclesium.
3215 848 3360 918 Quid
3377 851 3445 906 ad
3466 852 3577 910 haec
3600 856 3707 914 dicit
3722 862 3791 916 im-

2261 932 2629 989 mundissimis
2657 936 2946 1006 impietatis
2973 938 3185 996 insania
3202 941 3226 994 τ
3244 942 3388 1010 Quid
3416 944 3483 1001 ad
3503 945 3610 1003 haec
3638 949 3787 1022 dicitis,

2260 1026 2576 1083 Manichmi?
2633 1029 2725 1099 qui
2772 1030 2928 1086 nobis
2972 1032 3122 1089 velut
3168 1049 3236 1091 ex
3279 1038 3591 1107 apostolicis
3626 1041 3789 1103 Litteris

2261 1117 2394 1173 duas
2419 1119 2534 1175 sine
2576 1119 2731 1177 initio
2777 1131 3020 1189 naturas,
3053 1140 3215 1182 anan)
3245 1127 3400 1196 boni,
3433 1130 3645 1189 alteram
3681 1140 3787 1203 ntali.

2260 1210 2528 1265 conamini
2559 1210 2853 1280 inducere;
2892 1221 2949 1270 et
2976 1218 3302 1286 apostolicas
3325 1220 3582 1290 Litteras,
3606 1241 3705 1296 qua:
3724 1245 3790 1285 vos

2260 1302 2329 1356 ab
2376 1302 2476 1356 ista
2522 1303 2780 1375 sacrilega
2826 1308 3183 1377 perversitate
3219 1312 3517 1384 corrigam,
3546 1332 3643 1372 non
3674 1322 3789 1377 vultis

2259 1391 2466 1448 audire.
2497 1393 2644 1450 Sicut
2672 1393 2871 1465 legitis,
2903 1396 3036 1454 Caro
3060 1402 3375 1471 concupiscit
3403 1404 3635 1461 adversus
3678 1412 3789 1480 spiri-

2261 1495 2367 1541 tum
2395 1484 2589 1561 (Galat.
2612 1504 2667 1555 v,
2697 1490 2826 1561 i7);
2862 1500 2938 1557 et,
2970 1489 3095 1547 Non
3123 1493 3319 1549 habitat
3361 1497 3418 1551 in
3444 1514 3593 1553 carne
3612 1518 3705 1556 mea
3724 1503 3786 1557 bo-

2260 1596 2382 1634 num
2404 1596 2423 1635 :
2452 1582 2521 1635 ita
2549 1581 2729 1652 legite,
2765 1582 2933 1639 Nemo
2952 1601 3178 1656 unquam
3218 1604 3428 1645 carnem
3454 1608 3591 1645 suam
3616 1596 3711 1649 odio
3731 1598 3788 1650 ltu-

2260 1670 2495 1738 buit,sed
2523 1672 2681 1726 nutrit
2730 1682 2775 1729 et
2802 1676 2934 1746 fovet
2957 1692 3089 1742 eam,
3141 1678 3277 1733 sicut
3323 1688 3371 1733 et
3417 1679 3633 1737 Christus
3656 1683 3786 1739 Eccle-
3842 1694 3843 1747 1

2257 1764 2409 1819 siam.
2434 1763 2583 1820 Sicut
2600 1765 2797 1836 legitis,
2839 1765 2996 1823 Video
3019 1769 3176 1825 aliam
3199 1772 3366 1842 legem
3388 1773 3443 1828 in
3471 1776 3681 1831 membris
3700 1783 3787 1834 meis

2258 1864 2620 1928 repugnantem
2649 1856 2747 1928 legi
2774 1859 2953 1914 mentis
2982 1877 3107 1918 mete
3145 1862 3331 1933 (Rom.
3372 1880 3467 1930 vn,
3497 1866 3578 1932 i8,
3599 1866 3674 1939 25)
3704 1872 3783 1925 πω

2259 1947 2440 2020 legite,
2465 1948 2611 2005 Sicut
2634 1948 2867 2008 Christus
2894 1952 3072 2011 dilexit
3110 1954 3417 2026 Ειοιεείαιη,
3442 1960 3515 2015 ita
3539 1970 3584 2016 et
3626 1964 3702 2018 viti
3726 1966 3785 2019 ἀι·
3842 1947 3843 2026 ξ

2258 2041 2375 2098 bent
2399 2042 2613 2115 diligere
2630 2061 2814 2103 uxores
2836 2064 2980 2114 suas,
3020 2050 3150 2105 sicut
3191 2068 3289 2106 sua
3317 2068 3551 2126 corpora.
3579 2055 3722 2113 Nolite
3743 2058 3781 2113 in

2258 2134 2363 2190 illis
2402 2144 2602 2192 sanctm
2631 2136 2925 2207 Scriptum
2962 2141 3291 2200 testimoniis
3334 2160 3461 2203 esse
3502 2146 3725 2214 insidiosi,
3746 2150 3781 2205 in

2259 2225 2346 2282 his
2374 2228 2551 2294 surdi;
2583 2237 2639 2285 et
2662 2231 2815 2287 eritis
2840 2232 2896 2287 in
2925 2234 3167 2304 utrisque
3192 2238 3449 2294 correcti.
3481 2237 3599 2295 llarc
3624 2242 3733 2296 enim
3750 2243 3779 2297 si

2258 2319 2529 2389 accipiatis
2556 2330 2613 2377 ut
2636 2321 2854 2393 dignum
2877 2332 2981 2392 est,
3012 2326 3345 2385 eonabimini
3369 2338 3425 2385 et
3449 2330 3537 2386 illa
3554 2331 3782 2403 intelligere

2260 2418 2319 2465 ιιι
2350 2426 2537 2468 verum
2557 2422 2659 2469 εει.

2331 2503 2419 2558 25.
2461 2504 2596 2561 Tres
2636 2506 2893 2577 quasdam
2928 2508 3151 2579 copulas
3191 2509 3355 2567 nobis
3394 2512 3658 2569 insinuavit
3682 2514 3780 2582 Apo-

2259 2595 2449 2663 stolus,
2480 2596 2750 2653 Christum
2780 2608 2834 2655 et
2857 2599 3176 2668 Eeclesiam,
3205 2604 3388 2660 virum
3410 2614 3463 2662 et
3484 2620 3692 2673 uxorem,
3710 2608 3777 2676 spi.

2259 2687 2421 2744 ritum
2449 2698 2504 2745 et
2531 2705 2768 2746 carnem.
2793 2692 2992 2749 Horum
3023 2695 3201 2764 priora
3226 2698 3615 2769 posterioribus
3636 2714 3777 2755 consu-

2260 2779 2396 2849 lunt,
2448 2783 2745 2853 posteriora
2778 2785 3043 2853 prioribus
3087 2787 3447 2846 famulantur.
3479 2791 3647 2847 Omnis
3681 2791 3777 2847 bona

2259 2883 2406 2942 sunt,
2433 2890 2555 2932 cum
2594 2877 2646 2932 in
2674 2878 2754 2933 eis
2781 2878 3024 2949 quaadam
3051 2880 3255 2938 ordinis
3283 2883 3698 2954 pulchritudinem
3712 2900 3775 2939 es-

2259 2968 2516 3025 ccilenter
2554 2972 2862 3041 praeposita,
2903 2973 3146 3044 quaedam
3185 2974 3450 3034 decenter
3483 2977 3689 3048 subjecta
3710 2992 3774 3031 cu-

2257 3058 2516 3116 stodiunt.
2558 3059 2653 3115 Vir
2679 3068 2733 3116 et
2759 3077 2913 3129 uxor,
2959 3063 3145 3134 quales
3194 3080 3385 3123 secum
3437 3082 3552 3126 esse
3590 3067 3772 3133 debeant,

2258 3160 2583 3222 praeceptum
2604 3154 2872 3225 accipiunt
2912 3164 2968 3212 et
2994 3158 3330 3229 exemplum.
3356 3160 3663 3232 Praeceptum
3680 3169 3739 3217 est
3760 3177 3770 3214 :

2260 3242 2500 3299 Mulieres
2544 3244 2666 3300 viris
2707 3247 2816 3301 suis
2852 3245 3069 3305 subditis
3107 3249 3232 3319 sint,
3278 3253 3410 3308 sicut
3449 3252 3772 3323 Domitio;un

2256 3337 2334 3391 uir
2352 3347 2504 3408 caput
2530 3339 2753 3395 mulieris
2775 3349 2888 3406 est;
2912 3351 2988 3410 et,
3032 3341 3164 3411 Viri,
3190 3344 3394 3417 diligite
3427 3364 3598 3404 uxores
3620 3355 3768 3403 miras.
3836 3337 3843 3417 J

2257 3429 2576 3501 Exemplum
2602 3442 2781 3489 autem
2807 3433 2968 3490 datur
2992 3437 3314 3497 mulieribus
3342 3440 3410 3497 de
3429 3440 3663 3509 Ecclesia,
3682 3439 3769 3495 viris

2256 3519 2324 3577 de
2352 3521 2567 3578 Christo
2597 3540 2612 3578 :
2637 3522 2784 3580 Sicut
2800 3523 3057 3597 Ecclesia,
3084 3529 3280 3600 inquit,
3309 3532 3509 3590 subdita
3529 3532 3767 3595 estChtt'ttt.

2259 3613 2332 3668 ita
2356 3623 2405 3669 et
2428 3614 2660 3671 mulieres
2689 3617 2809 3673 uiris
2837 3619 2944 3674 suis
2986 3620 3041 3674 in
3069 3623 3322 3681 omnibus.
3363 3624 3603 3682 Similiter
3647 3632 3689 3679 et
3714 3622 3767 3676 vi-

2256 3707 2333 3763 ris
2379 3707 2503 3764 dato
2557 3721 2848 3782 praecepto,
2890 3720 2950 3769 ut
2993 3729 3188 3772 uxores
3261 3733 3390 3776 suas
3435 3720 3671 3791 diligant,
3703 3714 3768 3769 ad-

2251 3797 2384 3869 jecit
2423 3802 2763 3873 exemplum,
2818 3803 2969 3860 Sicut
3036 3805 3269 3865 Christus
3312 3810 3486 3869 dilexit
3537 3808 3765 3866 Ecclesia:

2257 3892 2363 3949 Sed
2408 3895 2552 3951 viros
2617 3904 2672 3952 et
2730 3912 2761 3951 a
2819 3914 2880 3953 re
2931 3898 3185 3959 inferiore
3242 3904 3549 3962 adhortatus
3602 3908 3698 3967 est,
3731 3896 3767 3953 id
3836 3976 3837 3983 γ

2256 3994 2360 4048 est,
2389 4001 2416 4037 a
2455 4000 2681 4056 corpore
2715 4003 2847 4056 suo;
2876 4004 2985 4047 non
3020 4000 3228 4049 tantum
3256 4010 3289 4050 a
3318 3995 3601 4067 superiore,
3623 3992 3667 4049 id
3694 3996 3764 4053 εει»

2256 4091 2287 4130 a
2313 4076 2539 4132 Domino
2586 4093 2705 4134 suo.
2750 4079 2868 4137 Non
2903 4082 3050 4139 enim
3089 4085 3267 4141 solum
3320 4089 3413 4156 ait,
3451 4086 3586 4153 Viri,
3628 4082 3767 4154 diligite

2256 4183 2439 4222 uxores
2461 4178 2668 4267 uestras,
2696 4171 2824 4226 sicut
2844 4182 2893 4229 et
2912 4171 3145 4231 Christus
3164 4177 3343 4234 dilexit
3373 4179 3646 4242 Wm’
3836 4171 3844 4267 l

2255 4268 2338 4315 est
2368 4274 2399 4314 a
2426 4262 2737 4331 superiore;
2769 4280 2955 4321 verum
2994 4267 3157 4324 etiam
3185 4269 3343 4337 dixit,
3376 4270 3480 4326 Viri
3516 4263 3763 4325 debenttlili-

2254 4368 2369 4423 gere
2388 4370 2570 4411 uxores
2584 4372 2703 4411 suas
2722 4358 2851 4413 sicut
2876 4375 3093 4431 corpora
3118 4379 3213 4419 sita
3258 4363 3469 4437 (Ephes.
3510 4378 3559 4432 tt,
3599 4358 3759 4425 23-23).

2255 4444 2396 4514 quod
2421 4454 2505 4501 est
2533 4446 2601 4502 ab
2624 4447 2881 4507 inferiore
2909 4468 2924 4506 :
2953 4455 3076 4523 quia
3106 4464 3162 4510 et
3198 4457 3474 4527 superiora
3498 4468 3548 4512 et
3569 4453 3759 4510 inferiora

2254 4535 2392 4593 bona
2431 4547 2555 4594 sunt
2582 4541 2781 4596 omnia.
2826 4542 2936 4599 Nec
2984 4554 3163 4603 tamen
3207 4549 3403 4606 mulier
3426 4564 3457 4604 a
3482 4560 3672 4617 corpore
3700 4540 3758 4595 vel

2252 4642 2414 4685 carne
2459 4632 2666 4703 accepit
2703 4636 3031 4707 exemplum,
3071 4646 3130 4695 ut
3170 4640 3243 4696 ita
3287 4652 3427 4698 esset
3454 4639 3636 4698 subdita
3660 4636 3755 4697 viro.

2252 4724 2390 4780 sicut
2425 4726 2630 4797 spiritui
2661 4742 2788 4784 caro
2820 4747 2834 4785 :
2866 4731 2961 4787 sed
2990 4742 3083 4788 aut
3116 4744 3501 4808 consequenter
3535 4727 3755 4802 Apostolus

2251 4816 2473 4889 intelligi
2510 4819 2698 4886 voluit,
2734 4820 2886 4891 quod‘
2922 4821 3103 4881 dicere
3150 4828 3513 4896 praetermisit;
3555 4830 3632 4880 aut
3660 4820 3755 4874 forte

2251 4910 2374 4981 quia
2400 4926 2525 4966 caro
2553 4912 2884 4984 concupiscit
2901 4915 3158 4976 adversus
3183 4921 3424 4991 spiritum
3449 4921 3499 4976 in
3521 4917 3653 4987 hujus
3668 4911 3752 4966 vim

2249 5003 2574 5060 mortalitate
2601 5015 2762 5075 atque
2781 5006 3058 5079 languore,
3088 5010 3293 5070 ideode
3310 5014 3399 5070 illa
3426 5010 3580 5069 noluit
3597 4997 3750 5063 mulieri

2250 5096 2552 5166 exemplum
2595 5097 2953 5168 subiectionis
2997 5102 3273 5162 adhibere.
3305 5104 3440 5160 Viris
3471 5109 3627 5157 autem
3664 5091 3747 5147 ideo

2248 5186 2435 5255 voluit,
2455 5190 2577 5258 quia
2605 5190 2707 5245 etsi
2722 5196 3055 5264 concupiscit
3071 5197 3291 5268 spiritus
3313 5197 3549 5253 adversus
3566 5196 3744 5247 carnem,

2249 5280 2408 5336 etiam
2438 5281 2490 5336 in
2518 5281 2617 5336 hoc
2646 5281 2763 5351 ipso
2792 5286 3021 5341 consulit
3048 5290 3195 5344 carni
3227 5288 3371 5346 εειοὴ
3399 5288 3639 5345 sicutcaro
3653 5288 3743 5331 σοῦ’

2247 5374 2527 5444 cupisccns
2582 5374 2841 5434 adversus
2881 5380 3157 5449 spiritum,
3203 5397 3302 5439 nec
3341 5378 3531 5451 spiritui
3572 5364 3742 5430 consttlii

2248 5466 2338 5521 tali
2364 5467 2807 5536 repugnatione‘,
2861 5484 2964 5525 nec
2998 5470 3122 5527 sibi.
3161 5472 3278 5530 Non
3309 5481 3472 5528 tamen
3498 5467 3541 5522 ei
3579 5458 3738 5533 spiritus

2245 5558 2439 5623 bonus,
2471 5560 2582 5615 δῖνα
2601 5559 2718 5629 eius
2747 5570 2989 5618 naturam
3022 5579 3117 5634 per
3133 5564 3500 5635 providentiam
3524 5545 3737 5612 nutriendo

2244 5664 2308 5705 ac
2361 5650 2620 5718 fovendo,
2657 5652 2771 5707 sive
2813 5652 2928 5723 ejus
2954 5654 3096 5710 vitiis
3126 5670 3222 5725 per
3271 5650 3608 5713 continentiam
3638 5636 3732 5696 Γαδία

2312 5776 2327 5806 ι
2348 5776 2419 5825 sic
2440 5780 2546 5826 Mss.
2568 5775 2685 5827 Editi
2705 5789 2843 5841 vero,
2865 5775 2975 5830 talis
2997 5778 3290 5848 repugnatio.
