3882 6286
169 281 255 341 555
1520 262 1681 320 LIBE?

1788 262 1965 321 JNUS.

167 394 339 461 stendo,
366 389 673 455 consuleret,
704 386 805 443 nisi
833 390 1062 457 utraque
1090 384 1386 441 substantia
1407 381 1688 454 utriusque

162 489 372 547 artilicem
400 485 577 548 Deum,
605 482 765 538 etiam
793 480 990 536 decore
1015 480 1098 534 sui
1124 479 1282 549 hujus
1312 479 1515 534 ordinis
1544 478 1683 533 indi-

160 588 289 639 caret.
317 576 440 644 Quid
462 582 692 645 estergo
715 572 857 645 quod
882 588 977 627 vos
1015 586 1139 627 vera
1166 570 1436 627 dementia
1458 579 1513 626 et
1542 570 1686 625 chri-

158 673 321 728 stianos
345 681 454 723 esse
486 665 715 736 iactatis,
744 672 801 721 et
824 672 1013 719 contra
1040 663 1345 733 Scripturas
1365 664 1687 719 cliristiauas

157 762 289 819 oculis
312 758 511 824 clausis,
544 758 629 813 vel
664 758 841 829 potius
891 755 1191 823 exstinctis,
1239 763 1384 811 tanta
1408 757 1683 826 perversi-

155 868 239 913 tate
276 851 605 918 contenditis,
660 852 749 907 et‘
795 850 1069 907 Christum
1108 859 1410 908 asserentes
1454 851 1509 907 in
1556 850 1684 917 falsa

153 957 278 999 carne
296 940 590 1010 apparuisse
639 938 973 1005 mortalibus,
1012 945 1067 994 et
1093 936 1387 994 Ecclesium
1425 938 1478 993 in
1506 939 1684 993 anima

151 1033 201 1090 ad
224 1031 487 1099 Christum,
528 1032 583 1086 in
609 1045 838 1101 corpore
880 1031 947 1086 ad
983 1030 1256 1087 diabolum
1300 1031 1589 1102 pertinere,
1630 1040 1686 1088 et

148 1141 299 1183 sexum
331 1124 529 1179 virilem
566 1132 731 1194 atque
766 1122 1080 1179 muliebrem
1117 1122 1317 1179 diaboli
1346 1138 1509 1195 opera
1538 1139 1680 1189 esse,

149 1234 232 1275 non
258 1217 355 1282 Dei,
383 1225 433 1271 et
458 1216 669 1287 spiritui
694 1231 910 1273 carnem
938 1225 1189 1287 tanquam
1215 1217 1412 1273 malam
1437 1218 1685 1273 substan-

147 1313 247 1366 tiam
272 1311 406 1365 bona:
430 1308 743 1365 substantias
771 1308 1078 1365 cohaerere?

204 1400 395 1459 CAPUT
422 1399 492 1455 Χ.
508 1400 690 1455 -24.
709 1396 1113 1455 Manichaeorum
1137 1400 1341 1457 haeresis
1359 1409 1507 1473 negat
1529 1402 1686 1471 fuisse

152 1496 195 1551 in
212 1494 373 1551 Christo
389 1510 594 1549 carnem
611 1510 801 1548 veram.
815 1492 952 1549 Dicit
973 1495 1169 1548 animas
1185 1494 1253 1547 ad
1267 1494 1541 1560 Christum,
1565 1512 1681 1549 cor-

145 1607 244 1661 pora
263 1589 320 1642 ad
336 1586 590 1644 diabolum
609 1588 885 1661 pertinere,
915 1597 963 1643 et
997 1605 1172 1643 sexum
1194 1598 1463 1659 utrumque
1492 1605 1598 1644 esse
1622 1606 1684 1644 ea:

142 1685 321 1740 diabolo.
359 1684 413 1740 Si
451 1699 646 1756 parum
684 1684 837 1739 vobis
875 1682 1123 1738 videntur
1163 1683 1490 1753 respondere
1522 1686 1541 1716 ²
1564 1699 1682 1754 qum

141 1782 192 1836 de
216 1778 499 1851 apostolicis
526 1779 1069 1835 commemoravimus
1095 1779 1310 1835 Litteris
1332 1820 1348 1847 ,
1381 1778 1563 1835 audite
1584 1778 1682 1834 ad-

140 1874 221 1929 huc
242 1874 351 1940 alia,
374 1874 417 1928 si
445 1889 609 1929 aures
632 1874 858 1930 habetis.
882 1873 1019 1943 Quid
1042 1872 1109 1929 de
1138 1889 1299 1930 carne
1326 1873 1522 1929 Christi
1551 1872 1683 1929 dicit

138 1966 466 2022 insanissimus
492 1964 860 2022 Manichacus?
884 1965 1037 2035 Quod
1069 1981 1174 2021 non
1206 1966 1367 2021 fuerit
1394 1981 1520 2021 vera
1544 2009 1558 2033 ,
1588 1966 1681 2023 sed

136 2060 255 2117 falsa.
296 2060 426 2129 Quid
468 2062 538 2116 ad
585 2062 687 2116 hoc
727 2061 856 2117 dicit
896 2061 1082 2117 beatus
1119 2061 1446 2132 Apostolus?
1487 2062 1684 2116 Memor

134 2164 215 2209 esto
250 2154 490 2211 Christum
529 2154 709 2211 Jesum
748 2156 1026 2211 surrexisse
1064 2173 1097 2210 a
1139 2158 1350 2211 mortuis
1395 2174 1460 2212 ea:
1497 2159 1686 2213 semine

134 2246 291 2311 David,
332 2246 613 2301 secundum
651 2247 962 2318 evangelium
1006 2263 1172 2300 meum
1207 2245 1279 2317 (il
1318 2246 1448 2301 Tim.
1483 2264 1554 2313 ιι,
1601 2247 1681 2318 8).

132 2339 182 2393 Et
203 2340 301 2408 ipse
326 2336 571 2394 Christus
591 2336 771 2403 Jesus,
801 2337 1033 2408 Palpate,
1064 2338 1255 2408 inquit,
1288 2349 1333 2393 et
1360 2338 1538 2405 videte,
1566 2340 1685 2409 quia

130 2431 304 2499 spiritus
332 2447 535 2483 carnem
560 2439 607 2483 et
636 2447 749 2484 ossa
778 2445 878 2482 non
906 2428 1085 2496 habet,
1125 2429 1251 2484 sicut
1280 2446 1358 2483 me
1387 2430 1560 2483 videtis
1591 2430 1684 2484 ha-

130 2520 377 2593 bere(Luc.
409 2538 564 2587 xxiv,
594 2522 706 2593 59).
732 2521 1011 2590 Quomodo
1039 2530 1121 2577 est
1152 2522 1205 2577 in
1231 2538 1414 2577 eorum
1441 2523 1684 2578 doctrina

129 2616 324 2681 veritas,
351 2630 470 2686 quae
503 2615 756 2684 prtedicat
783 2614 925 2686 quod
953 2614 1005 2669 in
1035 2628 1197 2671 carne
1223 2614 1418 2671 Christi
1445 2625 1561 2671 erat
1590 2616 1686 2672 lal-

128 2709 263 2763 sitas?
290 2707 570 2775 Quomodo
598 2708 650 2761 in
674 2707 886 2763 Christo
913 2721 1021 2762 non
1048 2714 1166 2763 erat
1190 2706 1356 2763 ullum
1385 2709 1604 2773 malum,
1626 2710 1685 2766 in

126 2816 212 2871 quo
229 2808 335 2856 erat
362 2810 471 2856 tam
507 2794 711 2871 grande
741 2799 1095 2856 mendacium.
1140 2799 1274 2868 Quia
1299 2801 1547 2857 videlicet
1581 2804 1681 2857 ho-

126 2893 327 2947 minibus
348 2893 571 2947 nimium
602 2892 815 2946 mundis
842 2892 1039 2947 malum
1062 2901 1145 2946 est
1166 2907 1293 2947 caro
1316 2908 1463 2961 vera,
1496 2902 1550 2949 et
1576 2910 1683 2950 non

124 2993 191 3037 est
215 2984 399 3039 malum
431 2985 563 3039 falsa
605 3001 701 3053 pro
726 2999 851 3039 vera
884 3002 897 3039 :
924 2984 1124 3038 malum
1158 2993 1240 3039 est
1268 3000 1394 3041 caro
1422 3001 1549 3039 vera
1582 3001 1682 3041 ητις

124 3076 293 3130 scentis
329 3090 392 3131 ex
424 3076 593 3131 David
635 3076 839 3136 semine
862 3119 877 3143 ,
909 3084 966 3132 et
1004 3090 1111 3131 non
1142 3085 1225 3132 est
1264 3077 1460 3132 malum
1504 3077 1682 3149 lingua

123 3166 232 3222 falsa
260 3168 481 3224 dicentis
506 3210 520 3235 ,
550 3166 771 3239 Palpate
792 3209 808 3235 ,
837 3176 885 3221 et
920 3168 1081 3222 videte
1104 3168 1226 3239 quia
1251 3168 1458 3238 spiritus
1491 3185 1606 3223 ossa
1635 3178 1685 3225 et

124 3279 295 3315 carnem
323 3279 423 3318 non
452 3263 619 3329 liabet,
644 3264 773 3316 sicut
800 3278 879 3315 me
906 3261 1085 3317 videtis
1106 3262 1321 3316 habere!
1346 3263 1419 3317 De
1439 3262 1680 3318 Ecclesia

123 3354 225 3424 quid
262 3353 385 3429 dicit
429 3354 687 3424 deceptor
725 3352 1002 3409 hominum
1042 3354 1096 3408 in
1140 3354 1418 3409 mortifero
1456 3355 1682 3410 errore?

124 3444 250 3512 Quod
278 3460 341 3501 ex
370 3454 521 3517 parte
556 3445 852 3501 animarum
891 3446 1155 3515 pertineat
1180 3444 1245 3499 ad
1276 3442 1544 3499 Christum
1568 3486 1584 3513 ,
1614 3461 1678 3500 ex

124 3546 251 3606 parte
275 3553 555 3608 corporum
580 3538 647 3592 ad
674 3536 966 3591 diabolum.
1006 3536 1142 3603 Quid
1169 3535 1234 3590 ad
1274 3536 1387 3590 lucc
1414 3535 1543 3591 dicit
1576 3537 1680 3590 Do-

122 3640 219 3685 ctor
248 3632 490 3687 Gentium
538 3631 592 3685 in
634 3629 735 3686 ﬁde
772 3638 827 3686 et
866 3630 1131 3685 veritate?
1174 3627 1430 3694 Nescitis,
1470 3629 1676 3700 inquit,

124 3724 223 3791 quia
241 3740 449 3794 corpora
470 3733 634 3778 vestra
656 3722 877 3777 membra
896 3731 1012 3775 sunt
1034 3722 1220 3775 Christi
1245 3720 1295 3793 (Ι
1317 3718 1435 3776 Cor.
1461 3737 1535 3788 νι,
1565 3719 1682 3791 i5)?

123 3816 185 3872 De
200 3834 321 3874 sexu
338 3817 556 3873 masculi
573 3826 627 3873 et
643 3816 850 3871 femina:
868 3815 992 3887 quid
1015 3814 1143 3870 dicit
1166 3813 1304 3869 lilius
1327 3812 1638 3885 perditionis
1658 3814 1682 3869 Ἰ

124 3910 253 3979 Quod
288 3920 507 3981 uterque
539 3924 702 3965 sexus
727 3924 831 3963 non
863 3923 928 3963 ex
965 3908 1074 3962 Deo
1099 3907 1197 3973 sit,
1226 3906 1319 3961 sed
1345 3921 1411 3961 ex
1440 3905 1675 3961 diabolo.

122 4004 242 4072 Quid
259 4004 322 4059 ad
342 4004 452 4059 lucc
471 4004 601 4058 dicit
620 4002 727 4056 Vas
753 4001 1064 4057 electionis?
1086 3999 1253 4065 Sicut,
1284 4001 1473 4071 inquit,
1497 4000 1679 4054 mulier

123 4114 177 4150 ex
206 4098 333 4163 viro,
367 4098 433 4151 ita
461 4106 508 4151 et
536 4098 613 4150 vir
643 4112 734 4167 per
768 4094 1059 4157 mulierem;
1091 4092 1261 4146 omnia
1290 4102 1457 4145 autem
1483 4109 1546 4146 ea:
1569 4089 1681 4144 Deo

124 4188 217 4257 (Id.
238 4206 288 4245 xi
306 4232 320 4258 ,
347 4190 450 4263 12).
480 4191 557 4246 De
585 4205 746 4244 carne
770 4187 896 4259 quid
922 4187 1050 4241 dicit
1079 4202 1174 4257 per
1197 4185 1546 4241 Manichzeum
1573 4186 1682 4255 spi-

124 4285 240 4340 ritus
276 4285 609 4340 immundus?
638 4283 789 4353 Quod
819 4283 887 4337 sit
928 4282 1063 4337 mala
1099 4282 1414 4346 substantia,
1435 4295 1535 4335 nec
1562 4281 1677 4348 Dei,

122 4378 205 4433 sed
243 4380 429 4434 inimici
470 4387 739 4434 creatura.
769 4375 906 4444 Quid
935 4375 1001 4430 ad
1032 4374 1146 4429 haec
1174 4374 1303 4429 dicit
1331 4388 1425 4444 per
1455 4373 1677 4428 Paulum

125 4470 337 4541 Spiritus
359 4472 606 4529 sanctus?
634 4472 783 4526 Sicut
810 4470 938 4524 enim
961 4486 1146 4538 corpus
1172 4484 1331 4522 unum
1359 4477 1453 4532 est,
1484 4467 1677 4537 inquit,

125 4571 162 4614 et
186 4564 389 4617 membra
412 4565 554 4619 habet
582 4562 744 4617 multa
762 4603 777 4627 ,
812 4561 982 4615 omnia
1006 4570 1171 4613 autem
1204 4560 1426 4613 membra
1454 4559 1679 4629 corporis

129 4670 227 4707 cum
260 4657 353 4709 sint
384 4658 571 4720 multa,
600 4672 756 4710 unum
798 4663 868 4708 est
904 4670 1119 4723 corpus;
1150 4653 1221 4705 ita
1255 4661 1299 4705 et
1333 4648 1581 4705 Christus.
1616 4650 1683 4704 Et

130 4748 267 4815 patilo
296 4760 401 4818 post
432 4768 443 4803 :
476 4747 656 4803 Posuit
681 4790 695 4813 ,
728 4747 934 4817 inquit,
962 4745 1100 4799 Deus
1138 4743 1358 4798 membra
1379 4786 1392 4808 ,
1422 4742 1680 4813 singulum

128 4841 333 4911 quodque
362 4843 379 4874 ³
406 4858 578 4896 coruus
604 4842 658 4894 in
695 4855 906 4910 corpore
931 4880 945 4906 ,
975 4847 1119 4907 prout
1146 4834 1322 4890 voluit.
1357 4835 1485 4889 item
1517 4834 1673 4903 paulo

131 4940 272 5000 post:
303 4934 428 4989 Deus
448 4977 463 5001 ,
504 4933 710 5004 inquit,
745 4930 1033 5003 temperavit
1072 4945 1285 4998 corpus,
1316 4928 1359 4980 ei
1388 4928 1471 4981 cui
1508 4927 1682 4980 deerat

132 5026 346 5094 majorem
370 5027 603 5082 honorem
639 5027 797 5093 dans,
826 5035 879 5077 ut
906 5041 1006 5078 non
1034 5033 1193 5078 essent
1224 5022 1457 5077 scissum
1485 5022 1537 5075 in
1570 5037 1683 5075 cor-

134 5133 260 5185 pore,
290 5120 364 5173 sed
388 5121 515 5174 idem
542 5122 709 5190 ipsum
730 5128 786 5171 ut
812 5134 903 5187 pro
924 5116 1136 5171 invicem
1157 5115 1375 5170 sollicita
1400 5114 1496 5168 sint
1520 5130 1680 5167 mem-

135 5208 215 5262 bra
256 5226 275 5264 :
306 5222 347 5264 et
380 5213 476 5267 sive
516 5214 704 5283 patitur
746 5227 903 5265 unum
948 5207 1225 5262 membrum
1250 5249 1264 5275 ,
1313 5207 1684 5278 compatiuntur

135 5301 288 5353 omnia
312 5306 551 5369 membra;
577 5306 681 5359 sive
704 5304 1020 5376 gloriﬁcatur
1044 5318 1201 5355 unum
1226 5299 1532 5364 membrum,
1558 5313 1682 5353 con-

136 5393 332 5460 gaudent
356 5398 514 5452 omnia
537 5398 757 5451 membra
784 5395 891 5470 (Id.
918 5413 989 5451 xu
1011 5438 1026 5463 ,
1060 5393 1267 5465 12-26).
1295 5390 1573 5460 Quomodo
1599 5398 1683 5446 est

137 5484 266 5538 mala
287 5501 430 5557 caro,
458 5488 668 5560 quando
711 5489 838 5560 ipsae
872 5486 1064 5541 animm
1094 5502 1278 5557 pacem
1315 5483 1679 5540 membrorum

199 5642 215 5673 ¹
239 5646 299 5689 Er.
323 5651 370 5694 et
387 5652 499 5695 ven.
523 5648 749 5696 omittunt
766 5643 999 5702 vocuiam,
1026 5650 1090 5695 et.
1154 5650 1212 5693 tu.

198 5704 219 5769 ξ
243 5704 404 5767 Aliquot
423 5713 544 5757 Mssa
570 5722 613 5757 st
638 5718 836 5769 parvum
859 5705 985 5756 vobis
1004 5704 1190 5758 videtur
1214 5705 1521 5768 respondere.

204 5765 222 5795 ³
238 5769 295 5815 sic.
312 5765 401 5819 uss.
429 5778 477 5819 at
500 5765 646 5830 editi,
661 5769 848 5825 singula
872 5782 1090 5833 qrtu'qm'.

1794 380 1914 450 ejus
1952 389 2011 436 ut
2050 381 2353 453 imitentur,
2391 389 2712 445 monentur?
2744 388 3026 458 Quomodo
3052 398 3136 451 est
3175 394 3380 457 inimici

1793 484 2035 531 creatura
2057 516 2073 543 ,
2102 479 2316 549 quando
2354 481 2480 555 ipsae
2508 483 2702 538 anima:
2727 500 2845 553 qua:
2884 501 3107 557 corpora
3147 504 3377 562 regunt,

1792 574 1854 621 nt
1908 568 2046 623 inter
2091 583 2151 624 se
2198 570 2594 628 inimicitiarum
2642 576 2903 631 scissuras
2949 594 3056 632 non
3106 579 3373 651 habeant,

1792 662 2100 732 exemplum
2148 662 2217 720 de
2255 665 2509 721 membris
2546 668 2787 738 corporis
2830 680 3087 739 sumunt,
3134 682 3191 729 ut
3229 676 3374 744 quod

1794 755 2039 822 praistitit
2066 756 2207 811 Deus
2246 759 2456 828 corpori
2503 774 2597 829 per
2622 770 2896 827 naturam,
2944 773 3125 819 ament
3164 773 3219 819 et
3247 765 3379 836 ipsa:

1793 851 1896 907 hoc
1938 852 2135 910 habere
2178 869 2273 925 per
2315 857 2579 927 gratiam?
2615 857 2805 915 Merito
2834 860 2899 915 ad
2942 861 3213 918 Romanos
3252 880 3374 922 cum

1792 944 2087 1014 scriberet,
2122 946 2360 1010 Obsecro,
2390 950 2577 1021 inquit,
2604 966 2709 1018 vos,
2740 955 2942 1023 fratres,
2977 971 3067 1024 per
3089 957 3378 1012 misericor-

1792 1034 1929 1088 diam
1951 1033 2048 1089 Dei
2071 1077 2085 1101 ,
2123 1047 2179 1091 ut
2206 1040 2481 1095 exhibeatis
2506 1058 2720 1113 corpora
2744 1055 2907 1099 vestra
2933 1046 3151 1101 hostiam
3176 1050 3337 1103 vivam
3359 1092 3375 1116 ,

1790 1134 2041 1191 sanctam,
2062 1125 2171 1183 Deo
2194 1130 2468 1199 placentem
2487 1132 2660 1205 (Rom.
2681 1150 2775 1195 xu.
2802 1135 2877 1205 i).
2902 1137 3030 1193 Sine
3050 1154 3208 1194 causa
3234 1158 3339 1197 non
3361 1145 3377 1175 ί

1791 1218 2041 1274 tenebras
2068 1220 2261 1289 lucem,
2285 1232 2340 1278 et
2364 1224 2537 1279 lucem
2565 1227 2812 1282 tenebras
2830 1243 2952 1284 esse
2978 1234 3373 1303 contendimus,

1787 1306 1835 1364 si
1863 1307 2091 1365 hostiam
2121 1314 2314 1382 vivam,
2349 1325 2608 1382 sanctam,
2641 1319 2749 1375 Deo
2778 1321 3078 1391 placentem
3107 1323 3174 1380 de
3199 1328 3379 1393 gentis

1788 1402 2129 1458 tenebrarum
2155 1407 2471 1475 corporibus
2494 1409 2828 1467 exhibemus.

1860 1496 2087 1555 CAPUT
2125 1499 2218 1555 XI.
2255 1532 2328 1542 —
2366 1502 2460 1558 25.
2499 1502 2678 1560 Carnis
2702 1514 2748 1560 et
2773 1504 3017 1563 Ecclesia:
3057 1512 3373 1579 comparatio

1786 1591 1842 1646 in
1883 1592 2063 1663 quibus
2117 1596 2377 1650 consistat.
2424 1596 2568 1664 Sed,
2610 1598 2887 1669 inquiunt,
2937 1603 3206 1671 quomodo
3246 1619 3377 1661 caro

1787 1700 1887 1758 per
1922 1688 2203 1757 quamdam
2248 1689 2652 1745 similitudinem
2696 1701 3037 1763 comparatur
3078 1696 3376 1753 Ecclesiae?

1787 1780 2055 1852 Numquid
2105 1782 2344 1837 Ecclesia
2392 1784 2722 1855 concupiscit
2768 1785 3026 1842 adversus
3066 1788 3413 1857 Christum;‘

1786 1887 1908 1931 cum
1940 1877 2077 1929 idem
2109 1878 2383 1946 apostolus
2407 1876 2621 1944 dixerit,
2656 1877 2881 1934 Ecclesia
2905 1880 3104 1935 subdita
3130 1892 3203 1937 est
3229 1883 3379 1938 Chri—

1786 1976 1865 2023 sto
1897 1966 2109 2041 (Ep/tes.
2142 1983 2206 2035 ν,
2237 1969 2365 2039 25)?
2394 1970 2559 2025 Plane
2594 1970 2834 2026 Ecclesia
2864 1973 3076 2028 subdita
3116 1982 3199 2029 est
3222 1975 3380 2031 Chri-

1788 2067 1873 2117 sto
1906 2079 1919 2116 ε
1948 2063 2071 2132 quia
2102 2060 2224 2116 ideo
2250 2062 2469 2133 spiritus
2491 2064 2821 2134 concupiscit
2846 2064 3103 2121 adversus
3128 2082 3374 2135 carnem,

1788 2160 1848 2208 ut
1892 2153 2036 2207 omni
2084 2168 2148 2207 ex
2198 2160 2350 2224 parte
2391 2152 2606 2209 Christo
2644 2155 2903 2210 subdatur
2938 2156 3212 2224 Ecclesia;
3250 2174 3381 2215 caro

1787 2253 1963 2298 autem
2008 2244 2339 2314 concupiscit
2377 2244 2635 2300 adversus
2671 2246 2948 2315 spiritum,
2976 2249 3097 2317 quia
3120 2250 3377 2334 pendunt

1787 2350 2005 2407 pacem,
2033 2351 2151 2407 quas
2174 2336 2407 2405 perfecta
2436 2338 2699 2408 promissa
2729 2346 2814 2393 est
2832 2380 2845 2404 ,
2887 2339 3093 2409 accepit
3116 2340 3375 2397 Ecclesia.

1788 2428 1867 2482 Ac
1896 2442 1990 2497 per
2019 2427 2121 2482 hoc
2160 2427 2400 2482 Ecclesia
2439 2426 2650 2482 subdita
2688 2436 2774 2484 est
2814 2428 3031 2485 Christo
3059 2446 3124 2486 ex
3158 2432 3379 2503 pignore

1788 2520 1976 2576 salutis
1994 2563 2009 2587 ,
2051 2528 2106 2576 et
2134 2536 2261 2575 caro
2287 2520 2618 2590 concupiscit
2641 2522 2901 2579 adversus
2928 2525 3174 2594 spiritum
3204 2542 3270 2581 ex
3297 2527 3380 2582 in-

1789 2613 2041 2669 firmitate
2081 2613 2369 2684 languoris.
2399 2614 2582 2684 Neque
2621 2616 2762 2670 enim
2790 2630 2896 2669 non
2927 2616 3182 2673 Ecclesia:
3208 2634 3381 2675 mem-

1788 2706 1884 2761 bra
1927 2715 2081 2761 erant
2114 2707 2304 2772 iidem,
2334 2708 2529 2777 quibus
2570 2710 2671 2763 ista
2714 2708 2925 2765 dicebat
2968 2727 2983 2763 :
3030 2710 3231 2781 Spiritu
3264 2730 3380 2767 am-

1787 2796 1957 2852 bulate
1979 2840 1994 2865 ,
2022 2808 2067 2853 et
2091 2798 2522 2870 concupiscentias
2552 2798 2723 2852 carnis
2759 2814 2822 2852 ne
2867 2801 3198 2871 perfeceritis.
3242 2802 3377 2860 Caro

1787 2893 1921 2947 enim
1946 2892 2253 2963 concupiscit
2274 2892 2513 2946 adversus
2534 2892 2769 2961 spiritum
2788 2933 2801 2955 ,
2831 2901 2879 2946 et
2902 2893 3111 2963 spiritus
3134 2895 3377 2953 adversus

1787 3000 1992 3040 carnem
2018 3001 2037 3039 :
2062 2986 2169 3039 haec
2191 2985 2322 3039 enim
2351 2985 2446 3040 sibi
2479 2986 2692 3039 invicem
2718 2985 3083 3052 adversantur;
3110 2998 3165 3043 ut
3188 3007 3288 3045 non
3315 3009 3379 3048 ea

1786 3093 1900 3147 qua:
1930 3077 2112 3144 vultis,
2152 3077 2351 3146 faciatis
2391 3075 2586 3149 (Galat.
2628 3093 2663 3133 γ
2683 3118 2697 3143 ,
2738 3078 2805 3133 16
2829 3088 2875 3132 et
2904 3080 3016 3151 i7).
3040 3080 3167 3137 Haec
3190 3084 3375 3155 utique

1788 3168 2044 3223 Ecclesia:
2064 3168 2394 3233 dicebantur,
2419 3184 2538 3238 qua:
2558 3170 2601 3223 si
2621 3168 2838 3225 Christo
2851 3171 3061 3226 subdita
3078 3189 3185 3228 non
3206 3182 3372 3243 esset,

1786 3278 1895 3318 non
1926 3262 1981 3317 in
2006 3278 2067 3317 ea
2094 3262 2311 3332 spiritus
2336 3262 2591 3317 adversus
2623 3276 2840 3317 carnem
2868 3279 2964 3333 per
2989 3266 3375 3324 continentiam

1786 3355 2214 3424 concupisceret.
2242 3354 2467 3423 Propter
2491 3352 2633 3424 quod
2659 3363 2907 3423 poterant
2929 3356 3143 3426 quidem
3173 3373 3376 3416 conmi-

1786 3447 2074 3518 piscentias
2102 3447 2281 3501 carnis
2306 3461 2411 3500 non
2451 3445 2744 3515 perlicere,
2775 3446 2871 3502 sed
2920 3462 3084 3503 carne
3121 3452 3378 3521 concupi-

1785 3548 1966 3596 scente
1995 3539 2251 3593 adversus
2274 3538 2517 3608 spiritum
2536 3552 2642 3592 non
2656 3546 2905 3607 poterant
2928 3554 2991 3594 ea
3039 3540 3215 3598 facere
3252 3559 3374 3614 qua:

1783 3632 2067 3697 volebant,
2098 3632 2151 3687 id
2186 3640 2269 3687 est
2288 3673 2302 3698 ,
2332 3631 2493 3685 etiam
2523 3630 2667 3700 ipsas
2689 3632 2868 3686 carnis
2908 3632 3375 3703 concupiscentias

1784 3740 1892 3781 non
1919 3724 2138 3779 habere.
2169 3724 2390 3788 Deinde,
2425 3736 2522 3779 cur
2542 3737 2646 3777 non
2676 3723 3030 3780 contiteamur
3057 3726 3109 3780 in
3141 3726 3373 3783 homini-

1785 3816 1885 3873 bus
1910 3816 2276 3887 spirllnalibus
2302 3815 2599 3871 Ecclesium
2627 3816 2892 3871 subditam
2918 3815 3155 3883 Christo,
3177 3823 3231 3873 in
3254 3835 3376 3875 cur-

1785 3908 1996 3963 naiibus
2012 3919 2187 3962 autem
2207 3907 2379 3962 adhuc
2395 3906 2777 3977 concupiscere
2794 3907 3053 3963 adversus
3070 3910 3371 3965 Christum?

1785 4002 1867 4055 An
1898 4000 2153 4054 adversus
2191 3999 2466 4053 Christum
2504 4013 2611 4052 non
2651 3999 3134 4068 concupiscebam,
3174 4002 3373 4070 quibus

1784 4090 2080 4155 dicebatur,
2112 4089 2312 4142 Divisus
2341 4100 2413 4142 est
2433 4088 2661 4142 Christus
2685 4088 2703 4157 (
2722 4088 2738 4141 I
2762 4088 2881 4143 Cor.
2912 4103 2961 4155 ι,
2993 4089 3118 4161 l3)?
3140 4102 3214 4157 et,
3249 4091 3373 4147 Non

1784 4182 1925 4252 potui
1952 4181 2089 4250 loqui
2120 4179 2255 4233 vobis
2297 4180 2441 4248 quasi
2464 4179 2839 4247 spiritualibus,
2867 4181 2956 4233 sed
2977 4182 3122 4250 quasi
3145 4185 3375 4238 carnali-

1784 4272 1895 4327 bus.
1923 4271 2186 4342 Tanquam
2214 4271 2437 4340 parvulis
2463 4270 2517 4323 in
2536 4267 2739 4323 Christo
2766 4270 2846 4324 lac
2864 4270 3003 4326 vobis
3033 4282 3204 4340 potum
3229 4273 3371 4343 dedi,

1785 4382 1885 4441 non
1918 4381 2117 4428 escam;
2152 4364 2377 4418 nondum
2404 4364 2536 4417 enim
2560 4363 2800 4433 poteratis
2829 4363 2959 4418 :sed
2991 4380 3055 4418 ne
3087 4380 3221 4419 nunc
3258 4367 3377 4435 qui-

1784 4457 1897 4512 dem
1924 4457 2161 4529 potestis;
2187 4456 2355 4510 adhuc
2384 4456 2515 4511 enim
2541 4456 2661 4509 estis
2684 4457 2933 4511 carnales.
2963 4455 3089 4513 Cum
3111 4458 3243 4511 enim
3268 4460 3377 4513 sint

1783 4554 1837 4608 in
1877 4553 2013 4607 vobis
2054 4552 2308 4605 annulatio
2353 4560 2397 4604 et
2440 4552 2690 4605 contentio
2711 4591 2727 4617 ,
2776 4566 2944 4604 nonne
2983 4550 3214 4605 carnales
3255 4554 3375 4607 estis

1784 4643 1900 4717 (Id.
1934 4660 2024 4709 ιιι,
2056 4644 2208 4715 1-5)?
2235 4642 2506 4698 Adversus
2533 4656 2694 4711 quem
2734 4641 3065 4710 concupiscit
3104 4643 3375 4697 aemulatio

1783 4746 1839 4792 et
1864 4735 2157 4801 contentio,
2179 4735 2281 4789 nisi
2300 4734 2559 4789 adversus
2571 4731 2841 4787 Christum
2860 4731 2882 4783 ‘t
2902 4732 3005 4787 Has
3027 4733 3171 4787 enim
3196 4737 3376 4789 carnis

1785 4830 2243 4901 concupiscentias
2280 4828 2524 4883 Christus
2560 4827 2612 4880 in
2645 4826 2756 4880 suis
2784 4833 2972 4893 satiat,
3004 4826 3098 4882 sed
3129 4828 3180 4881 in
3213 4828 3375 4882 nullis

1784 4929 1947 4975 aniat.
2001 4919 2151 4975 Unde
2196 4926 2377 4973 sancta
2424 4916 2664 4972 Ecclesia
2708 4917 2960 4986 quamdiu
3004 4917 3167 4974 habet
3211 4919 3373 4972 etiam

1789 5012 2029 5068 membra
2070 5012 2219 5077 talia,
2253 5010 2490 5065 nondum
2519 5010 2743 5066 estsine
2766 5011 2971 5065 macula
2996 5020 3053 5067 et
3076 5026 3226 5081 ruga.
3261 5010 3374 5066 lluc

1784 5103 2044 5159 accedunt
2072 5110 2125 5156 et
2152 5102 2239 5155 illa
2280 5109 2494 5171 peccata
2515 5139 2532 5168 ,
2574 5115 2673 5172 pro
2711 5101 2906 5171 quibus
2931 5102 3243 5172 quotidiana
3270 5117 3375 5158 vox

1786 5195 1950 5249 totius
1971 5193 2224 5249 Ecclesiae
2247 5201 2351 5260 est,
2374 5193 2585 5247 Dimitte
2603 5192 2746 5248 nobis
2766 5193 2937 5248 debita
2957 5204 3132 5250 nostra
3155 5193 3373 5266 (Matth.

1783 5303 1839 5344 vr
1858 5329 1874 5354 ,
1903 5286 1996 5358 i2)
2022 5304 2033 5338 :
2066 5302 2094 5339 a
2122 5286 2315 5357 quibus
2349 5301 2418 5342 ne
2456 5286 2764 5358 spirituales
2795 5294 3103 5357 putaremus
3128 5286 3371 5352 alienos,

1784 5395 1891 5437 non
1920 5380 2244 5451 quicumque
2284 5380 2575 5435 carnalium
2596 5419 2614 5449 ,
2645 5395 2746 5436 nec
2774 5381 3014 5452 ipsorum
3051 5380 3374 5449 quicumque

1784 5475 2161 5546 spiritualium,
2193 5475 2287 5530 sed
2316 5476 2407 5545 qui
2433 5489 2595 5545 super
2614 5484 2801 5545 pectus
2830 5474 3039 5529 Domini
3065 5472 3375 5529 discumbe-

1786 5568 1907 5637 bat,
1939 5578 1992 5623 et
2015 5583 2172 5639 queen
2216 5583 2325 5638 prae
2352 5568 2563 5623 caeteris
2594 5566 2852 5637 diligebat
2877 5563 3059 5635 (Joan.
3089 5578 3218 5632 xui,
3249 5563 3372 5637 83),

1791 5702 1966 5815 bisic
2010 5710 2113 5752 Mss.
2159 5710 2215 5755 At
2259 5701 2373 5752 editi
2426 5713 2546 5763 pro,
2590 5711 2715 5759 non,
2768 5698 2985 5760 habent,
3029 5694 3175 5753 en“.
3224 5695 3375 5750 Itilius

1827 5778 1941 5814 ene.

1827 5778 1923 5814 ene
1933 5802 1941 5811 .
