3882 6286
550 259 655 317 567

551 375 614 430 Si
635 372 938 440 dixerimus,
968 371 1173 442 inquit,
1205 370 1324 441 quia
1349 378 1610 442 peccatum
1638 387 1740 424 non
1765 371 2022 431 habemus,
2048 384 2139 422 nos

545 468 684 537 ipsos
703 466 982 534 decipimus
1001 507 1016 532 ,
1045 475 1092 519 ct
1124 466 1306 518 veritas
1333 466 1386 518 in
1420 464 1565 520 nobis
1597 481 1697 518 non
1723 474 1795 518 est
1827 461 1882 534 (l
1909 463 2066 516 Joan.
2092 478 2137 526 t,

545 558 623 631 8).
658 559 714 613 In
747 558 890 612 mimi
917 566 1098 611 autem
1127 564 1370 626 peccato,
1401 557 1521 624 plus
1551 556 1604 610 in
1634 555 1856 624 majore,
1889 555 2066 608 minus
2089 553 2140 606 in

544 653 755 706 minore
774 692 789 717 ,
823 661 998 705 tanien
1029 659 1217 705 contra
1245 649 1507 718 justitiam
1533 649 1948 718 concupiscitur.
1979 647 2048 701 Et
2071 644 2139 700 de

544 743 760 798 Christo
800 742 1057 812 scriptum
1088 749 1173 796 est
1198 757 1210 792 :
1241 741 1341 807 Qui
1370 744 1536 810 factus
1563 749 1634 794 est
1664 739 1805 792 nobis
1835 736 2083 806 sapientia
2107 753 2139 790 ιι

544 835 675 897 Deo,
703 843 746 887 et
766 833 967 904 justitia
988 874 1002 897 ,
1030 841 1075 887 et
1100 831 1456 899 sanctiﬁcatio,
1480 839 1527 884 ct
1556 831 1833 899 redemptio
1863 829 1912 899 (Ι
1943 827 2062 883 Cor.
2088 844 2134 896 t,

544 927 658 997 50).
687 909 745 980 lu
771 926 918 980 omni
944 924 1103 994 igitur
1133 931 1354 994 peccato
1382 929 1568 976 contra
1597 921 1869 976 Christum
1895 921 2012 975 sine
2036 919 2138 974 du-

543 1019 635 1073 bio
672 1017 1066 1087 concupiscitur
1107 1034 1120 1070 :
1157 1014 1250 1070 sed
1291 1014 1381 1084 qui
1421 1023 1576 1069 sanat
1618 1029 1806 1068 omnes
1853 1014 2136 1084 languores

543 1118 760 1165 nostros
790 1107 961 1180 (Psal.
997 1120 1095 1172 cu,
1127 1105 1182 1177 ὅ)
1205 1147 1219 1170 ,
1253 1120 1375 1160 cum
1405 1105 1716 1177 perduxerit
1744 1104 2043 1160 Ecclesiam
2067 1103 2134 1159 ad

543 1204 860 1274 promissam
893 1200 1164 1271 languoris
1187 1201 1504 1267 sanitatem,
1545 1207 1672 1254 tunc
1704 1200 1757 1254 in
1783 1199 1929 1254 nullo
1966 1214 2137 1253 mem-

539 1297 759 1351 brorum
787 1294 900 1364 cjus
926 1293 1218 1364 quamlibet
1253 1294 1472 1348 minima
1512 1295 1619 1350 erit
1660 1294 1763 1348 ulla
1802 1293 2009 1348 macula
2042 1301 2135 1347 aut

541 1401 689 1458 ruga.
730 1386 882 1441 Tunc
917 1385 1065 1440 nullo
1103 1385 1263 1440 modo
1289 1401 1415 1441 caro
1441 1386 1699 1442 adversus
1725 1387 1968 1455 spiritum
1999 1401 2132 1440 con-

539 1478 813 1548 cupiscet;
836 1485 891 1531 et
911 1477 1032 1530 ideo
1053 1477 1199 1530 nulla
1220 1477 1322 1532 erit
1340 1493 1500 1533 causa
1521 1493 1617 1532 cur
1637 1477 1893 1532 adversus
1914 1492 2130 1533 carnem

539 1572 700 1628 etiam
724 1570 942 1640 spiritus
963 1571 1326 1640 concupiscat.
1351 1568 1500 1623 Tunc
1522 1570 1679 1624 linem
1703 1569 1932 1640 accipiet
1957 1569 2132 1624 omnis

538 1663 657 1720 luce
684 1678 896 1734 pugna,
931 1671 1055 1716 tunc
1092 1662 1370 1717 ambarum
1403 1663 1820 1718 substantiarum
1848 1663 1954 1718 erit
1981 1677 2131 1716 sum-

535 1771 626 1812 ma
647 1753 931 1811 concordia
957 1770 970 1808 :
997 1763 1120 1808 tunc
1145 1768 1312 1824 usque
1337 1752 1474 1808 adeo
1502 1753 1574 1808 ibi
1605 1753 1782 1808 nullus
1804 1755 1906 1808 erit
1935 1768 2132 1808 carna-

538 1848 627 1913 lis,
658 1860 714 1903 ut
739 1848 900 1904 etiam
923 1861 1049 1901 caro
1071 1847 1182 1916 ipsa
1211 1846 1280 1900 sit
1307 1846 1617 1916 spiritualis.
1649 1845 1801 1915 Quod
1829 1861 1958 1917 ergo
1989 1860 2131 1900 nunc

537 1941 650 2013 agit
677 1957 798 1996 cum
838 1955 1001 1994 carne
1029 1953 1124 1994 sua
1159 1939 1386 2009 quisque
1422 1938 1715 1993 secundum
1745 1937 2018 1993 Christum
2047 1937 2131 1992 vi-

535 2047 704 2098 vens,
734 2047 856 2086 cum
885 2039 940 2086 et
965 2029 1295 2099 concupiscit
1328 2029 1588 2086 adversus
1622 2030 1740 2100 ejus
1767 2031 1961 2085 malam
1996 2045 2124 2085 con-

535 2123 943 2196 cupiscentiam,
970 2137 1130 2194 quam
1153 2122 1169 2154 ί
1192 2121 1486 2177 sanandam
1513 2123 1782 2191 continet,
1811 2138 1968 2193 quam
1995 2137 2131 2178 non-

533 2217 664 2274 dum
709 2226 948 2308 sanatam
999 2224 1180 2280 tenet;
1227 2224 1282 2270 ct
1331 2223 1508 2271 tamen
1556 2215 1673 2286 ejus
1717 2216 1911 2270 bonam
1963 2216 2130 2270 nutrit

533 2320 780 2366 naturam
823 2311 1068 2380 fovetque
1093 2349 1109 2374 ,
1159 2309 1414 2379 quoniam
1463 2325 1609 2364 nemo
1658 2325 1884 2379 unquam
1923 2326 2129 2364 carnem

534 2423 684 2461 suam
709 2405 827 2459 odio
858 2403 1032 2458 habuit
1059 2401 1278 2474 (Ephes.
1307 2418 1362 2468 γ,
1391 2402 1484 2475 29)
1514 2420 1528 2457 :
1553 2403 1653 2458 hoc
1675 2404 1834 2458 etiam
1867 2404 1976 2474 agit
2004 2418 2127 2458 cum

533 2499 774 2557 Ecclesia
803 2497 1068 2564 Christus,
1102 2505 1356 2568 quantum
1379 2495 1458 2552 fas
1479 2505 1564 2552 est
1585 2511 1900 2567 comparare
1920 2496 2129 2553 minora

534 2593 846 2664 majoribus.
883 2591 1015 2647 Nam
1054 2600 1110 2648 et
1143 2590 1570 2660 corrcptionibus
1599 2605 1718 2645 eam
1758 2590 2032 2660 reprimit,
2059 2605 2129 2647 ne

532 2686 853 2756 impunitate
877 2683 1057 2738 innata
1077 2681 1304 2738 dissiliat
1323 2684 1377 2749 ¹;
1400 2690 1455 2738 et
1472 2683 1929 2746 consolationibus
1948 2682 2124 2755 erigit,

534 2797 606 2837 ne
633 2789 849 2850 gravata
877 2778 1185 2833 inﬁrmitate
1206 2777 1538 2832 succumbat.
1566 2775 1703 2831 Hinc
1725 2785 1808 2832 est
1836 2776 1962 2831 illud
1983 2777 2128 2846 Apo-

531 2874 656 2929 stoli
694 2871 794 2928 :Si
827 2871 962 2926 enim
989 2887 1079 2924 nos
1108 2869 1245 2939 ipsos
1273 2868 1706 2940 dijudicaremus,
1737 2884 1837 2921 non
1864 2866 2128 2938 judicare-

531 2980 647 3018 mur
669 2979 688 3017 :
711 2979 826 3016 cum
847 2961 1150 3029 judicamur
1178 2970 1366 3026 autent,
1397 2975 1430 3012 a
1461 2958 1680 3013 Domino
1709 2959 2035 3027 corripiatur,
2067 2975 2128 3012 ne

531 3073 646 3112 cum
665 3055 760 3109 hoc
779 3054 964 3108 mundo
975 3052 1272 3106 damncmur
1295 3050 1346 3122 (l
1368 3049 1486 3106 Cor.
1517 3066 1590 3116 ιιι,
1613 3051 1675 3106 31
1697 3059 1744 3103 et
1765 3048 1878 3119 32).
1906 3051 1973 3104 Et
1997 3049 2125 3105 illud

531 3149 587 3204 in
615 3148 830 3204 Psalmo
859 3164 872 3200 :
907 3144 1204 3202 Secundum
1240 3142 1614 3197 multitudinem
1640 3143 1873 3196 dolorum
1900 3159 2126 3196 meorum

530 3240 588 3296 in
611 3241 765 3295 corde
791 3255 921 3304 meo,
957 3235 1326 3291 consolationes
1353 3243 1454 3288 tua:
1467 3233 1882 3305 jucundavcrunt
1903 3234 2126 3287 animam

530 3347 698 3386 nteant
720 3328 890 3402 (Psal.
917 3343 1068 3394 xcm,
1094 3327 1204 3398 19).
1227 3325 1376 3381 Tunc
1397 3341 1526 3396 ergo
1544 3325 1808 3395 speranda
1836 3334 1923 3380 est
1947 3326 2124 3382 carnis

532 3430 734 3478 nostra:
754 3420 871 3475 sine
888 3420 990 3473 ulla
1013 3419 1396 3489 repngnatione
1417 3415 1652 3487 perfecta
1673 3417 1895 3482 sanitas,
1912 3420 2125 3482 quando

530 3513 636 3569 erit
661 3509 918 3568 Ecclesia:
945 3509 1142 3564 Christi
1163 3510 1281 3564 sine
1307 3508 1420 3564 ullo
1447 3508 1640 3563 timore
1667 3517 1816 3563 certa
1841 3509 2121 3564 securitas.

603 3601 830 3659 CAPUT
853 3600 966 3656 XII.
980 3628 1052 3640 —-
1073 3599 1162 3654 26.
1179 3599 1495 3654 Continentia
1512 3599 1916 3654 Manichaaorum
1931 3609 1977 3654 et
1991 3601 2124 3655 alio-

531 3714 649 3754 rum
672 3694 1028 3768 quorumdam,
1056 3691 1333 3763 prtesertim
1355 3691 1708 3746 ltwreticorum
1727 3732 1742 3757 ,
1768 3691 1922 3762 falsa.
1954 3691 2126 3746 Conti-

531 3791 705 3847 nentia
728 3790 846 3843 item
865 3786 1199 3857 quorumdam
1226 3783 1490 3839 immunda
1508 3824 1523 3848 ,
1555 3793 1610 3838 ut
1639 3801 1729 3855 per
1749 3784 1970 3856 magicas
1992 3793 2125 3839 artes

533 3881 826 3955 perveniant
873 3877 939 3932 ad
986 3893 1169 3933 uxores
1215 3874 1428 3930 alienas.
1480 3874 1604 3930 Haec
1648 3875 1905 3930 adversus
1950 3875 2123 3931 Mani-

532 3975 716 4030 chzeos
744 3970 1009 4026 fallaciter
1050 3970 1422 4035 continentes,
1455 3983 1553 4038 pro
1581 3969 1760 4023 veraci
1800 3969 2122 4024 continentia

534 4068 838 4137 disputasse
873 4063 1182 4130 snﬁ'ccerit,
1225 4079 1294 4117 ne
1331 4061 1676 4116 continentizn
1720 4062 2026 4119 fructuosus
2069 4074 2123 4120 et

532 4162 798 4233 gloriosus
839 4159 1027 4224 labor,
1075 4167 1278 4227 partem
1324 4156 1562 4212 inﬁmam
1608 4165 1881 4222 nostram,
1925 4156 1975 4210 id
2005 4165 2120 4224 est,

531 4269 749 4325 corpus,
765 4251 978 4322 quando
991 4249 1061 4304 ab
1083 4249 1448 4304 immoderatis
1469 4257 1524 4304 et
1545 4248 1744 4304 illicitis
1763 4249 2124 4320 voluptatibus

532 4347 750 4404 cohibet
777 4355 831 4400 et
859 4343 1126 4408 refrenat,
1156 4358 1264 4397 non
1293 4342 1577 4398 salubriter
1602 4344 1892 4413 castigare,
1922 4343 2018 4399 sed
2043 4344 2124 4399 in-

533 4439 729 4497 scctari
756 4436 1010 4493 credatur
1051 4434 1339 4490 hostiliter.
1379 4435 1588 4504 Corpus
1616 4437 1813 4506 quippe
1851 4437 1918 4491 ab
1957 4432 2122 4492 animi

530 4543 613 4590 est
651 4531 867 4603 quidem
907 4537 1098 4585 natura
1142 4527 1410 4583 diversum
1437 4569 1452 4592 ,
1493 4527 1587 4582 sed
1631 4544 1735 4583 non
1765 4538 1848 4585 est
1873 4546 1902 4583 a
1933 4540 2122 4587 natura

531 4626 767 4682 hominis
790 4625 1045 4680 alienum.
1085 4621 1202 4676 Non
1238 4621 1382 4676 enim
1416 4621 1626 4676 animus
1661 4631 1869 4677 constat
1903 4640 1969 4678 ex
1997 4639 2122 4680 cor-

531 4735 700 4792 pore;
729 4719 824 4774 sed
852 4727 1031 4773 tamen
1063 4715 1226 4772 homo
1250 4730 1317 4770 ex
1345 4715 1528 4770 animo
1547 4707 1758 4770 conStat
1782 4726 1838 4772 et
1858 4731 2119 4788 corpore:

531 4820 588 4867 et
617 4812 801 4880 utique
831 4809 970 4864 Deus
993 4823 1152 4879 quem
1173 4806 1387 4874 liberat,
1413 4815 1582 4860 totum
1609 4806 1880 4862 hominem
1906 4809 2118 4865 liberat.

533 4899 692 4957 Unde
720 4908 890 4954 totum
930 4898 1202 4954 hominem
1227 4898 1387 4954 etiam
1414 4895 1660 4953 Salvator
1700 4897 1814 4968 ipse
1851 4901 2117 4971 suscepit,

533 4991 782 5063 dignatus
809 4989 862 5044 in
889 4988 1044 5044 nobis
1070 4996 1239 5043 totum
1266 4988 1494 5045 liberare
1523 4988 1663 5059 quod
1693 4989 1835 5046 fecit.
1858 4991 1959 5059 Qui
1994 5007 2123 5047 con-

534 5097 620 5142 tra
647 5083 802 5140 istam
833 5081 1070 5138 sentiunt
1092 5081 1402 5145 veritatem,
1431 5081 1558 5151 quid
1589 5081 1666 5138 eis
1697 5083 1914 5153 prodest
1939 5084 2120 5142 libidi-

535 5191 637 5235 nes
664 5174 978 5233 continere?
999 5173 1045 5229 si
1067 5181 1244 5228 tamen
1265 5172 1470 5243 aliquas
1488 5175 1783 5231 continent.
1806 5177 1944 5244 Quid
1967 5177 2020 5232 in
2043 5179 2122 5235 eis

534 5287 634 5344 per
659 5267 1042 5327 continentiam
1071 5275 1248 5336 potest
1283 5265 1398 5321 ﬁeri
1425 5268 1703 5331 mundum.
1735 5285 1960 5341 quorum
1988 5287 2119 5328 con-

535 5361 759 5419 tinentia
787 5358 907 5414 talis
935 5356 1208 5412 immunda
1233 5358 1353 5412 est?
1379 5372 1498 5429 qua:
1527 5374 1628 5416 nec
1666 5363 1991 5418 continentia
2021 5380 2120 5419 no—

536 5455 787 5512 minanda
817 5462 917 5510 est.
948 5452 1160 5509 Sentire
1187 5451 1381 5522 quippe
1409 5455 1551 5524 quod
1579 5457 1812 5511 sentiunt
1834 5499 1848 5524 ,
1877 5460 2021 5512 virus
2041 5469 2124 5515 est

537 5549 768 5616 diaboli;
796 5545 1123 5604 continentia
1148 5561 1276 5602 vero
1306 5562 1497 5603 munus
1520 5557 1604 5604 est
1626 5549 1737 5604 Dei.
1766 5549 1916 5606 Sicut
1943 5561 2120 5610 autem

601 5686 618 5717 ί
645 5693 748 5746 uno
761 5692 887 5744 Mss,
912 5680 1154 5746 quoniam.
1179 5689 1274 5743 Et‘.,
1294 5681 1502 5746 quando.

604 5748 625 5782 ³
643 5743 832 5810 Aliquot
847 5742 972 5808 uss,
994 5742 1232 5798 dissolcat.

1643 253 1731 309 DE
1767 249 2250 318 CONTINENTIA,
2290 250 2346 306 S.
2393 251 2757 308 AUCUSTINI
3680 269 3759 330 κδ

2254 385 2360 425 non
2391 371 2566 426 onmis
2596 374 2683 442 qui
2714 374 2911 445 aliquid
2940 377 3166 446 patitur,
3193 391 3288 435 aut
3323 384 3573 453 quoslibet
3598 388 3757 451 dolores

2251 465 2664 522 tolerantissime
2687 469 2902 537 patitur,
2929 471 3087 527 habet
3103 488 3219 528 eam
3246 476 3511 544 virtutem,
3532 496 3634 550 qua:
3650 485 3756 541 simi-

2248 557 2368 614 liter
2399 561 2491 615 Dei
2527 577 2719 619 mnnus
2757 573 2865 633 est,
2898 575 2954 620 et
2989 568 3240 636 patientia
3270 584 3589 642 nuncupatur
3617 582 3758 637 :multi

2246 652 2390 708 enim
2418 653 2644 710 tolerant
2678 657 2841 712 multa
2872 668 3132 716 tormenta
3153 703 3169 728 ,
3199 679 3266 718 ne
3295 663 3348 717 in
3377 667 3484 721 suis
3511 669 3757 732 criminibus

2247 745 2478 814 prodant
2518 757 2608 802 aut
2643 750 2784 805 male
2818 750 2920 806 sibi
2948 755 3225 821 conscios,
3261 765 3356 810 aut
3379 771 3437 812 se
3470 759 3627 830 ipsos;
3648 769 3759 823 multi

2246 849 2350 917 prq
2365 837 2644 907 explendis
2668 841 3058 898 ardentissimis
3079 843 3478 912 libidinibus,et
3497 851 3758 922 obtinendis,
3844 911 3845 924 χ

2243 927 2329 980 vel
2365 943 2472 983 non
2501 929 2862 1001 relinquendis
2904 934 2984 989 eis
3028 935 3187 991 rebus
3219 937 3414 1007 quibus
3447 938 3634 996 vinculo
3657 951 3760 1014 pravi

2242 1019 2444 1074 amoris
2469 1020 2709 1078 obstricti
2740 1033 2893 1090 sunt;
2925 1026 3076 1081 multi
3102 1042 3198 1097 pro
3221 1028 3451 1084 diversis
3475 1041 3525 1086 et
3551 1035 3758 1101 pernicio-

2241 1109 2351 1178 sis,
2399 1111 2590 1181 quibus
2628 1114 2977 1173 vehementer
3014 1125 3296 1186 tenentur,
3346 1123 3628 1189 erroribus;
3664 1143 3762 1196 quos
3843 1111 3845 1132 ³

2242 1217 2434 1258 omnes
2472 1205 2612 1261 absit
2649 1217 2708 1262 ut
2752 1224 2932 1264 veram
2977 1210 3215 1267 dicamus
3242 1213 3443 1269 habere
3472 1217 3760 1285 patientiam:

2242 1293 2313 1348 ita
2345 1309 2449 1349 non
2482 1297 2658 1352 omnis
2680 1299 2770 1368 qui
2811 1299 3013 1371 aliquid
3055 1304 3326 1371 continet,
3370 1306 3453 1360 vel
3490 1306 3616 1377 ipsas
3645 1311 3761 1367 etiam

2239 1391 2420 1445 carnis
2445 1400 2536 1445 aut
2561 1392 2725 1447 animi
2754 1393 3000 1450 libidines
3027 1396 3349 1453 mirabiliter
3373 1401 3627 1468 continet,
3651 1403 3764 1459 istam

2240 1482 2646 1550 continentiam,
2670 1483 2737 1540 de
2760 1486 2912 1556 cujus
2933 1488 3164 1544 utilitate
3189 1498 3244 1544 et
3269 1489 3466 1546 decore
3490 1493 3760 1561 disserimus,

2241 1573 2440 1629 habere
2459 1574 2719 1630 dicendus
2739 1586 2842 1632 est.
2866 1577 3092 1644 Quidam
3113 1580 3281 1646 enim,
3304 1581 3448 1651 quod
3471 1583 3642 1638 mirum
3660 1585 3762 1642 dictu

2239 1665 2409 1721 videri
2428 1675 2624 1736 potest,
2658 1683 2753 1738 per
2783 1668 3118 1725 incontinent
3139 1686 3225 1725 am
3258 1687 3320 1727 se
3349 1674 3633 1740 continent;
3660 1678 3762 1732 velut

2241 1759 2285 1812 si
2312 1774 2371 1813 sc
2395 1759 2590 1813 mulier
2611 1761 2884 1816 contineat
2902 1778 2930 1815 a
2955 1764 3168 1832 marito,
3190 1764 3316 1835 quia
3339 1763 3442 1820 hoc
3464 1765 3640 1835 juravit
3655 1769 3763 1823 adul-

2241 1861 2376 1905 tero.
2401 1851 2629 1917 Quidam
2654 1867 2749 1922 per
2769 1852 3101 1922 injustitiam,
3127 1855 3274 1910 velut
3313 1856 3359 1910 si
3388 1857 3624 1912 miscendi
3647 1873 3760 1915 sexus

2241 1955 2347 1996 non
2392 1941 2580 1996 reddat
2624 1942 2820 2012 conjux
2863 1943 3076 2014 conjugi
3121 1944 3400 2014 debitum,
3442 1949 3556 2018 quia
3582 1948 3675 2018 ipse
3703 1952 3761 2005 vel
3837 1941 3849 2018 ᾗ

2239 2033 2354 2105 ipsa
2393 2035 2504 2106 jam
2542 2045 2716 2107 potest
2752 2037 2970 2093 vincere
3013 2037 3174 2094 talem
3219 2040 3464 2110 corporis
3505 2042 3757 2112 appetitum.

2239 2123 2373 2180 ltem
2417 2126 2631 2196 quidam
2674 2128 2950 2184 continent
2994 2127 3206 2200 decepti
3246 2129 3356 2186 ﬁde
3399 2131 3558 2197 falsa,
3593 2142 3761 2188 etram

2240 2229 2548 2290 sperantes,
2585 2229 2640 2275 et
2672 2236 2808 2275 vana
2836 2229 3108 2276 sectantes
3140 2239 3153 2274 :
3186 2223 3240 2276 in
3271 2223 3464 2293 quibus
3490 2233 3601 2278 sunt
3624 2239 3759 2280 omnes

2239 2310 2481 2366 hazretici
2503 2353 2518 2378 ,
2547 2321 2601 2367 et
2630 2312 2952 2384 quicumque
2976 2313 3076 2368 sub
3101 2315 3323 2370 nomine
3359 2315 3613 2386 religionis
3633 2316 3760 2386 aliquo

2238 2417 2426 2458 errore
2461 2403 2739 2470 falluntur;
2779 2419 3007 2476 quorum
3049 2406 3386 2462 continentia
3427 2422 3546 2462 vera
3573 2407 3759 2471 esset,si

2238 2504 2386 2550 esset
2409 2504 2465 2552 et
2492 2496 2626 2552 ﬁdes
2647 2512 2770 2552 vera
2798 2515 2811 2551 :
2839 2512 2960 2553 cum
2981 2512 3110 2554 vero
3141 2499 3230 2553 illa
3261 2509 3541 2570 propterea
3566 2516 3648 2556 nec
3667 2500 3760 2555 ﬁdes
3833 2519 3839 2544 r

2238 2588 2310 2642 sit
2333 2588 2650 2658 appellanda
2671 2631 2686 2656 ,
2718 2590 2844 2660 quia
2873 2589 3005 2644 falsa
3035 2599 3138 2657 est,
3156 2591 3276 2647 sine
3306 2591 3468 2648 dubio
3495 2602 3546 2647 et
3569 2593 3649 2647 ista
3666 2607 3756 2648 con.

2239 2681 2478 2736 tinentia:
2514 2683 2729 2738 nomine
2768 2682 2983 2754 indigna
3023 2691 3126 2739 est.
3167 2683 3441 2756 Numquid
3472 2687 3600 2740 enim
3634 2687 3756 2741 conti-

2237 2775 2473 2830 nentiam
2500 2775 2540 2843 ί,
2563 2791 2721 2845 quam
2741 2791 2934 2830 munus
2954 2777 3049 2832 Dei
3069 2775 3355 2834 verissime
3372 2778 3603 2845 dicimus,
3623 2779 3758 2833 dicturi
3833 2817 3838 2840 ,-

2238 2880 2426 2920 sumus
2450 2881 2570 2921 esse
2596 2870 2918 2936 peccatum?
2949 2867 3104 2922 Absit
3129 2883 3160 2922 a
3188 2869 3397 2925 nostris
3435 2870 3658 2924 cordibus
3685 2879 3756 2922 tam
3833 2865 3838 2876 ’

2237 2956 2553 3012 detestanda
2594 2958 2884 3014 dementia.
2928 2959 3124 3015 Beatus
3166 2969 3350 3015 autem
3394 2961 3654 3032 Apostolus
3684 2959 3757 3026 ait,
3835 2969 3838 2972 ’

2241 3047 2404 3104 Omne
2427 3049 2564 3121 quod
2601 3067 2701 3105 non
2727 3062 2800 3105 est
2823 3067 2886 3105 ea:
2912 3052 3015 3120 ﬁde
3035 3092 3050 3118 ,
3087 3062 3354 3124 peccatum
3392 3063 3464 3108 est
3497 3054 3649 3126 (Rom.
3679 3069 3755 3120 xw,

2235 3139 2352 3213 25).
2393 3142 2522 3210 Qua:
2560 3141 2720 3214 igitur
2767 3158 2874 3197 non
2917 3142 3078 3199 habet
3119 3142 3318 3213 ﬁdem,
3365 3160 3465 3202 nec
3505 3144 3759 3202 continentia

2237 3234 2560 3292 nominanda
2587 3244 2688 3290 est.

2307 3326 2396 3381 27.
2430 3327 2564 3382 Sunt
2590 3327 2749 3382 etiam
2780 3328 2868 3398 qui
2899 3337 3082 3398 aperte
3120 3328 3373 3400 malignis
3408 3329 3662 3386 serviendo
3683 3329 3757 3383 de

2236 3420 2504 3485 monibus,
2541 3435 2571 3474 a
2610 3423 2851 3489 corporis
2892 3421 3250 3491 voluptatibus
3297 3425 3582 3491 continent,
3619 3433 3664 3477 ut
3696 3437 3759 3492 per

2235 3526 2331 3567 cos
2377 3511 2626 3583 expleant
2667 3511 2896 3567 nefarias
2933 3513 3256 3584 voluptates,
3302 3533 3524 3587 quarum
3566 3517 3758 3586 impetum

2236 3604 2590 3674 ardoremque
2639 3620 2743 3658 non
2786 3605 3080 3660 continent.
3125 3605 3282 3663 Unde
3316 3618 3372 3663 ut
3399 3608 3583 3680 aliquid
3613 3609 3756 3672 dicam,

2236 3706 2292 3753 et
2334 3705 2530 3752 caetera
2573 3707 2790 3768 propter
2837 3698 3098 3753 sermonis
3155 3699 3537 3770 longitudinem
3578 3710 3755 3761 taceam;

2237 3789 2453 3860 quidam
2487 3803 2592 3843 non
2619 3790 2883 3860 attingunt
2911 3789 3072 3844 etiam
3106 3805 3304 3846 uxores
3329 3806 3472 3858 suas,
3507 3793 3616 3846 dum
3651 3786 3756 3858 quasi

2237 3882 2422 3938 mundi
2447 3898 2540 3952 per
2560 3883 2789 3952 magicas
2809 3893 2953 3938 artes
2980 3883 3262 3952 pervenire
3285 3884 3354 3952 ad
3382 3900 3571 3940 uxores
3593 3881 3758 3937 moliun-

2238 3983 2323 4028 tur
2343 3974 2563 4029 alienas.
2587 3974 2633 4029 Ο
2653 3975 2947 4029 mirabilem
2993 3975 3401 4044 continentiam,
3434 3977 3535 4031 imo
3560 3989 3666 4029 vero
3693 3986 3756 4026 nc-

2236 4066 2456 4137 quitiam
2477 4074 2638 4136 atque
2660 4065 3048 4120 immunditiam
3069 4068 3425 4137 singularem!
3453 4069 3506 4123 Si
3526 4067 3646 4123 enim
3668 4077 3755 4116 vera

2236 4168 2382 4214 esset
2405 4159 2751 4224 continentia,
2789 4159 2958 4229 magis
2995 4161 3062 4214 ab
3097 4161 3384 4228 adulterio,
3424 4176 3570 4232 quam
3593 4164 3757 4229 propter

2237 4249 2561 4305 adulterium
2607 4250 3042 4321 perpetrandum,
3073 4252 3248 4306 carnis
3272 4249 3670 4322 concupiscentia
3693 4246 3757 4300 dc-

2236 4345 2352 4401 buit
2377 4359 2406 4398 a
2435 4346 2682 4413 conjugio
2709 4344 3002 4398 continere.
3041 4342 3189 4398 llanc
3217 4344 3412 4414 quippe
3438 4341 3754 4410 concupiscen-

2236 4435 2364 4490 tiam
2385 4436 2562 4490 caruis
2585 4435 2824 4488 relaxare
2845 4433 2983 4488 solet
3011 4435 3337 4489 continentia
3360 4431 3645 4504 coniugalis,
3661 4428 3755 4496 ejus-

2235 4543 2340 4600 que
2370 4527 2532 4582 frenis
2562 4526 2822 4581 hactenus
2847 4525 3189 4581 moderamen
3217 4527 3504 4596 imponere,
3533 4535 3583 4580 nt
3612 4536 3690 4577 nec
3718 4517 3752 4571 in

2235 4620 2353 4690 ipso
2395 4617 2643 4687 conjugio
2678 4615 3028 4671 immoderata
3073 4616 3287 4672 licentia
3337 4616 3591 4672 difﬂuatur
3619 4614 3653 4675 ',
3688 4605 3754 4661 sed

2235 4707 2565 4766 custodiatur
2592 4707 2803 4776 modus,
2850 4717 2939 4763 aut
2975 4707 3272 4762 inﬁrmitati
3319 4707 3548 4778 conjugis
3573 4701 3750 4764 debitus,

2235 4802 2320 4858 cui
2349 4801 2453 4858 hoc
2479 4816 2584 4856 non
2614 4799 2906 4856 secundum
2949 4800 3232 4870 imperium
3277 4801 3543 4871 praecipit,
3583 4793 3658 4850 sed
3689 4806 3734 4844 se

2235 4894 2468 4950 cundum
2513 4893 2721 4950 veniam
2748 4892 2993 4948 concedit
3021 4892 3309 4963 Apostolus
3341 4893 3401 4965 (l
3430 4892 3536 4948 Cor.
3562 4903 3646 4951 vn,
3671 4883 3748 4951 6).

2235 4997 2326 5042 aut
2357 4987 2478 5042 ﬁliis
2523 4986 2867 5057 procreandis
2913 4987 3366 5055 accommodatus,
3409 5001 3519 5056 qua:
3559 4995 3646 5038 una
3684 4974 3752 5030 fuit

2235 5095 2395 5138 causa
2443 5081 2731 5136 miscenda:
2767 5081 2994 5135 invicem
3035 5081 3212 5135 carnis
3251 5089 3304 5134 et
3363 5078 3581 5150 patribus
3624 5083 3750 5141 quon-

2235 5172 2356 5228 dam
2383 5181 2435 5227 et
2467 5172 2723 5227 matribus
2752 5173 2970 5227 sanctis.
3001 5171 3058 5226 ld
3085 5180 3261 5226 autem
3301 5170 3491 5226 faciens
3526 5166 3747 5224 continen-

2237 5267 2329 5333 tia,
2360 5265 2539 5331 idest,
2588 5263 2870 5320 moderans
2909 5272 2964 5319 et
3004 5265 3232 5335 quodam
3278 5263 3433 5318 modo
3477 5260 3677 5316 limitans
3711 5251 3745 5304 in

2235 5359 2551 5430 conjugibus
2599 5359 2775 5413 carnis
2823 5358 3330 5430 concupiscentiam,
3357 5365 3410 5412 et
3451 5355 3554 5426 ejus
3591 5345 3745 5418 inquie-

2183 5490 2188 5496 -
2240 5462 2346 5507 tum
2379 5462 2534 5521 atque
2567 5451 2920 5505 inordinatum
2953 5461 3152 5505 motum
3196 5451 3351 5507 certis
3382 5448 3588 5520 quodam
3626 5434 3742 5495 modi

2240 5545 2430 5600 ﬁnibus
2451 5545 2723 5611 ordinans,
2755 5544 2889 5599 bene
2917 5545 3078 5598 utitur
3104 5544 3329 5599 hominis
3357 5542 3508 5608 malo,
3533 5550 3663 5610 quem
3685 5528 3741 5586 {a-

2305 5686 2317 5715 ι
2341 5683 2472 5741 ωιιὶ,
2501 5681 2834 5746 continentiam
2858 5679 2992 5743 ﬁdei.
3013 5683 3174 5741 Abest,
3203 5679 3333 5746 βαιά,
3357 5691 3384 5728 a
3408 5685 3502 5727 Mss.

2305 5748 2438 5796 ’1)υο
2465 5753 2590 5800 Mss,
2619 5742 2820 5806 difﬂuat.
