3882 6286
116 462 222 517 369

112 580 184 634 cit
211 586 267 632 et
287 576 383 629 vult
412 573 661 644 perﬁcere
690 571 887 626 bonum
917 588 928 623 :
969 570 1108 623 sicut
1144 570 1283 623 Deus
1315 568 1481 622 utitur
1505 568 1665 623 etiam

112 667 395 723 hominibus
450 666 644 729 malis,
693 672 909 735 propter
956 676 1050 717 cos
1113 676 1247 731 quos
1301 659 1505 730 perlicit
1574 660 1667 715 bo-

109 776 224 815 1105.

177 850 383 907 CAPUT
411 849 617 904 Xlll.-—
637 848 728 904 28.
754 848 1075 904 Continentia
1101 862 1201 900 non
1225 855 1418 900 tantum
1438 844 1670 900 libidines

108 942 336 1013 corporis,
364 941 449 995 sed
476 950 522 995 et
547 940 706 994 animi
730 938 1032 1007 cupiditates
1056 946 1245 990 coercet
1280 946 1328 989 et
1366 936 1514 1005 regit.
1549 932 1666 987 Μο-

108 1045 183 1088 tus
201 1034 369 1087 anima:
387 1032 526 1102 pravi
559 1030 867 1085 continentia
889 1028 1150 1082 cohibendi
1165 1069 1179 1093 ,
1207 1037 1385 1098 negato
1424 1042 1670 1080 consensu

107 1139 149 1182 et
178 1130 348 1198 rejecta
383 1127 456 1180 vel
498 1124 819 1195 cogitationis
846 1122 1193 1177 delectatione.
1244 1119 1397 1175 Absit
1441 1134 1570 1190 ergo
1611 1129 1670 1175 ut

110 1217 488 1283 continentiam,
518 1216 587 1271 de
616 1230 721 1285 qua
761 1214 1033 1283 Scriptura
1064 1213 1227 1277 dicit,
1262 1210 1327 1265 Et
1372 1212 1464 1265 hoc
1502 1212 1669 1281 ipsum

106 1320 208 1365 erat
244 1309 505 1379 sapientice,
538 1308 669 1361 scire
706 1308 854 1378 cujus
884 1314 1009 1359 esset
1035 1306 1130 1358 hoc
1156 1305 1346 1357 donum
1373 1303 1527 1373 (Sap.
1550 1317 1663 1368 vut,

108 1405 164 1459 2|
191 1404 232 1475 ),
259 1403 402 1459 etiam
433 1416 527 1456 eos
558 1400 755 1455 habere
782 1401 1054 1465 dicamus,
1082 1398 1172 1468 qui
1210 1395 1553 1459 continendo,
1584 1396 1667 1450 vel

113 1495 358 1551 erroribus
375 1494 631 1558 serviunt,
649 1493 733 1548 vel
750 1492 955 1563 aliquas
973 1491 1205 1546 minores
1220 1487 1533 1558 cupiditates
1550 1485 1668 1541 ideo

116 1588 335 1651 vincunt,
366 1595 423 1639 ut
450 1585 586 1640 alias
614 1584 865 1654 expleant
891 1623 905 1648 ,
954 1596 1178 1652 quarum
1216 1578 1517 1650 granditate
1546 1577 1665 1632 vin-

108 1687 303 1732 cuntur.
330 1676 402 1731 Ea
427 1691 556 1731 vero
584 1690 705 1745 quae
732 1689 861 1729 vera
887 1681 968 1728 est
996 1672 1228 1741 desuper
1252 1670 1472 1724 veniens
1495 1667 1667 1723 conti-

107 1767 293 1833 nentia,
320 1783 418 1822 non
444 1766 564 1821 aliis
592 1766 747 1820 malis
776 1764 915 1819 mala
944 1777 1188 1833 premere
1216 1761 1339 1826 alia,
1387 1758 1483 1815 sed
1514 1758 1667 1814 bonis

106 1860 237 1913 mala
262 1874 443 1916 sanare
470 1858 585 1913 vult
624 1858 823 1912 omnia.
850 1856 1014 1926 Cujus
1059 1863 1117 1909 ut
1155 1853 1386 1908 breviter
1421 1850 1665 1920 comple-

105 1961 211 2006 ctar
229 1952 513 2014 actionem;
545 1949 795 2004 omnibus
823 1961 1042 2018 prorsus
1068 1943 1508 2001 delectationibus
1534 1956 1666 1998 con-

104 2041 441 2111 cupiscentiae,
469 2056 589 2110 quae
618 2040 968 2095 adversantur
997 2036 1337 2094 delectationi
1362 2034 1662 2104 sapientiae,

105 2132 394 2188 coercendis
442 2144 601 2202 atque
640 2131 892 2186 sanandis
936 2129 1173 2200 invigilat
1219 2127 1451 2184 ofﬁcium
1494 2126 1667 2182 couti-

104 2224 300 2281 nentiae.
344 2221 495 2278 Unde
538 2222 815 2293 angustius
858 2236 975 2277 eam
1017 2222 1135 2275 sine
1178 2219 1513 2275 dubitatione
1550 2232 1666 2274 mc-

105 2315 305 2379 tiuntur,
346 2314 434 2385 qui
474 2316 617 2369 solas
662 2314 905 2369 libidines
948 2313 1189 2383 corporis
1226 2311 1483 2368 cohibere
1528 2308 1666 2367 deﬁ-

104 2408 273 2465 niunt:
303 2410 489 2463 melius
516 2406 756 2477 profecto
784 2406 881 2472 illi,
910 2406 1000 2476 qui
1030 2421 1135 2461 non
1172 2404 1373 2460 addunt
1397 2402 1661 2474 corporis,

104 2499 185 2553 sed
211 2500 520 2569 generaliter
546 2498 823 2554 libidinem
858 2498 971 2553 sive
998 2497 1343 2567 cupiditatem
1373 2494 1664 2567 regendam

102 2589 339 2645 dicuntad
355 2591 737 2646 continentiam
752 2589 1172 2660 pertinere.Quse
1186 2587 1448 2658 cupiditas
1463 2587 1515 2641 in
1533 2585 1663 2641 vitio

102 2681 318 2749 ponitur,
346 2696 444 2737 nec
484 2691 688 2737 tantum
728 2690 810 2737 est
837 2681 1098 2750 corporis,
1149 2695 1332 2735 verum
1376 2689 1430 2735 et
1475 2678 1659 2733 animi.

107 2771 299 2827 Etenim
328 2774 370 2829 si
396 2773 660 2843 cupiditas
688 2774 929 2844 corporis
956 2783 1038 2828 est
1066 2773 1119 2827 in
1152 2771 1589 2827 fornicationibus
1608 2778 1664 2826 et

104 2864 444 2931 ebrietatibus,
472 2865 727 2935 numquid
754 2865 1065 2930 inimicitize,
1088 2866 1481 2932 contentiones,
1505 2879 1665 2921 acmu-

106 2955 330 3021 lationes,
357 2969 627 3028 postremo
654 2958 1037 3026 animositates,
1067 2958 1120 3012 in
1147 2959 1385 3028 corporis
1412 2960 1659 3028 volupta-

108 3047 250 3113 tibus,
302 3065 360 3103 ae
410 3066 516 3105 non
568 3050 742 3120 potius
783 3050 836 3104 in
880 3049 1043 3104 animi
1090 3050 1323 3105 molibus
1364 3059 1418 3106 et
1445 3058 1661 3120 pertur-

109 3136 385 3194 bationibus
411 3142 768 3196 exercentur?
793 3141 978 3196 Carnis
1009 3150 1183 3198 tamen
1214 3156 1376 3212 opera
1406 3143 1521 3197 lucc
1546 3156 1663 3197 om-

110 3229 180 3282 nia
204 3232 518 3302 nuncupavit
542 3231 849 3301 Apostolus,
880 3232 992 3287 sive
1017 3248 1137 3302 quzc
1164 3231 1230 3287 ad
1261 3233 1517 3298 animum,
1549 3232 1663 3288 sive

111 3338 209 3389 qua:
245 3324 309 3382 ad
345 3339 560 3379 carnem
606 3324 818 3394 proprie
845 3325 1192 3394 pertinerent,
1244 3327 1415 3395 ipsum
1460 3324 1664 3382 scilicet

113 3409 354 3468 hominem
381 3414 599 3469 nomine
628 3414 803 3471 carnis
831 3415 1103 3485 appellans
1130 3414 1325 3486 (Galat.
1356 3432 1407 3481 v,
1436 3413 1589 3470 19-2!
1615 3414 1660 3487 ).

116 3502 263 3572 Opera
292 3507 484 3576 quippe
529 3505 759 3560 hominis
801 3517 924 3561 sunt
966 3522 1085 3576 quae
1120 3523 1224 3561 non
1254 3506 1502 3561 dicuntur
1532 3506 1660 3573 Dei;

115 3598 333 3661 quoniam
366 3598 525 3652 homo
554 3598 641 3667 qui
681 3597 794 3653 hcce
823 3598 950 3668 agit,
982 3598 1271 3652 secundum
1303 3613 1362 3653 se
1389 3598 1561 3667 ipsum
1588 3597 1667 3651 vi-

115 3688 190 3753 vit,
216 3704 313 3743 non
340 3689 631 3745 secundum
658 3691 843 3757 Deum,
872 3689 924 3743 in
950 3697 1206 3760 quantum
1234 3689 1348 3744 lucc
1376 3690 1501 3760 agit.
1530 3686 1667 3745 Sunt

118 3792 267 3838 autem
308 3786 403 3838 alia
442 3780 605 3855 opera
644 3783 895 3848 hominis,
935 3799 1051 3854 quae
1091 3784 1257 3854 magis
1288 3783 1510 3838 dicenda
1538 3790 1665 3837 sunt

118 3886 251 3940 opera
279 3875 384 3930 Dei.
416 3876 552 3928 Deus
590 3885 659 3928 est
692 3876 843 3943 enim,
874 3875 1046 3945 inquit
1070 3875 1377 3945 Apostolus,
1421 3875 1506 3946 qui
1543 3891 1665 3946 ope—

120 3974 237 4018 ratur
259 3967 305 4022 in
330 3969 464 4021 vobis
503 3977 548 4021 et
570 3967 708 4021 velle
745 3977 791 4021 et
836 3971 1068 4037 operari,
1116 3985 1206 4039 pro
1243 3968 1373 4022 bona
1414 3968 1669 4023 uoluntate

124 4056 360 4129 (Philipp.
394 4077 452 4126 ιι,
498 4061 564 4115 15
586 4060 624 4129 ).
667 4059 793 4115 Inde
827 4071 910 4115 est.
946 4070 1000 4116 et
1037 4061 1201 4116 illud:
1245 4060 1496 4131 Quotquot
1533 4062 1667 4116 enim

125 4144 290 4215 Spiritu
321 4151 413 4205 Dei
439 4160 681 4223 aguntur,
709 4152 760 4205 hi
787 4152 883 4221 ﬁlii
908 4161 1023 4207 sunt
1049 4151 1147 4206 Dei
1182 4150 1356 4225 (Rom.
1394 4168 1507 4221 vin,
1536 4151 1665 4224 14).

180 4241 257 4297 29.
294 4246 519 4314 Spiritus
546 4247 723 4316 itaque
749 4245 979 4300 hominis
1004 4244 1281 4300 adhaerens
1302 4245 1522 4315 Spiritui
1548 4245 1665 4314 Dei,

128 4338 415 4407 concupiscit
444 4336 706 4392 adversus
735 4352 970 4401 carnem,
1002 4336 1055 4391 id
1084 4344 1184 4400 est,
1216 4336 1474 4391 adversus
1502 4351 1561 4391 se
1584 4335 1669 4406 ip-

133 4440 224 4480 sum
242 4444 255 4492 ;
275 4428 361 4484 sed
385 4445 483 4499 pro
504 4444 566 4484 se
595 4433 727 4498 ipso,
754 4437 810 4484 ut
830 4437 1005 4483 motus
1029 4427 1104 4482 illi
1131 4428 1249 4483 sive
1274 4430 1327 4482 in
1352 4442 1534 4492 carne,
1558 4426 1671 4483 sive

134 4515 171 4567 in
195 4519 370 4586 anima,
402 4519 691 4575 secundum
723 4519 1010 4587 hominem,
1034 4534 1139 4573 non
1162 4517 1451 4573 secundum
1477 4517 1667 4583 Deum,

136 4608 203 4672 qui
224 4621 332 4665 sunt
358 4611 528 4665 adhuc
554 4626 648 4680 per
671 4610 988 4679 acquisitum
1019 4610 1347 4680 languorem,
1387 4608 1671 4664 continen-

138 4698 189 4750 tia
226 4703 580 4768 cohibeantur,
625 4712 841 4773 propter
869 4704 1247 4774 acquirendam
1294 4703 1523 4758 salutem
1556 4720 1570 4757 :
1611 4711 1672 4758 ut

139 4784 267 4843 homo
294 4809 388 4848 non
415 4793 707 4849 secundum
742 4794 1008 4849 hominem
1037 4794 1241 4859 vivens,
1264 4793 1371 4863 jam
1403 4794 1569 4863 possit
1592 4793 1673 4849 di-

142 4890 252 4943 cere,
284 4881 395 4937 Vivo
433 4894 600 4938 autent
626 4886 739 4954 jam
768 4902 869 4938 non
897 4901 1007 4955 ego,
1040 4885 1155 4939 vivit
1183 4901 1294 4938 vero
1322 4884 1375 4938 in
1417 4901 1494 4938 me
1520 4882 1672 4940 Chri-

144 4973 421 5042 snu((.‘alat.
450 4992 508 5043 ιι,
535 4976 664 5047 20).
696 4976 797 5032 Ubi
836 4978 977 5032 enim
1019 4992 1123 5032 non
1166 4992 1299 5049 ego,
1350 4976 1421 5031 ibi
1467 4976 1674 5032 felicius

148 5074 249 5128 (‘80;
287 5076 335 5120 ut
361 5069 568 5138 quando
596 5069 887 5123 secundum
933 5068 1202 5124 hominem
1247 5069 1505 5140 reprobus
1534 5068 1673 5125 ullus

152 5164 287 5211 motus
314 5162 560 5230 exsurgit,
590 5161 675 5216 cui
707 5177 810 5216 non
838 5162 1100 5217 consentit
1128 5162 1215 5232 qui
1244 5172 1420 5217 mente
1448 5162 1551 5232 legi
1578 5162 1674 5217 Dei

153 5248 309 5313 servit,
345 5251 476 5306 dicat
520 5252 679 5307 etiam
711 5252 862 5318 illud,
895 5252 1014 5306 Jam
1054 5270 1151 5307 non
1201 5270 1291 5324 ego
1336 5269 1516 5322 operor
1543 5253 1674 5307 illud

156 5331 290 5395 tltom.
316 5356 395 5405 vn,
430 5343 488 5395 l7
510 5342 550 5412 ).
594 5342 809 5396 Talibus
838 5343 1029 5412 quippe
1056 5352 1107 5397 ct
1142 5343 1231 5397 illa
1258 5344 1521 5408 dicuntur,
1555 5358 1675 5413 quae

158 5423 258 5479 sicut
283 5448 447 5485 eorum
478 5433 608 5486 socii
642 5432 1028 5503 partieipcsque
1057 5433 1310 5487 debemus
1348 5435 1571 5489 audire:
1614 5433 1675 5489 Si

162 5524 484 5577 toizsurrexistis
522 5541 635 5577 cum
664 5524 882 5591 Christo,
906 5540 1017 5593 qua:
1057 5539 1257 5577 sursum
1294 5535 1409 5578 sunt
1447 5526 1675 5595 quwrite,

163 5605 220 5657 tibi
244 5610 441 5667 Christus
481 5626 551 5669 est
596 5618 648 5669 in
696 5618 899 5670 dextera
943 5616 1037 5670 Dei
1083 5618 1289 5681 sedens;
1327 5634 1438 5688 qua:
1479 5634 1680 5671 sursum

169 5708 251 5748 “illi
282 5706 439 5772 sapite,
481 5725 580 5761 non
625 5724 736 5778 qua:
763 5725 913 5776 super
953 5719 1154 5761 terram.
1204 5709 1394 5763 Μονιηὶ
1438 5710 1568 5763 enim
1597 5727 1678 5765 es-

173 5783 231 5847 ιίε,
254 5800 290 5841 et
315 5795 403 5845 rita
441 5808 597 5850 vestra
626 5799 918 5852 abscondita
952 5808 1021 5852 est
1046 5816 1155 5852 cum
1195 5800 1393 5855 Christo
1434 5802 1484 5855 in
1514 5800 1623 5855 Deo
1658 5817 1679 5855 :

176 5888 260 5931 mn
274 5881 473 5945 Christus
499 5892 787 5961 apparuerit
812 5893 911 5948 vita
936 5903 1114 5961 vestra,
1142 5905 1257 5950 tunc
1283 5905 1327 5951 ct
1353 5912 1436 5951 vos
1465 5912 1678 5965 appare-

1574 447 1772 504 LIBER
1817 450 2013 507 UNllS.

3257 466 3361 525 370

1782 572 1893 625 bitis
1919 588 2031 626 cum
2058 573 2148 627 illo
2173 574 2227 628 in
2260 574 2442 645 gloria.
2472 575 2673 643 Quibus
2702 576 2946 647 loquatur
2973 580 3359 653 intelligamus,

1779 662 1886 716 imo
1916 678 2044 718 vero
2073 666 2325 721 attentius
2352 666 2646 723 audiamus.
2671 667 2800 723 Nam
2828 670 2953 739 quid
2985 671 3085 728 hoc
3118 674 3362 745 planius?

1776 755 1902 824 quid
1932 758 2205 827 apertius?
2226 758 2318 813 Eis
2344 770 2491 815 certe
2521 760 2771 830 loquitur,
2796 763 2884 831 qui
2912 776 3363 823 consurrexerunt

1777 860 1897 900 cum
1926 847 2157 915 Christo,
2186 849 2418 905 nondum
2449 853 2631 922 utique
2658 868 2838 922 carne,
2866 854 2960 910 sed
2990 866 3197 923 mente;
3228 873 3363 927 quos

1778 948 2018 994 mortuos
2046 941 2195 1007 dicit,
2238 951 2289 996 et
2327 944 2495 1012 magis
2522 944 2644 998 hinc
2669 945 2817 1000 vivos
2843 964 2856 1001 :
2898 961 3019 1001 nam
3045 948 3144 1002 vita
3173 958 3358 1016 vestra,

1779 1031 1968 1100 inquit,
1995 1033 2287 1087 abscondita
2308 1044 2381 1088 est
2409 1050 2521 1088 cum
2545 1033 2743 1090 Christo
2767 1038 2820 1091 in
2843 1037 2969 1092 Deo.
2990 1039 3196 1094 Talium
3218 1054 3364 1095 mor-

1781 1132 1989 1179 tuorum
2018 1141 2117 1180 vox
2144 1136 2257 1181 est:
2292 1125 2414 1181 Viuo
2440 1136 2605 1181 autem
2622 1129 2737 1198 jam
2762 1146 2863 1183 non
2888 1147 2998 1201 ego,
3025 1132 3138 1185 vivit
3165 1148 3278 1186 vero
3306 1133 3362 1186 in

1778 1233 1856 1269 me
1869 1215 2117 1272 Christus.
2132 1218 2369 1284 Quorum
2395 1236 2522 1291 ergo
2541 1220 2647 1274 vita
2673 1230 2784 1276 erat
2812 1222 3121 1277 abscondita
3149 1224 3201 1278 in
3220 1223 3353 1289 Deo,

1776 1305 2132 1362 admonentur
2158 1318 2212 1363 et
2249 1309 2596 1365 exhortantur
2622 1320 2679 1365 ut
2718 1312 2956 1368 membra
2986 1329 3080 1368 sua
3128 1315 3359 1369 mortiﬁ-

1775 1405 1902 1452 cent
1924 1414 2043 1468 qua:
2070 1408 2193 1453 sunt
2220 1415 2381 1471 super
2408 1410 2623 1456 terram.
2655 1402 2709 1456 ld
2734 1403 2875 1458 enim
2906 1405 3145 1474 sequitur
3170 1423 3183 1459 :
3211 1404 3356 1461 Maro

1776 1492 1963 1560 tiﬁcate
1991 1511 2107 1564 ergo
2134 1495 2353 1549 membra
2376 1505 2537 1550 vestra
2565 1512 2678 1567 qua:
2717 1506 2832 1552 sunt
2861 1513 3012 1569 super
3038 1509 3243 1552 terram.
3290 1500 3359 1555 Et

1775 1598 1843 1638 ne
1872 1585 2149 1654 quisquam
2192 1586 2351 1641 nimis
2380 1588 2564 1642 tardus
2590 1589 2827 1643 membra
2857 1588 2954 1643 ista
2986 1590 3212 1648 visibilia
3238 1604 3359 1645 cor-

1776 1675 1920 1744 poris
1953 1676 2317 1731 mortiﬁcanda
2358 1688 2567 1748 putaret
2608 1695 2637 1734 a
2678 1681 2887 1744 talibus,
2933 1682 3186 1736 continuo
3227 1682 3358 1753 quid

1774 1764 1918 1821 dicat
1946 1768 2226 1836 aperiens:
2253 1768 2680 1837 Fornicationem,
2718 1771 2906 1841 inquit,
2947 1773 3318 1828 immunditiam
3337 1815 3356 1839 ,

1774 1859 2216 1927 perturbationem,
2262 1863 2719 1932 concupiscentiam
2756 1864 2962 1931 malum,
2993 1873 3038 1918 et
3067 1866 3354 1933 avaritiam,

1772 1963 1885 2018 qua:
1911 1958 1984 2002 est
2013 1950 2264 2004 idolorum
2289 1952 2517 2006 servitus.
2555 1952 2701 2007 Itane
2731 1968 2858 2007 vero
2913 1953 3239 2010 credendum
3269 1964 3357 2012 est

1773 2040 1915 2111 quod
1946 2040 2030 2094 isti
2066 2042 2155 2111 qui
2188 2041 2301 2111 jam
2343 2044 2535 2097 mortui
2576 2052 2747 2109 erant,
2774 2059 3066 2115 eorumque
3092 2046 3199 2100 vita
3228 2046 3359 2102 abs-

1773 2130 1987 2186 condita
2015 2140 2132 2186 erat
2159 2147 2280 2187 cum
2308 2133 2522 2189 Christo
2553 2134 2603 2188 in
2629 2134 2763 2201 Deo,
2795 2134 2971 2191 adlmc
3025 2136 3359 2193 fornicaban-

1774 2230 1879 2288 tur,
1910 2224 2085 2280 adhuc
2114 2226 2165 2280 in
2200 2226 2439 2281 moribus
2482 2226 2769 2282 immundis
2813 2229 3168 2299 Operibusque
3204 2229 3358 2286 vich

1773 2314 1920 2382 bant,
1949 2317 2122 2373 adhuc
2178 2318 2666 2389 perturbationibus
2706 2320 3149 2390 concupiscentia:
3193 2321 3351 2378 mala:

1772 2416 1934 2479 atque
1962 2410 2197 2464 avaritire
2225 2409 2563 2465 serviebant?
2588 2410 2719 2478 Quis
2756 2410 2977 2467 demens
3015 2413 3111 2467 ista
3139 2412 3205 2467 de
3233 2412 3356 2469 tali-

1772 2498 1873 2555 bus
1900 2500 2162 2555 senserit?
2202 2499 2338 2566 Quid
2370 2514 2497 2571 ergo
2530 2501 2642 2556 vult
2682 2510 2743 2556 ut
2786 2503 3140 2568 mortiﬁcent,
3189 2518 3354 2573 opere

1770 2590 1976 2645 scilicet
2012 2590 2375 2657 continentiae,
2420 2591 2522 2645 nisi
2554 2599 2729 2645 motus
2770 2592 2914 2661 ipsos
2957 2592 3129 2647 adhuc
3168 2594 3219 2647 in
3255 2607 3355 2648 sua

1770 2677 1998 2751 quadam
2030 2680 2475 2750 interpellatione,
2518 2681 2634 2736 sine
2661 2690 2856 2738 nostrae
2885 2684 3079 2738 mentis
3123 2698 3356 2740 consen-

1771 2771 1944 2838 sione,
1992 2770 2108 2826 sine
2146 2771 2508 2827 membrorum
2547 2772 2901 2841 corporalium
2931 2775 3240 2843 operationc
3270 2776 3355 2830 vi-

1774 2864 1997 2921 ventes?
2024 2864 2091 2919 Et
2133 2864 2401 2934 quomodo
2440 2865 2526 2919 isti
2565 2865 2952 2920 mortiﬁcamur
2989 2881 3150 2936 opere
3179 2867 3355 2922 conti-

1774 2956 1993 3024 nentiae,
2026 2956 2127 3012 nisi
2152 2972 2271 3011 cum
2303 2958 2382 3013 eis
2407 2966 2586 3013 mente
2612 2972 2721 3012 non
2743 2958 3092 3023 consentitur,
3125 2973 3224 3013 nec
3255 2972 3353 3013 ex-

1773 3047 2023 3105 hibentur
2045 3048 2125 3103 eis
2153 3063 2304 3104 arma
2330 3048 2569 3119 corporis
2596 3049 2862 3115 membra;
2886 3058 2939 3104 et
2965 3049 3104 3119 quod
3131 3056 3214 3104 est
3241 3064 3356 3105 ma-

1770 3141 1878 3212 jus,
1909 3148 2069 3211 atque
2104 3140 2373 3211 vigilantia
2403 3141 2743 3196 continentia:
2775 3140 2977 3212 majore
3020 3141 3313 3195 curandum
3335 3184 3353 3208 ,

1772 3230 1886 3301 ipsa
1912 3232 2073 3287 etiam
2117 3240 2299 3285 nostra
2328 3232 2597 3302 cogitatio,
2626 3232 2866 3301 quamvis
2900 3246 3085 3286 eorum
3122 3231 3355 3301 quodam

1774 3322 1934 3378 modo
1959 3323 2297 3394 suggestione
2324 3331 2379 3379 et
2403 3324 2553 3394 quasi
2579 3323 2943 3378 susurratione
2981 3332 3246 3394 tangatur,
3275 3332 3357 3379 ta-

1774 3431 1895 3472 men
1912 3416 1979 3473 ab
1994 3419 2070 3473 eis
2095 3433 2163 3473 ne
2192 3416 2489 3472 oblectetur
2513 3402 2788 3483 avertitur,
2819 3426 2873 3472 et
2900 3417 2966 3471 ad
2993 3432 3226 3486 superna
3253 3417 3353 3473 de-

1774 3509 2069 3565 lectabilius
2090 3507 2367 3579 cogitanda
2390 3508 2748 3575 convertitur;
2773 3508 2842 3563 ob
2863 3508 2963 3564 hoc
2986 3524 3048 3563 ea
3070 3510 3356 3565 nominans

1774 3599 1827 3653 in
1866 3599 2225 3665 sermonibus,
2266 3615 2333 3654 ne
2361 3598 2629 3653 habitetur
2656 3598 2708 3653 in
2747 3599 2858 3664 eis,
2888 3598 2983 3654 sed
3027 3598 3261 3669 fugiatur
3284 3601 3357 3655 ab

1774 3688 1887 3745 eis?
1916 3690 2067 3755 Quod
2099 3689 2177 3756 lit,
2210 3689 2255 3744 si
2286 3688 2573 3744 efﬁcaciter
2602 3688 2900 3754 audiamus,
2930 3688 3045 3758 ipso
3070 3690 3359 3759 adjuvaute

1773 3783 1861 3853 qui
1904 3783 2003 3838 hoc
2035 3798 2127 3853 per
2153 3782 2462 3851 Apostolum
2492 3797 2645 3836 suum
2685 3783 2927 3853 praecipit
2954 3800 2968 3836 :
2999 3780 3127 3847 Qua:
3152 3798 3357 3838 sursum

1775 3883 1889 3929 sunt
1916 3876 2123 3945 quaerite
2142 3917 2158 3941 ,
2186 3874 2271 3928 ubi
2301 3873 2529 3929 Christus
2556 3882 2628 3928 est
2667 3874 2722 3927 in
2762 3874 2967 3927 dextera
3007 3873 3102 3927 Dei
3141 3875 3319 3929 sedens
3334 3890 3359 3941 ;

1774 3984 1887 4038 qua:
1909 3984 2107 4021 sursum
2132 3976 2247 4021 sunt
2275 3967 2455 4037 sapite,
2486 3982 2588 4019 non
2621 3980 2735 4036 qua:
2761 3982 2913 4036 super
2936 3974 3140 4019 terram.
3336 3988 3337 4009 ξ

1846 4057 2071 4112 CAPUT
2110 4056 2250 4111 XIV.
2289 4086 2362 4096 ——
2394 4056 2481 4112 30.
2523 4054 2706 4108 Fidem
2730 4056 2839 4109 sine
2865 4056 3097 4125 aperibus
3125 4072 3228 4109 non
3250 4054 3358 4109 sal-

1774 4164 1910 4202 vare.
1942 4146 2077 4201 Vitia
2105 4147 2270 4201 carnis
2297 4154 2582 4200 constanter
2605 4144 2921 4199 debellanda.
2942 4144 3012 4200 In
3037 4146 3357 4201 continentia

1775 4240 1951 4310 praelia
1978 4239 2105 4293 vires
2134 4248 2178 4292 et
2202 4238 2409 4292 victoria
2436 4235 2698 4307 referenda
2719 4236 2773 4290 in
2798 4234 2985 4291 Deum.
3014 4236 3146 4291 Cum
3174 4244 3354 4292 autem

1776 4332 1913 4387 mala
1940 4331 2027 4387 illa
2054 4338 2547 4393 commemorasset,
2574 4328 2817 4398 adjunxit
2843 4337 3004 4400 atque
3041 4330 3114 4383 ait
3152 4346 3165 4383 :
3212 4327 3354 4383 Pro-

1777 4432 1884 4496 pter
1906 4439 2019 4497 qua:
2046 4424 2177 4477 venit
2214 4424 2292 4477 ira
2316 4421 2413 4477 Dei
2440 4423 2492 4477 in
2522 4422 2657 4492 ﬁlios
2685 4422 3017 4492 inﬁdelitatis.
3056 4422 3245 4493 Utique
3268 4436 3356 4478 sa-

1776 4515 2000 4572 lubriter
2049 4518 2251 4583 terruit,
2300 4530 2367 4570 ne
2411 4524 2655 4585 putarent
2703 4514 2886 4570 ﬁdeles
2929 4523 3145 4585 propter
3181 4515 3353 4571 solam

1776 4607 1934 4663 ﬁdem
1963 4623 2132 4674 suam,
2175 4607 2381 4663 etiamsi
2423 4607 2475 4661 in
2510 4606 2590 4661 his
2615 4607 2768 4660 malis
2803 4607 3065 4673 viverent,
3096 4621 3155 4661 se
3194 4621 3353 4677 posse

1778 4700 2004 4766 salvari;
2036 4700 2277 4769 apostolo
2314 4698 2515 4755 Jacobo
2542 4706 2728 4752 contra
2774 4696 2932 4751 istum
2961 4712 3179 4752 sensum
3222 4712 3355 4753 voce

1778 4792 2207 4848 manifestissima
2236 4792 2557 4847 reclamante
2591 4806 2653 4845 ac
2679 4790 2908 4857 dicente,
2955 4791 3018 4846 Si
3053 4793 3205 4860 ﬁdem
3240 4793 3357 4862 quis

1779 4887 1913 4940 dicat
1950 4902 2003 4940 se
2032 4884 2227 4951 habere,
2254 4866 2409 4953 opera
2437 4893 2605 4936 autent
2634 4898 2735 4935 non
2764 4880 2962 4946 habeat,
2989 4883 3233 4952 numquid
3261 4900 3357 4952 po-

1782 4978 1893 5032 terit
1916 4976 2041 5046 ﬁdes
2064 4977 2258 5029 saleare
2280 4990 2391 5028 eum
2422 4972 2620 5044 (Jacobi
2644 4988 2701 5037 ιι,
2728 4972 2794 5027 14
2812 4970 2869 5041 )?
2894 4971 3044 5027 Umlc
3072 4985 3126 5029 et
3154 4974 3236 5027 hic
3252 4974 3359 5027 Do-

1780 5077 1897 5124 ctor
1922 5066 2167 5121 Gentium
2193 5074 2404 5135 propter
2429 5064 2516 5119 illa
2548 5064 2684 5118 mala
2709 5064 2892 5119 venire
2932 5064 3063 5118 iram
3103 5064 3192 5119 Dei
3222 5065 3359 5120 dixit

1781 5162 1833 5215 in
1862 5160 1997 5213 ﬁlios
2027 5158 2373 5213 inﬁdelitatis.
2420 5156 2551 5212 Cum
2581 5166 2756 5212 autem
2792 5158 2939 5224 dicit,
2988 5158 3052 5210 In
3092 5159 3269 5227 quibus
3307 5169 3359 5214 et

1780 5266 1865 5304 eos
1894 5248 2167 5317 aliquando
2204 5248 2517 5313 ambulastis,
2555 5265 2668 5301 cum
2703 5249 2926 5301 viveretis
2963 5250 3014 5302 in
3055 5250 3189 5312 illis;
3225 5250 3359 5310 satis

1781 5339 2013 5395 ostendit
2050 5339 2189 5409 quod
2233 5339 2284 5393 in
2314 5339 2417 5394 illis
2454 5339 2562 5409 jam
2602 5356 2705 5394 non
2733 5341 2990 5394 viverent.
3023 5340 3115 5394 llis
3160 5340 3357 5409 quippe

1783 5432 1979 5489 mortui
2006 5440 2177 5498 erant,
2208 5440 2263 5486 ut
2288 5447 2473 5487 eorum
2513 5432 2619 5485 vita
2647 5432 2697 5485 in
2732 5432 2840 5486 Deo
2867 5446 2986 5485 cum
3026 5429 3237 5485 Christo
3265 5447 3357 5485 cs-

1784 5533 1864 5579 set
1889 5523 2217 5578 abscondita.
2257 5520 2391 5578 Cum
2433 5538 2560 5593 ergo
2593 5523 2701 5591 jam
2742 5524 2793 5576 in
2824 5522 2927 5575 illis
2964 5537 3066 5574 non
3096 5521 3355 5589 viverent,

1785 5614 2105 5669 mortiﬁcare
2124 5614 2233 5684 jam
2262 5614 2384 5668 talia
2404 5612 2743 5683 jubebantur.
2774 5612 2907 5680 ipsis
2946 5611 3140 5680 quippe
3168 5610 3220 5664 in
3252 5611 3360 5666 eis-
3430 5608 3433 5611 ’

1785 5706 1905 5761 dem
1949 5721 2053 5760 non
2101 5705 2399 5760 viventibus
2444 5705 2530 5757 illa
2573 5702 2847 5766 vivebant;
2877 5701 3012 5755 sicut
3045 5701 3197 5770 paulo
3233 5710 3359 5759 ante

1782 5800 1890 5871 jam
1920 5798 2125 5853 ostendi
2152 5814 2166 5852 :
2194 5807 2246 5851 et
2273 5797 2507 5852 membra
2534 5794 2843 5847 dicebantur
2878 5795 3134 5864 ipsorum,
3182 5810 3243 5850 ea
3273 5795 3357 5850 vi-

1791 5890 1983 5947 delicet
2017 5889 2142 5947 vitia
2176 5903 2295 5959 quae
2342 5888 2396 5944 in
2442 5884 2694 5942 membris
2737 5884 3043 5944 habitabant
3086 5887 3315 5958 ipsorum
3341 5924 3363 5955 ,
3434 5894 3444 5916 ¹
