3882 6286
477 323 578 381 371
1359 311 1734 371 ADMONITIO
1775 310 1838 367 IN
1878 308 2135 367 LIBRUM
2175 309 2262 364 DE
2301 307 2479 366 BONO
2506 308 2902 367 CONJUGALI.
3599 321 3679 380 δη

475 433 638 493 modo
662 431 948 489 locutionis
969 433 988 464 ί
1011 444 1106 500 per
1131 427 1185 485 id
1213 428 1358 499 quod
1383 427 1621 484 continet
1647 427 1699 482 id
1724 426 1870 498 quod
1896 425 2068 480 conti-
2182 422 2331 491 lient,
2359 439 2585 494 eamque
2612 424 2735 480 inde
2775 425 2887 494 ipsa
2931 423 3197 494 deponent
3231 427 3270 496 ί,
3314 437 3456 500 atque
3489 432 3534 488 in
3563 450 3676 493 suam

477 515 832 594 netur;sicut
855 524 1073 592 dicitur,
1096 521 1289 578 Totum
1315 519 1492 577 forum
1520 518 1644 575 inde
1672 517 1926 589 loquitur,
1949 530 2071 571 cum
2181 517 2429 590 redigent
2473 518 2817 585 servitutem,
2866 518 3092 589 turpiter
3134 518 3516 594 deformiterque
3549 531 3681 598 capti-

475 615 724 674 homines
752 615 1040 688 loquantur
1068 613 1160 686 qui
1203 621 1329 669 sunt
1356 612 1410 668 in
1454 612 1591 666 foro.
1624 610 1745 682 Ipso
1785 607 2072 686 locutionis
2179 626 2320 667 vam.
2369 610 2521 666 Tunc
2564 611 2805 682 regnabit
2847 610 3123 681 peccatum
3151 612 3217 685 lin
3261 611 3474 670 hominis
3519 623 3684 676 mortali

475 708 640 766 modo
665 708 720 764 in
748 707 964 764 Psalmo
987 705 1216 772 canitur,
1252 703 1430 760 Omnis
1456 712 1591 758 terra
1613 702 1791 758 adoret
1815 710 1863 755 te
1889 696 2068 772 (Pani.
2179 717 2408 775 corpore
2451 702 2520 758 ad
2561 701 2919 759 obcdiendum
2979 702 3258 760 desideriis
3303 705 3442 776 ejus;
3479 715 3584 764 tunc
3615 725 3684 768 sua

476 787 604 872 Liv,
634 800 671 857 4
694 798 746 872 );
772 797 826 855 id
853 808 954 866 est.
982 812 1169 853 omnes
1198 796 1442 852 homines
1467 793 1558 866 qui
1586 801 1709 850 sunt
1739 793 1794 848 in
1820 800 1982 847 terra.
2179 794 2421 852 membra
2447 794 2725 852 exhibebit
2747 810 2895 851 arma
2921 794 3214 866 iniquitatis
3235 805 3442 867 peccato
3469 796 3614 871 (Rom.
3633 818 3686 871 n,

549 893 641 948 51.
671 889 826 948 Nunc
856 901 1024 946 autern
1066 889 1333 961 deponite,
1363 886 1568 958 inquit,
1611 893 1662 942 et
1704 900 1792 942 vos
1836 883 2072 940 uniuersa
2179 887 2292 960 12),
2315 897 2368 944 et
2388 895 2544 943 erunt
2568 887 2858 944 novissima
2878 885 3020 944 illius
3043 888 3222 958 pejora
3247 888 3493 959 prioribus
3511 889 3687 962 (Matth.

477 980 720 1055 (Colon.
756 997 837 1052 ut,
883 980 1041 1053 1-8);
1089 987 1145 1035 et
1185 985 1572 1035 commemorat
1612 976 1764 1047 μιυω
1808 974 2072 1046 eiusmodi
2181 997 2281 1049 xu,
2305 979 2436 1053 45).
2461 979 2626 1036 Multo
2650 989 2734 1036 est
2759 980 2904 1037 enim
2935 979 3264 1037 tolerabilius
3287 989 3534 1037 certamen
3557 982 3693 1054 hujus-

478 1076 639 1130 rnala.
673 1073 781 1133 Sed
804 1073 931 1145 quid
965 1081 1068 1142 est,
1096 1070 1239 1142 quod
1265 1071 1316 1128 ei
1345 1084 1451 1126 non
1480 1068 1682 1126 sufficit
1714 1068 1918 1137 dicere,
1960 1067 2069 1122 De-
2179 1074 2324 1132 modi
2362 1090 2470 1130 non
2507 1075 2759 1145 cmpisse,
2791 1089 2951 1145 quam
2980 1083 3220 1144 emptum
3260 1074 3517 1144 reliquisse
3549 1076 3689 1132 conm-

479 1165 653 1237 ponite
685 1182 772 1220 vos
797 1163 1066 1230 universa;
1104 1162 1198 1219 sed
1223 1161 1402 1218 addita
1430 1160 1806 1232 conjunctione
1834 1159 1991 1227 dixit,
2020 1167 2070 1214 et
2178 1176 2346 1236 ctum,
2374 1174 2430 1222 et
2457 1165 2658 1221 factum
2687 1181 2754 1221 ex
2781 1165 2925 1222 bono
2951 1164 3253 1236 pramature
3281 1167 3364 1222 vel
3390 1167 3532 1222 etiam
3555 1182 3608 1222 οι
3641 1169 3696 1220 vi.

482 1257 609 1311 vos?
635 1255 747 1312 Nisi
777 1271 844 1311 ne
871 1263 1155 1326 propterea
1190 1268 1250 1309 se
1283 1260 1532 1326 putarent
1561 1252 1676 1307 hanc
1699 1252 1838 1306 mala
1869 1249 2068 1317 facere,
2178 1267 2329 1315 ctare
2353 1257 2638 1328 captivum.
2673 1255 2827 1313 Unde
2850 1256 3109 1312 Dominus
3135 1271 3244 1312 non
3267 1259 3359 1324 ait,
3381 1255 3476 1325 Qui
3497 1258 3694 1327 cuipam;

477 1357 638 1420 atque
666 1349 881 1420 impune
907 1349 960 1403 in
994 1348 1073 1403 eis
1100 1347 1300 1411 vivere,
1329 1346 1454 1416 quia
1484 1343 1618 1399 fides
1655 1358 1844 1398 eorum
1877 1341 2069 1396 lihera-
2177 1350 2295 1418 sed,
2330 1350 2429 1416 Qui
2461 1348 2848 1420 perseuerauerit
2873 1364 3029 1419 usque
3065 1349 3120 1403 ίη
3154 1348 3327 1418 ﬁnem,
3366 1347 3442 1403 hic
3465 1349 3608 1404 minus
3628 1359 3696 1404 ετιι

479 1447 566 1496 ret
589 1454 684 1495 cos
708 1440 778 1496 ab
804 1439 903 1507 ira,
941 1453 1060 1509 qua:
1085 1437 1231 1493 venit
1255 1437 1309 1492 in
1341 1435 1478 1490 filios
1509 1434 1835 1490 inﬁdelitatis
1865 1434 1964 1488 ista
1992 1433 2069 1488 fa-
2181 1440 2300 1517 (Μ,
2332 1458 2386 1507 χ,
2417 1440 2490 1495 22
2509 1439 2552 1514 ).

479 1533 704 1600 cientes,
733 1540 788 1588 et
813 1532 869 1588 in
899 1531 982 1586 his
1005 1530 1123 1587 sine
1151 1529 1256 1586 [ide
1283 1529 1541 1586 viventes.
1568 1529 1844 1600 Deponitc,
1873 1528 2066 1600 inquit,
2249 1535 2340 1591 ΞΩ.
2379 1533 2504 1591 Sive
2532 1544 2709 1592 autem
2749 1549 2820 1590 ne
2854 1533 3132 1590 vincamur
3157 1534 3351 1591 acriter
3390 1533 3698 1606 conﬂigentet,

477 1631 534 1678 et
558 1637 651 1678 vos
676 1622 766 1678 illa
795 1622 934 1678 mala
961 1630 1178 1693 propter
1198 1635 1320 1691 quae
1345 1621 1494 1675 venit
1521 1619 1596 1674 ira
1627 1619 1721 1674 Dei
1745 1619 1797 1674 in
1824 1619 1959 1674 filios
1985 1619 2066 1676 in-
2177 1627 2294 1683 sive
2320 1627 2604 1698 aliquoties
2630 1626 2713 1682 vel
2739 1627 2901 1682 etiam
2931 1626 3202 1698 insperata
3227 1625 3313 1681 vel
3338 1625 3582 1696 inopinata
3602 1623 3702 1682 fact-

477 1712 785 1780 ﬁdelitatis;
813 1727 914 1768 nec
929 1710 1081 1766 vobis
1103 1726 1287 1766 eorum
1312 1709 1680 1781 impunitatem
1708 1718 1924 1780 propter
1946 1709 2066 1766 lidei
2179 1716 2328 1772 litate
2354 1716 2652 1784 vincentes,
2681 1717 2732 1772 ei
2757 1717 2846 1786 qui
2874 1716 3029 1772 nobis
3052 1715 3146 1771 dat
3171 1715 3536 1772 continentiam
3559 1715 3705 1771 demas

474 1796 726 1862 meritum
767 1803 1109 1875 promittatis.
1139 1801 1256 1859 Non
1299 1811 1477 1858 autem
1526 1801 1749 1868 diceret,
1796 1801 2065 1873 Deponitc,
2176 1810 2426 1882 gloriam.
2467 1808 2867 1868 Meminerimus
2910 1806 3199 1879 quemdam
3234 1808 3431 1878 justum
3465 1807 3637 1863 dixisse
3664 1807 3704 1862 in

475 1893 558 1951 eis
579 1897 670 1967 qui
696 1895 808 1966 jam
831 1895 1191 1966 deposuerant
1216 1909 1283 1951 ex
1306 1909 1369 1948 ea
1395 1904 1547 1965 parte
1571 1909 1674 1965 qua
1703 1893 1898 1950 talibus
1926 1894 2069 1959 vitiis
2177 1899 2503 1955 abundantia
2544 1913 2664 1968 sua,
2699 1897 2819 1954 Non
2858 1898 3092 1954 movebar
3128 1900 3182 1953 in
3223 1907 3496 1963 aeternum;
3531 1897 3706 1954 demo".

475 2003 585 2060 non
615 1988 1056 2055 consentiebant,
1100 2002 1200 2043 nec
1243 2002 1341 2043 sua
1384 1988 1624 2044 membra
1654 1987 1734 2057 eis
1760 2003 1910 2044 arma
1941 2003 2066 2058 pec-
2176 2001 2511 2063 stratumque
2553 1992 2630 2047 illi
2667 2006 2789 2048 esse
2817 2007 2978 2063 quam
3016 2000 3219 2048 temere
3258 1991 3360 2048 hoc
3395 1991 3586 2058 dixerit,
3619 1999 3706 2048 tan-

475 2080 580 2135 cati
624 2078 841 2146 dabant,
871 2079 974 2137 nisi
1000 2079 1124 2151 quia
1149 2079 1204 2134 in
1231 2078 1336 2134 hoc
1360 2078 1500 2135 facto
1526 2089 1630 2147 est,
1658 2087 1712 2135 et
1741 2080 1794 2135 in
1839 2081 1938 2136 bac
1967 2080 2065 2144 ad-
2176 2099 2338 2155 quam
2365 2085 2478 2140 suis
2505 2085 2706 2140 viribus
2735 2083 2974 2142 tribuens
2998 2126 3013 2152 ,
3036 2083 3179 2155 quod
3205 2083 3258 2140 ei
3283 2084 3350 2140 de
3369 2099 3519 2155 super
3537 2091 3708 2154 praesta-

472 2167 579 2242 huc
607 2170 921 2240 operatione
949 2179 1216 2236 versatur,
1261 2170 1514 2242 quamdiu
1563 2172 1818 2228 mortales
1859 2187 2064 2239 sumus,
2177 2176 2353 2232 batur.
2400 2176 2514 2232 Hoc
2560 2185 2737 2232 autem
2777 2177 2896 2247 ipso
2937 2175 3230 2232 confitente
3274 2177 3571 2232 didicimus:
3609 2189 3701 2230 mox

472 2259 583 2328 vita
612 2269 941 2320 sanctorum.
985 2260 1122 2316 Dum
1159 2261 1302 2316 enim
1343 2261 1564 2332 spiritus
1601 2262 1928 2333 concupiscit
1968 2263 2066 2318 ad-
2176 2267 2323 2324 enim
2349 2267 2613 2338 adjunxit,
2637 2267 2874 2336 Domine,
2899 2269 2952 2322 in
2975 2268 3236 2324 uoluntate
3261 2277 3350 2322 tua
3378 2267 3622 2338 praestitisti
3637 2268 3704 2322 tlt-

472 2364 664 2406 versus
689 2366 903 2407 carnem
929 2392 944 2418 ,
992 2351 1109 2408 haec
1156 2367 1345 2424 magna
1377 2353 1672 2410 intentione
1711 2370 1798 2410 res
1823 2356 1997 2427 agitur
2021 2359 2064 2423 ',
2177 2361 2283 2418 cori
2315 2377 2425 2426 meo
2452 2362 2718 2428 uirtutem;
2745 2361 2968 2416 aocrtisti
2992 2375 3174 2438 autem.
3198 2361 3381 2432 faciem
3407 2369 3555 2428 tuam,
3577 2369 3616 2414 et
3645 2360 3704 2430 fa-

471 2440 916 2500 delectationibus
942 2443 1139 2513 pravis,
1167 2443 1477 2500 libidinibus
1501 2445 1811 2515 immundis,
1834 2447 2067 2506 motibus
2176 2463 2286 2509 ctus
2309 2471 2426 2510 sum
2449 2454 2773 2510 cotuurbatur
2799 2453 2971 2525 (Psal.
3004 2470 3169 2523 xm,
3200 2455 3258 2523 7,
3289 2453 3385 2530 8).
3415 2455 3513 2512 Per
3537 2453 3709 2511 medici-

471 2534 775 2592 carnalibus
794 2544 952 2608 atque
975 2536 1240 2608 turpibus,
1263 2537 1525 2594 suavitate
1549 2539 2068 2605 sanctitatis,amore
2177 2548 2355 2602 nalem
2381 2547 2771 2618 providentiam
2801 2549 3072 2619 paululum
3100 2549 3351 2606 desertus
3378 2557 3456 2605 est
3478 2565 3507 2605 a
3529 2557 3705 2613 rectore,

469 2628 751 2694 castitatis,
782 2627 1046 2700 spirituali
1073 2628 1279 2700 vigore,
1311 2637 1366 2684 et
1390 2629 1733 2696 continentiae
1757 2629 1952 2688 decore
1982 2647 2067 2688 re-
2177 2655 2249 2695 ne
2278 2655 2372 2710 per
2393 2639 2664 2696 exitialem
2691 2641 2995 2712 superbiam
3023 2640 3302 2697 desereret
3336 2643 3446 2713 ipse
3481 2649 3706 2698 rectorem.

470 2718 716 2787 sistitur:
749 2719 827 2775 sic
855 2719 1193 2790 deponuntur
1230 2719 1298 2774 ab
1323 2720 1402 2775 eis
1437 2720 1526 2791 qui
1557 2721 1749 2776 mortui
1793 2731 1919 2784 sum
1961 2722 2063 2791 eiS.
2177 2733 2306 2791 Sive
2333 2749 2464 2806 ergo
2491 2733 2609 2802 hic,
2639 2735 2729 2789 ubi
2769 2748 2891 2790 cum
2920 2735 3062 2790 vitiis
3101 2735 3306 2792 nostris
3349 2733 3603 2791 domandis
3635 2731 3708 2787 mi-

470 2824 572 2864 nec
599 2810 984 2866 consentiendo
1008 2811 1193 2866 vivunt
1221 2809 1274 2865 in
1314 2811 1412 2866 eis.
1460 2810 1569 2880 Sic,
1618 2809 1856 2884 inquam,
1895 2813 2064 2884 depo-
2177 2825 2516 2895 nuendisque
2544 2823 2912 2896 conﬂigimus;
2940 2825 3053 2881 sive
3082 2826 3176 2892 ibi,
3205 2825 3351 2898 quod
3393 2826 3446 2881 in
3477 2825 3574 2880 ίιηθ
3604 2820 3710 2876 ium.

472 2909 694 2971 nuntur,
738 2899 866 2956 dum
896 2900 1206 2956 continuata
1232 2900 1562 2958 continentia
1587 2943 1602 2969 ,
1649 2919 1717 2958 ue
1759 2918 2005 2974 resurgam

2176 2932 2296 2972 rum
2339 2924 2443 2982 est,
2485 2917 2573 2971 ubi
2610 2916 2758 2972 omni
2799 2916 2974 2982 hoste,
2997 2917 3122 2987 quia
3161 2919 3310 2972 omni
3349 2911 3709 2988 peste’carebi—

473 2997 810 3060 premuntur.
837 2990 1089 3060 Quisquis
1113 2991 1267 3062 quasi
1291 3006 1514 3047 securus
1540 2993 1608 3048 ab
1633 2993 1735 3050 hac
1761 3009 1947 3052 eorum
1973 2996 2067 3052 de-
2176 3023 2334 3073 mus;
2373 3007 2428 3062 id
2474 3007 2752 3064 nobiscum
2780 3007 3065 3064 salubriter
3089 3009 3286 3079 agitur,
3314 3016 3372 3065 ut
3398 3007 3479 3079 qui
3498 3005 3710 3079 gloriatur,

471 3081 741 3150 positione
779 3079 1106 3150 cessaverit,
1153 3081 1299 3138 illico
1341 3081 1396 3137 in
1424 3097 1604 3139 arcem
1653 3085 1849 3141 mentis
1888 3099 2004 3158 pros

1677 3085 1849 3141 neniis
1888 3085 2065 3158 DPOSi'
2175 3101 2232 3156 in
2256 3100 2476 3156 Domino
2501 3101 2746 3173 glorietur
2771 3101 2834 3174 (I
2864 3102 2982 3157 Cor.
3014 3118 3053 3168 ι,
3081 3101 3141 3157 51
3167 3102 3210 3173 ).

470 3233 555 3346 Ed:
578 3236 652 3310 sic
663 3234 888 3300 plerique
909 3241 1018 3308 Mss.
1042 3237 1240 3308 Quidam
1263 3251 1383 3291 vero
1412 3239 1611 3304 addunt,
1638 3254 1732 3307 quo
1749 3243 2061 3310 exprimitur.
2245 3260 2260 3291 ι
2289 3259 2362 3308 δίο
2374 3265 2480 3308 ωδε,
2509 3266 2562 3310 Αι
2581 3257 2719 3319 εαξη,
2740 3257 2898 3326 ipsum
2921 3258 3178 3322 (lenonem,

555 3305 592 3346 tt
615 3305 800 3346 autem.
821 3311 918 3346 auo
933 3298 1255 3346 mndimtur.
2241 3322 2264 3346 α
2281 3323 2352 3346 ρει.
2367 3327 2455 3346 πο,
2500 3321 2618 3346 mm
2641 3333 2761 3346 ........
2804 3317 2887 3346 ..Μ
2910 3317 3038 3346 mm:
3076 3318 3176 3346 rm.

540 3299 592 3349 iti
615 3298 918 3362 autem,'quo
933 3298 1255 3364 signiﬁcatur.
1597 3298 1607 3304 ”
1651 3298 1662 3307 ’
1813 3298 1825 3310 ’

540 3361 560 3390 ²
583 3361 919 3410 cisterciensis
940 3368 1046 3414 Ms“
1085 3375 1145 3412 ac
1177 3375 1354 3414 meum
1373 3363 1632 3414 intentione
1666 3365 2066 3414 delectationibus

1928 3368 2066 3414 nam
2241 3322 2264 3352 θ
2281 3298 2480 3372 ἔὲιῖξέξ
2500 3298 3206 3380 ἑὶὶῑῐῖἔέἰτόῗὶἷόῗὀῖῆἲῖἴῐόἑὶε
3238 3323 3286 3371 et
3319 3316 3461 3371 omni.

599 3365 923 3432 sisterciensis
940 3368 1046 3423 Ms,
1085 3375 1145 3412 ac
1177 3375 1354 3432 magna
1373 3365 1632 3418 intentione
1666 3365 2066 3422 delectationibus

470 3421 634 3485 pravis
648 3434 667 3483 ;
683 3422 879 3484 omisso,
903 3421 1009 3473 Itwc
1027 3421 1106 3474 res
1125 3421 1303 3489 agitui'.

647 3533 1059 3543 _—-"—-—--—»—-'—
1067 3536 1280 3543 ————---—
1289 3538 2008 3550 —~————.-——.—.————_——.
2019 3539 3164 3550 —__————-———.—_..—-———.—_-—
3172 3538 3408 3546 ——.—....—
3417 3533 3622 3550 ,ε--υ--τ

473 3533 1059 3543 -ῄ-ι--νο--σ--ρ-ν-
1067 3536 1280 3543 ————--—
1289 3538 2008 3550 _.__._.-_—._.————_——.
2019 3539 3164 3592 E————.—~-——~—_-—
3172 3538 3408 3546 ——.—....—
3417 3528 3721 3583 ...με-..Ξ

1579 3633 2634 3767 ADMONITIO

1493 3817 1561 3876 IN
1599 3819 1859 3882 LIBRUM
1898 3821 1987 3878 DE
2025 3821 2206 3880 BONO
2241 3819 2619 3880 CONJUGALI
2660 3817 2760 3894 (a).

548 3931 710 3988 Liber
748 3930 852 3988 ista
891 3943 1014 3988 cum
1059 3931 1233 3988 altero
1272 3931 1515 4002 proxime
1557 3943 1809 3990 secuturo
1850 3935 2050 4007 pariter
2091 3944 2175 3993 est
2207 3943 2391 3991 contra
2435 3934 2687 4005 reliquias
2722 3931 2980 4004 quasdam
3019 3931 3244 3987 haeresis
3284 3928 3561 3987 Joviniani.
3605 3924 3719 3982 Hanc

475 4024 726 4081 haeresim
769 4038 868 4081 suo
904 4033 1146 4095 teinpore
1187 4031 1368 4081 natam
1411 4037 1800 4083 commemorat
1837 4027 2165 4100 Augustinus
2212 4029 2268 4085 in
2311 4028 2448 4084 libro
2481 4027 2518 4082 2
2545 4027 2614 4082 de
2659 4026 2868 4096 Nuptiis
2897 4034 2952 4080 ct
2989 4024 3456 4095 Concupiscentia,
3500 4037 3605 4091 cap.
3639 4018 3720 4072 23:

482 4137 502 4171 ι
535 4118 867 4185 Juvinianus,
907 4118 1006 4186 ait,-
1049 4117 1142 4190 qui
1185 4132 1388 4190 paucos
1430 4127 1555 4175 ante
1593 4135 1766 4176 annos
1805 4122 2071 4177 novellam
2113 4128 2339 4180 conatus
2379 4128 2464 4176 est
2504 4119 2755 4175 haeresim
2806 4117 3060 4186 condere,
3105 4117 3416 4174 Manichacis
3454 4107 3722 4188 patrocinari

479 4232 500 4266 ε
535 4212 746 4269 dicebat
765 4212 1091 4278 Catltolieos,
1117 4212 1259 4283 quod
1275 4211 1535 4271 adversus
1552 4229 1677 4271 eum
1697 4223 1938 4272 sanctam
1963 4215 2323 4287 virginitatem
2347 4213 2546 4284 nuptiis
2568 4209 2980 4283 praeferebant.»
3011 4210 3079 4265 Et
3104 4211 3160 4265 in
3187 4211 3328 4267 libro
3349 4211 3416 4266 de
3446 4204 3718 4266 ila‘resibusi

472 4322 593 4378 cap.
623 4306 697 4363 82
726 4323 740 4362 :
777 4323 796 4359 σ
830 4309 876 4362 Α
898 4306 1186 4362 Joviniano
1211 4307 1443 4378 quodam
1471 4309 1737 4365 monacho
1765 4310 1866 4365 ista
1893 4310 2117 4366 haeresis
2158 4317 2278 4365 orta
2303 4315 2388 4363 est
2414 4315 2571 4363 nitate
2599 4312 2806 4372 nostra,
2843 4320 2964 4360 cum
2991 4303 3164 4359 adhuc
3190 4303 3419 4374 juvenes
3445 4311 3675 4359 essemus.
3705 4310 3719 4344 ι

471 4401 746 4472 Additque
767 4399 935 4456 fuisse
957 4400 1104 4455 illam
1145 4401 1254 4455 cito
1273 4415 1586 4472 oppressam
1612 4411 1667 4458 et
1691 4403 2030 4468 exstinctam,
2061 4409 2184 4473 puta
2215 4401 2430 4458 circiter
2453 4415 2651 4456 annum
2679 4399 2875 4455 Christi
2905 4398 3049 4464 590;
3083 4398 3269 4454 Roma:
3296 4399 3520 4470 primum
3543 4394 3724 4449 damna-

471 4503 604 4562 tam,
637 4501 748 4550 tum
773 4492 972 4550 deinde
994 4491 1281 4549 Mediolani
1312 4511 1327 4549 :
1359 4509 1464 4565 qua
1489 4493 1558 4550 de
1592 4510 1654 4551 re
1680 4503 1866 4552 extant
1892 4493 2070 4551 Sirieii
2099 4510 2251 4566 papa:
2277 4495 2346 4549 ad
2394 4493 2849 4549 Mediolanensem
2892 4492 3192 4548 Ecclesium
3224 4492 3437 4560 litterre,
3478 4499 3528 4546 et
3551 4501 3652 4558 qua:
3674 4479 3724 4536 ad

471 4589 646 4659 ipsum
673 4602 703 4643 a
739 4587 946 4660 synodo
991 4585 1375 4644 Mediolanensi
1401 4586 1690 4643 Ambrosio
1729 4587 1959 4659 praesule
2000 4587 2224 4644 redditae
2263 4594 2408 4654 sunt,
2431 4602 2463 4642 a
2489 4587 2720 4642 Baronio
2747 4585 2814 4642 ad
2859 4586 3169 4657 praedictum
3195 4601 3397 4641 annum
3428 4583 3528 4639 590
3559 4580 3721 4637 relata!-

471 4681 852 4739 Confutaverat
877 4682 1218 4739 Iovinianum
1251 4681 1633 4753 Hieronymus,
1662 4682 1757 4738 sed
1783 4682 2116 4739 excellentia:
2139 4682 2422 4755 virginalis
2461 4681 2832 4738 defensionem
2860 4679 3072 4736 nonnisi
3101 4679 3443 4736 damnatione
3469 4675 3724 4748 nuptiarum

471 4783 710 4833 tentasse
753 4776 1044 4842 ferebatur,
1094 4774 1338 4846 adeoque
1379 4774 1688 4831 Manichaeis
1732 4775 2000 4831 haereticis
2043 4777 2255 4832 incaute
2301 4774 2521 4831 favisse.
2575 4773 2655 4830 Ne
2697 4773 2928 4831 similem
2976 4772 3298 4828 calumniam
3343 4773 3456 4828 sive
3497 4765 3722 4841 querelam

473 4875 750 4940 pateret-ur
774 4868 1122 4938 Augustinus,
1170 4873 1455 4938 antequam
1474 4867 1553 4924 .de
1579 4867 1899 4939 virginitatis
1941 4869 2252 4940 prmstantia
2295 4868 2519 4934 diceret,
2550 4866 2893 4924 scribendum
2939 4865 3005 4922 de
3031 4867 3260 4938 conjugii
3304 4867 3445 4923 bono
3469 4857 3721 4936 judicavit:

471 4960 616 5032 quod
643 4974 781 5031 opus
806 4959 1021 5015 circiter
1043 4974 1244 5014 annum
1275 4958 1372 5014 401
1407 4957 1721 5029 perfecisse,
1752 4974 1862 5015 non
1885 4961 2047 5016 modo
2072 4975 2142 5016 ex
2167 4959 2626 5016 Retractationum
2664 4959 2804 5015 serie
2829 4958 3162 5030 intelligitur,
3195 4957 3288 5036 sed
3321 4958 3480 5014 etiam
3518 4971 3577 5010 ex
3604 4946 3724 5005 libris

471 5057 541 5113 de
568 5056 762 5113 Genesi
790 5054 858 5110 ad
885 5055 1142 5122 litteram,
1187 5069 1252 5110 eo
1297 5053 1410 5110 fere
1441 5069 1583 5110 anno
1610 5054 1709 5111 401
1742 5055 2028 5112 inchoatis.
2094 5051 2298 5126 Nempe
2345 5054 2398 5109 in
2449 5053 2586 5109 libro
2628 5068 2773 5109 nono
2804 5052 2872 5108 de
2901 5051 3120 5120 Genesi,
3167 5065 3286 5121 cap.
3321 5051 3372 5118 7,
3423 5048 3506 5104 ubi
3532 5036 3722 5113 conjugii

471 5148 671 5204 bonum
707 5143 1091 5202 commendat:
1127 5161 1148 5196 ‹
1180 5142 1293 5199 Hoc
1331 5151 1529 5212 autem,
1569 5144 1663 5210 ait,
1697 5146 2019 5217 tripartitum
2061 5152 2182 5212 est;
2215 5144 2369 5214 fides,
2399 5145 2597 5215 proles,
2646 5153 3064 5201 sacramentum.
3117 5144 3172 5199 In
3220 5142 3325 5199 fide
3369 5139 3638 5197 attenditur
3673 5143 3724 5186 ne

477 5260 498 5294 ς
533 5249 727 5312 praeter
751 5238 1019 5296 vinculum
1046 5236 1349 5307 coniugale,
1378 5251 1499 5292 cum
1529 5238 1698 5294 altera
1729 5239 1810 5295 vel
1839 5239 2010 5295 altero
2040 5239 2427 5294 concumbatur
2459 5257 2472 5293 :
2506 5239 2558 5293 in
2586 5239 2757 5309 prole,
2798 5247 2856 5292 ut
2880 5247 3126 5293 amanter
3151 5237 3492 5306 suscipiatur,
3532 5229 3723 5298 benigne

478 5355 499 5391 ι
533 5335 816 5403 nutriatur,
850 5335 1097 5406 religiose
1122 5331 1382 5390 educetur
1413 5351 1425 5388 :
1458 5335 1512 5390 in
1555 5344 1893 5390 sacramento
1922 5343 2124 5400 autem,
2158 5343 2215 5389 ut
2239 5333 2544 5404 conjugiutn
2574 5349 2679 5387 non
2710 5341 3009 5403 separetur,
3055 5341 3109 5386 et
3137 5331 3390 5385 dimissus
3427 5336 3516 5382 aut
3540 5321 3720 5380 dimissa

477 5448 498 5483 ι
532 5445 632 5487 nec
657 5442 818 5486 causa
848 5428 1014 5499 prolis
1051 5426 1206 5483 alteri
1243 5425 1620 5496 coniungatur.
1677 5425 1802 5480 Haec
1827 5434 1908 5481 est
1936 5434 2187 5497 tanquam
2215 5425 2400 5496 regula
2423 5426 2752 5495 nuptiarum,
2783 5441 2886 5494 qua
2918 5424 2998 5478 vel
3031 5433 3233 5478 natura:
3268 5421 3546 5476 decoratur
3570 5415 3720 5470 fecun-

477 5545 498 5580 c
534 5527 693 5594 ditas,
727 5525 818 5582 vel
849 5522 1248 5581 incontinentiae
1277 5520 1485 5593 regitur
1507 5521 1760 5590 pravitas.
1813 5520 1968 5577 Unde
1991 5521 2115 5592 quia
2151 5523 2282 5578 satis
2310 5521 2661 5577 disseruimus
2696 5522 2748 5575 in
2781 5536 2846 5575 eo
2873 5521 3011 5576 libro
3039 5536 3196 5591 quem
3221 5519 3288 5574 de
3317 5520 3463 5572 Bono
3488 5503 3720 5582 Conjugali

476 5640 496 5675 ς
536 5621 702 5691 nuper
748 5617 1041 5686 edidimus,
1073 5616 1160 5671 ubi
1187 5623 1240 5671 et
1267 5612 1648 5670 continentiam
1681 5612 1968 5680 vidualem,
1997 5623 2049 5670 et
2073 5615 2448 5670 excellentiam
2476 5614 2789 5684 virginalem
2834 5629 2931 5683 pro
2969 5629 3188 5668 suorum
3221 5612 3476 5682 graduum
3506 5603 3721 5677 dignilnle

554 5732 640 5814 (a)
671 5733 755 5796 In
783 5730 1012 5814 librum
1043 5730 1120 5814 de
1144 5726 1702 5814 Bonoconjugali,
1732 5727 1874 5789 vide
1897 5736 2198 5814 praeterea
2228 5729 2335 5814 ιίζ).
2365 5729 2438 5814 2,
2460 5747 2597 5814 gap:
2624 5726 2736 5798 22,
2762 5728 3336 5814 l{_ctractationum,
3370 5723 3600 5814 tom._1_,
3621 5713 3716 5780 col.

469 5799 689 5892 639,1
718 5809 922 5878 uerbis
975 5808 1309 5881 Joviuiaui
1337 5799 1626 5882 haeresis,
1660 5825 1851 5888 usque
1882 5799 1963 5873 ἀεὶ
1989 5808 2321 5874 verba'col.
2368 5799 2512 5886 GltO,
2533 5799 2824 5873 Humani
2859 5809 3117 5888 generis
3141 5825 3291 5891 pars
3321 5809 3440 5874 est.
3520 5799 3600 5870 Μ.

2338 5920 2381 5938 ε.

3819 2147 3829 2276 i

3819 2277 3828 2426 ἓ
