3882 6286
91 420 173 476 375

763 407 850 464 DE
888 408 1068 466 ΒοΝο
1103 407 1500 480 CONJUGALI,
1547 410 1606 468 s.
1652 397 2017 471 AUGUSTINI
2054 413 2257 473 LIBER
2294 417 2496 478 UNUS.

3184 420 3293 480 374

95 524 441 592 «distinximus,
479 519 672 577 diutius
700 519 785 577 hic
811 531 994 580 uoster
1017 523 1175 581 stilus
1211 541 1318 581 non
1361 532 1446 582 est.
1485 525 1845 599 occupandus.
1885 547 1905 580 ι
1957 527 2072 584 Hoc
2110 529 2288 601 ipsum
2321 546 2456 602 opus
2491 536 2708 586 notatur
2730 529 2785 587 in
2811 530 2906 589 lib.
2930 532 2958 589 1
2988 532 3056 592 de
3079 533 3282 593 Pecca-

91 632 223 672 torum
248 612 430 670 meritis
454 621 506 670 et
530 611 860 682 remissione,
887 629 1007 686 cap.
1038 615 1136 671 29.

614 851 758 966 8.
823 852 1602 970 AUBELII
1662 857 2682 975 AUGUSTINI

1205 1023 1721 1086 HIPPONENSIS
1761 1024 2116 1090 EPISCOPI

370 1139 666 1281 DE
820 1135 1460 1286 ΒΟΝΟ
1593 1158 1614 1266 t

1758 1137 2948 1297 ONJUGALI

1111 1255 1614 1448 iam

1771 1255 2948 1297 V-LVUUULl-l—JL
3200 1255 3228 1297 ’ἶ

1725 1339 2264 1458 ΤΝΠ8(⁰).

1375 1507 2011 1590 «Me-9W

134 1615 170 1657 In
187 1622 262 1682 quo
278 1607 408 1683 docet
432 1610 730 1683 augustinus
749 1610 942 1683 nuptias
963 1609 1129 1683 multis
1144 1609 1420 1683 nominibus
1437 1624 1550 1663 esse
1574 1615 1906 1683 honorabiles,
1932 1622 1983 1666 et
2007 1629 2102 1667 non
2123 1621 2310 1683 tantum
2329 1617 2378 1666 in
2401 1617 2726 1670 fornicationis
2739 1621 3113 1683 comparatione,
3138 1623 3227 1671 sed
3247 1635 3314 1674 ex

86 1676 232 1733 proprio
247 1681 418 1744 genere
621 1683 678 1721 ac
699 1672 764 1722 de
778 1684 838 1722 se
859 1672 924 1744 ab
943 1672 1082 1744 omni
1117 1679 1324 1744 peccato
1350 1675 1606 1744 immunes.
1631 1672 1990 1744 continentiam
2012 1693 2140 1744 vero
2167 1677 2316 1744 longe
2343 1693 2469 1744 esse
2491 1672 2876 1742 praestantiorem
2891 1672 3111 1733 ostendit
3129 1697 3140 1731 :
3160 1672 3314 1733 adeo?

82 1732 1517 1811 999.99%.‘12339‘39999????PERPOP?E¥'99’ER¢‘
1541 1739 1792 1811 Populum».
1816 1754 1905 1811 Pel‘
1927 1753 2076 1811 (lum
2096 1732 2312 1811 εἶπίδῐῧεε
2341 1732 2710 1811 Ρτοιιδδωνθῑῑιν
2738 1751 2787 1795 ει
2809 1732 3122 1811 demetur;
3149 1747 3196 1811 ἓν
3221 1732 3314 1811 iis“!

82 1793 370 1863 lubere:an
384 1793 688 1863 debuerunt,
712 1807 840 1845 nunc
858 1793 1090 1863 temporis
1111 1793 1362 1857 postquam
1381 1793 1560 1848 dictum
1584 1793 1677 1863 e'st,

79 1854 932 1935 ΞἯἮΞΡΨΣΨΞἾἎΨΞΞΞΠΞἮ
948 1854 1274 1935 ,ἒὲιὲίψθέἒέξ
1532 1854 1716 1935 “inhi

1702 1801 1792 1862 Qui
1812 1801 1966 1912 potest
1987 1815 2177 1867 capere,
2203 1801 2390 1865 capiat,
2414 1801 2511 1851 non
2545 1803 2907 1865 amplectendas
2936 1807 3028 1854 nisi
3060 1807 3123 1854 ab
3148 1807 3314 1868 iisqui

1702 1864 1744 1914 is
1768 1864 1806 1913 il
1827 1867 1869 1914 is
1889 1865 2174 1914 coniugatis.
2201 1865 2465 1914 Abraliamo
2487 1867 2764 1914 nominatim
2788 1873 2840 1914 et
2860 1873 3001 1914 Same.
3025 1869 3105 1914 vix
3124 1866 3221 1914 ulla
3238 1881 3314 1914 ra-

1889 1865 2174 1927 coniugatis,
2201 1865 2465 1927 Abraliamo
2487 1867 2764 1916 nominatim
2788 1873 2840 1916 et
2860 1873 3001 1926 Sarae,
3025 1869 3105 1918 vix
3124 1866 3221 1917 ulla
3238 1865 3317 1916 ra-

81 1917 402 1990 tipne_oonferri,
425 1917 612 1990 nedum
626 1919 688 1968 iis
711 1918 932 1990 praeferri
945 1930 1122 1990 posse;
1147 1920 1328 1990 quippe
1351 1921 1435 1982 qui
1461 1928 1513 1970 et
1535 1917 1849 1990 continentiae
1866 1917 2096 1990 virtutem
2113 1917 2526 1990 iu’auimihabitu
2550 1933 2818 1977 tenuerunt
2833 1917 3096 1988 nubentes,
3125 1936 3176 1978 et
3197 1930 3318 1978 obe-

79 1976 232 2027 dlentia:
252 1976 402 2039 laude,
418 1991 516 2043 qua
541 1976 774 2043 tanquam
794 1976 996 2030 matrice
1016 1976 1421 2031 virtutes'o'mnes
1442 1983 1769 2049 continentur,
1795 2000 1940 2052 quam
1974 1989 2184 2036 maxime
2207 1985 2568 2037 excelluerunt.

130 2061 314 2119 CAPUT
365 2059 655 2119 PRIMUM.
702 2093 777 2106 ——
821 2063 874 2118 l.
925 2060 1106 2117 Prima
1151 2063 1363 2119 societas
1411 2066 1507 2118 viri
1561 2075 1612 2121 et

77 2153 226 2208 uaris.
268 2153 522 2220 Quoniam
549 2153 917 2225 unusquisque
945 2153 1106 2210 homo
1145 2153 1364 2210 humani
1397 2158 1610 2227 generis

78 2258 168 2313 pars
208 2253 298 2312 est,
343 2253 394 2301 et
438 2245 644 2302 sociale
691 2244 941 2318 quiddam
989 2256 1072 2303 est
1121 2247 1350 2303 humana
1400 2258 1610 2315 natura,

77 2351 371 2409 magnumque
405 2338 573 2395 habet
604 2347 661 2396 et
699 2339 942 2395 naturale
986 2339 1205 2408 bonum,
1249 2342 1356 2396 vim
1401 2359 1614 2414 quoque

75 2427 304 2496 amicitiae;
335 2429 401 2486 ob
423 2431 524 2487 hoc
545 2445 623 2487 ex
651 2447 758 2487 uno
778 2431 919 2487 Deus
946 2432 1113 2491 voluit
1152 2447 1342 2490 omnes
1368 2434 1614 2491 homines

75 2522 276 2591 tondere,
318 2533 372 2579 ut
408 2526 464 2581 in
505 2540 611 2581 sua
659 2526 914 2583 societate
956 2543 1063 2583 non
1107 2528 1219 2584 sola
1267 2529 1614 2586 similitudine

74 2614 254 2681 generis,
295 2615 385 2671 sed
433 2616 602 2673 etiam
639 2617 970 2689 cognationis
1011 2620 1229 2675 vinculo
1274 2629 1609 2681 tenerentur.

74 2701 208 2758 Prima
237 2704 401 2776 itaque
427 2707 696 2764 naturalis
721 2707 970 2765 humanze
999 2711 1270 2767 societatis
1313 2713 1503 2783 cepula
1531 2714 1615 2769 vir

73 2804 110 2850 ct
128 2814 238 2854 uxor
262 2808 355 2856 est.
404 2802 552 2870 Quos
599 2818 699 2859 nec
724 2805 869 2874 ipsos
899 2805 1138 2876 singulos
1177 2805 1415 2862 condidit
1448 2807 1607 2875 Deus,

73 2898 110 2943 et
137 2899 353 2964 tanquam
397 2895 737 2968 alienigenas
760 2896 975 2968 iunxit:
1017 2897 1113 2954 sed
1149 2898 1371 2955 alteram
1411 2899 1613 2956 creavit

72 2994 121 3034 ex
141 2983 320 3054 altero;
346 2987 566 3060 signans
595 2990 754 3046 etiam
796 2990 903 3045 vim
929 2991 1320 3062 coniunctionis
1346 2993 1398 3048 in
1422 2993 1610 3061 latere,

73 3073 176 3130 unde
212 3078 291 3134 illa
332 3080 598 3148 detracta,
649 3080 878 3139 formata
926 3093 1009 3140 est
1052 3081 1204 3156 (Gen.
1250 3101 1306 3152 ιι,
1355 3084 1447 3150 2t,
1493 3085 1610 3157 22).

73 3163 299 3227 Laterihus
323 3174 462 3229 cnim
494 3174 604 3230 sibi
624 3175 940 3247 junguntur,
972 3175 1061 3247 qui
1091 3177 1292 3248 pariter
1315 3177 1610 3242 ambulant,

71 3268 108 3311 et
128 3263 293 3328 pariter
330 3281 432 3336 quo
472 3266 758 3322 ambulant
802 3267 1100 3324 intuentur.
1132 3268 1484 3339 Consequens
1529 3277 1615 3324 est

71 3353 286 3409 connexio
307 3356 581 3412 societatis
606 3357 660 3412 in
690 3355 836 3426 ﬁliis,
855 3359 947 3429 qui
969 3373 1106 3415 unus
1127 3359 1386 3415 honestus
1409 3359 1614 3416 fructus

71 3453 147 3508 εει,
185 3463 274 3503 non
316 3449 716 3520 coniunctionis
758 3450 924 3509 maris
957 3459 1012 3507 et
1057 3450 1293 3520 feminae,
1336 3451 1430 3508 sed
1479 3466 1613 3507 con-

73 3543 253 3600 cubitus.
298 3545 514 3602 Poterat
560 3545 706 3602 enim
750 3560 871 3603 esse
912 3547 967 3602 in
1000 3555 1224 3618 utroque
1251 3560 1405 3614 sexu,
1451 3545 1613 3601 etiam

72 3635 156 3691 sine
197 3638 276 3693 tali
321 3639 729 3708 commixtione,
797 3639 1017 3695 alterius
1080 3639 1338 3712 regentis,
1393 3639 1613 3696 alterius

74 3726 358 3801 obsequentis
417 3732 666 3789 amicalis
730 3732 976 3804 quaedam
1042 3742 1097 3789 et
1161 3748 1414 3806 germana
1482 3749 1613 3791 con-

69 3822 243 3886 iunctio.

83 3911 86 3914 ’
123 3911 316 3970 CAPUT
373 3913 436 3970 ll.
483 3945 565 3958 —
606 3914 661 3970 2.
710 3913 790 3971 De
847 3916 1210 3987 propagatione
1251 3917 1514 3986 ﬁliorum,
1561 3918 1612 3973 si

71 4001 183 4056 homo
207 4022 295 4059 non
325 4015 601 4077 peccasset,
627 4005 836 4062 diuersae
859 4008 1139 4062 sententiae.
1165 4006 1275 4062 Nec
1306 3995 1450 4063 nunc
1480 4023 1615 4079 opus

71 4099 132 4147 est
156 4105 203 4150 ut
227 4108 516 4155 scrutemur
541 4141 558 4167 ,
601 4107 655 4154 et
683 4098 735 4153 in
768 4089 830 4154 ea
857 4099 1150 4169 quaestione
1179 4097 1452 4154 deﬁnitam
1492 4113 1616 4155 seu-

72 4185 244 4241 tcntiam
269 4188 620 4258 proferamus,
653 4188 793 4245 unde
820 4190 1110 4259 primorum
1133 4189 1410 4245 hominum
1435 4190 1614 4260 proles

74 4287 215 4343 posset
238 4281 483 4348 existere,
506 4295 646 4352 quos
669 4279 1015 4336 benedixerat
1044 4282 1205 4348 Deus,
1228 4280 1433 4349 dicens,
1464 4280 1612 4336 Cres-

72 4373 158 4436 cite,
190 4387 227 4429 et
250 4378 691 4448 multiplicamini,
723 4387 770 4433 et
796 4379 998 4450 implete
1027 4387 1231 4446 terram,
1272 4379 1317 4434 si
1347 4393 1450 4432 non
1480 4391 1613 4447 pec-

74 4475 284 4535 cassent;
331 4485 452 4526 cum
509 4472 699 4527 mortis
741 4471 1100 4528 conditionem
1147 4485 1372 4542 corpora
1423 4485 1610 4526 eorum

75 4561 294 4620 Peccando
333 4563 648 4630 meruerint,
693 4579 792 4620 nec
817 4577 937 4620 esse
980 4563 1294 4619 concubitus
1323 4563 1423 4618 nisi
1464 4578 1610 4618 mor-

77 4647 218 4705 talium
242 4669 518 4726 corporum
561 4656 748 4728 possit.
781 4656 967 4712 Plures
1001 4655 1142 4711 enim
1173 4655 1238 4711 de
1269 4655 1367 4711 hac
1397 4669 1455 4709 rc
1486 4669 1613 4710 scn-

77 4742 216 4796 lentia
233 4744 554 4818 diverszeque
574 4747 896 4804 exstiterunt
917 4763 937 4813 ;
958 4754 1011 4802 ct
1028 4746 1074 4802 si
1097 4745 1508 4803 examinandum
1523 4746 1612 4813 sit,

79 4831 242 4888 veritati
283 4837 300 4869 ¹
343 4838 643 4895 divinarum
692 4838 1089 4910 Scripturarum
1132 4853 1378 4909 quamam
1429 4852 1612 4893 earum

80 4925 361 4987 [tutissimum
394 4941 676 5004 congruat,
707 4932 928 5004 prolixa:
954 4932 1325 5004 disputationis
1348 4932 1619 5002 negotium

1720 2079 1820 2127 est.
1843 2071 1965 2127 Sive
1984 2085 2113 2141 ergo
2133 2070 2248 2125 sine
2263 2069 2488 2125 coeundi
2501 2071 2782 2140 complexu
2806 2070 2913 2125 alio
2930 2071 3108 2141 aliquo
3129 2071 3318 2140 modo,

1719 2164 1765 2220 si
1812 2179 1919 2220 non
1963 2171 2292 2234 peccassent,
2323 2162 2555 2218 habituri
2594 2172 2775 2219 essent
2820 2163 2958 2219 tilios
3001 2179 3067 2218 ex
3097 2178 3320 2218 munere

1719 2257 2222 2328 omnipotentissimi
2261 2254 2548 2322 Creatoris,
2602 2256 2692 2326 qui
2740 2257 2911 2326 potuit
2964 2257 3125 2312 etiam
3170 2257 3320 2325 ipsos

1719 2350 1835 2406 sine
1864 2348 2171 2419 parentibus
2195 2348 2446 2412 condere,
2475 2348 2565 2419 qui
2593 2347 2760 2417 potuit
2786 2363 3003 2404 carnem
3028 2348 3228 2404 Christi
3255 2349 3312 2402 in

1720 2449 1874 2498 utero
1898 2441 2140 2510 virginali
2170 2440 2421 2507 formare,
2467 2448 2522 2495 et
2560 2449 2619 2495 ut
2645 2442 2807 2495 etiam
2841 2441 2969 2511 ipsis
3009 2441 3315 2497 infidelibus

1720 2535 1925 2606 loquar,
1953 2534 2043 2605 qui
2070 2535 2238 2604 potuit
2262 2535 2450 2604 apibus
2471 2533 2674 2604 prolem
2703 2536 2818 2590 sine
2838 2535 3120 2590 concubitu
3141 2535 3309 2591 dare:

1720 2627 1834 2684 sive
1859 2627 1931 2682 ibi
1957 2627 2120 2681 multa
2142 2627 2364 2696 mystice
2391 2641 2454 2682 ac
2484 2628 2704 2698 ﬁgurate
2731 2627 2871 2682 dicta
2898 2629 3024 2692 sint,
3049 2629 3314 2700 aliterque

1721 2718 1792 2774 sit
1817 2716 2218 2787 intelligendum
2248 2717 2389 2787 quod
2427 2718 2681 2785 scriptum
2711 2726 2812 2782 est,
2853 2716 3070 2787 Implete
3098 2727 3309 2786 terram,

1721 2819 1772 2866 et
1796 2811 2132 2864 dominamini
2146 2811 2258 2881 ejus
2286 2809 2444 2882 (Gen.
2476 2826 2514 2876 l,
2540 2811 2659 2880 28),
2698 2810 2750 2864 id
2777 2819 2880 2875 est,
2904 2811 3315 2880 utplenitudine

1719 2913 1776 2963 et
1802 2906 2126 2976 perfectione
2168 2907 2291 2961 vitae
2329 2921 2390 2961 ac
2411 2908 2697 2979 potestatis
2733 2907 2787 2962 id
2830 2907 3000 2972 fleret,
3043 2916 3102 2962 ut
3142 2909 3318 2978 ipsum

1721 3013 1935 3068 quoque
1959 2995 2346 3054 incrementum
2377 3007 2431 3052 et
2456 2997 2826 3068 multiplicatio
2853 3013 2956 3069 qua
2982 2999 3182 3054 dictum
3213 3007 3314 3066 est,

1723 3089 1957 3157 Crescite,
1998 3099 2046 3145 et
2085 3091 2530 3160 multiplicamini,
2583 3099 2836 3162 provectu
2863 3093 3058 3148 mentis
3085 3101 3139 3148 et
3165 3095 3320 3162 capia

1721 3181 1934 3237 virtutis
1985 3181 2331 3252 intelligatur,
2378 3183 2517 3237 sicut
2565 3182 2620 3237 in
2670 3183 2885 3238 Psalmo
2933 3185 3162 3253 positum
3209 3191 3315 3246 est.

1724 3273 2090 3344 Multiplicabis
2114 3291 2194 3328 me
2216 3275 2270 3328 in
2295 3275 2466 3330 anima
2488 3291 2601 3328 mea
2624 3276 2804 3330 virtute
2829 3277 2845 3308 ³
2874 3274 3044 3346 (Psal.
3072 3291 3314 3340 cxxxvn,

1722 3363 1820 3436 3);
1851 3379 1951 3422 nec
1979 3365 2102 3420 data
2149 3365 2218 3419 sit
2257 3365 2460 3421 homini
2510 3367 2678 3435 prolis
2721 3367 2822 3422 ista
2865 3366 3157 3433 successio,
3203 3365 3306 3419 nisi

1722 3462 2067 3526 posteaquam
2104 3469 2266 3510 causa
2308 3455 2534 3525 peccati,
2573 3453 2750 3510 futura
2776 3464 2894 3511 erat
2937 3456 2989 3510 in
3025 3463 3198 3511 morte
3223 3455 3317 3511 de-

1722 3547 1941 3604 cessio:
1987 3546 2100 3602 sive
2139 3560 2336 3616 corpus
2375 3559 2484 3601 non
2519 3546 2798 3616 spirituale
2839 3547 2945 3601 illis
2985 3545 3314 3612 hominibus,

1722 3639 1816 3696 sed
1844 3639 2018 3710 primo
2044 3639 2273 3695 animale
2302 3636 2498 3695 factum
2525 3647 2661 3705 erat,
2689 3647 2747 3692 ut
2769 3637 3088 3694 obedientiae
3117 3635 3311 3692 merito

1722 3740 1910 3803 postea
1933 3731 2087 3788 ﬁeret
2112 3730 2411 3803 spirituale,
2445 3730 2513 3786 ad
2542 3730 2998 3787 immortalitatem
3025 3744 3316 3800 capessen-

1722 3824 1870 3892 dam,
1899 3838 2005 3878 non
2035 3832 2155 3894 post
2193 3832 2446 3888 mortem,
2477 3837 2598 3893 quae
2637 3821 2834 3878 invidia
2874 3821 3072 3876 diaboli
3101 3821 3320 3876 intravit

1725 3915 1782 3971 in
1807 3914 1993 3971 orbem
2033 3923 2296 3970 terrarum
2337 3913 2494 3987 (Sap.
2539 3930 2599 3981 ιι,
2626 3911 2721 3984 2'4)
2765 3922 2819 3968 et
2843 3913 2987 3969 facta
3027 3920 3111 3968 est
3157 3927 3318 3982 poena

1725 4009 1928 4078 peccati
1953 4025 1968 4074 ;
1995 4007 2089 4063 sed
2121 4023 2214 4078 per
2237 4007 2378 4062 illam
2408 4006 2882 4063 commutationem
2910 4020 3072 4076 quam
3105 4005 3315 4074 signiti-

1723 4109 1813 4156 cat
1840 4100 2148 4170 Apostolus,
2175 4101 2265 4155 ubi
2291 4099 2386 4166 ait,
2435 4097 2635 4152 Deinde
2658 4114 2750 4152 nos
2775 4098 2992 4152 viventes
3015 4096 3100 4166 qui
3140 4095 3322 4165 reliqui

1723 4207 1919 4257 sumus,
1949 4191 2101 4245 simul
2126 4207 2239 4243 cum
2264 4189 2367 4244 illis
2405 4188 2666 4260 rapientur
2706 4189 2764 4241 in
2797 4186 3012 4241 nubibus
3041 4187 3094 4239 in
3119 4185 3320 4239 obuiam

1724 4282 1924 4339 Christo
1942 4282 1997 4336 in
2023 4297 2143 4335 aera
2168 4280 2209 4351 (l
2239 4279 2414 4335 Thess.
2443 4293 2518 4347 tv,
2552 4278 2645 4347 16)
2669 4296 2686 4334 :
2717 4288 2773 4333 ut
2802 4277 2890 4333 illa
2917 4291 3140 4348 corpora
3160 4275 3322 4348 primi

1724 4374 1954 4446 coniugii
2003 4383 2058 4430 et
2097 4373 2344 4429 mortalia
2386 4372 2551 4428 fuisse
2587 4371 2947 4442 intelligamus
2988 4369 3158 4440 prima
3187 4383 3321 4422 con-

1724 4471 2066 4540 formatione,
2106 4479 2162 4528 et
2189 4479 2368 4526 tamen
2407 4485 2514 4524 non
2545 4467 2804 4524 moritura
2845 4466 2946 4521 nisi
2976 4472 3314 4536 peccassent,

1724 4565 1864 4621 sicut
1901 4565 2133 4620 minatus
2169 4574 2283 4620 erat
2312 4564 2452 4618 Deus
2485 4581 2498 4617 :
2543 4572 2795 4632 tauquam
2839 4560 2884 4614 si
2911 4559 3100 4613 vulnus
3139 4555 3313 4610 mina-

1724 4668 1889 4725 retur,
1918 4659 2042 4731 quia
2067 4657 2391 4714 vulnerabile
2418 4669 2620 4726 corpus
2643 4660 2760 4710 erat
2783 4669 2798 4718 ;
2831 4651 2974 4722 quod
2999 4658 3177 4704 tamen
3201 4662 3316 4703 non

1725 4749 2026 4815 accidisset,
2081 4750 2183 4805 nisi
2230 4749 2379 4804 tier-et
2421 4745 2564 4817 quod
2605 4745 2699 4800 ille
2743 4743 3024 4798 vetuisset.
3073 4740 3149 4795 ita
3190 4753 3321 4810 ergo

1724 4850 1946 4911 possent
1989 4841 2148 4896 etiam
2180 4855 2272 4909 per
2309 4837 2650 4894 concubitum
2685 4833 2868 4888 talium
2911 4846 3196 4902 corporum
3224 4845 3321 4900 ge-

1731 4933 2037 4988 nerationes
2063 4930 2372 4993 subsistere,
2415 4943 2536 4997 quae
2561 4938 2728 4996 usque
2751 4923 2818 4979 ad
2847 4933 3052 4980 certum
3078 4921 3319 4987 modum,

1217 5037 1500 5078 ADMONITIO
1536 5038 1620 5076 PP.
1661 5037 2142 5079 BBNEDIC'I‘INORUII.

121 5106 239 5180 Hbs!
256 5111 315 5180 de
345 5116 746 5180 BonoAConiugali
765 5115 824 5180 ad
847 5121 1078 5180 Romanos
1097 5114 1316 5180 quinun
1338 5115 1576 5163 Vaticante
1613 5111 1925 5180 bibliothecae
1947 5113 2142 5164 codices
2171 5110 2454 5180 recognitus
2487 5115 2582 5180 est,
2607 5115 2662 5159 et
2689 5106 3034 5180 adgallicapos
3053 5105 3317 5180 undecim:

244 5174 297 5243 ad
319 5166 692 5243 vetustisﬁnium
711 5177 1057 5243 Corbeiensem
1077 5166 1194 5226 ante
1212 5166 1352 5243 inille
1373 5176 1799 5243 annosuscriptum,
1842 5176 1902 5225 ad
1924 5166 2318 5243 (germanensem',
2341 5166 2732 5243 gisterciensem,
2755 5168 3108 5243 Micliaclinuni,
3119 5167 3318 5243 sorbet,

83 5233 224 5299 Βίίυωι
241 5236 296 5299 9d
314 5238 532 5299 Thuanos
566 5253 656 5291 seu
679 5239 980 5290 Colbertinos
1000 5239 1142 5299 duos,
1166 5236 1226 5286 ad
1251 5237 1466 5299 codicem
1496 5233 1809 5299 bibliotheca:
1833 5237 2013 5299 negito,
2037 5235 2463 5297 Augustinensium
2500 5233 2696 5299 maioris
2717 5238 2988 5299 conventus
3011 5233 3295 5299 Parisiensis

84 5286 286 5363 Emensis
300 5286 534 5363 Ecclesiae,
557 5286 618 5352 vi
630 5286 674 5351 6.
687 5286 902 5350 E66518
917 5286 1066 5363 litiget
1077 5286 1476 5361 vltotomagensis;
1501 5298 1563 5347 ad
1586 5295 1830 5349 lectiones
1851 5286 2098 5348 variantes
2108 5286 2280 5348 utrium
2302 5304 2408 5347 Mss.
2433 5286 2736 5358 Belgiéorum
2773 5292 2900 5354 apud
2923 5299 3031 5342 Lov.
3061 5297 3113 5341 et
3130 5289 3191 5338 ad
3214 5286 3319 5336 edi-

83 5347 210 5401 times
410 5347 860 5414 semensas;

143 5436 616 5522 Conporacimus
638 5455 937 5528 presteres:
958 5464 1057 5506 eas
1090 5461 1295 5505 omnes
1323 5441 1628 5505 editiones
1658 5442 1846 5508 initio
1881 5446 2055 5507 Retr.
2081 5449 2136 5502 et
2169 5439 2453 5502 Confess.
2497 5447 2544 5499 t.
2580 5439 2640 5515 1,
2671 5442 3061 5498 memoratas.
3148 5431 3234 5491 M.

133 5537 224 5589 ‘Sic
237 5548 334 5596 Ia.
357 5548 474 5598 [diti
493 5557 671 5612 autem,
689 5549 906 5600 ueritate.

132 5620 196 5687 (ιι)
218 5631 413 5692 senatus
432 5633 620 5687 circiter
637 5647 817 5686 annum
838 5633 1008 5683 Christi
1040 5632 1147 5683 401.

1797 5552 1814 5582 ¹
1837 5547 1955 5598 Editi
1986 5549 2231 5605 omittunt,
2254 5555 2329 5605 me
2359 5554 2376 5592 :
2413 5547 2466 5591 et
2504 5538 2642 5605 loco,
2678 5537 2875 5605 virtute,
2912 5529 3318 5605 babenttvirtug-

1734 5594 2240 5667 leniiitt—‘Augustinus
2273 5603 2448 5667 legere
2472 5594 3099 5667 solet_:'1l_lt_tltiplicab.isome
3134 5594 3185 5667 ἱῃ
3218 5594 3321 5667 arti-

1733 5647 2451 5732 ἳιὶὲ’ἱτὶὲῖι’ῐ›ἷῗῖι“ιὶῑὲ’,”ἰῑκὶᾇ⁰ιιὶἱ
2472 5647 2763 5732 Haec
2785 5647 3017 5732 nisi
3040 5654 3318 5732 «sese

1731 5720 2005 5798 quis-simus
2043 5720 2346 5783 Corbéiensis
2399 5739 2513 5787 pro,
2562 5723 2735 5774 virtute
2755 5756 2771 5782 ,
2821 5720 2970 5768 habet
2988 5755 3000 5778 ,
3053 5720 3107 5768 in
3161 5720 3314 5768 virtu-

1736 5805 1849 5850 tem.

2622 5966 2757 5997 ron.

3365 1455 3393 1522 Ξ.
