3882 6286
541 383 644 441 375

541 499 799 555 haberent
858 490 1281 553 incrementum,
1340 498 1438 539 nec
1501 488 1781 552 vergerent
1837 485 2015 530 tamen
2068 471 2124 525 in

542 591 785 652 senium;
826 592 918 641 aut
956 596 1123 653 usque
1164 580 1219 634 in
1250 577 1455 633 senium
1482 576 1522 641 ¹,
1553 588 1650 627 nec
1682 582 1857 625 tamen
1896 568 1948 622 in
1979 579 2126 621 mor-

544 690 674 745 tem,
716 677 890 733 donec
926 675 1015 729 illa
1065 668 1451 727 benedictionis
1494 661 1935 735 multiplicatione
1982 667 2126 712 terra

544 773 874 842 impleretur.
926 766 983 823 Si
1026 763 1167 821 enim
1214 760 1449 817 vestibus
1493 755 1846 811 lsraelitarum
1887 748 2133 821 praestitit

551 866 688 918 Deus
737 876 831 931 per
872 873 1043 915 annos
1092 854 1439 926 quadraginta
1484 849 1601 903 sine
1650 847 1760 902 ullo
1806 843 2131 900 detrimento

549 958 818 1027 proprium
879 962 1071 1009 statum
1125 950 1301 1020 (Deut.
1354 961 1503 1009 xxxx,
1559 941 1654 1016 5);
1708 949 1907 1014 quanto
1963 937 2133 1009 magis

550 1050 827 1110 praistarct
890 1034 1203 1107 corporibus
1274 1029 1635 1086 obedientium
1702 1033 1970 1097 praecepto
2034 1038 2134 1078 suo

551 1132 908 1188 felicissimum
954 1126 1219 1199 quoddam
1258 1130 1736 1195 temperamentum
1774 1119 1906 1175 certi
1936 1125 2131 1183 status,

549 1229 719 1280 donec
748 1224 799 1278 in
829 1224 1016 1278 melius
1055 1227 1516 1282 converterentur,
1560 1232 1665 1271 non
1695 1224 1866 1269 morte
1904 1210 2137 1267 hominis

550 1333 650 1387 qua
695 1330 886 1385 corpus
928 1315 996 1369 ab
1034 1314 1209 1368 anima
1238 1311 1523 1375 deseritur,
1565 1308 1658 1362 sed
1696 1307 1850 1362 beata
1891 1317 2137 1359 commu-

551 1408 748 1462 tatione
774 1423 803 1460 a
846 1404 1166 1461 mortalitate
1205 1403 1271 1457 ad
1303 1400 1779 1465 immortalitatem,
1823 1397 1891 1453 ab
1919 1393 2137 1451 animali

552 1499 617 1553 ad
645 1498 973 1569 spiritualem
1004 1496 1313 1566 qualitatem
1340 1495 1355 1548 !

626 1588 849 1644 CAPUT
878 1587 965 1642 Ill.
996 1617 1066 1627 —
1107 1586 1306 1641 Bonum
1330 1583 1555 1656 conjugii
1588 1581 1873 1651 multiplex.
1904 1577 2140 1633 Primum

553 1694 599 1736 et
620 1682 891 1738 secundum
914 1680 1138 1752 conjugii
1162 1682 1365 1733 bonum.
1426 1676 1648 1731 Tertium
1683 1674 1907 1744 conjugii
1935 1672 2138 1725 bonum.

553 1776 752 1831 llarum
783 1775 1167 1831 sententiarum
1196 1788 1313 1842 quae
1334 1786 1457 1826 vera
1486 1770 1575 1833 sit,
1607 1769 1689 1825 vel
1717 1769 1761 1823 si
1788 1767 1890 1822 alia
1912 1765 1995 1821 vel
2021 1762 2144 1820 alia:

554 1875 780 1936 possunt
822 1867 996 1921 adhuc
1035 1881 1099 1921 ex
1132 1865 1237 1919 illis
1282 1863 1460 1919 verbis
1486 1861 1761 1933 exsculpi,
1789 1872 2036 1930 quterere
2082 1869 2146 1912 ac

557 1960 824 2015 disserere
848 1958 1062 2029 longum
1090 1966 1191 2013 est.

629 2052 682 2106 '5.
713 2049 846 2105 lllud
868 2065 1008 2105 nunc
1027 2049 1273 2116 dicimus,
1296 2048 1587 2104 secundum
1610 2048 1764 2103 istam
1785 2044 2148 2102 conditionem

560 2141 815 2197 nascendi
861 2150 916 2196 et
959 2141 1239 2205 moriendi,
1292 2156 1451 2212 quam
1509 2140 1776 2202 novimus,
1834 2147 1890 2195 et
1936 2138 1988 2193 in
2044 2152 2149 2208 qua

562 2234 726 2293 creati
772 2250 977 2301 sumus,
1018 2233 1214 2303 aliquid
1258 2233 1385 2288 boni
1427 2247 1546 2287 esse
1579 2230 1882 2301 conjugium
1924 2228 2151 2285 masculi

563 2336 618 2383 et
643 2327 853 2382 femina:
885 2344 898 2379 :
930 2325 1080 2395 cujus
1105 2324 1614 2379 conftederationem
1653 2323 1725 2377 ita
1760 2322 1936 2375 divina
1968 2320 2151 2390 Scrip-

565 2430 681 2474 tura
707 2418 1068 2483 commendat,
1098 2426 1157 2473 ut
1182 2432 1282 2473 nec
1304 2416 1541 2471 dimissa:
1568 2431 1599 2470 a
1630 2416 1743 2471 viro
1772 2415 1970 2470 nubere
1996 2414 2154 2471 liceat

564 2513 741 2577 alteri,
774 2511 1023 2582 quamdiu
1051 2511 1131 2566 vir
1160 2511 1279 2580 ejus
1306 2510 1474 2573 vivit;
1516 2524 1614 2563 nec
1643 2508 1865 2563 dimisso
1890 2507 1958 2563 ab
1986 2523 2154 2563 uxore

566 2606 724 2661 liccat
742 2606 961 2661 alteram
983 2604 1201 2669 ducere,
1227 2604 1327 2658 nisi
1350 2611 1558 2658 mortua
1586 2601 1743 2657 fuerit
1765 2617 1884 2672 qua:
1906 2600 2151 2657 recessit.

567 2702 770 2757 Bonum
798 2716 925 2771 ergo
951 2699 1202 2771 conjugii,
1228 2698 1368 2771 quod
1398 2699 1558 2754 etiam
1599 2699 1856 2754 Dominus
1891 2700 1946 2754 in
1977 2698 2156 2754 Evan-

564 2793 704 2862 gelio
730 2790 1082 2857 confirmavit,
1108 2807 1213 2845 non
1246 2790 1418 2845 solum
1442 2791 1565 2861 quia
1591 2791 1863 2861 prohibuit
1886 2791 2157 2847 dimittere

567 2902 811 2949 uxorem,
844 2883 947 2939 nisi
985 2899 1048 2938 ex
1075 2898 1234 2937 causa
1276 2882 1645 2938 fornicationis
1682 2881 1898 2954 (Matth.
1926 2898 2043 2950 nx,
2073 2880 2154 2956 9),

565 2978 663 3033 sed
700 2977 859 3031 etiam
902 2976 1025 3045 quia
1054 2975 1201 3030 venit
1237 2973 1490 3030 invitatus
1519 2974 1588 3029 ad
1630 2976 1841 3045 nuptias
1882 2974 2060 3047 (Joau.
2093 2991 2153 3045 ll,

566 3067 648 3137 εὶ),
678 3082 776 3122 cur
800 3064 871 3121 sit
909 3065 1107 3121 bonum
1146 3065 1338 3120 merito
1375 3066 1648 3135 quaeritur.
1701 3065 1855 3134 Quod
1890 3067 2021 3124 mihi
2048 3085 2155 3127 non

568 3158 778 3214 videtur
828 3165 1045 3228 propter
1079 3156 1246 3212 solam
1293 3155 1519 3211 ﬁliorum
1562 3159 2013 3227 procreationem,
2058 3158 2155 3215 sed

571 3260 787 3321 prapter
840 3251 1007 3321 ipsam
1058 3250 1218 3305 etiam
1276 3250 1575 3306 naturalem
1630 3251 1685 3305 in
1749 3249 1964 3307 diverso
2023 3265 2157 3308 sexu

571 3345 899 3398 societatem.
930 3342 1178 3412 Alioquin
1204 3357 1309 3397 non
1331 3341 1442 3412 jam
1471 3341 1739 3398 diceretur
1764 3342 2070 3414 conjugium
2101 3343 2153 3399 in

571 3435 805 3499 senibus,
833 3434 1127 3502 prznsertim
1148 3433 1194 3489 si
1214 3433 1299 3488 vel
1324 3433 1628 3489 amisissent
1646 3434 1804 3501 ﬁlios,
1833 3436 1918 3490 vel
1938 3434 2158 3491 minime

571 3527 899 3599 genuissent.
926 3526 1077 3583 Nunc
1099 3542 1229 3582 vero
1258 3527 1311 3581 in
1337 3526 1480 3582 bono
1508 3526 1632 3582 licet
1655 3542 1862 3583 annoso
1885 3528 2154 3599 conjugio,

572 3619 674 3674 etsi
704 3618 961 3674 emarcuit
996 3617 1159 3673 ardor
1202 3618 1375 3673 artatis
1415 3618 1553 3673 inter
1581 3617 1876 3673 masculum
1921 3626 1976 3674 et
2004 3618 2160 3675 femi-

573 3726 720 3776 nam,
765 3710 906 3780 viget
950 3718 1125 3764 tamen
1171 3708 1305 3764 ordo
1339 3708 1614 3764 charitatis
1652 3709 1790 3765 inter
1827 3710 2075 3766 maritum
2105 3719 2161 3767 et

574 3818 795 3859 uxorem
828 3820 841 3859 :
871 3802 993 3873 quia
1031 3810 1229 3873 quanto
1263 3802 1513 3858 meliores
1536 3811 1681 3868 sunt,
1725 3812 1870 3859 tanto
1900 3804 2161 3861 maturius

574 3909 605 3948 a
632 3894 1007 3949 commixtione
1032 3893 1208 3950 carnis
1235 3907 1346 3949 suae
1373 3894 1485 3965 pari
1513 3909 1776 3951 consensu
1805 3910 1862 3952 se
1884 3896 2162 3954 continere

575 3997 889 4057 cmperunt;
919 4001 1024 4041 non
1050 3995 1110 4041 ut
1137 3985 1468 4041 necessitatis
1494 3994 1638 4042 esset
1667 3995 1847 4056 postea
1877 4003 1980 4044 non
2004 4003 2162 4058 posse

576 4079 716 4149 quod
764 4078 980 4145 vellent,
1024 4076 1119 4134 sed
1165 4086 1225 4133 ut
1259 4076 1433 4133 laudis
1466 4086 1609 4135 esset
1647 4078 1877 4149 primum
1924 4079 2163 4136 noluisse

575 4168 720 4239 quod
771 4177 1007 4240 possent.
1078 4168 1136 4225 Si
1181 4183 1310 4242 ergo
1362 4179 1609 4226 servatur
1658 4170 1791 4227 ﬁdes
1840 4171 2062 4229 honoris
2110 4181 2166 4229 et

575 4262 955 4333 obsequiorum
999 4260 1225 4317 invicem
1268 4260 1569 4317 debitorum
1616 4263 1683 4317 ab
1721 4263 1980 4320 alterutro
2009 4279 2163 4332 sexu,

577 4353 784 4408 etiamsi
804 4352 1262 4424 languescentibus
1281 4361 1337 4409 et
1356 4369 1521 4425 prope
1540 4354 1872 4411 cadaverinis
1893 4357 2167 4428 utriusque

578 4444 857 4512 membris,
896 4444 1197 4499 animorum
1233 4451 1408 4498 tamen
1439 4445 1543 4500 rite
1585 4446 1988 4517 conjugatorum
2021 4456 2167 4504 tanto

578 4535 861 4601 sincerior,
885 4541 1084 4606 quanto
1112 4532 1404 4605 probatior,
1431 4542 1484 4590 et
1511 4543 1658 4590 tanto
1682 4538 1939 4603 securior,
1968 4548 2168 4609 quanto

580 4626 839 4695 placidior
863 4626 1080 4682 castitas
1108 4635 1432 4697 perseverat.
1465 4625 1673 4682 llabent
1698 4628 1858 4682 etiam
1888 4628 1940 4683 id
1966 4629 2166 4687 bonum

580 4717 846 4786 conjugis,
893 4717 1034 4789 quod
1079 4718 1308 4774 carnalis
1349 4718 1433 4773 vel
1468 4718 1719 4788 juvenilis
1759 4718 2165 4792 incontinentia,

579 4807 794 4863 etiamsi
824 4809 1013 4864 vitiosa
1053 4817 1156 4877 est,
1196 4808 1265 4864 ad
1304 4808 1660 4880 propagandae
1701 4810 1868 4881 prolis
1910 4812 2170 4883 redigitur

583 4899 943 4963 honestatem,
989 4910 1044 4955 ut
1072 4916 1140 4957 ex
1179 4904 1319 4957 malo
1358 4901 1593 4958 libidinis
1632 4903 1829 4974 aliquid
1860 4904 1984 4961 boni
2013 4905 2170 4964 faciat

585 4993 854 5061 copulatio
912 4994 1225 5065 conjugalis.
1287 4996 1489 5052 Deinde
1539 4998 1660 5067 quia
1717 4999 2067 5070 reprimitur,
2116 5011 2171 5057 et

584 5083 819 5154 quodam
877 5083 1039 5139 modo
1087 5085 1441 5142 verecundius
1488 5099 1676 5144 mstuat
1736 5092 2167 5161 concupiscentia

584 5176 784 5241 carnis,
817 5191 974 5246 quam
1002 5185 1265 5247 temperat
1290 5181 1577 5248 parentalis
1598 5182 1839 5239 allectus.
1886 5183 2171 5240 intercedit

585 5268 727 5325 enim
759 5267 1003 5338 quadam
1045 5269 1277 5339 gravitas
1319 5269 1537 5328 fervida:
1580 5275 1866 5345 voluptatis
1887 5277 1930 5343 ’,
1962 5291 2085 5331 cum
2114 5276 2170 5332 in

586 5376 651 5414 co
699 5359 840 5430 quod
889 5360 988 5414 sibi
1019 5362 1099 5415 vir
1142 5369 1196 5415 et
1236 5364 1432 5420 mulier
1474 5365 1871 5434 adhaerescunt,
1921 5378 2076 5438 pater
2115 5376 2172 5425 et

585 5463 756 5508 mater
780 5468 900 5509 esse
926 5453 1268 5509 meditantur.

656 5545 884 5603 CAPUT
924 5544 1011 5601 IV.
1046 5577 1117 5587 -—
1155 5547 1207 5602 4.
1245 5548 1489 5613 Quartum
1520 5550 1743 5621 ronjugii
1770 5550 1973 5606 bonum.
2006 5553 2170 5609 Adul-

588 5642 767 5692 terium
791 5636 912 5708 quid
935 5638 1019 5692 sit.
1054 5636 1209 5692 Fides
1238 5639 1291 5693 in
1326 5638 1469 5695 rebus
1508 5640 1657 5694 etiam
1694 5641 1901 5712 abjectis
1927 5646 2173 5702 servanda

658 5794 675 5861 ξ
698 5789 803 5861 sola
827 5792 976 5861 editio
997 5798 1104 5843 Lov.
1132 5797 1428 5861 omittit,_mtt
1450 5810 1598 5859 usque
1614 5798 1665 5849 in
1688 5798 1889 5849 sem'um.

654 5856 676 5885 ί
694 5855 967 5916 Bigotiauus
986 5861 1084 5914 Ms,
1107 5855 1350 5918 voluptati.

1550 362 1635 417 ne
1677 356 1850 416 sono
1888 348 2284 415 CONJUGALI,
2325 347 2380 402 s.
2425 341 2795 402 aucusruu
3669 337 3743 397 ωδ

2234 477 2281 521 et
2306 467 2419 521 vita:
2445 465 2561 518 huic
2595 460 2958 534 prwponemla.
2988 459 3101 515 Huc
3134 455 3338 514 accedit
3370 456 3487 527 quia
3516 455 3566 511 in
3589 471 3642 511 eo
3661 455 3747 526 ipso

2235 558 2375 629 quod
2424 556 2525 612 sibi
2551 556 2775 610 invicem
2803 553 3058 630 conjuges
3082 551 3314 607 debitum
3338 548 3567 616 solvunt,
3588 549 3747 604 etiamsi

2237 650 2289 706 id
2327 649 2597 718 aliquanto
2634 645 3074 717 intemperantius
3113 651 3166 699 et
3202 640 3596 697 incontinentius
3628 655 3747 709 erpe-

2238 750 2372 809 tant,
2403 740 2560 796 ﬁdem
2584 749 2760 795 tamen
2781 738 2883 794 sibi
2908 737 3105 808 pariter
3124 735 3340 792 debent.
3361 732 3454 790 Cui
3475 731 3583 788 ﬁdei
3599 741 3749 787 tantum

2236 834 2373 906 juris
2399 832 2584 888 tribuit
2608 829 2917 901 Apostolus,
2945 836 3004 884 ut
3025 843 3143 884 eam
3170 835 3484 898 potestatem
3503 824 3749 895 appellaret,

2240 900 2425 982 dicens
2452 942 2465 979 :
2499 900 2686 978 Mulier
2715 939 2815 977 non
2844 921 2990 976 habet
3026 928 3319 991 potestatem
3346 918 3557 989 corporis
3580 916 3669 983 sui,
3692 917 3754 972 ted

2241 1020 2318 1073 vir
2342 1034 2360 1073 .'
2384 1017 2615 1073 similiter
2637 1024 2804 1069 autent
2832 1023 2876 1069 et
2899 1013 2972 1068 vir
2996 1030 3096 1068 non
3117 1012 3262 1066 habet
3289 1017 3565 1081 potestatem
3585 1009 3755 1079 corporis

2242 1109 2341 1175 sui,
2372 1108 2459 1162 sed
2484 1107 2663 1161 mulier
2691 1106 2734 1176 (Ι
2761 1104 2878 1161 Cor.
2905 1120 3003 1170 vn,
3035 1104 3112 1176 4).
3148 1102 3317 1173 Hujus
3348 1110 3519 1156 autem
3552 1099 3654 1155 ﬁdei
3680 1099 3757 1154 vio-

2244 1200 2370 1255 latio
2406 1198 2599 1253 dicitur
2635 1197 2991 1263 adulterium,
3034 1211 3156 1251 cum
3200 1193 3285 1249 vel
3330 1192 3546 1263 propria:
3584 1190 3757 1246 libidinis

2244 1290 2498 1345 instinctu
2519 1331 2534 1356 ,
2565 1288 2648 1343 vel
2675 1288 2862 1351 aliena;
2891 1302 3154 1342 consensu
3171 1327 3187 1353 ,
3214 1300 3338 1340 cum
3362 1284 3524 1339 altero
3548 1282 3621 1338 vel
3641 1283 3759 1339 allen

2244 1388 2428 1437 contra
2450 1388 2660 1449 pactum
2687 1377 2966 1448 conjugale
2990 1374 3364 1432 concumbitur
3386 1392 3400 1428 :
3422 1382 3569 1444 atque
3586 1373 3646 1427 ita
3661 1372 3761 1428 fran-

2244 1472 2384 1543 gitur
2412 1470 2577 1536 tides;
2618 1485 2737 1541 quze
2768 1469 2819 1524 in
2846 1467 3006 1524 rebus
3039 1469 3199 1523 etiam
3237 1464 3506 1537 corporeis
3531 1472 3579 1519 et
3600 1463 3761 1534 abjectis

2244 1577 2493 1632 maguum
2523 1561 2685 1616 animi
2711 1560 2908 1616 bonum
2932 1568 3048 1625 est;
3077 1567 3133 1614 et
3157 1556 3279 1614 ideo
3306 1571 3426 1613 eam
3445 1555 3591 1611 saluti
3609 1570 3762 1626 quoque

2246 1655 2511 1726 corporali
2538 1669 2639 1726 qua
2668 1654 2829 1710 etiam
2870 1654 2975 1707 vita
3012 1660 3192 1707 nostra
3223 1650 3325 1705 ista
3352 1649 3651 1713 continetur,
3681 1662 3763 1702 cer-

2251 1762 2361 1808 tum
2388 1761 2469 1808 est
2494 1751 2691 1807 debere
2722 1748 2977 1822 praeponi.
3008 1746 3119 1802 Etsi
3149 1746 3295 1803 enim
3324 1744 3508 1814 exigua
3539 1742 3666 1813 palea
3690 1757 3763 1812 pre

2247 1845 2416 1901 multo
2453 1858 2584 1898 auro
2618 1857 2755 1913 pene
2792 1856 2879 1896 res
2914 1840 3059 1895 nulla
3086 1846 3205 1903 est;
3248 1835 3382 1891 ﬁdes
3416 1846 3578 1890 tamen
3607 1848 3702 1888 cum
3728 1832 3763 1887 in

2251 1937 2464 2009 negotio
2508 1936 2672 2006 paleae
2692 1976 2708 2003 ,
2747 1934 2885 1989 sicut
2922 1933 2975 1988 in
3004 1946 3136 1986 auro
3178 1930 3390 1985 sincera
3430 1938 3671 1991 servatur,
3693 1940 3765 1979 non

2252 2031 2372 2089 ideo
2396 2030 2569 2085 minor
2592 2036 2676 2084 est
2706 2027 2829 2099 quia
2859 2027 2912 2081 in
2939 2041 2998 2081 re
3026 2025 3234 2091 minore
3262 2029 3521 2079 servatur.
3545 2019 3657 2075 Cum
3679 2031 3765 2073 vero

2252 2122 2320 2178 ad
2350 2128 2622 2192 peccatum
2648 2117 3034 2174 admittendum
3062 2115 3350 2171 adhibetur
3387 2112 3539 2179 ﬁdes,
3566 2112 3717 2166 mirum
3735 2109 3765 2163 si

2255 2215 2387 2271 ﬁdes
2411 2213 2727 2286 appellanda
2764 2220 2849 2268 est
2876 2229 2889 2266 :
2918 2219 3289 2266 verumtamen
3322 2207 3683 2278 qualiscumque
3704 2203 3763 2269 sit,

2254 2307 2300 2361 si
2326 2314 2381 2362 et
2406 2278 2591 2361 contra
2620 2304 2787 2375 ipsam
2819 2302 2906 2370 ﬁt,
2947 2302 3098 2374 pejus
3134 2300 3227 2367 ﬁt;
3272 2300 3375 2354 nisi
3407 2313 3524 2354 cum
3558 2305 3765 2368 propterea

2255 2397 2519 2453 deseritur
2539 2439 2554 2464 ,
2587 2404 2644 2451 ut
2671 2394 2737 2449 ad
2763 2408 2944 2450 veram
2973 2392 3131 2449 ﬁdem
3162 2406 3228 2448 ac
3256 2390 3539 2461 legitimam
3566 2385 3763 2449 redeatur,

2257 2487 2310 2544 id
2334 2496 2449 2554 est,
2490 2495 2543 2541 ut
2587 2494 2861 2557 peccatum
2889 2483 3233 2549 emendetur,
3262 2480 3544 2536 voluntatis
3575 2478 3767 2549 pravitate
3832 2482 3835 2491 ‘

2257 2590 2520 2636 correcta.
2550 2579 2823 2650 Tanquam
2864 2577 2910 2631 si
2944 2576 3063 2648 quis
3097 2591 3220 2630 cum
3256 2573 3522 2629 hominem
3560 2571 3676 2626 solus
3701 2584 3765 2624 ει·
3834 2568 3837 2601 ί

2257 2671 2489 2744 spoliare
2520 2686 2627 2726 non
2668 2670 2867 2741 possit,
2913 2668 3150 2724 inveniat
3185 2665 3392 2722 socium
3434 2660 3705 2734 iniquitatis,
3730 2666 3766 2712 et
3842 2686 3843 2691 η

2257 2779 2379 2820 cum
2403 2778 2468 2819 eo
2490 2762 2787 2834 paciscatur
2807 2768 2865 2815 ut
2885 2759 3044 2817 simul
3064 2759 3117 2815 id
3134 2756 3336 2813 ‘l'aciant
3373 2755 3670 2827 spoliumque
3691 2765 3769 2821 par-

2260 2856 2481 2922 tiantur,
2511 2868 2617 2923 quo
2646 2851 2883 2908 facinore
2915 2850 3203 2906 commisso
3238 2858 3415 2905 totum
3443 2846 3576 2903 solus
3608 2841 3766 2898 auferat.
3842 2878 3843 2881 η

2261 2947 2415 3002 Dolet
2456 2944 2672 3016 quidem
2716 2942 2843 3009 ille,
2880 2950 2936 2997 et
2974 2940 3131 2996 ﬁdem
3161 2940 3260 2996 sibi
3299 2947 3553 2995 servatam
3588 2946 3769 2991 noncsse
3832 2942 3835 2977 λ

2258 3038 2639 3110 conqueritur;
2667 3052 2853 3091 verum
2888 3036 2942 3091 in
2984 3036 3096 3104 ipsa
3125 3049 3220 3089 sua
3251 3032 3470 3105 querela
3496 3030 3688 3101 (uigilare
3709 3024 3768 3080 de-
3828 3016 3835 3079 ἶ

2258 3130 2381 3199 bet,
2410 3130 2586 3201 potius
2616 3128 2670 3184 in
2700 3127 2839 3183 bona
2866 3128 2973 3182 vita
3004 3126 3103 3197 ipsi
3140 3125 3392 3181 humana:
3424 3122 3637 3180 societati
3662 3118 3769 3173 fuisse

2258 3221 2593 3286 servandam,
2620 3236 2686 3275 ne
2710 3219 2890 3292 prteda
2916 3219 3093 3288 iniqua
3124 3233 3188 3273 ex
3218 3218 3440 3272 homine
3463 3215 3615 3278 ﬁeret,
3636 3210 3672 3266 si
3690 3224 3769 3264 sen-

2261 3316 2324 3371 tit
2364 3330 2526 3386 quam
2563 3314 2743 3383 inique
2773 3311 2873 3367 sibi
2904 3311 2956 3366 in
2988 3310 3191 3381 peccati
3222 3310 3479 3365 societate
3504 3312 3678 3363 servata
3700 3314 3768 3357 non

2258 3378 2439 3463 fuerit.
2468 3406 2561 3462 llle
2589 3378 2786 3476 quippe
2815 3378 3097 3474 utrobique
3121 3405 3138 3435 ¹
3167 3403 3426 3474 perﬁdus,
3463 3399 3667 3472 profecto
3695 3408 3769 3449 soe-

2261 3498 2482 3555 leralior
2506 3496 2826 3567 judicandus
2856 3504 2958 3551 est.
3003 3497 3072 3551 At
3100 3496 3143 3551 si
3177 3494 3228 3550 id
3257 3494 3405 3567 quod
3446 3494 3573 3550 male
3604 3490 3770 3545 fecerant
3830 3496 3837 3557 ξ

2261 3592 2312 3646 ei
2340 3590 2734 3662 displicuisset,
2760 3598 2815 3645 et
2844 3598 3126 3660 propterea
3158 3602 3281 3643 cum
3324 3586 3567 3659 participe
3591 3578 3769 3637 facinoris

2264 3684 2499 3755 prmdam
2525 3682 2763 3739 dividere
2793 3682 3074 3748 noluisset,
3108 3690 3166 3736 ut
3195 3680 3403 3736 homini
3430 3680 3509 3735 cui
3536 3676 3678 3732 ablata
3698 3672 3770 3725 fue-

2265 3730 2499 3755 r...__...
2527 3730 2762 3739 πη---
2794 3730 3074 3748 ---_____-_,
3112 3730 3165 3736 ν,
3435 3730 3508 3735 η-

2265 3785 2381 3845 rat,
2421 3775 2763 3841 redderetur,
2796 3789 2918 3832 eum
2947 3773 3207 3845 perﬁdum
3240 3789 3346 3830 nec
3380 3770 3595 3844 perﬁdus
3617 3766 3771 3822 diceret

2264 3832 2341 3924 lta
2368 3832 2564 3925 inulier
2587 3869 2633 3925 si
2663 3832 2765 3924 ﬁde
2794 3832 3062 3938 conjugali
3086 3866 3285 3922 violata
3320 3832 3473 3921 ﬁdem
3499 3868 3649 3918 servet
3667 3853 3770 3911 adul-
3832 3832 3843 3961 ξ

2269 3972 2405 4026 tero,
2434 3961 2617 4032 utique
2645 3961 2783 4016 mala
2808 3969 2892 4015 est
2920 3978 2931 4013 :
2962 3959 3057 4016 sed
3086 3959 3131 4014 si
3159 3969 3260 4016 nec
3288 3959 3541 4020 adultero,
3568 3953 3686 4027 pejor
3702 3956 3767 4003 est.
3832 3953 3843 4021 ξ

2267 4055 2437 4111 Porro
2466 4055 2511 4109 si
2541 4069 2659 4111 eam
2695 4054 2876 4125 flagitii
2907 4054 3198 4124 pwniteat,
3239 4062 3298 4109 et
3334 4053 3399 4109 ad
3436 4052 3688 4108 eastitatem
3716 4053 3768 4095 re.
3830 4040 3843 4145 ε

2268 4149 2421 4205 diens
2450 4148 2806 4220 conjugalem,
2833 4155 2986 4219 pacta
3016 4162 3081 4204 ac
3109 4148 3302 4219 placita
3329 4146 3601 4204 adulterina
3630 4136 3768 4195 rescin-

2269 4240 2394 4309 dat,
2430 4240 2595 4295 miror
2626 4239 2673 4295 si
2708 4254 2828 4295 eam
2869 4238 2995 4296 ﬁdei
3038 4239 3370 4295 violatricem
3402 4238 3480 4294 vel
3510 4237 3607 4306 ipse
3626 4226 3769 4285 adullef

2269 4334 2494 4406 putabit.

2342 4427 2566 4485 CAPUT
2582 4426 2646 4484 V.
2665 4458 2735 4468 —
2747 4427 2801 4483 5.
2814 4425 3115 4500 Coujunctio
3131 4428 3227 4482 viri
3251 4437 3299 4482 et
3315 4427 3507 4499 [culinae
3527 4417 3768 4495 quandonam

2271 4520 2337 4574 sit
2364 4519 2666 4574 conuubium
2687 4559 2703 4585 ,
2745 4520 2949 4587 quando
2989 4535 3111 4573 non.
3142 4517 3294 4575 Solet
3326 4518 3478 4575 etiam
3505 4510 3669 4585 quam.
3689 4516 3767 4560 cum

2273 4610 2540 4666 masculus
2581 4619 2636 4666 et
2674 4610 2900 4677 femina,
2933 4626 3033 4665 nec
3063 4611 3154 4667 ille
3183 4611 3433 4675 maritus,
3460 4621 3550 4663 nec
3582 4601 3654 4658 illa
3682 4606 3769 4651 uxor

2273 4702 2523 4769 alterius,
2551 4702 2767 4757 sibimet
2811 4716 2918 4757 non
2961 4700 3192 4757 ﬁliorum
3235 4697 3674 4772 procreandorum,
3706 4678 3767 4738 sed

2272 4805 2492 4865 propter
2518 4794 2953 4850 incontinentiam
2979 4794 3147 4848 solius
3171 4791 3481 4848 concubitus
3504 4798 3639 4843 causa
3660 4788 3768 4865 copti-

2274 4864 2469 4950 lantur,
2501 4901 2563 4941 ea
2592 4884 2695 4941 ﬁde
2720 4884 2895 4940 media
2914 4925 2932 4952 ,
2962 4892 3146 4940 utnec
3172 4884 3261 4940 ille
3283 4899 3400 4941 cum
3426 4881 3600 4942 altera,
3622 4864 3767 4928 neci"a

2274 4991 2397 5031 cum
2426 4976 2597 5032 altero
2626 4975 2681 5031 id
2708 4974 2896 5043 faciat,
2926 4984 3104 5030 utrum
3136 4976 3333 5045 nuptia:
3360 4974 3463 5030 sint
3494 4960 3711 5023 vocanda.
3729 4953 3768 5008 Et

2274 5076 2451 5139 potest
2476 5068 2690 5141 quidem
2713 5069 2936 5125 fortasse
2960 5083 3067 5123 non
3088 5068 3317 5125 absurde
3341 5068 3439 5122 hoc
3456 5054 3669 5135 appellari
3686 5061 3765 5104 con-

2276 5163 2520 5229 nubium,
2547 5162 2592 5217 si
2616 5176 2786 5233 usque
2811 5161 2879 5217 ad
2908 5170 3135 5217 mortem
3163 5161 3377 5216 alterius
3394 5169 3562 5215 eorum
3580 5152 3598 5183 ¹
3619 5146 3659 5203 id
3675 5144 3767 5197 inter

2276 5268 2371 5310 eos
2401 5254 2679 5325 placuerit,
2720 5262 2776 5309 et
2814 5252 2980 5324 prolis
3012 5253 3407 5324 generationem
3427 5291 3440 5313 ,
3470 5237 3670 5318 quamvis
3696 5243 3764 5325 nou

2277 5359 2338 5400 ea
2366 5359 2523 5400 causa
2554 5343 2824 5414 conjuncti
2851 5347 2988 5412 sint,
3020 5357 3128 5399 non
3155 5352 3329 5399 tamen
3356 5333 3633 5395 vitaverint,
3655 5314 3764 5414 and

2277 5435 2451 5491 nolint
2476 5435 2577 5491 sibi
2616 5406 2760 5490 nasci
2799 5432 2939 5491 ﬁlios
2954 5406 2984 5501 ,v
3009 5435 3094 5490 vel
3131 5435 3290 5491 etiam
3323 5444 3476 5502 opere
3503 5424 3652 5490 aliquo
3672 5406 3765 5502 malli

2279 5535 2437 5599 agant
2477 5543 2547 5583 ne
2584 5535 2890 5583 nascantur.
2936 5526 3202 5584 Caeterum
3243 5526 3288 5582 si
3336 5524 3415 5580 vel
3450 5522 3684 5581 utrumque
3702 5497 3762 5599 ft“

2282 5634 2444 5675 unum
2473 5619 2662 5673 horum
2691 5618 2859 5683 desit,
2896 5634 3000 5673 non
3040 5619 3255 5675 invenio
3286 5604 3675 5688 quemadmodum

2282 5712 2494 5782 nuptias
2522 5710 2790 5783 appellare
2828 5712 3109 5780 possimus.
3158 5678 3361 5767 Etenim
3401 5705 3440 5761 si
3478 5700 3667 5767 aliquam
3696 5678 3761 5740 έδί

2345 5804 2362 5835 ι
2391 5808 2439 5850 In
2469 5802 2749 5851 Corbeiensi
2782 5801 2948 5851 codice
2990 5803 3345 5857 vetustissimo,
3380 5784 3676 5848 νιησιωθίσυε·

2349 5866 2370 5894 ει
2388 5870 2465 5913 Er.
2495 5872 2545 5915 et
2566 5871 2696 5933 Mss,
2720 5861 2762 5915 si
2780 5876 2927 5927 usque
2941 5863 3010 5916 ad
3027 5869 3227 5916 mortem
3242 5858 3437 5926 alicujus
3455 5859 3608 5908 eam
