3882 6286
72 430 151 486 577

71 547 131 599 rir
149 539 202 596 ad
226 546 410 607 tempus
433 528 748 594 adhibuerit,
771 526 941 580 donec
964 523 1123 577 aliam
1149 520 1364 591 dignam
1389 518 1473 573 vel
1497 515 1585 570 lio-

71 635 243 692 nuribus
266 628 339 684 vel
370 623 697 681 facultatibus
731 619 840 674 suis
871 615 1139 678 inveniat,
1172 626 1330 682 quam
1366 622 1585 676 compa-

69 746 154 787 rem
171 726 332 788 ducat;
358 720 470 790 ipso
488 717 665 771 animo
688 712 895 767 adulter
915 720 1015 774 εει,
1044 722 1144 762 nec
1167 720 1287 759 cum
1315 702 1401 757 illa
1428 715 1587 771 quam

68 822 179 891 cupit
212 813 456 877 invenire,
489 808 585 865 sed
612 821 731 863 cum
762 805 860 858 ista
889 816 1011 858 cum
1039 814 1141 869 qua
1180 796 1258 851 sic
1297 793 1489 858 cubat,
1530 800 1589 846 ut

69 884 157 967 runt
178 924 228 965 ea
250 921 345 961 non
373 902 563 957 habeat
583 896 823 955 maritale
847 892 1196 949 consortium.
1221 886 1372 944 Unde
1396 894 1450 941 et
1473 884 1587 955 ipsa

70 1006 144 1056 hoc
167 999 315 1054 sciens
353 1009 414 1049 ac
441 992 653 1057 volens,
686 986 950 1059 impudice
996 983 1177 1053 utique
1221 980 1478 1035 miscetur
1514 976 1585 1039 ei,

70 1108 157 1145 t'tttll
181 1104 269 1160 quo
295 1101 393 1141 non
433 1084 594 1138 habet
633 1079 805 1135 fmdus
838 1076 1104 1132 uxorium.
1134 1072 1513 1127 Verumtamen
1541 1066 1589 1123 si

69 1186 103 1238 ci
138 1181 251 1236 thori
290 1178 437 1233 ﬁdem
481 1182 685 1239 servet,
724 1182 778 1228 et
812 1186 932 1226 cum
975 1169 1060 1223 ille
1090 1181 1309 1221 uxorem
1351 1162 1583 1227 duxerit,

72 1276 223 1333 nubere
247 1273 346 1342 ipsa
384 1284 487 1323 non
527 1267 758 1338 cogitet,
789 1272 947 1333 atque
976 1278 1007 1317 a
1034 1260 1130 1316 tali
1163 1272 1383 1328 prorsus
1422 1270 1588 1326 opere

72 1367 282 1422 continere
314 1376 369 1417 se
411 1367 705 1431 prasparet,
752 1354 1044 1410 adulteram
1092 1349 1306 1422 quidem
1348 1344 1590 1402 fortassis

77 1460 191 1515 lacile
209 1455 447 1527 appellare
471 1468 579 1508 non
600 1450 859 1515 audeam;
893 1463 997 1503 non
1027 1458 1247 1517 peccare
1272 1452 1447 1497 tamen
1472 1439 1592 1510 quis

78 1553 245 1613 dixerit,
269 1564 379 1604 cum
410 1562 529 1602 eam
563 1546 673 1599 viro
694 1585 709 1609 ,
740 1542 892 1612 cujus
921 1555 1054 1595 uxor
1082 1555 1187 1593 non
1217 1545 1331 1602 est,
1379 1532 1592 1588 misceri

74 1644 201 1699 sciat?
219 1638 508 1696 Jamverosi
529 1653 597 1693 ex
620 1638 711 1692 illo
730 1632 1036 1699 concubitu,
1060 1638 1314 1702 quantum
1336 1625 1402 1682 ad
1424 1626 1593 1696 ipsam

72 1739 231 1800 attinet,
260 1750 351 1788 non
381 1733 481 1788 nisi
510 1730 650 1787 ﬁlios
675 1730 824 1797 velit,
852 1736 907 1784 et
929 1724 1186 1798 quidquid
1214 1723 1348 1778 ultra
1377 1734 1593 1776 causam

71 1825 321 1899 procreandi
346 1824 544 1895 patitur
570 1822 733 1877 invita
760 1820 1025 1890 patiatur:
1054 1816 1234 1873 multis
1257 1812 1472 1885 quidem
1495 1812 1595 1866 ista

72 1919 270 1975 matronis
313 1915 684 1987 anteponenda
737 1922 853 1978 est;
898 1926 1017 1983 qua:
1061 1908 1271 1964 tametsi
1317 1920 1425 1961 non
1472 1910 1599 1959 sunt

71 2013 301 2077 adulterm,
340 2011 482 2066 viros
528 2018 710 2064 tamen
756 2020 882 2062 suos
923 2005 1238 2076 plerumque
1275 1998 1437 2054 etiam
1463 2011 1596 2052 con-

73 2106 197 2159 linere
227 2103 483 2172 cupientes
514 2099 583 2154 ad
614 2096 943 2155 reddendum
980 2093 1194 2151 carnale
1231 2090 1466 2147 debitum
1506 2102 1599 2144 eo.

73 2204 192 2263 gent,
218 2208 309 2247 non
336 2190 609 2247 desiderio
639 2189 803 2259 prolis
823 2230 839 2256 ,
870 2186 965 2242 sed
998 2184 1191 2240 ardore
1217 2179 1600 2251 concupiscen-

75 2286 137 2339 tia:
157 2286 249 2354 ipso
275 2298 365 2339 suo
398 2283 519 2353 jure
549 2282 974 2352 intemperanter
1006 2284 1216 2332 utentes
1246 2292 1259 2327 :
1291 2273 1346 2327 in
1374 2285 1601 2344 quarum

76 2387 205 2432 tamen
224 2377 406 2447 nuptiis
426 2376 630 2431 bonum
652 2382 736 2429 est
758 2372 861 2429 hoc
883 2373 1056 2443 ipsum
1086 2368 1225 2440 quod
1253 2376 1431 2438 nuptae
1455 2373 1599 2421 sunt.

77 2471 133 2524 Ad
154 2469 237 2526 hoc
267 2470 398 2526 enim
437 2477 623 2539 nupta:
662 2474 820 2533 sunt,
850 2473 908 2521 ut
935 2464 1024 2519 illa
1052 2458 1484 2531 concupiscentia
1513 2472 1603 2511 re-

78 2560 188 2615 dacta
212 2561 268 2615 ad
295 2560 587 2631 legitimum
613 2557 903 2622 vinculum,
934 2569 1041 2609 non
1071 2550 1327 2608 deformis
1354 2558 1408 2603 et
1430 2548 1605 2603 disso«

80 2656 154 2710 luta
175 2655 396 2721 ﬁuitaret,
423 2653 632 2709 habens
661 2650 729 2708 de
753 2665 812 2707 se
839 2650 952 2719 ipsa
981 2645 1399 2703 irrefrenabilem
1427 2640 1605 2697 carnis

77 2748 394 2815 inﬁrmitatem,
417 2747 485 2803 de
505 2746 709 2817 nuptiis
728 2751 905 2799 autem
927 2738 1347 2797 indissolubilem
1372 2734 1494 2791 ﬁdei
1518 2748 1607 2817 so-_-

80 2843 267 2897 cietatem
285 2859 299 2908 ;
321 2842 386 2897 de
404 2856 462 2898 se
481 2812 603 2911 ipsa
624 2850 964 2910 progressum
988 2830 1336 2888 immoderate
1352 2812 1604 2894 coeundi,

80 2934 125 2989 de
146 2935 310 3004 nuptiis
334 2933 553 2990 modum
591 2940 738 2988 caste
778 2926 1114 3001 procreandi.
1145 2923 1259 2980 Etsi
1284 2922 1425 2979 enim
1454 2930 1609 2991 turpe

82 3027 400 3084 cstlibidinosc
429 3028 503 3082 uti
526 3025 677 3082 velle
704 3024 896 3079 marito
924 3023 978 3089 ¹;
1008 3019 1294 3075 honestum
1324 3026 1404 3072 est
1431 3023 1609 3070 tamen

84 3122 188 3178 nolle
207 3124 399 3179 misceri
420 3122 520 3177 nisi
542 3120 762 3185 marito,
781 3126 837 3175 et
856 3131 962 3172 non
984 3129 1172 3187 parere
1189 3110 1291 3167 nisi
1310 3111 1376 3167 de
1393 3108 1606 3164 marito.

132 3213 319 3271 CAPUT
345 3213 432 3270 VI.
453 3244 527 3255 ——
549 3212 635 3267 De
652 3210 935 3282 conjugalis
955 3207 1106 3263 debiti
1130 3205 1391 3261 exactione
1416 3217 1476 3255 ac
1495 3198 1612 3255 red-

85 3306 241 3360 ditione.
267 3306 390 3362 Sunt
421 3306 551 3363 item
591 3303 691 3361 viri
726 3318 895 3375 usque
931 3302 1065 3357 adeo
1101 3298 1523 3363 incontinentes,
1552 3303 1614 3350 ut

88 3399 337 3470 eonjugibus
360 3414 457 3456 nec
483 3396 724 3471 gravidis
750 3402 991 3467 parcant.
1018 3390 1284 3462 Quidquid
1313 3403 1440 3461 ergo
1475 3387 1613 3442 inter

87 3504 129 3543 se
148 3491 372 3561 eonjugati
405 3490 785 3547 immodestum
805 3530 820 3555 ,
852 3483 1264 3543 inverecundum
1285 3523 1301 3550 ,
1338 3477 1611 3537 sordidum

88 3591 248 3651 gemat,
271 3584 445 3639 vitium
470 3592 562 3639 est
585 3580 880 3647 hominum,
907 3592 1012 3634 non
1038 3577 1190 3647 culpa
1216 3575 1540 3646 nuptiarum.

139 3676 180 3730 6.
210 3676 311 3732 Jam
352 3678 401 3732 in
440 3677 561 3748 ipsa
606 3689 817 3745 quoque
862 3670 1295 3728 immoderatiore
1337 3668 1615 3725 exactione

92 3764 209 3821 debiti
243 3768 486 3837 carnalis,
519 3782 686 3839 quam
729 3767 806 3822 eis
847 3780 953 3820 non
997 3761 1290 3821 secundum
1333 3760 1615 3830 imperium

93 3857 306 3927 pracipit,
333 3858 423 3914 sed
449 3855 748 3914 secundum
789 3855 995 3912 veniam
1034 3851 1280 3909 concedit
1307 3850 1613 3922 Apostolus,

94 3948 279 4005 utetiam
300 3959 487 4022 prazter
510 3963 732 4006 causam
767 3946 1081 4019 procreandi
1120 3945 1220 4001 sibi
1259 3943 1614 4007 misceantur;

94 4040 166 4093 etsi
188 4056 265 4097 eos
288 4044 423 4114 pravi
450 4056 637 4100 mores
660 4041 726 4096 ad
756 4041 912 4097 talem
941 4039 1280 4097 concubitum
1317 4034 1615 4108 impellunt,

94 4133 246 4201 nuptis:
276 4145 435 4193 tamen
476 4137 550 4193 ab
592 4134 854 4190 adulterio
898 4148 995 4190 seu
1040 4132 1389 4188 fornicatione
1428 4127 1618 4185 defen-

96 4222 209 4280 dunt.
234 4225 395 4299 Neque
430 4228 580 4285 enirn
624 4226 754 4282 illud
795 4234 1013 4297 propter
1054 4224 1266 4295 nuptias
1301 4220 1614 4286 admittitur,

98 4314 165 4367 sed
184 4327 371 4388 propter
394 4320 607 4391 nuptias
637 4316 947 4388 ignoscitur.
980 4314 1185 4370 Debent
1211 4328 1337 4384 ergo
1365 4312 1464 4368 sibi
1492 4326 1621 4367 con-

96 4403 221 4475 iugali
237 4425 327 4466 non
346 4412 510 4468 solum
543 4410 712 4482 ipsius
737 4424 896 4466 sexus
919 4409 1002 4466 sui
1027 4405 1406 4464 commiscendi
1431 4403 1618 4471 ﬁdem,

101 4496 327 4558 liberorum
352 4504 802 4575 procreandorum
831 4517 1020 4568 causa,
1050 4516 1169 4573 qua:
1203 4501 1372 4571 prima
1409 4507 1492 4556 est
1517 4496 1620 4553 hu-

104 4589 209 4643 mani
228 4595 414 4661 generis
435 4595 485 4649 in
510 4596 613 4650 ista
635 4593 957 4649 mortalitate
976 4593 1235 4657 societas;
1256 4605 1441 4646 verum
1462 4590 1623 4645 etiam

107 4673 366 4739 inﬁrmitatis
390 4685 615 4743 invicem
645 4684 999 4756 cxcipiendm,
1032 4683 1098 4738 ad
1127 4682 1337 4739 illicitos
1364 4681 1622 4738 concubi-

109 4776 169 4824 tus
186 4776 451 4849 evitandos,
482 4788 719 4835 mutuam
746 4778 975 4849 quodam
1006 4777 1167 4833 modo
1195 4777 1536 4842 servitutem;
1565 4782 1625 4829 ut

110 4863 182 4917 etsi
209 4868 335 4926 alteri
370 4888 547 4929 eorum
591 4881 846 4944 perpetua
884 4870 1209 4927 continentia
1248 4869 1478 4940 placeat,
1522 4868 1623 4924 nisi

112 4969 158 5009 ex
180 4960 357 5019 alterius
381 4982 639 5022 consensu
670 4980 775 5021 non
802 4965 990 5037 possit.
1019 4965 1086 5020 Et
1109 4962 1176 5019 ad
1207 4962 1309 5018 hoc
1328 4963 1468 5019 enim
1494 4979 1626 5017 uxor

114 5060 185 5147 ken
212 5050 330 5108 habet
358 5066 640 5125 potestate»:
674 5058 899 5127 corporis
932 5056 1040 5123 sui,
1070 5056 1158 5111 sed
1186 5060 1297 5120 vir;
1325 5056 1551 5111 similiter
1579 5064 1626 5111 et

116 5144 170 5187 τιν
188 5156 267 5196 non
286 5144 413 5202 liabet
437 5160 728 5219 potestatem
753 5149 975 5221 corporis
1000 5149 1099 5215 sui,
1123 5148 1211 5203 sed
1236 5148 1414 5202 mulier
1440 5146 1484 5219 (I
1506 5147 1623 5202 Cor.

118 5233 309 5305 “ui-6)
333 5255 346 5291 :
370 5248 423 5295 ut
461 5251 515 5297 ct
555 5241 697 5313 quod
739 5256 843 5296 non
880 5240 1109 5296 ﬁliorum
1149 5238 1625 5312 procreandorum,

121 5321 188 5373 sed
208 5322 489 5389 inﬁrmitatis
512 5343 565 5389 et
589 5333 988 5389 incontinentiae
1010 5347 1168 5388 causa
1193 5333 1414 5402 expetit,
1438 5331 1519 5386 vel
1544 5332 1629 5385 ille

123 5412 170 5464 de
185 5421 491 5493 matrimonio,
514 5428 595 5483 vel
618 5427 704 5481 illa
727 5425 794 5482 de
816 5427 1030 5492 ηἰειτὶιο,
1055 5441 1159 5481 non
1188 5425 1288 5481 sibi
1314 5426 1627 5480 alterutrmn

127 5518 298 5579 "ciem;
324 5530 384 5571 ne
426 5535 517 5588 per
558 5520 659 5577 hoc
701 5520 936 5577 incidant
978 5520 1030 5575 in
1075 5519 1405 5575 damnabiles
1446 5535 1632 5575 corru-

129 5600 278 5672 Plelas,
305 5617 519 5670 tentante
554 5625 734 5671 satana
754 5657 769 5683 ,
798 5623 1015 5687 propter
1048 5614 1516 5679 incontinentiam,
1546 5612 1630 5667 vel

131 5695 373 5769 aIuliorum,
411 5709 492 5763 vel
534 5711 840 5784 cujusquam
885 5724 1093 5765 eorum.
1142 5707 1447 5779 Conjugalis
1488 5706 1632 5762 enim

133 5792 376 5852 concubitus
396 5804 668 5871 generandi
694 5803 886 5877 gratia,
916 5817 1021 5859 non
1047 5800 1209 5859 habet
1233 5801 1475 5872 culpam;
1505 5813 1633 5856 con-

183 5900 316 5971 ἰείη
336 5910 398 5965 uti
417 5914 486 5967 vel
507 5918 687 5971 marito.

1413 398 1619 456 LIBER
1660 397 1861 457 UNUS.

3176 398 3286 457 578

1696 514 2037 585 cupiscentim
2068 528 2195 569 vero
2230 512 2516 579 satiandae,
2549 512 2644 568 sed
2681 521 2857 567 tamen
2883 527 3003 568 cum
3029 513 3283 584 conjuge,

1694 616 1913 677 propter
1947 606 2085 662 thori
2118 606 2310 672 ﬁdem,
2342 606 2601 660 venialem
2646 604 2806 660 habet
2844 605 3054 675 culpam
3085 624 3098 660 :
3127 604 3283 660 adul-

1695 700 1886 756 terium
1912 715 2040 756 vero
2079 700 2191 755 sive
2235 698 2511 755 fornicatio
2555 698 2807 754 lethalem
2849 698 3009 752 habet
3048 698 3284 768 culpam.

1693 794 1771 849 Ac
1793 808 1891 864 per
1918 793 2019 849 hoe
2044 794 2235 849 melior
2256 802 2339 849 est
2360 792 2573 864 quidem
2596 791 2663 846 ab
2685 790 2828 847 omni
2851 791 3135 847 concubitu
3156 806 3287 847 con-

1694 888 1937 955 tinentia,
1964 904 2123 960 quam
2149 887 2235 944 vel
2261 888 2374 959 ipse
2399 885 2808 943 matrimonialis
2835 884 3170 954 concubitus,
3194 884 3285 957 qui

1694 980 1755 1036 ﬁt
1781 996 1939 1037 causa
1964 981 2236 1052 gignendi.

1763 1072 1991 1129 CAPUT
2023 1071 2134 1128 VII.
2165 1103 2236 1113 —
2270 1070 2461 1127 Fmdus
2500 1071 2726 1143 nuptiale
2757 1069 3076 1142 separatione
3104 1068 3289 1139 conju—

1694 1183 1813 1239 gum
1839 1183 1939 1220 non
1967 1167 2024 1235 ﬁt
2050 1167 2273 1221 irritum.
2302 1167 2381 1221 An
2409 1166 2617 1220 dimissa
2644 1164 2875 1219 adultera
2900 1164 3045 1218 liceat
3076 1163 3290 1216 alteram

1696 1261 1895 1315 ducere.
1946 1259 2167 1316 Uxorem
2214 1259 2547 1331 superducere
2588 1259 2794 1313 vetitum
2842 1272 2981 1311 more
3028 1254 3287 1311 Romano.

1696 1352 1927 1407 Dirortio
1956 1352 2040 1407 lea:
2066 1350 2269 1423 fwderis
2304 1351 2546 1422 nuptialis
2582 1366 2685 1405 non
2720 1347 2947 1402 aboletur
2974 1348 3104 1401 inter
3134 1345 3290 1400 Chri-

1696 1446 1908 1501 stianos.
1928 1443 2037 1501 Sed
2061 1445 2182 1517 quia
2209 1444 2296 1500 illa
2323 1443 2653 1499 continentia
2678 1442 2853 1497 meriti
2883 1438 3159 1510 amplioris
3184 1446 3289 1505 cst,

1696 1535 1927 1592 reddere
1952 1550 2080 1591 vero
2105 1535 2342 1591 debitum
2369 1533 2670 1606 conjugale,
2698 1531 2893 1587 nullius
2919 1538 3001 1585 est
3025 1529 3286 1593 criminis,

1697 1627 1912 1698 exigere
1952 1634 2127 1682 autem
2167 1626 2306 1681 ultra
2346 1624 2636 1697 generandi
2676 1622 3080 1685 necessitatem,
3121 1619 3292 1689 culpae

1700 1718 1947 1784 venialis,
1976 1718 2227 1773 fornicari
2256 1733 2385 1773 vero
2412 1718 2497 1773 vel
2524 1715 2805 1780 mtechari,
2833 1711 3085 1784 puniendi
3113 1711 3294 1766 crimi-

1701 1811 1818 1877 nis;
1850 1824 2047 1867 cavere
2088 1810 2250 1866 debet
2288 1809 2524 1865 charitas
2567 1806 2896 1877 eonjngalis,
2936 1818 3005 1860 ne
3034 1803 3161 1858 dum
3190 1800 3294 1857 sibi

1700 1905 1894 1976 quaerit
1920 1903 2065 1959 unde
2099 1902 2330 1974 amplius
2361 1900 2689 1968 honoretur,
2718 1896 2929 1969 conjugi
2966 1896 3126 1951 faciat
3151 1892 3296 1949 unde

1703 1996 2004 2053 damnetur.
2040 1996 2142 2064 Qui
2182 1996 2324 2051 enim
2365 1993 2569 2049 dimittit
2611 2008 2820 2048 uxorem
2864 2005 3044 2053 suam,
3089 1995 3297 2057 excepta

1703 2105 1861 2143 causa
1891 2088 2259 2160 fornicationis,
2294 2086 2419 2157 facit
2444 2101 2555 2141 eam
2580 2081 2820 2138 mwchari
2854 2079 3067 2153 (Matth.
3094 2093 3151 2143 v,
3179 2076 3296 2148 52).

1705 2178 1888 2250 Usque
1930 2178 2066 2234 adeo
2111 2176 2285 2234 foedus
2330 2175 2458 2232 illud
2504 2175 2693 2230 initum
2739 2170 2979 2243 nuptiale
3020 2167 3299 2240 cujusdam

1705 2270 2027 2327 sacramenti
2056 2283 2144 2326 res
2170 2278 2286 2336 est,
2334 2277 2393 2324 ut
2432 2281 2533 2324 nec
2571 2268 2684 2337 ipsa
2721 2262 3061 2335 separatione
3087 2259 3300 2316 irritum

1707 2361 1837 2417 ﬁat:
1861 2360 2290 2432 quandoquidem
2317 2359 2529 2415 vivente
2554 2358 2691 2425 viro,
2714 2362 2770 2411 et
2795 2369 2824 2409 a
2849 2368 2957 2424 quo
2983 2351 3169 2408 relicta
3192 2357 3298 2416 est,

1708 2452 2027 2519 moechatur,
2058 2451 2106 2507 si
2130 2452 2281 2507 alteri
2309 2449 2584 2522 nupserit;
2614 2457 2668 2505 et
2690 2447 2781 2503 ille
2805 2445 2965 2517 hujus
2991 2443 3116 2501 mali
3139 2454 3303 2499 causa

1707 2554 1792 2603 est
1818 2546 1908 2617 qui
1936 2544 2171 2616 reliquit.

1782 2637 1834 2691 7.
1868 2637 2032 2693 Miror
2070 2642 2247 2691 autem
2289 2634 2335 2690 si
2377 2630 2827 2705 quemadmodum
2865 2629 2992 2685 licet
3033 2626 3308 2683 dimittere

1710 2730 2007 2787 adulteram
2032 2742 2255 2784 uxorem
2275 2768 2292 2795 ,
2320 2728 2391 2781 ita
2420 2725 2578 2781 liceat
2605 2737 2667 2779 ea
2692 2721 2911 2777 dimissa
2949 2720 3172 2775 alteram
3198 2717 3306 2773 du-

1712 2836 1855 2878 cere.
1883 2821 2034 2877 Facit
2051 2820 2198 2876 enim
2222 2817 2291 2875 de
2318 2817 2417 2873 hac
2440 2831 2502 2872 re
2528 2823 2711 2871 sancta
2732 2812 3006 2883 Scriptura
3028 2808 3305 2865 difﬁcilem

1713 2913 1911 2971 nodum
1931 2956 1947 2983 ,
1978 2914 2190 2970 dicente
2228 2909 2516 2982 Apostolo,
2546 2923 2612 2964 ex
2644 2912 2911 2977 praecepto
2940 2900 3153 2958 Domini
3180 2915 3305 2956 mu-

1712 3005 1901 3063 lierem
1930 3020 1960 3060 a
1987 3004 2104 3061 viro
2131 3017 2239 3059 non
2268 3002 2467 3058 debere
2495 2997 2807 3061 discedere;
2834 2993 2977 3066 quod
3017 2992 3061 3048 si
3098 2991 3309 3047 disces-

1714 3098 1878 3165 serit,
1922 3112 2141 3153 manere
2183 3096 2489 3166 innuptam,
2534 3098 2625 3147 aut
2668 3090 2785 3145 viro
2831 3101 2930 3143 suo
2971 3084 3310 3143 reconciliari

1716 3188 1763 3261 (I
1786 3189 1905 3245 Cor.
1930 3205 2035 3255 vu,
2064 3189 2149 3254 10,
2188 3186 2278 3259 Η)
2311 3204 2325 3242 :
2358 3200 2479 3242 cum
2513 3182 2769 3241 recedere
2797 3181 2977 3251 utique
3005 3188 3060 3234 et
3086 3192 3311 3234 manere

1716 3283 1963 3353 innupta,
1997 3282 2099 3338 nisi
2139 3280 2208 3336 ah
2241 3279 2485 3336 adultero
2513 3277 2629 3333 viro
2661 3292 2768 3333 non
2796 3274 3023 3343 debeat,
3051 3288 3120 3329 ne
3157 3288 3313 3331 rece-.

1717 3374 1892 3431 dendo
1917 3373 1986 3430 ab
2007 3388 2074 3430 eo
2096 3373 2186 3445 qui
2208 3371 2417 3447 adulter
2440 3385 2552 3426 non
2576 3376 2679 3436 est,
2702 3367 2861 3422 faciat
2880 3381 3001 3422 eum
3024 3364 3306 3422 moechari.

1716 3466 2073 3523 Reconciliari
2117 3473 2295 3521 autem
2339 3462 2457 3519 viro
2498 3461 2583 3518 vel
2629 3459 2941 3527 tolerando,
2979 3459 3024 3514 si
3058 3473 3118 3514 se
3146 3457 3263 3529 ipsa
3288 3457 3309 3489 '

1717 3559 1993 3615 continere
2020 3572 2126 3613 non
2155 3564 2350 3629 potest,
2381 3554 2464 3612 vel
2493 3560 2737 3611 correcto
2754 3593 2770 3618 ,
2799 3552 3021 3607 forsitan
3046 3550 3190 3621 juste
3214 3562 3314 3621 po-

1719 3659 1843 3709 test.
1875 3650 2157 3721 Quomodo
2198 3657 2376 3706 autem
2421 3648 2538 3703 viro
2580 3646 2751 3718 possit
2793 3659 2913 3702 esse
2954 3644 3167 3701 licentia
3207 3641 3312 3697 du—

1720 3745 1902 3801 cendae
1930 3744 2178 3809 alterius,
2206 3743 2251 3798 si
2280 3740 2575 3797 adulteram
2611 3738 2917 3810 reliquerit,
2950 3752 3070 3792 cum
3100 3733 3313 3791 mulieri

1722 3851 1827 3892 non
1858 3836 1927 3891 sit
1954 3834 2189 3891 nubendi
2218 3832 2403 3900 alteri,
2433 3831 2480 3888 si
2519 3829 2818 3887 adulterum
2854 3827 3161 3898 reliquerit,
3201 3838 3314 3881 non

1722 3931 1901 3986 video.
1922 3929 2052 3999 Quae
2076 3928 2121 3984 si
2148 3928 2218 3983 ita
2244 3934 2388 3991 sunt,
2417 3932 2623 3981 tantum
2648 3922 2791 3979 valet
2815 3919 2945 3977 illud
2972 3919 3168 3975 sociale
3194 3917 3317 3973 vin-

1722 4021 1899 4077 culum
1923 4020 2230 4091 conjugum,
2255 4027 2311 4074 ut
2335 4032 2455 4073 cum
2483 4030 2641 4072 causa
2668 4010 2983 4085 procreandi
3010 4010 3314 4080 colligetur,

1723 4127 1825 4169 nec
1870 4112 1983 4183 ipsa
2032 4126 2192 4166 causa
2250 4107 2564 4181 procreandi
2616 4106 2869 4161 solvatur.
2920 4102 3138 4158 Possit'
3168 4100 3315 4155 enim

1724 4202 1886 4259 homo
1914 4203 2185 4257 dimittere
2212 4199 2449 4257 sterilem
2480 4212 2738 4263 uxorem,
2777 4204 2832 4251 et
2867 4193 3064 4249 ducere
3103 4191 3170 4247 de
3208 4204 3317 4260 qua

1696 4314 1697 4317 η
1726 4296 1864 4351 ﬁlios
1892 4293 2085 4349 habeat
2111 4311 2124 4347 :
2159 4302 2213 4348 et
2242 4301 2418 4347 tamen
2449 4304 2557 4345 non
2583 4289 2738 4355 licet;
2777 4294 2832 4343 et
2864 4284 3063 4341 nostris
3095 4282 3316 4354 quidem

1722 4390 1831 4461 jam
1862 4386 2190 4457 temporibus
2227 4400 2290 4441 ac
2324 4398 2475 4468 more
2504 4382 2775 4448 Romano,
2807 4394 2907 4435 nec
2933 4374 3317 4448 superdueere,

1726 4492 1786 4541 ut
1813 4482 2038 4553 amplius
2066 4480 2257 4536 habeat
2291 4493 2452 4550 quam
2493 4492 2653 4533 unam
2683 4475 2857 4530 vivam
2884 4491 2897 4528 :
2927 4480 2980 4527 et
3013 4470 3196 4540 utique
3222 4483 3318 4524 re-

1727 4578 1852 4634 licta
1880 4576 2115 4633 adultera
2136 4574 2222 4630 vel
2242 4572 2432 4629 relicto
2452 4570 2693 4626 adultero
2721 4574 2938 4639 possent
2963 4564 3143 4634 plures
3169 4561 3320 4617 nasci

1728 4671 2004 4736 homines,
2036 4668 2082 4722 si
2108 4666 2192 4723 vel
2228 4666 2314 4721 illa
2352 4664 2508 4720 alteri
2546 4661 2806 4727 nuberet,
2834 4657 2921 4713 vel
2964 4656 3052 4711 ille
3094 4655 3320 4711 alteram

1729 4765 1965 4822 duceret.
1994 4760 2147 4828 Quod
2178 4769 2355 4814 tamen
2383 4757 2429 4813 si
2456 4770 2560 4810 non
2586 4755 2743 4818 licet,
2773 4752 2909 4807 sicut
2935 4748 3111 4804 divina
3137 4747 3323 4819 regula

1730 4856 2076 4931 prmscribere
2100 4852 2345 4916 videtur;
2374 4863 2532 4920 quem
2562 4860 2670 4901 non
2700 4844 2856 4899 faciat
2882 4843 3163 4908 intentum,
3191 4839 3324 4911 quid

1730 4951 1831 5008 sibi
1861 4950 1987 5006 velit
2014 4956 2157 5004 tanta
2185 4944 2408 4999 ﬁrmitas
2433 4938 2633 4995 vinculi
2663 4936 2994 5009 conjugalis?
3028 4935 3179 5004 Quod
3221 4950 3325 4990 ne-

1732 5056 1994 5115 quaquam
2036 5047 2163 5110 puto
2202 5043 2405 5090 tantum
2442 5030 2623 5088 valere
2658 5028 2925 5102 potuisse,
2960 5027 3059 5083 nisi
3099 5025 3327 5095 alicujus

1731 5138 1808 5189 rei
1833 5131 2049 5201 majoris
2071 5145 2134 5185 ex
2156 5127 2257 5182 hac
2280 5125 2489 5181 infirma
2512 5122 2835 5179 mortalitate
2861 5120 3133 5175 hominum
3154 5116 3329 5188 quod-

1733 5219 1852 5281 dam
1908 5229 2298 5279 sacramentum
2342 5216 2719 5281 adhiberetur,
2764 5212 2905 5284 quod
2952 5208 3328 5266 deserentibus

1704 5316 2038 5397 jIlUlllinlbUS
2063 5322 2222 5385 atque
2248 5310 2299 5367 id
2328 5310 2623 5366 dissolvere
2649 5304 3008 5376 cupientibus,
3037 5302 3326 5356 inconcus-
3384 5341 3390 5349 .

1735 5427 1851 5467 sum
1878 5410 1978 5464 illis
2006 5413 2247 5462 maneret
2271 5402 2337 5458 ad
2367 5416 2598 5473 pinnam.
2631 5396 2907 5468 Siquidem
2938 5390 3326 5450 interveniente

1736 5502 1964 5557 divortio
1992 5515 2099 5554 non
2126 5497 2369 5553 aboletur
2398 5494 2486 5549 illa
2516 5487 2902 5548 confoederatio
2928 5482 3176 5555 nuptialis
3203 5498 3217 5535 :
3246 5479 3323 5535 ita

1737 5604 1796 5651 ut
1822 5591 1923 5648 sibi
1951 5591 2203 5663 conjuges
2233 5588 2358 5654 sint,
2389 5586 2549 5643 etiam
2574 5581 2835 5653 separati;
2861 5592 2983 5631 cum
3011 5575 3113 5630 illis
3141 5581 3327 5630 autem

1738 5686 2056 5745 adulterium
2101 5681 2467 5745 committant,
2514 5675 2708 5748 quibus
2757 5672 2953 5729 fuerint
2998 5674 3160 5731 etiam
3208 5683 3335 5748 post

1806 5827 1824 5858 ι
1858 5822 1962 5874 Sola
1976 5822 2083 5871 fere
2105 5819 2255 5869 editio
2275 5823 2405 5877 lem,
2427 5812 2599 5878 seipse.

1812 5913 1833 5944 ’⁸
1857 5914 2036 5969 Posset,
2057 5905 2197 5970 juxta
2217 5900 2366 5965 Lugd.
2429 5904 2492 5950 nt.
