  <div class='ocr_page' id='page_1' title='image "/cluster/home/n/w/nwhite01/storage/ocr_20150623/40/uva.x000669811/197.png"; bbox 0 0 3882 6286; ppageno 0'>
   <div class='ocr_carea' id='block_1_1' title="bbox 549 244 652 300">
    <p class='ocr_par' dir='ltr' id='par_1_1' title="bbox 549 244 652 300">
     <span class='ocr_line' id='line_1_1' title="bbox 549 244 652 300; baseline -0.039 0"><span class='ocrx_word' id='word_1_1' title='bbox 549 244 652 300; x_wconf 77' lang='grc'><strong>879</strong></span> 
     </span>
    </p>
   </div>
   <div class='ocr_carea' id='block_1_2' title="bbox 542 331 2144 424">
    <p class='ocr_par' dir='ltr' id='par_1_2' title="bbox 542 331 2144 424">
     <span class='ocr_line' id='line_1_2' title="bbox 542 331 2144 424; baseline 0.001 -15"><span class='ocrx_word' id='word_1_2' title='bbox 542 367 700 410; x_wconf 74' lang='lat' dir='ltr'><strong>suum</strong></span> <span class='ocrx_word' id='word_1_3' title='bbox 729 351 1007 424; x_wconf 83' lang='lat' dir='ltr'><strong>repudium</strong></span> <span class='ocrx_word' id='word_1_4' title='bbox 1037 352 1306 423; x_wconf 92' lang='lat' dir='ltr'><strong>copulati,</strong></span> <span class='ocrx_word' id='word_1_5' title='bbox 1353 353 1438 409; x_wconf 91' lang='lat' dir='ltr'><strong>vel</strong></span> <span class='ocrx_word' id='word_1_6' title='bbox 1481 353 1571 408; x_wconf 89' lang='lat' dir='ltr'><strong>illa</strong></span> <span class='ocrx_word' id='word_1_7' title='bbox 1600 353 1717 410; x_wconf 90' lang='lat' dir='ltr'><strong>viro</strong></span> <span class='ocrx_word' id='word_1_8' title='bbox 1737 397 1752 421; x_wconf 91' lang='lat'><strong>,</strong></span> <span class='ocrx_word' id='word_1_9' title='bbox 1782 355 1866 410; x_wconf 85' lang='lat' dir='ltr'><strong>vel</strong></span> <span class='ocrx_word' id='word_1_10' title='bbox 1898 355 1984 412; x_wconf 93' lang='lat' dir='ltr'><strong>ille</strong></span> <span class='ocrx_word' id='word_1_11' title='bbox 2014 331 2144 410; x_wconf 58' lang='lat' dir='ltr'><strong>mu:</strong></span> 
     </span>
    </p>
   </div>
   <div class='ocr_carea' id='block_1_3' title="bbox 545 445 2134 516">
    <p class='ocr_par' dir='ltr' id='par_1_3' title="bbox 545 445 2134 516">
     <span class='ocr_line' id='line_1_3' title="bbox 545 445 2134 516; baseline 0.003 -15"><span class='ocrx_word' id='word_1_12' title='bbox 545 445 683 501; x_wconf 82' lang='lat' dir='ltr'><strong>fieri.</strong></span> <span class='ocrx_word' id='word_1_13' title='bbox 709 445 820 502; x_wconf 83' lang='lat' dir='ltr'><strong>Nec</strong></span> <span class='ocrx_word' id='word_1_14' title='bbox 848 455 1024 502; x_wconf 86' lang='lat' dir='ltr'><strong>tamen</strong></span> <span class='ocrx_word' id='word_1_15' title='bbox 1056 447 1154 502; x_wconf 87' lang='lat' dir='ltr'><strong>nisi</strong></span> <span class='ocrx_word' id='word_1_16' title='bbox 1182 447 1236 501; x_wconf 89' lang='lat' dir='ltr'><strong>in</strong></span> <span class='ocrx_word' id='word_1_17' title='bbox 1261 447 1478 504; x_wconf 86' lang='lat' dir='ltr'><strong>civitate</strong></span> <span class='ocrx_word' id='word_1_18' title='bbox 1504 448 1600 504; x_wconf 85' lang='lat' dir='ltr'><strong>Dei</strong></span> <span class='ocrx_word' id='word_1_19' title='bbox 1629 449 1829 516; x_wconf 80' lang='lat' dir='ltr'><strong>nostri,</strong></span> <span class='ocrx_word' id='word_1_20' title='bbox 1859 449 1913 505; x_wconf 90' lang='lat' dir='ltr'><strong>in</strong></span> <span class='ocrx_word' id='word_1_21' title='bbox 1951 456 2134 507; x_wconf 84' lang='lat' dir='ltr'><strong>monte</strong></span> 
     </span>
    </p>
   </div>
   <div class='ocr_carea' id='block_1_4' title="bbox 546 536 2128 610">
    <p class='ocr_par' dir='ltr' id='par_1_4' title="bbox 546 536 2128 610">
     <span class='ocr_line' id='line_1_4' title="bbox 546 536 2128 610; baseline 0.003 -18"><span class='ocrx_word' id='word_1_22' title='bbox 546 546 732 592; x_wconf 86' lang='lat' dir='ltr'><strong>sancto</strong></span> <span class='ocrx_word' id='word_1_23' title='bbox 757 538 872 606; x_wconf 95' lang='lat' dir='ltr'><strong>ejus</strong></span> <span class='ocrx_word' id='word_1_24' title='bbox 899 536 1249 609; x_wconf 75' lang='lat' dir='ltr'><strong>(Psal.x1.vn,</strong></span> <span class='ocrx_word' id='word_1_25' title='bbox 1268 539 1347 610; x_wconf 74' lang='grc'><strong>2),</strong></span> <span class='ocrx_word' id='word_1_26' title='bbox 1365 539 1483 595; x_wconf 90' lang='lat' dir='ltr'><strong>talis</strong></span> <span class='ocrx_word' id='word_1_27' title='bbox 1512 549 1594 595; x_wconf 89' lang='lat' dir='ltr'><strong>est</strong></span> <span class='ocrx_word' id='word_1_28' title='bbox 1622 555 1780 596; x_wconf 85' lang='lat' dir='ltr'><strong>causa</strong></span> <span class='ocrx_word' id='word_1_29' title='bbox 1795 555 1915 596; x_wconf 92' lang='lat' dir='ltr'><strong>cum</strong></span> <span class='ocrx_word' id='word_1_30' title='bbox 1943 555 2128 596; x_wconf 81' lang='lat' dir='ltr'><strong>uxore.</strong></span> 
     </span>
    </p>
   </div>
   <div class='ocr_carea' id='block_1_5' title="bbox 617 629 2128 706">
    <p class='ocr_par' dir='ltr' id='par_1_5' title="bbox 617 629 2128 706">
     <span class='ocr_line' id='line_1_5' title="bbox 617 629 2128 706; baseline 0.003 -21"><span class='ocrx_word' id='word_1_31' title='bbox 617 629 843 686; x_wconf 81' lang='lat' dir='ltr'><strong>CAPUT</strong></span> <span class='ocrx_word' id='word_1_32' title='bbox 884 629 1017 685; x_wconf 85' lang='lat' dir='ltr'><strong>Vill.</strong></span> <span class='ocrx_word' id='word_1_33' title='bbox 1046 661 1116 670; x_wconf 90' lang='lat'><strong><em>—</em></strong></span> <span class='ocrx_word' id='word_1_34' title='bbox 1136 631 1356 704; x_wconf 81' lang='lat' dir='ltr'><strong>Repudii</strong></span> <span class='ocrx_word' id='word_1_35' title='bbox 1380 649 1502 688; x_wconf 77' lang='lat' dir='ltr'><strong>usus</strong></span> <span class='ocrx_word' id='word_1_36' title='bbox 1525 633 1690 703; x_wconf 80' lang='lat' dir='ltr'><strong>qualis</strong></span> <span class='ocrx_word' id='word_1_37' title='bbox 1718 633 1857 706; x_wconf 82' lang='lat' dir='ltr'><strong>apud</strong></span> <span class='ocrx_word' id='word_1_38' title='bbox 1888 633 2128 704; x_wconf 74' lang='lat' dir='ltr'><strong>Gentiles,</strong></span> 
     </span>
    </p>
   </div>
   <div class='ocr_carea' id='block_1_6' title="bbox 552 721 2130 800">
    <p class='ocr_par' dir='ltr' id='par_1_6' title="bbox 552 721 2130 800">
     <span class='ocr_line' id='line_1_6' title="bbox 552 721 2130 800; baseline 0.004 -25"><span class='ocrx_word' id='word_1_39' title='bbox 552 731 598 775; x_wconf 80' lang='lat' dir='ltr'><strong>et</strong></span> <span class='ocrx_word' id='word_1_40' title='bbox 621 722 782 790; x_wconf 77' lang='lat' dir='ltr'><strong>qualis</strong></span> <span class='ocrx_word' id='word_1_41' title='bbox 811 723 950 794; x_wconf 82' lang='lat' dir='ltr'><strong>apud</strong></span> <span class='ocrx_word' id='word_1_42' title='bbox 973 721 1202 778; x_wconf 69' lang='lat' dir='ltr'><strong>Indicos.</strong></span> <span class='ocrx_word' id='word_1_43' title='bbox 1236 723 1538 796; x_wconf 80' lang='lat' dir='ltr'><strong>Conjugium</strong></span> <span class='ocrx_word' id='word_1_44' title='bbox 1574 725 1758 783; x_wconf 82' lang='lat' dir='ltr'><strong>bonum</strong></span> <span class='ocrx_word' id='word_1_45' title='bbox 1782 736 1856 782; x_wconf 80' lang='lat' dir='ltr'><strong>est</strong></span> <span class='ocrx_word' id='word_1_46' title='bbox 1883 745 2090 800; x_wconf 73' lang='lat' dir='ltr'><strong>prorsus</strong></span> <span class='ocrx_word' id='word_1_47' title='bbox 2113 769 2130 798; x_wconf 89' lang='lat'><strong>,</strong></span> 
     </span>
    </p>
   </div>
   <div class='ocr_carea' id='block_1_7' title="bbox 548 813 2132 887">
    <p class='ocr_par' dir='ltr' id='par_1_7' title="bbox 548 813 2132 887">
     <span class='ocr_line' id='line_1_7' title="bbox 548 813 2132 887; baseline 0.006 -22"><span class='ocrx_word' id='word_1_48' title='bbox 548 828 649 866; x_wconf 82' lang='lat' dir='ltr'><strong>non</strong></span> <span class='ocrx_word' id='word_1_49' title='bbox 688 823 856 868; x_wconf 88' lang='lat' dir='ltr'><strong>autem</strong></span> <span class='ocrx_word' id='word_1_50' title='bbox 899 813 1007 868; x_wconf 81' lang='lat' dir='ltr'><strong>sola</strong></span> <span class='ocrx_word' id='word_1_51' title='bbox 1047 817 1420 886; x_wconf 80' lang='lat' dir='ltr'><strong>comparatione</strong></span> <span class='ocrx_word' id='word_1_52' title='bbox 1453 818 1822 887; x_wconf 75' lang='lat' dir='ltr'><strong>fornicationis.</strong></span> <span class='ocrx_word' id='word_1_53' title='bbox 1865 817 2132 875; x_wconf 64' lang='lat' dir='ltr'><strong>Caeterum</strong></span> 
     </span>
    </p>
   </div>
   <div class='ocr_carea' id='block_1_8' title="bbox 551 907 2134 982">
    <p class='ocr_par' dir='ltr' id='par_1_8' title="bbox 551 907 2134 982">
     <span class='ocr_line' id='line_1_8' title="bbox 551 907 2134 982; baseline 0.004 -22"><span class='ocrx_word' id='word_1_54' title='bbox 551 907 703 960; x_wconf 80' lang='lat' dir='ltr'><strong>aliter</strong></span> <span class='ocrx_word' id='word_1_55' title='bbox 732 922 790 961; x_wconf 91' lang='lat' dir='ltr'><strong>se</strong></span> <span class='ocrx_word' id='word_1_56' title='bbox 822 907 1016 962; x_wconf 87' lang='lat' dir='ltr'><strong>habere</strong></span> <span class='ocrx_word' id='word_1_57' title='bbox 1035 907 1155 977; x_wconf 87' lang='lat' dir='ltr'><strong>jura</strong></span> <span class='ocrx_word' id='word_1_58' title='bbox 1183 907 1493 974; x_wconf 86' lang='lat' dir='ltr'><strong>Gentilium,</strong></span> <span class='ocrx_word' id='word_1_59' title='bbox 1521 910 1640 979; x_wconf 88' lang='lat' dir='ltr'><strong>quis</strong></span> <span class='ocrx_word' id='word_1_60' title='bbox 1666 911 1906 982; x_wconf 81' lang='lat' dir='ltr'><strong>ignorat;</strong></span> <span class='ocrx_word' id='word_1_61' title='bbox 1937 912 2027 967; x_wconf 92' lang='lat' dir='ltr'><strong>ubi</strong></span> <span class='ocrx_word' id='word_1_62' title='bbox 2053 912 2134 966; x_wconf 87' lang='lat' dir='ltr'><strong>in-</strong></span> 
     </span>
    </p>
   </div>
   <div class='ocr_carea' id='block_1_9' title="bbox 549 999 2130 1074">
    <p class='ocr_par' dir='ltr' id='par_1_9' title="bbox 549 999 2130 1074">
     <span class='ocr_line' id='line_1_9' title="bbox 549 999 2130 1074; baseline 0.004 -20"><span class='ocrx_word' id='word_1_63' title='bbox 549 999 807 1069; x_wconf 89' lang='lat' dir='ltr'><strong>terposito</strong></span> <span class='ocrx_word' id='word_1_64' title='bbox 828 1000 1069 1071; x_wconf 88' lang='lat' dir='ltr'><strong>repudio,</strong></span> <span class='ocrx_word' id='word_1_65' title='bbox 1098 1001 1219 1056; x_wconf 90' lang='lat' dir='ltr'><strong>sine</strong></span> <span class='ocrx_word' id='word_1_66' title='bbox 1242 1008 1394 1056; x_wconf 87' lang='lat' dir='ltr'><strong>reatu</strong></span> <span class='ocrx_word' id='word_1_67' title='bbox 1417 1002 1596 1074; x_wconf 90' lang='lat' dir='ltr'><strong>aliquo</strong></span> <span class='ocrx_word' id='word_1_68' title='bbox 1617 1004 1834 1061; x_wconf 85' lang='lat' dir='ltr'><strong>ultionis</strong></span> <span class='ocrx_word' id='word_1_69' title='bbox 1860 1003 2130 1074; x_wconf 76' lang='lat' dir='ltr'><strong>humanae,</strong></span> 
     </span>
    </p>
   </div>
   <div class='ocr_carea' id='block_1_10' title="bbox 547 1091 2132 1165">
    <p class='ocr_par' dir='ltr' id='par_1_10' title="bbox 547 1091 2132 1165">
     <span class='ocr_line' id='line_1_10' title="bbox 547 1091 2132 1165; baseline 0.003 -19"><span class='ocrx_word' id='word_1_70' title='bbox 547 1099 601 1146; x_wconf 90' lang='lat' dir='ltr'><strong>et</strong></span> <span class='ocrx_word' id='word_1_71' title='bbox 636 1091 720 1146; x_wconf 85' lang='lat' dir='ltr'><strong>illa</strong></span> <span class='ocrx_word' id='word_1_72' title='bbox 747 1091 833 1146; x_wconf 92' lang='lat' dir='ltr'><strong>cui</strong></span> <span class='ocrx_word' id='word_1_73' title='bbox 860 1091 1087 1148; x_wconf 89' lang='lat' dir='ltr'><strong>voluerit</strong></span> <span class='ocrx_word' id='word_1_74' title='bbox 1113 1092 1281 1159; x_wconf 88' lang='lat' dir='ltr'><strong>nubit,</strong></span> <span class='ocrx_word' id='word_1_75' title='bbox 1317 1101 1370 1150; x_wconf 88' lang='lat' dir='ltr'><strong>et</strong></span> <span class='ocrx_word' id='word_1_76' title='bbox 1397 1093 1486 1149; x_wconf 88' lang='lat' dir='ltr'><strong>ille</strong></span> <span class='ocrx_word' id='word_1_77' title='bbox 1512 1110 1670 1165; x_wconf 85' lang='lat' dir='ltr'><strong>quam</strong></span> <span class='ocrx_word' id='word_1_78' title='bbox 1699 1095 1926 1152; x_wconf 71' lang='lat' dir='ltr'><strong>voluerit</strong></span> <span class='ocrx_word' id='word_1_79' title='bbox 1947 1096 2132 1151; x_wconf 85' lang='lat' dir='ltr'><strong>ducit?</strong></span> 
     </span>
    </p>
   </div>
   <div class='ocr_carea' id='block_1_11' title="bbox 549 1182 2129 1266">
    <p class='ocr_par' dir='ltr' id='par_1_11' title="bbox 549 1182 2129 1266">
     <span class='ocr_line' id='line_1_11' title="bbox 549 1182 2129 1266; baseline 0.004 -27"><span class='ocrx_word' id='word_1_80' title='bbox 549 1182 647 1239; x_wconf 87' lang='lat' dir='ltr'><strong>Cui</strong></span> <span class='ocrx_word' id='word_1_81' title='bbox 671 1183 1038 1239; x_wconf 84' lang='lat' dir='ltr'><strong>consuetudini</strong></span> <span class='ocrx_word' id='word_1_82' title='bbox 1077 1185 1251 1240; x_wconf 86' lang='lat' dir='ltr'><strong>simile</strong></span> <span class='ocrx_word' id='word_1_83' title='bbox 1278 1186 1497 1256; x_wconf 87' lang='lat' dir='ltr'><strong>aliquid,</strong></span> <span class='ocrx_word' id='word_1_84' title='bbox 1525 1199 1742 1258; x_wconf 85' lang='lat' dir='ltr'><strong>propter</strong></span> <span class='ocrx_word' id='word_1_85' title='bbox 1770 1188 2129 1266; x_wconf 85' lang='lat' dir='ltr'><strong>Israelitarum</strong></span> 
     </span>
    </p>
   </div>
   <div class='ocr_carea' id='block_1_12' title="bbox 546 1276 2131 1353">
    <p class='ocr_par' dir='ltr' id='par_1_12' title="bbox 546 1276 2131 1353">
     <span class='ocr_line' id='line_1_12' title="bbox 546 1276 2131 1353; baseline 0.004 -21"><span class='ocrx_word' id='word_1_86' title='bbox 546 1276 817 1344; x_wconf 84' lang='lat' dir='ltr'><strong>duritiam,</strong></span> <span class='ocrx_word' id='word_1_87' title='bbox 843 1276 1052 1333; x_wconf 85' lang='lat' dir='ltr'><strong>videtur</strong></span> <span class='ocrx_word' id='word_1_88' title='bbox 1077 1279 1383 1348; x_wconf 78' lang='lat' dir='ltr'><strong>permisisse</strong></span> <span class='ocrx_word' id='word_1_89' title='bbox 1404 1280 1614 1353; x_wconf 82' lang='lat' dir='ltr'><strong>Moyses</strong></span> <span class='ocrx_word' id='word_1_90' title='bbox 1635 1280 1703 1336; x_wconf 91' lang='lat' dir='ltr'><strong>de</strong></span> <span class='ocrx_word' id='word_1_91' title='bbox 1725 1283 1901 1338; x_wconf 90' lang='lat' dir='ltr'><strong>libello</strong></span> <span class='ocrx_word' id='word_1_92' title='bbox 1923 1283 2131 1353; x_wconf 85' lang='lat' dir='ltr'><strong>repudii</strong></span> 
     </span>
    </p>
   </div>
   <div class='ocr_carea' id='block_1_13' title="bbox 549 1369 2132 1448">
    <p class='ocr_par' dir='ltr' id='par_1_13' title="bbox 549 1369 2132 1448">
     <span class='ocr_line' id='line_1_13' title="bbox 549 1369 2132 1448; baseline 0.007 -26"><span class='ocrx_word' id='word_1_93' title='bbox 549 1369 726 1440; x_wconf 82' lang='lat' dir='ltr'><strong>(Deut.</strong></span> <span class='ocrx_word' id='word_1_94' title='bbox 760 1386 907 1438; x_wconf 80' lang='lat' dir='ltr'><strong>xxw,</strong></span> <span class='ocrx_word' id='word_1_95' title='bbox 938 1371 999 1436; x_wconf 78' lang='lat' dir='ltr'><strong>l;</strong></span> <span class='ocrx_word' id='word_1_96' title='bbox 1035 1371 1223 1428; x_wconf 82' lang='lat' dir='ltr'><strong>Matth.</strong></span> <span class='ocrx_word' id='word_1_97' title='bbox 1249 1389 1356 1440; x_wconf 64' lang='grc' dir='ltr'>χιχ,</span> <span class='ocrx_word' id='word_1_98' title='bbox 1384 1373 1463 1444; x_wconf 87' lang='grc'><strong>8).</strong></span> <span class='ocrx_word' id='word_1_99' title='bbox 1487 1375 1599 1442; x_wconf 86' lang='lat' dir='ltr'><strong>Qua</strong></span> <span class='ocrx_word' id='word_1_100' title='bbox 1632 1375 1685 1430; x_wconf 85' lang='lat' dir='ltr'><strong>in</strong></span> <span class='ocrx_word' id='word_1_101' title='bbox 1714 1390 1773 1432; x_wconf 89' lang='lat' dir='ltr'><strong>re</strong></span> <span class='ocrx_word' id='word_1_102' title='bbox 1793 1376 2132 1448; x_wconf 79' lang='lat' dir='ltr'><strong>exprobratio</strong></span> 
     </span>
    </p>
   </div>
   <div class='ocr_carea' id='block_1_14' title="bbox 545 1464 1756 1543">
    <p class='ocr_par' dir='ltr' id='par_1_14' title="bbox 545 1464 1756 1543">
     <span class='ocr_line' id='line_1_14' title="bbox 545 1464 1756 1543; baseline 0.005 -27"><span class='ocrx_word' id='word_1_103' title='bbox 545 1477 706 1532; x_wconf 88' lang='lat' dir='ltr'><strong>quam</strong></span> <span class='ocrx_word' id='word_1_104' title='bbox 737 1464 1049 1534; x_wconf 88' lang='lat' dir='ltr'><strong>approbatio</strong></span> <span class='ocrx_word' id='word_1_105' title='bbox 1077 1465 1292 1520; x_wconf 79' lang='lat' dir='ltr'><strong>divortii</strong></span> <span class='ocrx_word' id='word_1_106' title='bbox 1319 1467 1488 1538; x_wconf 89' lang='lat' dir='ltr'><strong>magis</strong></span> <span class='ocrx_word' id='word_1_107' title='bbox 1517 1478 1756 1543; x_wconf 88' lang='lat' dir='ltr'><strong>apparet.</strong></span> 
     </span>
    </p>
   </div>
   <div class='ocr_carea' id='block_1_15' title="bbox 617 1554 2134 1635">
    <p class='ocr_par' dir='ltr' id='par_1_15' title="bbox 617 1554 2134 1635">
     <span class='ocr_line' id='line_1_15' title="bbox 617 1554 2134 1635; baseline 0.004 -25"><span class='ocrx_word' id='word_1_108' title='bbox 617 1555 672 1610; x_wconf 92' lang='lat'><strong>8.</strong></span> <span class='ocrx_word' id='word_1_109' title='bbox 715 1554 1052 1611; x_wconf 80' lang='lat' dir='ltr'><strong>llonorabiles</strong></span> <span class='ocrx_word' id='word_1_110' title='bbox 1068 1573 1195 1635; x_wconf 76' lang='lat' dir='ltr'><strong>ergo</strong></span> <span class='ocrx_word' id='word_1_111' title='bbox 1221 1559 1412 1630; x_wconf 66' lang='lat' dir='ltr'><strong>nuptis:</strong></span> <span class='ocrx_word' id='word_1_112' title='bbox 1430 1559 1482 1614; x_wconf 87' lang='lat' dir='ltr'><strong>in</strong></span> <span class='ocrx_word' id='word_1_113' title='bbox 1498 1561 1749 1630; x_wconf 81' lang='lat' dir='ltr'><strong>omnibus,</strong></span> <span class='ocrx_word' id='word_1_114' title='bbox 1777 1570 1822 1616; x_wconf 90' lang='lat' dir='ltr'><strong>et</strong></span> <span class='ocrx_word' id='word_1_115' title='bbox 1843 1563 2017 1618; x_wconf 78' lang='lat' dir='ltr'><strong>tltortts</strong></span> <span class='ocrx_word' id='word_1_116' title='bbox 2036 1563 2134 1617; x_wconf 84' lang='lat' dir='ltr'><strong>im-</strong></span> 
     </span>
    </p>
   </div>
   <div class='ocr_carea' id='block_1_16' title="bbox 546 1647 2132 1722">
    <p class='ocr_par' dir='ltr' id='par_1_16' title="bbox 546 1647 2132 1722">
     <span class='ocr_line' id='line_1_16' title="bbox 546 1647 2132 1722; baseline 0.008 -22"><span class='ocrx_word' id='word_1_117' title='bbox 546 1647 832 1703; x_wconf 81' lang='lat' dir='ltr'><strong>maculatus</strong></span> <span class='ocrx_word' id='word_1_118' title='bbox 867 1649 1051 1720; x_wconf 82' lang='lat' dir='ltr'><strong>(Hebr.</strong></span> <span class='ocrx_word' id='word_1_119' title='bbox 1081 1661 1198 1717; x_wconf 77' lang='lat' dir='ltr'><strong>xm,</strong></span> <span class='ocrx_word' id='word_1_120' title='bbox 1230 1650 1306 1722; x_wconf 78' lang='grc'><strong>4).</strong></span> <span class='ocrx_word' id='word_1_121' title='bbox 1337 1652 1490 1718; x_wconf 81' lang='lat' dir='ltr'><strong>Quod</strong></span> <span class='ocrx_word' id='word_1_122' title='bbox 1525 1669 1629 1709; x_wconf 91' lang='lat' dir='ltr'><strong>non</strong></span> <span class='ocrx_word' id='word_1_123' title='bbox 1657 1655 1736 1712; x_wconf 90' lang='lat' dir='ltr'><strong>sic</strong></span> <span class='ocrx_word' id='word_1_124' title='bbox 1765 1655 1993 1712; x_wconf 86' lang='lat' dir='ltr'><strong>dicimus</strong></span> <span class='ocrx_word' id='word_1_125' title='bbox 2033 1658 2132 1713; x_wconf 84' lang='lat' dir='ltr'><strong>bo-</strong></span> 
     </span>
    </p>
   </div>
   <div class='ocr_carea' id='block_1_17' title="bbox 547 1742 2135 1818">
    <p class='ocr_par' dir='ltr' id='par_1_17' title="bbox 547 1742 2135 1818">
     <span class='ocr_line' id='line_1_17' title="bbox 547 1742 2135 1818; baseline 0.007 -23"><span class='ocrx_word' id='word_1_126' title='bbox 547 1755 699 1808; x_wconf 90' lang='lat' dir='ltr'><strong>num,</strong></span> <span class='ocrx_word' id='word_1_127' title='bbox 722 1752 779 1798; x_wconf 93' lang='lat' dir='ltr'><strong>ut</strong></span> <span class='ocrx_word' id='word_1_128' title='bbox 800 1742 851 1796; x_wconf 89' lang='lat' dir='ltr'><strong>in</strong></span> <span class='ocrx_word' id='word_1_129' title='bbox 871 1742 1235 1800; x_wconf 84' lang='lat' dir='ltr'><strong>fornicationis</strong></span> <span class='ocrx_word' id='word_1_130' title='bbox 1251 1747 1648 1818; x_wconf 84' lang='lat' dir='ltr'><strong>comparatione</strong></span> <span class='ocrx_word' id='word_1_131' title='bbox 1669 1750 1739 1804; x_wconf 87' lang='lat' dir='ltr'><strong>sit</strong></span> <span class='ocrx_word' id='word_1_132' title='bbox 1753 1749 1952 1812; x_wconf 86' lang='lat' dir='ltr'><strong>bonum</strong></span> <span class='ocrx_word' id='word_1_133' title='bbox 1970 1767 1983 1814; x_wconf 91' lang='lat'><strong>;</strong></span> <span class='ocrx_word' id='word_1_134' title='bbox 2003 1750 2135 1806; x_wconf 91' lang='lat' dir='ltr'><strong>alio-</strong></span> 
     </span>
    </p>
   </div>
   <div class='ocr_carea' id='block_1_18' title="bbox 547 1832 2132 1912">
    <p class='ocr_par' dir='ltr' id='par_1_18' title="bbox 547 1832 2132 1912">
     <span class='ocr_line' id='line_1_18' title="bbox 547 1832 2132 1912; baseline 0.007 -25"><span class='ocrx_word' id='word_1_135' title='bbox 547 1834 676 1903; x_wconf 88' lang='lat' dir='ltr'><strong>quin</strong></span> <span class='ocrx_word' id='word_1_136' title='bbox 695 1832 802 1888; x_wconf 91' lang='lat' dir='ltr'><strong>duo</strong></span> <span class='ocrx_word' id='word_1_137' title='bbox 822 1834 960 1888; x_wconf 89' lang='lat' dir='ltr'><strong>mala</strong></span> <span class='ocrx_word' id='word_1_138' title='bbox 984 1844 1161 1902; x_wconf 83' lang='lat' dir='ltr'><strong>erunt,</strong></span> <span class='ocrx_word' id='word_1_139' title='bbox 1194 1851 1421 1906; x_wconf 79' lang='lat' dir='ltr'><strong>quarunt</strong></span> <span class='ocrx_word' id='word_1_140' title='bbox 1447 1838 1671 1894; x_wconf 89' lang='lat' dir='ltr'><strong>alterum</strong></span> <span class='ocrx_word' id='word_1_141' title='bbox 1693 1841 1842 1912; x_wconf 83' lang='lat' dir='ltr'><strong>pejus</strong></span> <span class='ocrx_word' id='word_1_142' title='bbox 1871 1859 1884 1895; x_wconf 87' lang='lat'><strong>:</strong></span> <span class='ocrx_word' id='word_1_143' title='bbox 1913 1852 2004 1909; x_wconf 82' lang='lat' dir='ltr'><strong>aut</strong></span> <span class='ocrx_word' id='word_1_144' title='bbox 2033 1842 2132 1898; x_wconf 87' lang='lat' dir='ltr'><strong>bo-</strong></span> 
     </span>
    </p>
   </div>
   <div class='ocr_carea' id='block_1_19' title="bbox 553 1924 2135 2003">
    <p class='ocr_par' dir='ltr' id='par_1_19' title="bbox 553 1924 2135 2003">
     <span class='ocr_line' id='line_1_19' title="bbox 553 1924 2135 2003; baseline 0.006 -25"><span class='ocrx_word' id='word_1_145' title='bbox 553 1938 680 1978; x_wconf 91' lang='lat' dir='ltr'><strong>num</strong></span> <span class='ocrx_word' id='word_1_146' title='bbox 707 1924 808 1978; x_wconf 89' lang='lat' dir='ltr'><strong>erit</strong></span> <span class='ocrx_word' id='word_1_147' title='bbox 829 1933 884 1978; x_wconf 92' lang='lat' dir='ltr'><strong>et</strong></span> <span class='ocrx_word' id='word_1_148' title='bbox 909 1924 1208 1992; x_wconf 87' lang='lat' dir='ltr'><strong>fornicatio,</strong></span> <span class='ocrx_word' id='word_1_149' title='bbox 1235 1928 1358 1997; x_wconf 86' lang='lat' dir='ltr'><strong>quia</strong></span> <span class='ocrx_word' id='word_1_150' title='bbox 1379 1936 1462 1983; x_wconf 90' lang='lat' dir='ltr'><strong>est</strong></span> <span class='ocrx_word' id='word_1_151' title='bbox 1484 1928 1635 2000; x_wconf 87' lang='lat' dir='ltr'><strong>pejus</strong></span> <span class='ocrx_word' id='word_1_152' title='bbox 1660 1930 2018 1998; x_wconf 83' lang='lat' dir='ltr'><strong>adulterium;</strong></span> <span class='ocrx_word' id='word_1_153' title='bbox 2046 1949 2135 2003; x_wconf 85' lang='lat' dir='ltr'><strong>pe-</strong></span> 
     </span>
    </p>
   </div>
   <div class='ocr_carea' id='block_1_20' title="bbox 548 2015 2134 2096">
    <p class='ocr_par' dir='ltr' id='par_1_20' title="bbox 548 2015 2134 2096">
     <span class='ocr_line' id='line_1_20' title="bbox 548 2015 2134 2096; baseline 0.008 -26"><span class='ocrx_word' id='word_1_154' title='bbox 548 2015 638 2085; x_wconf 88' lang='lat' dir='ltr'><strong>jus</strong></span> <span class='ocrx_word' id='word_1_155' title='bbox 676 2027 756 2071; x_wconf 89' lang='lat' dir='ltr'><strong>est</strong></span> <span class='ocrx_word' id='word_1_156' title='bbox 789 2017 931 2072; x_wconf 90' lang='lat' dir='ltr'><strong>enim</strong></span> <span class='ocrx_word' id='word_1_157' title='bbox 973 2018 1205 2074; x_wconf 86' lang='lat' dir='ltr'><strong>alienum</strong></span> <span class='ocrx_word' id='word_1_158' title='bbox 1256 2021 1654 2096; x_wconf 84' lang='lat' dir='ltr'><strong>matrimonium</strong></span> <span class='ocrx_word' id='word_1_159' title='bbox 1699 2024 1934 2092; x_wconf 88' lang='lat' dir='ltr'><strong>violare,</strong></span> <span class='ocrx_word' id='word_1_160' title='bbox 1975 2041 2134 2095; x_wconf 89' lang='lat' dir='ltr'><strong>quam</strong></span> 
     </span>
    </p>
   </div>
   <div class='ocr_carea' id='block_1_21' title="bbox 550 2110 2135 2188">
    <p class='ocr_par' dir='ltr' id='par_1_21' title="bbox 550 2110 2135 2188">
     <span class='ocr_line' id='line_1_21' title="bbox 550 2110 2135 2188; baseline 0.006 -24"><span class='ocrx_word' id='word_1_161' title='bbox 550 2110 822 2166; x_wconf 86' lang='lat' dir='ltr'><strong>meretrici</strong></span> <span class='ocrx_word' id='word_1_162' title='bbox 854 2110 1128 2168; x_wconf 65' lang='lat' dir='ltr'><strong>adhaerere</strong></span> <span class='ocrx_word' id='word_1_163' title='bbox 1163 2130 1175 2167; x_wconf 90' lang='lat'><strong>:</strong></span> <span class='ocrx_word' id='word_1_164' title='bbox 1207 2120 1262 2168; x_wconf 92' lang='lat' dir='ltr'><strong>et</strong></span> <span class='ocrx_word' id='word_1_165' title='bbox 1288 2112 1487 2169; x_wconf 91' lang='lat' dir='ltr'><strong>bonum</strong></span> <span class='ocrx_word' id='word_1_166' title='bbox 1529 2115 1868 2181; x_wconf 88' lang='lat' dir='ltr'><strong>adulterium,</strong></span> <span class='ocrx_word' id='word_1_167' title='bbox 1899 2116 2023 2188; x_wconf 88' lang='lat' dir='ltr'><strong>quia</strong></span> <span class='ocrx_word' id='word_1_168' title='bbox 2053 2127 2135 2175; x_wconf 89' lang='lat' dir='ltr'><strong>est</strong></span> 
     </span>
    </p>
   </div>
   <div class='ocr_carea' id='block_1_22' title="bbox 551 2201 2136 2281">
    <p class='ocr_par' dir='ltr' id='par_1_22' title="bbox 551 2201 2136 2281">
     <span class='ocr_line' id='line_1_22' title="bbox 551 2201 2136 2281; baseline 0.008 -25"><span class='ocrx_word' id='word_1_169' title='bbox 551 2201 702 2273; x_wconf 88' lang='lat' dir='ltr'><strong>pejor</strong></span> <span class='ocrx_word' id='word_1_170' title='bbox 729 2203 996 2272; x_wconf 89' lang='lat' dir='ltr'><strong>incestus;</strong></span> <span class='ocrx_word' id='word_1_171' title='bbox 1028 2203 1177 2276; x_wconf 82' lang='lat' dir='ltr'><strong>pejus</strong></span> <span class='ocrx_word' id='word_1_172' title='bbox 1201 2213 1279 2261; x_wconf 91' lang='lat' dir='ltr'><strong>est</strong></span> <span class='ocrx_word' id='word_1_173' title='bbox 1310 2206 1452 2262; x_wconf 89' lang='lat' dir='ltr'><strong>enim</strong></span> <span class='ocrx_word' id='word_1_174' title='bbox 1483 2222 1604 2262; x_wconf 89' lang='lat' dir='ltr'><strong>cum</strong></span> <span class='ocrx_word' id='word_1_175' title='bbox 1633 2217 1805 2265; x_wconf 86' lang='lat' dir='ltr'><strong>matre</strong></span> <span class='ocrx_word' id='word_1_176' title='bbox 1825 2225 1983 2281; x_wconf 88' lang='lat' dir='ltr'><strong>quam</strong></span> <span class='ocrx_word' id='word_1_177' title='bbox 2013 2226 2136 2268; x_wconf 92' lang='lat' dir='ltr'><strong>cum</strong></span> 
     </span>
    </p>
   </div>
   <div class='ocr_carea' id='block_1_23' title="bbox 551 2293 2134 2373">
    <p class='ocr_par' dir='ltr' id='par_1_23' title="bbox 551 2293 2134 2373">
     <span class='ocr_line' id='line_1_23' title="bbox 551 2293 2134 2373; baseline 0.007 -25"><span class='ocrx_word' id='word_1_178' title='bbox 551 2293 728 2349; x_wconf 88' lang='lat' dir='ltr'><strong>aliena</strong></span> <span class='ocrx_word' id='word_1_179' title='bbox 765 2310 929 2352; x_wconf 83' lang='lat' dir='ltr'><strong>uxore</strong></span> <span class='ocrx_word' id='word_1_180' title='bbox 957 2297 1315 2355; x_wconf 86' lang='lat' dir='ltr'><strong>concumbere</strong></span> <span class='ocrx_word' id='word_1_181' title='bbox 1346 2317 1359 2354; x_wconf 90' lang='lat'><strong>:</strong></span> <span class='ocrx_word' id='word_1_182' title='bbox 1391 2308 1444 2356; x_wconf 89' lang='lat' dir='ltr'><strong>et</strong></span> <span class='ocrx_word' id='word_1_183' title='bbox 1467 2299 1640 2358; x_wconf 90' lang='lat' dir='ltr'><strong>donec</strong></span> <span class='ocrx_word' id='word_1_184' title='bbox 1667 2302 1736 2357; x_wconf 90' lang='lat' dir='ltr'><strong>ad</strong></span> <span class='ocrx_word' id='word_1_185' title='bbox 1762 2317 1828 2359; x_wconf 86' lang='lat' dir='ltr'><strong>ea</strong></span> <span class='ocrx_word' id='word_1_186' title='bbox 1852 2305 2134 2373; x_wconf 86' lang='lat' dir='ltr'><strong>pervenia-</strong></span> 
     </span>
    </p>
   </div>
   <div class='ocr_carea' id='block_1_24' title="bbox 551 2387 2140 2464">
    <p class='ocr_par' dir='ltr' id='par_1_24' title="bbox 551 2387 2140 2464">
     <span class='ocr_line' id='line_1_24' title="bbox 551 2387 2140 2464; baseline 0.007 -23"><span class='ocrx_word' id='word_1_187' title='bbox 551 2394 660 2454; x_wconf 87' lang='lat' dir='ltr'><strong>tur,</strong></span> <span class='ocrx_word' id='word_1_188' title='bbox 691 2402 844 2458; x_wconf 86' lang='lat' dir='ltr'><strong>quae,</strong></span> <span class='ocrx_word' id='word_1_189' title='bbox 890 2387 1027 2444; x_wconf 91' lang='lat' dir='ltr'><strong>sicut</strong></span> <span class='ocrx_word' id='word_1_190' title='bbox 1053 2389 1344 2460; x_wconf 80' lang='lat' dir='ltr'><strong>Apostolus</strong></span> <span class='ocrx_word' id='word_1_191' title='bbox 1367 2391 1461 2458; x_wconf 86' lang='lat' dir='ltr'><strong>ait,</strong></span> <span class='ocrx_word' id='word_1_192' title='bbox 1494 2401 1642 2464; x_wconf 81' lang='lat' dir='ltr'><strong>turpe</strong></span> <span class='ocrx_word' id='word_1_193' title='bbox 1678 2403 1750 2448; x_wconf 76' lang='lat' dir='ltr'><strong>est</strong></span> <span class='ocrx_word' id='word_1_194' title='bbox 1786 2395 1938 2449; x_wconf 88' lang='lat' dir='ltr'><strong>etiam</strong></span> <span class='ocrx_word' id='word_1_195' title='bbox 1973 2395 2140 2452; x_wconf 84' lang='lat' dir='ltr'><strong>dicere</strong></span> 
     </span>
    </p>
   </div>
   <div class='ocr_carea' id='block_1_25' title="bbox 553 2478 2140 2556">
    <p class='ocr_par' dir='ltr' id='par_1_25' title="bbox 553 2478 2140 2556">
     <span class='ocr_line' id='line_1_25' title="bbox 553 2478 2140 2556; baseline 0.008 -24"><span class='ocrx_word' id='word_1_196' title='bbox 553 2478 790 2550; x_wconf 77' lang='lat' dir='ltr'><strong>(Ephes.</strong></span> <span class='ocrx_word' id='word_1_197' title='bbox 822 2495 874 2545; x_wconf 93' lang='lat' dir='ltr'><strong>v,</strong></span> <span class='ocrx_word' id='word_1_198' title='bbox 906 2480 1029 2551; x_wconf 76' lang='lat'><strong>12),</strong></span> <span class='ocrx_word' id='word_1_199' title='bbox 1073 2483 1251 2537; x_wconf 86' lang='lat' dir='ltr'><strong>omnia</strong></span> <span class='ocrx_word' id='word_1_200' title='bbox 1279 2483 1417 2538; x_wconf 90' lang='lat' dir='ltr'><strong>bona</strong></span> <span class='ocrx_word' id='word_1_201' title='bbox 1446 2496 1603 2540; x_wconf 88' lang='lat' dir='ltr'><strong>erunt</strong></span> <span class='ocrx_word' id='word_1_202' title='bbox 1644 2484 1695 2540; x_wconf 93' lang='lat' dir='ltr'><strong>in</strong></span> <span class='ocrx_word' id='word_1_203' title='bbox 1737 2486 2140 2556; x_wconf 87' lang='lat' dir='ltr'><strong>comparatione</strong></span> 
     </span>
    </p>
   </div>
   <div class='ocr_carea' id='block_1_26' title="bbox 552 2571 2137 2649">
    <p class='ocr_par' dir='ltr' id='par_1_26' title="bbox 552 2571 2137 2649">
     <span class='ocr_line' id='line_1_26' title="bbox 552 2571 2137 2649; baseline 0.007 -24"><span class='ocrx_word' id='word_1_204' title='bbox 552 2571 814 2643; x_wconf 85' lang='lat' dir='ltr'><strong>pejorum.</strong></span> <span class='ocrx_word' id='word_1_205' title='bbox 861 2573 974 2629; x_wconf 84' lang='lat' dir='ltr'><strong>Hoc</strong></span> <span class='ocrx_word' id='word_1_206' title='bbox 1001 2585 1182 2644; x_wconf 90' lang='lat' dir='ltr'><strong>autem</strong></span> <span class='ocrx_word' id='word_1_207' title='bbox 1212 2575 1403 2633; x_wconf 86' lang='lat' dir='ltr'><strong>falsum</strong></span> <span class='ocrx_word' id='word_1_208' title='bbox 1440 2592 1563 2636; x_wconf 85' lang='lat' dir='ltr'><strong>esse</strong></span> <span class='ocrx_word' id='word_1_209' title='bbox 1600 2579 1717 2649; x_wconf 89' lang='lat' dir='ltr'><strong>quis</strong></span> <span class='ocrx_word' id='word_1_210' title='bbox 1748 2579 1994 2636; x_wconf 87' lang='lat' dir='ltr'><strong>dubitet?</strong></span> <span class='ocrx_word' id='word_1_211' title='bbox 2018 2580 2137 2636; x_wconf 87' lang='lat' dir='ltr'><strong>Non</strong></span> 
     </span>
    </p>
   </div>
   <div class='ocr_carea' id='block_1_27' title="bbox 551 2665 2136 2745">
    <p class='ocr_par' dir='ltr' id='par_1_27' title="bbox 551 2665 2136 2745">
     <span class='ocr_line' id='line_1_27' title="bbox 551 2665 2136 2745; baseline 0.009 -24"><span class='ocrx_word' id='word_1_212' title='bbox 551 2680 680 2739; x_wconf 85' lang='lat' dir='ltr'><strong>ergo</strong></span> <span class='ocrx_word' id='word_1_213' title='bbox 709 2665 816 2721; x_wconf 89' lang='lat' dir='ltr'><strong>duo</strong></span> <span class='ocrx_word' id='word_1_214' title='bbox 841 2667 979 2722; x_wconf 86' lang='lat' dir='ltr'><strong>mala</strong></span> <span class='ocrx_word' id='word_1_215' title='bbox 1006 2677 1133 2732; x_wconf 89' lang='lat' dir='ltr'><strong>sunt</strong></span> <span class='ocrx_word' id='word_1_216' title='bbox 1161 2671 1486 2738; x_wconf 82' lang='lat' dir='ltr'><strong>connubium</strong></span> <span class='ocrx_word' id='word_1_217' title='bbox 1509 2680 1562 2728; x_wconf 90' lang='lat' dir='ltr'><strong>et</strong></span> <span class='ocrx_word' id='word_1_218' title='bbox 1582 2671 1882 2741; x_wconf 85' lang='lat' dir='ltr'><strong>fornicatio,</strong></span> <span class='ocrx_word' id='word_1_219' title='bbox 1910 2690 2136 2745; x_wconf 84' lang='lat' dir='ltr'><strong>quorum</strong></span> 
     </span>
    </p>
   </div>
   <div class='ocr_carea' id='block_1_28' title="bbox 551 2757 2136 2830">
    <p class='ocr_par' dir='ltr' id='par_1_28' title="bbox 551 2757 2136 2830">
     <span class='ocr_line' id='line_1_28' title="bbox 551 2757 2136 2830; baseline 0.009 -18"><span class='ocrx_word' id='word_1_220' title='bbox 551 2757 777 2814; x_wconf 86' lang='lat' dir='ltr'><strong>alterum</strong></span> <span class='ocrx_word' id='word_1_221' title='bbox 806 2759 991 2830; x_wconf 86' lang='lat' dir='ltr'><strong>pejus;</strong></span> <span class='ocrx_word' id='word_1_222' title='bbox 1020 2762 1116 2820; x_wconf 90' lang='lat' dir='ltr'><strong>sed</strong></span> <span class='ocrx_word' id='word_1_223' title='bbox 1135 2761 1243 2818; x_wconf 92' lang='lat' dir='ltr'><strong>duo</strong></span> <span class='ocrx_word' id='word_1_224' title='bbox 1270 2764 1407 2821; x_wconf 91' lang='lat' dir='ltr'><strong>bona</strong></span> <span class='ocrx_word' id='word_1_225' title='bbox 1427 2774 1554 2824; x_wconf 83' lang='lat' dir='ltr'><strong>sunt</strong></span> <span class='ocrx_word' id='word_1_226' title='bbox 1579 2768 1903 2828; x_wconf 87' lang='lat' dir='ltr'><strong>connubium</strong></span> <span class='ocrx_word' id='word_1_227' title='bbox 1930 2777 1986 2824; x_wconf 84' lang='lat' dir='ltr'><strong>et</strong></span> <span class='ocrx_word' id='word_1_228' title='bbox 2004 2784 2136 2826; x_wconf 87' lang='lat' dir='ltr'><strong>con-</strong></span> 
     </span>
    </p>
   </div>
   <div class='ocr_carea' id='block_1_29' title="bbox 551 2847 2135 2926">
    <p class='ocr_par' dir='ltr' id='par_1_29' title="bbox 551 2847 2135 2926">
     <span class='ocr_line' id='line_1_29' title="bbox 551 2847 2135 2926; baseline 0.009 -23"><span class='ocrx_word' id='word_1_229' title='bbox 551 2847 795 2918; x_wconf 90' lang='lat' dir='ltr'><strong>tincntia,</strong></span> <span class='ocrx_word' id='word_1_230' title='bbox 827 2866 1052 2922; x_wconf 85' lang='lat' dir='ltr'><strong>quorum</strong></span> <span class='ocrx_word' id='word_1_231' title='bbox 1082 2853 1308 2910; x_wconf 87' lang='lat' dir='ltr'><strong>alterum</strong></span> <span class='ocrx_word' id='word_1_232' title='bbox 1335 2864 1420 2926; x_wconf 80' lang='lat' dir='ltr'><strong>est</strong></span> <span class='ocrx_word' id='word_1_233' title='bbox 1444 2856 1655 2914; x_wconf 82' lang='lat' dir='ltr'><strong>melius.</strong></span> <span class='ocrx_word' id='word_1_234' title='bbox 1687 2858 1837 2918; x_wconf 87' lang='lat' dir='ltr'><strong>Sicut</strong></span> <span class='ocrx_word' id='word_1_235' title='bbox 1867 2859 1967 2922; x_wconf 83' lang='lat' dir='ltr'><strong>ista</strong></span> <span class='ocrx_word' id='word_1_236' title='bbox 1998 2870 2135 2918; x_wconf 87' lang='lat' dir='ltr'><strong>tem-</strong></span> 
     </span>
    </p>
   </div>
   <div class='ocr_carea' id='block_1_30' title="bbox 551 2942 2133 3020">
    <p class='ocr_par' dir='ltr' id='par_1_30' title="bbox 551 2942 2133 3020">
     <span class='ocr_line' id='line_1_30' title="bbox 551 2942 2133 3020; baseline 0.006 -22"><span class='ocrx_word' id='word_1_237' title='bbox 551 2942 752 3012; x_wconf 87' lang='lat' dir='ltr'><strong>poralis</strong></span> <span class='ocrx_word' id='word_1_238' title='bbox 793 2943 993 3001; x_wconf 84' lang='lat' dir='ltr'><strong>sanitas</strong></span> <span class='ocrx_word' id='word_1_239' title='bbox 1035 2954 1090 3000; x_wconf 92' lang='lat' dir='ltr'><strong>et</strong></span> <span class='ocrx_word' id='word_1_240' title='bbox 1129 2945 1466 3009; x_wconf 80' lang='lat' dir='ltr'><strong>imbecillitas</strong></span> <span class='ocrx_word' id='word_1_241' title='bbox 1509 2963 1616 3010; x_wconf 86' lang='lat' dir='ltr'><strong>non</strong></span> <span class='ocrx_word' id='word_1_242' title='bbox 1655 2960 1782 3006; x_wconf 89' lang='lat' dir='ltr'><strong>sunt</strong></span> <span class='ocrx_word' id='word_1_243' title='bbox 1816 2951 1924 3008; x_wconf 89' lang='lat' dir='ltr'><strong>duo</strong></span> <span class='ocrx_word' id='word_1_244' title='bbox 1975 2954 2133 3020; x_wconf 87' lang='lat' dir='ltr'><strong>mala,</strong></span> 
     </span>
    </p>
   </div>
   <div class='ocr_carea' id='block_1_31' title="bbox 553 3033 2138 3107">
    <p class='ocr_par' dir='ltr' id='par_1_31' title="bbox 553 3033 2138 3107">
     <span class='ocr_line' id='line_1_31' title="bbox 553 3033 2138 3107; baseline 0.008 -20"><span class='ocrx_word' id='word_1_245' title='bbox 553 3046 779 3105; x_wconf 86' lang='lat' dir='ltr'><strong>quorum</strong></span> <span class='ocrx_word' id='word_1_246' title='bbox 807 3033 1034 3090; x_wconf 89' lang='lat' dir='ltr'><strong>alterum</strong></span> <span class='ocrx_word' id='word_1_247' title='bbox 1062 3036 1247 3107; x_wconf 82' lang='lat' dir='ltr'><strong>pejus;</strong></span> <span class='ocrx_word' id='word_1_248' title='bbox 1275 3037 1371 3094; x_wconf 88' lang='lat' dir='ltr'><strong>sed</strong></span> <span class='ocrx_word' id='word_1_249' title='bbox 1401 3039 1501 3094; x_wconf 90' lang='lat' dir='ltr'><strong>ista</strong></span> <span class='ocrx_word' id='word_1_250' title='bbox 1540 3041 1744 3096; x_wconf 89' lang='lat' dir='ltr'><strong>sanitas</strong></span> <span class='ocrx_word' id='word_1_251' title='bbox 1769 3050 1828 3098; x_wconf 88' lang='lat' dir='ltr'><strong>et</strong></span> <span class='ocrx_word' id='word_1_252' title='bbox 1863 3043 2138 3102; x_wconf 75' lang='lat' dir='ltr'><strong>immorta-</strong></span> 
     </span>
    </p>
   </div>
   <div class='ocr_carea' id='block_1_32' title="bbox 551 3123 2134 3196">
    <p class='ocr_par' dir='ltr' id='par_1_32' title="bbox 551 3123 2134 3196">
     <span class='ocr_line' id='line_1_32' title="bbox 551 3123 2134 3196; baseline 0.009 -17"><span class='ocrx_word' id='word_1_253' title='bbox 551 3123 673 3180; x_wconf 89' lang='lat' dir='ltr'><strong>litas</strong></span> <span class='ocrx_word' id='word_1_254' title='bbox 717 3123 824 3180; x_wconf 91' lang='lat' dir='ltr'><strong>duo</strong></span> <span class='ocrx_word' id='word_1_255' title='bbox 862 3124 1000 3180; x_wconf 90' lang='lat' dir='ltr'><strong>bona</strong></span> <span class='ocrx_word' id='word_1_256' title='bbox 1030 3136 1174 3196; x_wconf 85' lang='lat' dir='ltr'><strong>sunt,</strong></span> <span class='ocrx_word' id='word_1_257' title='bbox 1207 3143 1430 3196; x_wconf 83' lang='lat' dir='ltr'><strong>quorum</strong></span> <span class='ocrx_word' id='word_1_258' title='bbox 1472 3131 1698 3186; x_wconf 87' lang='lat' dir='ltr'><strong>alterum</strong></span> <span class='ocrx_word' id='word_1_259' title='bbox 1745 3134 1955 3190; x_wconf 86' lang='lat' dir='ltr'><strong>melius.</strong></span> <span class='ocrx_word' id='word_1_260' title='bbox 2006 3135 2134 3193; x_wconf 83' lang='lat' dir='ltr'><strong>item</strong></span> 
     </span>
    </p>
   </div>
   <div class='ocr_carea' id='block_1_33' title="bbox 549 3214 2136 3294">
    <p class='ocr_par' dir='ltr' id='par_1_33' title="bbox 549 3214 2136 3294">
     <span class='ocr_line' id='line_1_33' title="bbox 549 3214 2136 3294; baseline 0.009 -23"><span class='ocrx_word' id='word_1_261' title='bbox 549 3214 771 3271; x_wconf 81' lang='lat' dir='ltr'><strong>scientia</strong></span> <span class='ocrx_word' id='word_1_262' title='bbox 792 3223 847 3271; x_wconf 90' lang='lat' dir='ltr'><strong>et</strong></span> <span class='ocrx_word' id='word_1_263' title='bbox 881 3216 1088 3274; x_wconf 88' lang='lat' dir='ltr'><strong>vanitas</strong></span> <span class='ocrx_word' id='word_1_264' title='bbox 1121 3233 1226 3278; x_wconf 82' lang='lat' dir='ltr'><strong>non</strong></span> <span class='ocrx_word' id='word_1_265' title='bbox 1243 3219 1350 3276; x_wconf 91' lang='lat' dir='ltr'><strong>duo</strong></span> <span class='ocrx_word' id='word_1_266' title='bbox 1365 3220 1504 3276; x_wconf 89' lang='lat' dir='ltr'><strong>mala</strong></span> <span class='ocrx_word' id='word_1_267' title='bbox 1525 3231 1668 3290; x_wconf 89' lang='lat' dir='ltr'><strong>sunt,</strong></span> <span class='ocrx_word' id='word_1_268' title='bbox 1689 3239 1912 3294; x_wconf 89' lang='lat' dir='ltr'><strong>quorum</strong></span> <span class='ocrx_word' id='word_1_269' title='bbox 1932 3228 2136 3286; x_wconf 86' lang='lat' dir='ltr'><strong>vanitas</strong></span> 
     </span>
    </p>
   </div>
   <div class='ocr_carea' id='block_1_34' title="bbox 550 3309 2134 3392">
    <p class='ocr_par' dir='ltr' id='par_1_34' title="bbox 550 3309 2134 3392">
     <span class='ocr_line' id='line_1_34' title="bbox 550 3309 2134 3392; baseline 0.009 -27"><span class='ocrx_word' id='word_1_270' title='bbox 550 3309 705 3382; x_wconf 87' lang='lat' dir='ltr'><strong>pejus</strong></span> <span class='ocrx_word' id='word_1_271' title='bbox 727 3328 742 3376; x_wconf 92' lang='lat'><strong>;</strong></span> <span class='ocrx_word' id='word_1_272' title='bbox 771 3311 864 3368; x_wconf 87' lang='lat' dir='ltr'><strong>sed</strong></span> <span class='ocrx_word' id='word_1_273' title='bbox 884 3313 1102 3380; x_wconf 81' lang='lat' dir='ltr'><strong>scientia</strong></span> <span class='ocrx_word' id='word_1_274' title='bbox 1137 3323 1191 3371; x_wconf 91' lang='lat' dir='ltr'><strong>et</strong></span> <span class='ocrx_word' id='word_1_275' title='bbox 1228 3314 1458 3372; x_wconf 88' lang='lat' dir='ltr'><strong>eharitas</strong></span> <span class='ocrx_word' id='word_1_276' title='bbox 1471 3315 1578 3372; x_wconf 82' lang='lat' dir='ltr'><strong>duo</strong></span> <span class='ocrx_word' id='word_1_277' title='bbox 1592 3317 1728 3381; x_wconf 80' lang='lat' dir='ltr'><strong>bona</strong></span> <span class='ocrx_word' id='word_1_278' title='bbox 1745 3328 1889 3387; x_wconf 90' lang='lat' dir='ltr'><strong>sunt,</strong></span> <span class='ocrx_word' id='word_1_279' title='bbox 1907 3333 2134 3392; x_wconf 88' lang='lat' dir='ltr'><strong>quorum</strong></span> 
     </span>
    </p>
   </div>
   <div class='ocr_carea' id='block_1_35' title="bbox 547 3403 2137 3484">
    <p class='ocr_par' dir='ltr' id='par_1_35' title="bbox 547 3403 2137 3484">
     <span class='ocr_line' id='line_1_35' title="bbox 547 3403 2137 3484; baseline 0.008 -26"><span class='ocrx_word' id='word_1_280' title='bbox 547 3403 784 3461; x_wconf 86' lang='lat' dir='ltr'><strong>charitas</strong></span> <span class='ocrx_word' id='word_1_281' title='bbox 806 3405 1013 3462; x_wconf 89' lang='lat' dir='ltr'><strong>melius.</strong></span> <span class='ocrx_word' id='word_1_282' title='bbox 1029 3405 1269 3478; x_wconf 86' lang='lat' dir='ltr'><strong>Namque</strong></span> <span class='ocrx_word' id='word_1_283' title='bbox 1285 3408 1490 3464; x_wconf 85' lang='lat' dir='ltr'><strong>scientia</strong></span> <span class='ocrx_word' id='word_1_284' title='bbox 1501 3409 1801 3477; x_wconf 75' lang='lat' dir='ltr'><strong>destruetur,</strong></span> <span class='ocrx_word' id='word_1_285' title='bbox 1816 3413 1890 3467; x_wconf 87' lang='lat' dir='ltr'><strong>ait</strong></span> <span class='ocrx_word' id='word_1_286' title='bbox 1911 3416 2137 3484; x_wconf 85' lang='lat' dir='ltr'><strong>Aposto-</strong></span> 
     </span>
    </p>
   </div>
   <div class='ocr_carea' id='block_1_36' title="bbox 548 3494 2135 3569">
    <p class='ocr_par' dir='ltr' id='par_1_36' title="bbox 548 3494 2135 3569">
     <span class='ocr_line' id='line_1_36' title="bbox 548 3494 2135 3569; baseline 0.007 -17"><span class='ocrx_word' id='word_1_287' title='bbox 548 3494 656 3564; x_wconf 85' lang='lat' dir='ltr'><strong>lus;</strong></span> <span class='ocrx_word' id='word_1_288' title='bbox 674 3505 727 3552; x_wconf 90' lang='lat' dir='ltr'><strong>et</strong></span> <span class='ocrx_word' id='word_1_289' title='bbox 740 3504 914 3553; x_wconf 90' lang='lat' dir='ltr'><strong>tamen</strong></span> <span class='ocrx_word' id='word_1_290' title='bbox 934 3496 1057 3554; x_wconf 90' lang='lat' dir='ltr'><strong>huic</strong></span> <span class='ocrx_word' id='word_1_291' title='bbox 1076 3500 1301 3569; x_wconf 90' lang='lat' dir='ltr'><strong>tempori</strong></span> <span class='ocrx_word' id='word_1_292' title='bbox 1327 3501 1624 3558; x_wconf 88' lang='lat' dir='ltr'><strong>necessaria</strong></span> <span class='ocrx_word' id='word_1_293' title='bbox 1638 3511 1724 3558; x_wconf 88' lang='lat' dir='ltr'><strong>est</strong></span> <span class='ocrx_word' id='word_1_294' title='bbox 1753 3520 1766 3556; x_wconf 93' lang='lat'>:</span> <span class='ocrx_word' id='word_1_295' title='bbox 1796 3505 2016 3562; x_wconf 71' lang='lat' dir='ltr'><strong>cliaritas</strong></span> <span class='ocrx_word' id='word_1_296' title='bbox 2039 3522 2135 3563; x_wconf 90' lang='lat' dir='ltr'><strong>au-</strong></span> 
     </span>
    </p>
   </div>
   <div class='ocr_carea' id='block_1_37' title="bbox 551 3588 2135 3661">
    <p class='ocr_par' dir='ltr' id='par_1_37' title="bbox 551 3588 2135 3661">
     <span class='ocr_line' id='line_1_37' title="bbox 551 3588 2135 3661; baseline 0.008 -18"><span class='ocrx_word' id='word_1_297' title='bbox 551 3595 661 3643; x_wconf 87' lang='lat' dir='ltr'><strong>tem</strong></span> <span class='ocrx_word' id='word_1_298' title='bbox 678 3603 932 3658; x_wconf 83' lang='lat' dir='ltr'><strong>nunquam</strong></span> <span class='ocrx_word' id='word_1_299' title='bbox 954 3589 1098 3644; x_wconf 83' lang='lat' dir='ltr'><strong>cadet</strong></span> <span class='ocrx_word' id='word_1_300' title='bbox 1122 3588 1164 3661; x_wconf 84' lang='grc' dir='ltr'><strong>(Ι</strong></span> <span class='ocrx_word' id='word_1_301' title='bbox 1185 3590 1300 3645; x_wconf 85' lang='lat' dir='ltr'><strong>Cor.</strong></span> <span class='ocrx_word' id='word_1_302' title='bbox 1331 3606 1452 3658; x_wconf 81' lang='lat' dir='ltr'><strong>xm,</strong></span> <span class='ocrx_word' id='word_1_303' title='bbox 1480 3591 1559 3661; x_wconf 90' lang='lat'><strong>8).</strong></span> <span class='ocrx_word' id='word_1_304' title='bbox 1586 3591 1674 3648; x_wconf 88' lang='lat' dir='ltr'><strong>Sic</strong></span> <span class='ocrx_word' id='word_1_305' title='bbox 1693 3602 1746 3648; x_wconf 91' lang='lat' dir='ltr'><strong>et</strong></span> <span class='ocrx_word' id='word_1_306' title='bbox 1771 3595 2012 3652; x_wconf 87' lang='lat' dir='ltr'><strong>mortalis</strong></span> <span class='ocrx_word' id='word_1_307' title='bbox 2035 3598 2135 3655; x_wconf 86' lang='lat' dir='ltr'><strong>ista</strong></span> 
     </span>
    </p>
   </div>
   <div class='ocr_carea' id='block_1_38' title="bbox 550 3680 2136 3754">
    <p class='ocr_par' dir='ltr' id='par_1_38' title="bbox 550 3680 2136 3754">
     <span class='ocr_line' id='line_1_38' title="bbox 550 3680 2136 3754; baseline 0.008 -21"><span class='ocrx_word' id='word_1_308' title='bbox 550 3680 844 3750; x_wconf 78' lang='lat' dir='ltr'><strong>generatio,</strong></span> <span class='ocrx_word' id='word_1_309' title='bbox 886 3689 1104 3752; x_wconf 88' lang='lat' dir='ltr'><strong>propter</strong></span> <span class='ocrx_word' id='word_1_310' title='bbox 1129 3695 1288 3752; x_wconf 88' lang='lat' dir='ltr'><strong>quam</strong></span> <span class='ocrx_word' id='word_1_311' title='bbox 1319 3682 2035 3754; x_wconf 70' lang='lat' dir='ltr'><strong>ﬁuntuuptite,destruetur;</strong></span> <span class='ocrx_word' id='word_1_312' title='bbox 2068 3691 2136 3746; x_wconf 90' lang='lat' dir='ltr'><strong>ab</strong></span> 
     </span>
    </p>
   </div>
   <div class='ocr_carea' id='block_1_39' title="bbox 550 3771 2137 3853">
    <p class='ocr_par' dir='ltr' id='par_1_39' title="bbox 550 3771 2137 3853">
     <span class='ocr_line' id='line_1_39' title="bbox 550 3771 2137 3853; baseline 0.009 -27"><span class='ocrx_word' id='word_1_313' title='bbox 550 3771 698 3826; x_wconf 88' lang='lat' dir='ltr'><strong>omni</strong></span> <span class='ocrx_word' id='word_1_314' title='bbox 746 3779 922 3827; x_wconf 88' lang='lat' dir='ltr'><strong>autem</strong></span> <span class='ocrx_word' id='word_1_315' title='bbox 975 3772 1262 3830; x_wconf 86' lang='lat' dir='ltr'><strong>concubitu</strong></span> <span class='ocrx_word' id='word_1_316' title='bbox 1308 3774 1644 3844; x_wconf 85' lang='lat' dir='ltr'><strong>immunitas,</strong></span> <span class='ocrx_word' id='word_1_317' title='bbox 1683 3786 1736 3834; x_wconf 91' lang='lat' dir='ltr'><strong>et</strong></span> <span class='ocrx_word' id='word_1_318' title='bbox 1776 3779 1862 3838; x_wconf 91' lang='lat' dir='ltr'><strong>hic</strong></span> <span class='ocrx_word' id='word_1_319' title='bbox 1899 3783 2137 3853; x_wconf 86' lang='lat' dir='ltr'><strong>angelica</strong></span> 
     </span>
    </p>
   </div>
   <div class='ocr_carea' id='block_1_40' title="bbox 551 3861 2135 3936">
    <p class='ocr_par' dir='ltr' id='par_1_40' title="bbox 551 3861 2135 3936">
     <span class='ocr_line' id='line_1_40' title="bbox 551 3861 2135 3936; baseline 0.009 -17"><span class='ocrx_word' id='word_1_320' title='bbox 551 3861 827 3920; x_wconf 87' lang='lat' dir='ltr'><strong>meditatio</strong></span> <span class='ocrx_word' id='word_1_321' title='bbox 855 3872 956 3932; x_wconf 89' lang='lat' dir='ltr'><strong>est,</strong></span> <span class='ocrx_word' id='word_1_322' title='bbox 993 3873 1050 3921; x_wconf 89' lang='lat' dir='ltr'><strong>et</strong></span> <span class='ocrx_word' id='word_1_323' title='bbox 1070 3875 1352 3936; x_wconf 89' lang='lat' dir='ltr'><strong>permanet</strong></span> <span class='ocrx_word' id='word_1_324' title='bbox 1390 3868 1444 3924; x_wconf 88' lang='lat' dir='ltr'><strong>in</strong></span> <span class='ocrx_word' id='word_1_325' title='bbox 1475 3876 1754 3928; x_wconf 86' lang='lat' dir='ltr'><strong>aeternum.</strong></span> <span class='ocrx_word' id='word_1_326' title='bbox 1785 3873 1935 3930; x_wconf 89' lang='lat' dir='ltr'><strong>Sicut</strong></span> <span class='ocrx_word' id='word_1_327' title='bbox 1958 3883 2135 3933; x_wconf 89' lang='lat' dir='ltr'><strong>autem</strong></span> 
     </span>
    </p>
   </div>
   <div class='ocr_carea' id='block_1_41' title="bbox 547 3952 2133 4036">
    <p class='ocr_par' dir='ltr' id='par_1_41' title="bbox 547 3952 2133 4036">
     <span class='ocr_line' id='line_1_41' title="bbox 547 3952 2133 4036; baseline 0.012 -29"><span class='ocrx_word' id='word_1_328' title='bbox 547 3952 764 4024; x_wconf 84' lang='lat' dir='ltr'><strong>jejuniis</strong></span> <span class='ocrx_word' id='word_1_329' title='bbox 792 3955 1174 4026; x_wconf 81' lang='lat' dir='ltr'><strong>sacrilegorum</strong></span> <span class='ocrx_word' id='word_1_330' title='bbox 1197 3958 1417 4015; x_wconf 90' lang='lat' dir='ltr'><strong>meliora</strong></span> <span class='ocrx_word' id='word_1_331' title='bbox 1448 3971 1574 4024; x_wconf 87' lang='lat' dir='ltr'><strong>sunt</strong></span> <span class='ocrx_word' id='word_1_332' title='bbox 1600 3964 1819 4034; x_wconf 86' lang='lat' dir='ltr'><strong>prandia</strong></span> <span class='ocrx_word' id='word_1_333' title='bbox 1844 3966 2133 4036; x_wconf 83' lang='lat' dir='ltr'><strong>justorum;</strong></span> 
     </span>
    </p>
   </div>
   <div class='ocr_carea' id='block_1_42' title="bbox 552 4044 2135 4128">
    <p class='ocr_par' dir='ltr' id='par_1_42' title="bbox 552 4044 2135 4128">
     <span class='ocr_line' id='line_1_42' title="bbox 552 4044 2135 4128; baseline 0.01 -27"><span class='ocrx_word' id='word_1_334' title='bbox 552 4044 626 4102; x_wconf 89' lang='lat' dir='ltr'><strong>ita</strong></span> <span class='ocrx_word' id='word_1_335' title='bbox 667 4047 864 4117; x_wconf 75' lang='lat' dir='ltr'><strong>nuptize</strong></span> <span class='ocrx_word' id='word_1_336' title='bbox 913 4047 1148 4106; x_wconf 87' lang='lat' dir='ltr'><strong>fidelium</strong></span> <span class='ocrx_word' id='word_1_337' title='bbox 1192 4050 1480 4122; x_wconf 77' lang='lat' dir='ltr'><strong>virginitati</strong></span> <span class='ocrx_word' id='word_1_338' title='bbox 1520 4063 1917 4125; x_wconf 89' lang='lat' dir='ltr'><strong>anteponuntur</strong></span> <span class='ocrx_word' id='word_1_339' title='bbox 1944 4060 2135 4128; x_wconf 86' lang='lat' dir='ltr'><strong>impia-</strong></span> 
     </span>
    </p>
   </div>
   <div class='ocr_carea' id='block_1_43' title="bbox 553 4140 2142 4222">
    <p class='ocr_par' dir='ltr' id='par_1_43' title="bbox 553 4140 2142 4222">
     <span class='ocr_line' id='line_1_43' title="bbox 553 4140 2142 4222; baseline 0.009 -27"><span class='ocrx_word' id='word_1_340' title='bbox 553 4155 670 4196; x_wconf 92' lang='lat' dir='ltr'><strong>rum</strong></span> <span class='ocrx_word' id='word_1_341' title='bbox 694 4140 733 4196; x_wconf 75' lang='grc' dir='ltr'><strong>ί.</strong></span> <span class='ocrx_word' id='word_1_342' title='bbox 763 4140 1149 4200; x_wconf 77' lang='lat' dir='ltr'><strong>Verumtamen</strong></span> <span class='ocrx_word' id='word_1_343' title='bbox 1171 4159 1346 4216; x_wconf 88' lang='lat' dir='ltr'><strong>neque</strong></span> <span class='ocrx_word' id='word_1_344' title='bbox 1379 4145 1451 4212; x_wconf 90' lang='lat' dir='ltr'><strong>ibi</strong></span> <span class='ocrx_word' id='word_1_345' title='bbox 1488 4149 1766 4217; x_wconf 84' lang='lat' dir='ltr'><strong>prandium</strong></span> <span class='ocrx_word' id='word_1_346' title='bbox 1787 4151 2014 4222; x_wconf 84' lang='lat' dir='ltr'><strong>jejunio,</strong></span> <span class='ocrx_word' id='word_1_347' title='bbox 2041 4154 2142 4210; x_wconf 84' lang='lat' dir='ltr'><strong>sed</strong></span> 
     </span>
    </p>
   </div>
   <div class='ocr_carea' id='block_1_44' title="bbox 548 4231 2138 4312">
    <p class='ocr_par' dir='ltr' id='par_1_44' title="bbox 548 4231 2138 4312">
     <span class='ocr_line' id='line_1_44' title="bbox 548 4231 2138 4312; baseline 0.009 -25"><span class='ocrx_word' id='word_1_348' title='bbox 548 4231 754 4302; x_wconf 89' lang='lat' dir='ltr'><strong>justitia</strong></span> <span class='ocrx_word' id='word_1_349' title='bbox 793 4235 1108 4305; x_wconf 85' lang='lat' dir='ltr'><strong>sacrilegio;</strong></span> <span class='ocrx_word' id='word_1_350' title='bbox 1146 4251 1320 4306; x_wconf 83' lang='lat' dir='ltr'><strong>neque</strong></span> <span class='ocrx_word' id='word_1_351' title='bbox 1349 4236 1438 4293; x_wconf 88' lang='lat' dir='ltr'><strong>hic</strong></span> <span class='ocrx_word' id='word_1_352' title='bbox 1466 4241 1663 4309; x_wconf 67' lang='lat' dir='ltr'><strong>nuptiae</strong></span> <span class='ocrx_word' id='word_1_353' title='bbox 1701 4240 2010 4312; x_wconf 85' lang='lat' dir='ltr'><strong>virginitati,</strong></span> <span class='ocrx_word' id='word_1_354' title='bbox 2041 4245 2138 4301; x_wconf 88' lang='lat' dir='ltr'><strong>sed</strong></span> 
     </span>
    </p>
   </div>
   <div class='ocr_carea' id='block_1_45' title="bbox 554 4323 2136 4404">
    <p class='ocr_par' dir='ltr' id='par_1_45' title="bbox 554 4323 2136 4404">
     <span class='ocr_line' id='line_1_45' title="bbox 554 4323 2136 4404; baseline 0.009 -25"><span class='ocrx_word' id='word_1_355' title='bbox 554 4323 688 4380; x_wconf 86' lang='lat' dir='ltr'><strong>fides</strong></span> <span class='ocrx_word' id='word_1_356' title='bbox 731 4325 988 4394; x_wconf 87' lang='lat' dir='ltr'><strong>impietati</strong></span> <span class='ocrx_word' id='word_1_357' title='bbox 1037 4324 1345 4395; x_wconf 84' lang='lat' dir='ltr'><strong>praefertur.</strong></span> <span class='ocrx_word' id='word_1_358' title='bbox 1390 4328 1473 4384; x_wconf 88' lang='lat' dir='ltr'><strong>Ad</strong></span> <span class='ocrx_word' id='word_1_359' title='bbox 1514 4331 1616 4386; x_wconf 88' lang='lat' dir='ltr'><strong>hoc</strong></span> <span class='ocrx_word' id='word_1_360' title='bbox 1661 4333 1802 4388; x_wconf 91' lang='lat' dir='ltr'><strong>enim</strong></span> <span class='ocrx_word' id='word_1_361' title='bbox 1840 4334 1972 4404; x_wconf 90' lang='lat' dir='ltr'><strong>justi</strong></span> <span class='ocrx_word' id='word_1_362' title='bbox 2014 4351 2136 4394; x_wconf 92' lang='lat' dir='ltr'><strong>cum</strong></span> 
     </span>
    </p>
   </div>
   <div class='ocr_carea' id='block_1_46' title="bbox 553 4415 2137 4498">
    <p class='ocr_par' dir='ltr' id='par_1_46' title="bbox 553 4415 2137 4498">
     <span class='ocr_line' id='line_1_46' title="bbox 553 4415 2137 4498; baseline 0.007 -26"><span class='ocrx_word' id='word_1_363' title='bbox 553 4431 688 4488; x_wconf 88' lang='lat' dir='ltr'><strong>opus</strong></span> <span class='ocrx_word' id='word_1_364' title='bbox 715 4424 800 4473; x_wconf 86' lang='lat' dir='ltr'><strong>est</strong></span> <span class='ocrx_word' id='word_1_365' title='bbox 825 4416 1106 4486; x_wconf 89' lang='lat' dir='ltr'><strong>prandent,</strong></span> <span class='ocrx_word' id='word_1_366' title='bbox 1137 4427 1194 4472; x_wconf 92' lang='lat' dir='ltr'><strong>ut</strong></span> <span class='ocrx_word' id='word_1_367' title='bbox 1225 4426 1474 4489; x_wconf 88' lang='lat' dir='ltr'><strong>tanquam</strong></span> <span class='ocrx_word' id='word_1_368' title='bbox 1497 4415 1624 4478; x_wconf 78' lang='lat' dir='ltr'><strong>boni</strong></span> <span class='ocrx_word' id='word_1_369' title='bbox 1655 4422 1854 4480; x_wconf 91' lang='lat' dir='ltr'><strong>domini</strong></span> <span class='ocrx_word' id='word_1_370' title='bbox 1883 4427 2028 4497; x_wconf 90' lang='lat' dir='ltr'><strong>quod</strong></span> <span class='ocrx_word' id='word_1_371' title='bbox 2047 4428 2137 4498; x_wconf 81' lang='lat' dir='ltr'><strong>ju-</strong></span> 
     </span>
    </p>
   </div>
   <div class='ocr_carea' id='block_1_47' title="bbox 555 4511 2138 4586">
    <p class='ocr_par' dir='ltr' id='par_1_47' title="bbox 555 4511 2138 4586">
     <span class='ocr_line' id='line_1_47' title="bbox 555 4511 2138 4586; baseline 0.008 -21"><span class='ocrx_word' id='word_1_372' title='bbox 555 4518 695 4565; x_wconf 91' lang='lat' dir='ltr'><strong>stum</strong></span> <span class='ocrx_word' id='word_1_373' title='bbox 735 4519 789 4564; x_wconf 91' lang='lat' dir='ltr'><strong>et</strong></span> <span class='ocrx_word' id='word_1_374' title='bbox 816 4524 1027 4580; x_wconf 76' lang='lat' dir='ltr'><strong>:equum</strong></span> <span class='ocrx_word' id='word_1_375' title='bbox 1069 4519 1154 4566; x_wconf 90' lang='lat' dir='ltr'><strong>est</strong></span> <span class='ocrx_word' id='word_1_376' title='bbox 1185 4511 1356 4567; x_wconf 89' lang='lat' dir='ltr'><strong>servis</strong></span> <span class='ocrx_word' id='word_1_377' title='bbox 1383 4515 1696 4584; x_wconf 72' lang='lat' dir='ltr'><strong>corporibus</strong></span> <span class='ocrx_word' id='word_1_378' title='bbox 1725 4519 1996 4586; x_wconf 84' lang='lat' dir='ltr'><strong>praebeant</strong></span> <span class='ocrx_word' id='word_1_379' title='bbox 2025 4538 2037 4575; x_wconf 92' lang='lat'><strong>:</strong></span> <span class='ocrx_word' id='word_1_380' title='bbox 2069 4522 2138 4578; x_wconf 91' lang='lat' dir='ltr'><strong>ad</strong></span> 
     </span>
    </p>
   </div>
   <div class='ocr_carea' id='block_1_48' title="bbox 554 4599 2134 4676">
    <p class='ocr_par' dir='ltr' id='par_1_48' title="bbox 554 4599 2134 4676">
     <span class='ocr_line' id='line_1_48' title="bbox 554 4599 2134 4676; baseline 0.009 -21"><span class='ocrx_word' id='word_1_381' title='bbox 554 4599 660 4656; x_wconf 86' lang='lat' dir='ltr'><strong>hoc</strong></span> <span class='ocrx_word' id='word_1_382' title='bbox 683 4607 859 4655; x_wconf 89' lang='lat' dir='ltr'><strong>autem</strong></span> <span class='ocrx_word' id='word_1_383' title='bbox 887 4600 1129 4674; x_wconf 81' lang='lat' dir='ltr'><strong>sacrilegi</strong></span> <span class='ocrx_word' id='word_1_384' title='bbox 1145 4601 1407 4673; x_wconf 86' lang='lat' dir='ltr'><strong>jejunant,</strong></span> <span class='ocrx_word' id='word_1_385' title='bbox 1442 4613 1500 4662; x_wconf 90' lang='lat' dir='ltr'><strong>ut</strong></span> <span class='ocrx_word' id='word_1_386' title='bbox 1517 4605 1855 4668; x_wconf 85' lang='lat' dir='ltr'><strong>daemonibus</strong></span> <span class='ocrx_word' id='word_1_387' title='bbox 1879 4613 2134 4676; x_wconf 83' lang='lat' dir='ltr'><strong>serviant.</strong></span> 
     </span>
    </p>
   </div>
   <div class='ocr_carea' id='block_1_49' title="bbox 554 4689 2135 4775">
    <p class='ocr_par' dir='ltr' id='par_1_49' title="bbox 554 4689 2135 4775">
     <span class='ocr_line' id='line_1_49' title="bbox 554 4689 2135 4775; baseline 0.01 -28"><span class='ocrx_word' id='word_1_388' title='bbox 554 4689 647 4747; x_wconf 90' lang='lat' dir='ltr'><strong>Sic</strong></span> <span class='ocrx_word' id='word_1_389' title='bbox 675 4691 741 4746; x_wconf 89' lang='lat' dir='ltr'><strong>ad</strong></span> <span class='ocrx_word' id='word_1_390' title='bbox 765 4691 867 4748; x_wconf 92' lang='lat' dir='ltr'><strong>hoc</strong></span> <span class='ocrx_word' id='word_1_391' title='bbox 890 4693 1096 4750; x_wconf 90' lang='lat' dir='ltr'><strong>nubunt</strong></span> <span class='ocrx_word' id='word_1_392' title='bbox 1115 4693 1323 4764; x_wconf 83' lang='lat' dir='ltr'><strong>fideles,</strong></span> <span class='ocrx_word' id='word_1_393' title='bbox 1348 4703 1404 4752; x_wconf 93' lang='lat' dir='ltr'><strong>ut</strong></span> <span class='ocrx_word' id='word_1_394' title='bbox 1433 4697 1638 4756; x_wconf 87' lang='lat' dir='ltr'><strong>maritis</strong></span> <span class='ocrx_word' id='word_1_395' title='bbox 1659 4699 1850 4770; x_wconf 88' lang='lat' dir='ltr'><strong>pudice</strong></span> <span class='ocrx_word' id='word_1_396' title='bbox 1878 4706 2135 4775; x_wconf 89' lang='lat' dir='ltr'><strong>copulen-</strong></span> 
     </span>
    </p>
   </div>
   <div class='ocr_carea' id='block_1_50' title="bbox 555 4782 2135 4862">
    <p class='ocr_par' dir='ltr' id='par_1_50' title="bbox 555 4782 2135 4862">
     <span class='ocr_line' id='line_1_50' title="bbox 555 4782 2135 4862; baseline 0.012 -26"><span class='ocrx_word' id='word_1_397' title='bbox 555 4789 644 4837; x_wconf 92' lang='lat' dir='ltr'><strong>tur</strong></span> <span class='ocrx_word' id='word_1_398' title='bbox 675 4801 688 4837; x_wconf 90' lang='lat'><strong>:</strong></span> <span class='ocrx_word' id='word_1_399' title='bbox 721 4782 787 4838; x_wconf 90' lang='lat' dir='ltr'><strong>ad</strong></span> <span class='ocrx_word' id='word_1_400' title='bbox 822 4783 924 4840; x_wconf 90' lang='lat' dir='ltr'><strong>hoc</strong></span> <span class='ocrx_word' id='word_1_401' title='bbox 960 4794 1138 4842; x_wconf 90' lang='lat' dir='ltr'><strong>autem</strong></span> <span class='ocrx_word' id='word_1_402' title='bbox 1184 4795 1311 4844; x_wconf 90' lang='lat' dir='ltr'><strong>sunt</strong></span> <span class='ocrx_word' id='word_1_403' title='bbox 1345 4788 1578 4862; x_wconf 87' lang='lat' dir='ltr'><strong>virgines</strong></span> <span class='ocrx_word' id='word_1_404' title='bbox 1618 4791 1820 4862; x_wconf 66' lang='lat' dir='ltr'><strong>impias,</strong></span> <span class='ocrx_word' id='word_1_405' title='bbox 1854 4802 1914 4850; x_wconf 89' lang='lat' dir='ltr'><strong>ut</strong></span> <span class='ocrx_word' id='word_1_406' title='bbox 1949 4811 1978 4850; x_wconf 90' lang='lat' dir='ltr'><strong>a</strong></span> <span class='ocrx_word' id='word_1_407' title='bbox 2010 4813 2135 4856; x_wconf 89' lang='lat' dir='ltr'><strong>vero</strong></span> 
     </span>
    </p>
   </div>
   <div class='ocr_carea' id='block_1_51' title="bbox 555 4873 2134 4958">
    <p class='ocr_par' dir='ltr' id='par_1_51' title="bbox 555 4873 2134 4958">
     <span class='ocr_line' id='line_1_51' title="bbox 555 4873 2134 4958; baseline 0.013 -30"><span class='ocrx_word' id='word_1_408' title='bbox 555 4873 667 4928; x_wconf 89' lang='lat' dir='ltr'><strong>Deo</strong></span> <span class='ocrx_word' id='word_1_409' title='bbox 693 4874 1037 4932; x_wconf 89' lang='lat' dir='ltr'><strong>fornicentur.</strong></span> <span class='ocrx_word' id='word_1_410' title='bbox 1070 4877 1220 4936; x_wconf 90' lang='lat' dir='ltr'><strong>Sicut</strong></span> <span class='ocrx_word' id='word_1_411' title='bbox 1252 4895 1380 4953; x_wconf 88' lang='lat' dir='ltr'><strong>ergo</strong></span> <span class='ocrx_word' id='word_1_412' title='bbox 1405 4881 1602 4940; x_wconf 88' lang='lat' dir='ltr'><strong>bonum</strong></span> <span class='ocrx_word' id='word_1_413' title='bbox 1624 4893 1740 4942; x_wconf 90' lang='lat' dir='ltr'><strong>erat</strong></span> <span class='ocrx_word' id='word_1_414' title='bbox 1765 4888 1902 4958; x_wconf 90' lang='lat' dir='ltr'><strong>quod</strong></span> <span class='ocrx_word' id='word_1_415' title='bbox 1931 4889 2134 4948; x_wconf 79' lang='lat' dir='ltr'><strong>Martha</strong></span> 
     </span>
    </p>
   </div>
   <div class='ocr_carea' id='block_1_52' title="bbox 557 4964 2133 5047">
    <p class='ocr_par' dir='ltr' id='par_1_52' title="bbox 557 4964 2133 5047">
     <span class='ocr_line' id='line_1_52' title="bbox 557 4964 2133 5047; baseline 0.013 -28"><span class='ocrx_word' id='word_1_416' title='bbox 557 4964 804 5032; x_wconf 88' lang='lat' dir='ltr'><strong>faciebat,</strong></span> <span class='ocrx_word' id='word_1_417' title='bbox 829 4978 1084 5039; x_wconf 87' lang='lat' dir='ltr'><strong>occupata</strong></span> <span class='ocrx_word' id='word_1_418' title='bbox 1116 4971 1258 5027; x_wconf 88' lang='lat' dir='ltr'><strong>circa</strong></span> <span class='ocrx_word' id='word_1_419' title='bbox 1292 4973 1647 5032; x_wconf 88' lang='lat' dir='ltr'><strong>ministerium</strong></span> <span class='ocrx_word' id='word_1_420' title='bbox 1683 4989 2010 5047; x_wconf 88' lang='lat' dir='ltr'><strong>sanctorum,</strong></span> <span class='ocrx_word' id='word_1_421' title='bbox 2042 4985 2133 5040; x_wconf 85' lang='lat' dir='ltr'><strong>sed</strong></span> 
     </span>
    </p>
   </div>
   <div class='ocr_carea' id='block_1_53' title="bbox 553 5058 2134 5143">
    <p class='ocr_par' dir='ltr' id='par_1_53' title="bbox 553 5058 2134 5143">
     <span class='ocr_line' id='line_1_53' title="bbox 553 5058 2134 5143; baseline 0.013 -32"><span class='ocrx_word' id='word_1_422' title='bbox 553 5058 745 5114; x_wconf 90' lang='lat' dir='ltr'><strong>melius</strong></span> <span class='ocrx_word' id='word_1_423' title='bbox 773 5060 916 5131; x_wconf 91' lang='lat' dir='ltr'><strong>quod</strong></span> <span class='ocrx_word' id='word_1_424' title='bbox 945 5061 1104 5116; x_wconf 85' lang='lat' dir='ltr'><strong>Maria</strong></span> <span class='ocrx_word' id='word_1_425' title='bbox 1130 5078 1283 5120; x_wconf 87' lang='lat' dir='ltr'><strong>soror</strong></span> <span class='ocrx_word' id='word_1_426' title='bbox 1311 5066 1427 5137; x_wconf 91' lang='lat' dir='ltr'><strong>ejus</strong></span> <span class='ocrx_word' id='word_1_427' title='bbox 1455 5068 1650 5125; x_wconf 90' lang='lat' dir='ltr'><strong>sedens</strong></span> <span class='ocrx_word' id='word_1_428' title='bbox 1675 5071 1741 5127; x_wconf 90' lang='lat' dir='ltr'><strong>ad</strong></span> <span class='ocrx_word' id='word_1_429' title='bbox 1766 5074 1926 5143; x_wconf 90' lang='lat' dir='ltr'><strong>pedes</strong></span> <span class='ocrx_word' id='word_1_430' title='bbox 1958 5076 2134 5131; x_wconf 85' lang='lat' dir='ltr'><strong>Domi-</strong></span> 
     </span>
    </p>
   </div>
   <div class='ocr_carea' id='block_1_54' title="bbox 554 5151 2153 5246">
    <p class='ocr_par' dir='ltr' id='par_1_54' title="bbox 554 5151 2153 5246">
     <span class='ocr_line' id='line_1_54' title="bbox 554 5151 2153 5246; baseline 0.012 -40"><span class='ocrx_word' id='word_1_431' title='bbox 554 5151 631 5219; x_wconf 90' lang='lat' dir='ltr'><strong>ni,</strong></span> <span class='ocrx_word' id='word_1_432' title='bbox 663 5160 713 5206; x_wconf 91' lang='lat' dir='ltr'><strong>et</strong></span> <span class='ocrx_word' id='word_1_433' title='bbox 743 5152 965 5210; x_wconf 91' lang='lat' dir='ltr'><strong>audiens</strong></span> <span class='ocrx_word' id='word_1_434' title='bbox 989 5154 1211 5211; x_wconf 89' lang='lat' dir='ltr'><strong>verbum</strong></span> <span class='ocrx_word' id='word_1_435' title='bbox 1233 5157 1350 5228; x_wconf 89' lang='lat' dir='ltr'><strong>ejus</strong></span> <span class='ocrx_word' id='word_1_436' title='bbox 1366 5161 1398 5227; x_wconf 54' lang='grc' dir='ltr'>ἱ</span> <span class='ocrx_word' id='word_1_437' title='bbox 1417 5160 1562 5231; x_wconf 86' lang='lat' dir='ltr'><strong>(Luc.</strong></span> <span class='ocrx_word' id='word_1_438' title='bbox 1593 5179 1650 5231; x_wconf 71' lang='grc' dir='ltr'><strong>κ,</strong></span> <span class='ocrx_word' id='word_1_439' title='bbox 1680 5165 1866 5239; x_wconf 69' lang='lat'><strong>59-42)</strong></span> <span class='ocrx_word' id='word_1_440' title='bbox 1897 5187 1908 5222; x_wconf 91' lang='lat'><strong>:</strong></span> <span class='ocrx_word' id='word_1_441' title='bbox 1945 5169 2010 5222; x_wconf 81' lang='lat' dir='ltr'><strong>ita</strong></span> <span class='ocrx_word' id='word_1_442' title='bbox 2037 5170 2153 5246; x_wconf 34' lang='lat' dir='ltr'><strong>bo?</strong></span> 
     </span>
    </p>
   </div>
   <div class='ocr_carea' id='block_1_55' title="bbox 553 5240 2144 5331">
    <p class='ocr_par' dir='ltr' id='par_1_55' title="bbox 553 5240 2144 5331">
     <span class='ocr_line' id='line_1_55' title="bbox 553 5240 2144 5331; baseline 0.011 -32"><span class='ocrx_word' id='word_1_443' title='bbox 553 5257 680 5299; x_wconf 89' lang='lat' dir='ltr'><strong>num</strong></span> <span class='ocrx_word' id='word_1_444' title='bbox 705 5240 964 5300; x_wconf 77' lang='lat' dir='ltr'><strong>Susanna:</strong></span> <span class='ocrx_word' id='word_1_445' title='bbox 987 5245 1040 5301; x_wconf 90' lang='lat' dir='ltr'><strong>in</strong></span> <span class='ocrx_word' id='word_1_446' title='bbox 1072 5246 1338 5330; x_wconf 77' lang='lat' dir='ltr'><strong>conjugali</strong></span> <span class='ocrx_word' id='word_1_447' title='bbox 1371 5252 1614 5309; x_wconf 87' lang='lat' dir='ltr'><strong>castitate</strong></span> <span class='ocrx_word' id='word_1_448' title='bbox 1645 5254 1922 5314; x_wconf 89' lang='lat' dir='ltr'><strong>laudamus</strong></span> <span class='ocrx_word' id='word_1_449' title='bbox 1951 5261 1967 5331; x_wconf 94' lang='lat'>(</span> <span class='ocrx_word' id='word_1_450' title='bbox 1996 5260 2108 5316; x_wconf 83' lang='lat' dir='ltr'><strong>Dan</strong></span> <span class='ocrx_word' id='word_1_451' title='bbox 2120 5240 2144 5315; x_wconf 40' lang='grc' dir='ltr'><strong>,ἱ</strong></span> 
     </span>
    </p>
   </div>
   <div class='ocr_carea' id='block_1_56' title="bbox 553 5327 2130 5421">
    <p class='ocr_par' dir='ltr' id='par_1_56' title="bbox 553 5327 2130 5421">
     <span class='ocr_line' id='line_1_56' title="bbox 553 5327 2130 5421; baseline 0.013 -31"><span class='ocrx_word' id='word_1_452' title='bbox 553 5333 707 5408; x_wconf 75' lang='lat' dir='ltr'><strong>nn);</strong></span> <span class='ocrx_word' id='word_1_453' title='bbox 735 5334 829 5392; x_wconf 89' lang='lat' dir='ltr'><strong>sed</strong></span> <span class='ocrx_word' id='word_1_454' title='bbox 858 5344 1036 5394; x_wconf 89' lang='lat' dir='ltr'><strong>tamen</strong></span> <span class='ocrx_word' id='word_1_455' title='bbox 1063 5338 1112 5395; x_wconf 92' lang='lat' dir='ltr'><strong>ei</strong></span> <span class='ocrx_word' id='word_1_456' title='bbox 1137 5327 1336 5396; x_wconf 73' lang='lat' dir='ltr'><strong>bunum</strong></span> <span class='ocrx_word' id='word_1_457' title='bbox 1363 5342 1533 5400; x_wconf 72' lang='lat' dir='ltr'><strong>viduae</strong></span> <span class='ocrx_word' id='word_1_458' title='bbox 1562 5347 1730 5402; x_wconf 63' lang='lat' dir='ltr'><strong>Annae</strong></span> <span class='ocrx_word' id='word_1_459' title='bbox 1761 5348 1910 5419; x_wconf 88' lang='lat' dir='ltr'><strong>(Luc.</strong></span> <span class='ocrx_word' id='word_1_460' title='bbox 1955 5327 2011 5420; x_wconf 76' lang='lat' dir='ltr'><strong>it,</strong></span> <span class='ocrx_word' id='word_1_461' title='bbox 2044 5355 2130 5421; x_wconf 76' lang='grc'><strong>56,</strong></span> 
     </span>
    </p>
   </div>
   <div class='ocr_carea' id='block_1_57' title="bbox 551 5427 2131 5513">
    <p class='ocr_par' dir='ltr' id='par_1_57' title="bbox 551 5427 2131 5513">
     <span class='ocr_line' id='line_1_57' title="bbox 551 5427 2131 5513; baseline 0.008 -25"><span class='ocrx_word' id='word_1_462' title='bbox 551 5427 620 5488; x_wconf 75' lang='lat'><strong>57</strong></span> <span class='ocrx_word' id='word_1_463' title='bbox 650 5427 670 5502; x_wconf 87' lang='lat'><strong>)</strong></span> <span class='ocrx_word' id='word_1_464' title='bbox 701 5470 719 5499; x_wconf 93' lang='lat'><strong>,</strong></span> <span class='ocrx_word' id='word_1_465' title='bbox 769 5443 834 5486; x_wconf 85' lang='lat' dir='ltr'><strong>ac</strong></span> <span class='ocrx_word' id='word_1_466' title='bbox 888 5429 1058 5488; x_wconf 86' lang='lat' dir='ltr'><strong>multo</strong></span> <span class='ocrx_word' id='word_1_467' title='bbox 1121 5432 1289 5505; x_wconf 87' lang='lat' dir='ltr'><strong>magis</strong></span> <span class='ocrx_word' id='word_1_468' title='bbox 1340 5433 1520 5492; x_wconf 82' lang='lat' dir='ltr'><strong>Mariae</strong></span> <span class='ocrx_word' id='word_1_469' title='bbox 1573 5438 1792 5510; x_wconf 88' lang='lat' dir='ltr'><strong>virginis</strong></span> <span class='ocrx_word' id='word_1_470' title='bbox 1851 5447 2131 5513; x_wconf 83' lang='lat' dir='ltr'><strong>anteponi-</strong></span> 
     </span>
    </p>
   </div>
   <div class='ocr_carea' id='block_1_58' title="bbox 617 5636 2034 5714">
    <p class='ocr_par' dir='ltr' id='par_1_58' title="bbox 617 5636 2034 5714">
     <span class='ocr_line' id='line_1_58' title="bbox 617 5636 2034 5714; baseline 0.012 -27"><span class='ocrx_word' id='word_1_471' title='bbox 617 5637 794 5714; x_wconf 44' lang='grc' dir='ltr'><strong>μεμε</strong></span> <span class='ocrx_word' id='word_1_472' title='bbox 1133 5640 1534 5714; x_wconf 79' lang='lat' dir='ltr'><strong>dissentientibus</strong></span> <span class='ocrx_word' id='word_1_473' title='bbox 1567 5648 1711 5700; x_wconf 84' lang='lat' dir='ltr'><strong>editis</strong></span> <span class='ocrx_word' id='word_1_474' title='bbox 1732 5649 1838 5700; x_wconf 90' lang='lat' dir='ltr'><strong>aliis</strong></span> <span class='ocrx_word' id='word_1_475' title='bbox 1855 5661 1907 5704; x_wconf 89' lang='lat' dir='ltr'><strong>et</strong></span> <span class='ocrx_word' id='word_1_476' title='bbox 1931 5661 2034 5704; x_wconf 86' lang='lat' dir='ltr'><strong>Mss.</strong></span> 
     </span>
    </p>
   </div>
   <div class='ocr_carea' id='block_1_59' title="bbox 551 5697 2132 5820">
    <p class='ocr_par' dir='ltr' id='par_1_59' title="bbox 551 5697 2132 5820">
     <span class='ocr_line' id='line_1_59' title="bbox 551 5697 2132 5820; baseline 0.018 -76"><span class='ocrx_word' id='word_1_477' title='bbox 551 5697 893 5820; x_wconf 42' lang='grc' dir='ltr'><strong>ἑεέεῐέξδὲἓξξ</strong></span> <span class='ocrx_word' id='word_1_478' title='bbox 908 5703 1055 5756; x_wconf 87' lang='lat' dir='ltr'><strong>editio</strong></span> <span class='ocrx_word' id='word_1_479' title='bbox 1086 5712 1194 5758; x_wconf 74' lang='grc' dir='ltr'><strong>ιον.</strong></span> <span class='ocrx_word' id='word_1_480' title='bbox 1231 5707 1389 5773; x_wconf 88' lang='lat' dir='ltr'><strong>addit,</strong></span> <span class='ocrx_word' id='word_1_481' title='bbox 1441 5725 1550 5765; x_wconf 85' lang='lat' dir='ltr'><strong>cum</strong></span> <span class='ocrx_word' id='word_1_482' title='bbox 1578 5697 1707 5766; x_wconf 6' lang='lat' dir='ltr'><strong>deum</strong></span> <span class='ocrx_word' id='word_1_483' title='bbox 1736 5697 1906 5769; x_wconf 50' lang='lat'><strong>6505</strong></span> <span class='ocrx_word' id='word_1_484' title='bbox 1928 5697 2132 5784; x_wconf 57' lang='lat' dir='ltr'><strong>hospitio</strong></span> 
     </span>
    </p>
   </div>
   <div class='ocr_carea' id='block_1_60' title="bbox 1579 239 3758 329">
    <p class='ocr_par' dir='ltr' id='par_1_60' title="bbox 1579 239 3758 329">
     <span class='ocr_line' id='line_1_60' title="bbox 1579 239 3758 329; baseline 0.006 -33"><span class='ocrx_word' id='word_1_485' title='bbox 1579 241 1668 297; x_wconf 85' lang='lat' dir='ltr'><strong>DE</strong></span> <span class='ocrx_word' id='word_1_486' title='bbox 1709 241 1889 300; x_wconf 89' lang='grc' dir='ltr'><strong>ΒΟΝο</strong></span> <span class='ocrx_word' id='word_1_487' title='bbox 1925 239 2319 305; x_wconf 81' lang='lat' dir='ltr'><strong>CONJUGALI,</strong></span> <span class='ocrx_word' id='word_1_488' title='bbox 2359 243 2418 299; x_wconf 93' lang='lat' dir='ltr'><strong>S.</strong></span> <span class='ocrx_word' id='word_1_489' title='bbox 2457 244 2825 304; x_wconf 74' lang='lat' dir='ltr'><strong>AUGUSTINI</strong></span> <span class='ocrx_word' id='word_1_490' title='bbox 3685 268 3758 329; x_wconf 66' lang='lat'><strong>330</strong></span> 
     </span>
    </p>
   </div>
   <div class='ocr_carea' id='block_1_61' title="bbox 2241 355 3841 447">
    <p class='ocr_par' dir='ltr' id='par_1_61' title="bbox 2241 355 3841 447">
     <span class='ocr_line' id='line_1_61' title="bbox 2241 355 3841 447; baseline 0.014 -39"><span class='ocrx_word' id='word_1_491' title='bbox 2241 369 2362 410; x_wconf 88' lang='lat' dir='ltr'><strong>mus</strong></span> <span class='ocrx_word' id='word_1_492' title='bbox 2387 355 2539 414; x_wconf 86' lang='lat' dir='ltr'><strong>(Luc.</strong></span> <span class='ocrx_word' id='word_1_493' title='bbox 2568 374 2608 425; x_wconf 87' lang='grc' dir='ltr'><strong>ι,</strong></span> <span class='ocrx_word' id='word_1_494' title='bbox 2635 359 2752 430; x_wconf 75' lang='lat'><strong>27).</strong></span> <span class='ocrx_word' id='word_1_495' title='bbox 2782 361 2990 418; x_wconf 88' lang='lat' dir='ltr'><strong>Bonum</strong></span> <span class='ocrx_word' id='word_1_496' title='bbox 3013 370 3128 419; x_wconf 88' lang='lat' dir='ltr'><strong>erat</strong></span> <span class='ocrx_word' id='word_1_497' title='bbox 3155 365 3306 437; x_wconf 87' lang='lat' dir='ltr'><strong>quod</strong></span> <span class='ocrx_word' id='word_1_498' title='bbox 3325 366 3592 441; x_wconf 86' lang='lat' dir='ltr'><strong>faciebant,</strong></span> <span class='ocrx_word' id='word_1_499' title='bbox 3606 391 3700 447; x_wconf 70' lang='lat' dir='ltr'><strong>qua:</strong></span> <span class='ocrx_word' id='word_1_500' title='bbox 3718 384 3763 440; x_wconf 72' lang='grc' dir='ltr'><strong>(ιε</strong></span> <span class='ocrx_word' id='word_1_501' title='bbox 3840 407 3841 420; x_wconf 45' lang='lat' dir='ltr'><strong>t</strong></span> 
     </span>
    </p>
   </div>
   <div class='ocr_carea' id='block_1_62' title="bbox 2239 449 3841 533">
    <p class='ocr_par' dir='ltr' id='par_1_62' title="bbox 2239 449 3841 533">
     <span class='ocr_line' id='line_1_62' title="bbox 2239 449 3841 533; baseline 0.009 -29"><span class='ocrx_word' id='word_1_502' title='bbox 2239 449 2536 507; x_wconf 87' lang='lat' dir='ltr'><strong>substantia</strong></span> <span class='ocrx_word' id='word_1_503' title='bbox 2568 467 2664 508; x_wconf 90' lang='lat' dir='ltr'><strong>sua</strong></span> <span class='ocrx_word' id='word_1_504' title='bbox 2705 453 2922 511; x_wconf 86' lang='lat' dir='ltr'><strong>Christo</strong></span> <span class='ocrx_word' id='word_1_505' title='bbox 2961 470 3026 512; x_wconf 90' lang='lat' dir='ltr'><strong>ac</strong></span> <span class='ocrx_word' id='word_1_506' title='bbox 3059 457 3341 529; x_wconf 88' lang='lat' dir='ltr'><strong>discipulis</strong></span> <span class='ocrx_word' id='word_1_507' title='bbox 3375 464 3490 532; x_wconf 84' lang='lat' dir='ltr'><strong>ejus</strong></span> <span class='ocrx_word' id='word_1_508' title='bbox 3531 477 3761 533; x_wconf 61' lang='lat' dir='ltr'><strong>necessaria</strong></span> <span class='ocrx_word' id='word_1_509' title='bbox 3840 483 3841 496; x_wconf 58' lang='grc' dir='ltr'>ι</span> 
     </span>
    </p>
   </div>
   <div class='ocr_carea' id='block_1_63' title="bbox 2239 542 3841 621">
    <p class='ocr_par' dir='ltr' id='par_1_63' title="bbox 2239 542 3841 621">
     <span class='ocr_line' id='line_1_63' title="bbox 2239 542 3841 621; baseline 0.016 -25"><span class='ocrx_word' id='word_1_510' title='bbox 2239 542 2642 611; x_wconf 88' lang='lat' dir='ltr'><strong>ministrabant;</strong></span> <span class='ocrx_word' id='word_1_511' title='bbox 2673 545 2768 602; x_wconf 91' lang='lat' dir='ltr'><strong>sed</strong></span> <span class='ocrx_word' id='word_1_512' title='bbox 2796 548 2991 606; x_wconf 89' lang='lat' dir='ltr'><strong>melius</strong></span> <span class='ocrx_word' id='word_1_513' title='bbox 3017 551 3106 621; x_wconf 89' lang='lat' dir='ltr'><strong>qui</strong></span> <span class='ocrx_word' id='word_1_514' title='bbox 3135 565 3360 608; x_wconf 87' lang='lat' dir='ltr'><strong>omnem</strong></span> <span class='ocrx_word' id='word_1_515' title='bbox 3390 571 3533 611; x_wconf 88' lang='lat' dir='ltr'><strong>suam</strong></span> <span class='ocrx_word' id='word_1_516' title='bbox 3573 562 3764 621; x_wconf 80' lang='lat' dir='ltr'><strong>substan-</strong></span> <span class='ocrx_word' id='word_1_517' title='bbox 3840 605 3841 608; x_wconf 60' lang='grc' dir='ltr'><strong>η</strong></span> 
     </span>
    </p>
   </div>
   <div class='ocr_carea' id='block_1_64' title="bbox 2241 633 3841 714">
    <p class='ocr_par' dir='ltr' id='par_1_64' title="bbox 2241 633 3841 714">
     <span class='ocr_line' id='line_1_64' title="bbox 2241 633 3841 714; baseline 0.018 -28"><span class='ocrx_word' id='word_1_518' title='bbox 2241 633 2370 688; x_wconf 87' lang='lat' dir='ltr'><strong>tiam</strong></span> <span class='ocrx_word' id='word_1_519' title='bbox 2396 633 2746 704; x_wconf 90' lang='lat' dir='ltr'><strong>dimiserunt,</strong></span> <span class='ocrx_word' id='word_1_520' title='bbox 2779 647 2839 693; x_wconf 87' lang='lat' dir='ltr'><strong>ut</strong></span> <span class='ocrx_word' id='word_1_521' title='bbox 2874 639 3238 710; x_wconf 81' lang='lat' dir='ltr'><strong>expeditiores</strong></span> <span class='ocrx_word' id='word_1_522' title='bbox 3269 645 3520 702; x_wconf 87' lang='lat' dir='ltr'><strong>eumdem</strong></span> <span class='ocrx_word' id='word_1_523' title='bbox 3551 650 3766 714; x_wconf 82' lang='lat' dir='ltr'><strong>Dominum</strong></span> <span class='ocrx_word' id='word_1_524' title='bbox 3840 685 3841 704; x_wconf 63' lang='grc' dir='ltr'>ι</span> 
     </span>
    </p>
   </div>
   <div class='ocr_carea' id='block_1_65' title="bbox 2238 727 3766 814">
    <p class='ocr_par' dir='ltr' id='par_1_65' title="bbox 2238 727 3766 814">
     <span class='ocr_line' id='line_1_65' title="bbox 2238 727 3766 814; baseline 0.014 -33"><span class='ocrx_word' id='word_1_525' title='bbox 2238 734 2610 796; x_wconf 85' lang='lat' dir='ltr'><strong>sequerentur.</strong></span> <span class='ocrx_word' id='word_1_526' title='bbox 2643 727 2700 782; x_wconf 87' lang='lat' dir='ltr'><strong>In</strong></span> <span class='ocrx_word' id='word_1_527' title='bbox 2731 728 2816 787; x_wconf 88' lang='lat' dir='ltr'><strong>his</strong></span> <span class='ocrx_word' id='word_1_528' title='bbox 2843 741 3022 788; x_wconf 86' lang='lat' dir='ltr'><strong>autem</strong></span> <span class='ocrx_word' id='word_1_529' title='bbox 3051 734 3189 790; x_wconf 88' lang='lat' dir='ltr'><strong>binis</strong></span> <span class='ocrx_word' id='word_1_530' title='bbox 3219 735 3403 802; x_wconf 88' lang='lat' dir='ltr'><strong>bonis,</strong></span> <span class='ocrx_word' id='word_1_531' title='bbox 3437 740 3546 797; x_wconf 89' lang='lat' dir='ltr'><strong>sive</strong></span> <span class='ocrx_word' id='word_1_532' title='bbox 3572 759 3670 813; x_wconf 69' lang='lat' dir='ltr'><strong>qua:</strong></span> 
     </span>
    </p>
   </div>
   <div class='ocr_carea' id='block_1_66' title="bbox 2239 815 3770 904">
    <p class='ocr_par' dir='ltr' id='par_1_66' title="bbox 2239 815 3770 904">
     <span class='ocr_line' id='line_1_66' title="bbox 2239 815 3770 904; baseline 0.012 -32"><span class='ocrx_word' id='word_1_533' title='bbox 2239 815 2355 872; x_wconf 82' lang='lat' dir='ltr'><strong>sive</strong></span> <span class='ocrx_word' id='word_1_534' title='bbox 2378 833 2498 888; x_wconf 71' lang='lat' dir='ltr'><strong>qua:</strong></span> <span class='ocrx_word' id='word_1_535' title='bbox 2526 818 2732 875; x_wconf 86' lang='lat' dir='ltr'><strong>Martha</strong></span> <span class='ocrx_word' id='word_1_536' title='bbox 2769 829 2824 877; x_wconf 91' lang='lat' dir='ltr'><strong>et</strong></span> <span class='ocrx_word' id='word_1_537' title='bbox 2850 821 3015 878; x_wconf 87' lang='lat' dir='ltr'><strong>Maria</strong></span> <span class='ocrx_word' id='word_1_538' title='bbox 3043 823 3318 882; x_wconf 87' lang='lat' dir='ltr'><strong>faciebant</strong></span> <span class='ocrx_word' id='word_1_539' title='bbox 3337 869 3350 893; x_wconf 95' lang='lat'><strong>,</strong></span> <span class='ocrx_word' id='word_1_540' title='bbox 3379 827 3496 887; x_wconf 80' lang='lat' dir='ltr'><strong>ﬁeri</strong></span> <span class='ocrx_word' id='word_1_541' title='bbox 3523 846 3618 888; x_wconf 91' lang='lat' dir='ltr'><strong>non</strong></span> <span class='ocrx_word' id='word_1_542' title='bbox 3641 849 3770 904; x_wconf 74' lang='lat' dir='ltr'><strong>posset</strong></span> 
     </span>
    </p>
   </div>
   <div class='ocr_carea' id='block_1_67' title="bbox 2239 909 3770 989">
    <p class='ocr_par' dir='ltr' id='par_1_67' title="bbox 2239 909 3770 989">
     <span class='ocr_line' id='line_1_67' title="bbox 2239 909 3770 989; baseline 0.013 -26"><span class='ocrx_word' id='word_1_543' title='bbox 2239 909 2381 980; x_wconf 86' lang='lat' dir='ltr'><strong>quod</strong></span> <span class='ocrx_word' id='word_1_544' title='bbox 2420 911 2610 966; x_wconf 90' lang='lat' dir='ltr'><strong>melius</strong></span> <span class='ocrx_word' id='word_1_545' title='bbox 2635 921 2746 979; x_wconf 90' lang='lat' dir='ltr'><strong>est,</strong></span> <span class='ocrx_word' id='word_1_546' title='bbox 2775 913 2879 970; x_wconf 91' lang='lat' dir='ltr'><strong>nisi</strong></span> <span class='ocrx_word' id='word_1_547' title='bbox 2914 917 3086 974; x_wconf 90' lang='lat' dir='ltr'><strong>altero</strong></span> <span class='ocrx_word' id='word_1_548' title='bbox 3117 921 3487 989; x_wconf 73' lang='lat' dir='ltr'><strong>praetermisso</strong></span> <span class='ocrx_word' id='word_1_549' title='bbox 3514 934 3596 980; x_wconf 92' lang='lat' dir='ltr'><strong>aut</strong></span> <span class='ocrx_word' id='word_1_550' title='bbox 3616 929 3770 985; x_wconf 85' lang='lat' dir='ltr'><strong>relicto.</strong></span> 
     </span>
    </p>
   </div>
   <div class='ocr_carea' id='block_1_68' title="bbox 2244 996 3764 1084">
    <p class='ocr_par' dir='ltr' id='par_1_68' title="bbox 2244 996 3764 1084">
     <span class='ocr_line' id='line_1_68' title="bbox 2244 996 3764 1084; baseline 0.015 -32"><span class='ocrx_word' id='word_1_551' title='bbox 2244 996 2394 1054; x_wconf 91' lang='lat' dir='ltr'><strong>Unde</strong></span> <span class='ocrx_word' id='word_1_552' title='bbox 2421 1000 2821 1072; x_wconf 86' lang='lat' dir='ltr'><strong>intelligendum</strong></span> <span class='ocrx_word' id='word_1_553' title='bbox 2850 1013 2934 1061; x_wconf 89' lang='lat' dir='ltr'><strong>est</strong></span> <span class='ocrx_word' id='word_1_554' title='bbox 2980 1021 3087 1064; x_wconf 91' lang='lat' dir='ltr'><strong>non</strong></span> <span class='ocrx_word' id='word_1_555' title='bbox 3130 1007 3256 1064; x_wconf 90' lang='lat' dir='ltr'><strong>ideo</strong></span> <span class='ocrx_word' id='word_1_556' title='bbox 3287 1010 3492 1070; x_wconf 86' lang='lat' dir='ltr'><strong>malum</strong></span> <span class='ocrx_word' id='word_1_557' title='bbox 3534 1018 3764 1084; x_wconf 78' lang='lat' dir='ltr'><strong>putandum</strong></span> 
     </span>
    </p>
   </div>
   <div class='ocr_carea' id='block_1_69' title="bbox 2238 1091 3816 1180">
    <p class='ocr_par' dir='ltr' id='par_1_69' title="bbox 2238 1091 3816 1180">
     <span class='ocr_line' id='line_1_69' title="bbox 2238 1091 3816 1180; baseline 0.016 -35"><span class='ocrx_word' id='word_1_558' title='bbox 2238 1103 2361 1146; x_wconf 86' lang='lat' dir='ltr'><strong>esse</strong></span> <span class='ocrx_word' id='word_1_559' title='bbox 2383 1093 2614 1163; x_wconf 87' lang='lat' dir='ltr'><strong>nuptias,</strong></span> <span class='ocrx_word' id='word_1_560' title='bbox 2642 1096 2766 1165; x_wconf 91' lang='lat' dir='ltr'><strong>quia</strong></span> <span class='ocrx_word' id='word_1_561' title='bbox 2806 1097 2910 1154; x_wconf 91' lang='lat' dir='ltr'><strong>nisi</strong></span> <span class='ocrx_word' id='word_1_562' title='bbox 2943 1099 3012 1156; x_wconf 88' lang='lat' dir='ltr'><strong>ab</strong></span> <span class='ocrx_word' id='word_1_563' title='bbox 3038 1101 3120 1156; x_wconf 88' lang='lat' dir='ltr'><strong>eis</strong></span> <span class='ocrx_word' id='word_1_564' title='bbox 3143 1101 3496 1172; x_wconf 85' lang='lat' dir='ltr'><strong>abstineatur,</strong></span> <span class='ocrx_word' id='word_1_565' title='bbox 3529 1123 3626 1164; x_wconf 90' lang='lat' dir='ltr'><strong>non</strong></span> <span class='ocrx_word' id='word_1_566' title='bbox 3646 1122 3775 1180; x_wconf 81' lang='lat' dir='ltr'><strong>potest</strong></span> <span class='ocrx_word' id='word_1_567' title='bbox 3813 1091 3816 1096; x_wconf 38' lang='grc'><em>’</em></span> 
     </span>
    </p>
   </div>
   <div class='ocr_carea' id='block_1_70' title="bbox 2239 1181 3774 1268">
    <p class='ocr_par' dir='ltr' id='par_1_70' title="bbox 2239 1181 3774 1268">
     <span class='ocr_line' id='line_1_70' title="bbox 2239 1181 3774 1268; baseline 0.016 -32"><span class='ocrx_word' id='word_1_568' title='bbox 2239 1181 2424 1240; x_wconf 89' lang='lat' dir='ltr'><strong>haberi</strong></span> <span class='ocrx_word' id='word_1_569' title='bbox 2449 1184 2678 1242; x_wconf 87' lang='lat' dir='ltr'><strong>vidualis</strong></span> <span class='ocrx_word' id='word_1_570' title='bbox 2704 1188 2921 1244; x_wconf 86' lang='lat' dir='ltr'><strong>castitas</strong></span> <span class='ocrx_word' id='word_1_571' title='bbox 2959 1198 3053 1246; x_wconf 87' lang='lat' dir='ltr'><strong>aut</strong></span> <span class='ocrx_word' id='word_1_572' title='bbox 3089 1192 3374 1264; x_wconf 82' lang='lat' dir='ltr'><strong>virginalis</strong></span> <span class='ocrx_word' id='word_1_573' title='bbox 3403 1197 3675 1268; x_wconf 81' lang='lat' dir='ltr'><strong>integritas.</strong></span> <span class='ocrx_word' id='word_1_574' title='bbox 3699 1203 3774 1260; x_wconf 79' lang='lat' dir='ltr'><strong>Ne-</strong></span> 
     </span>
    </p>
   </div>
   <div class='ocr_carea' id='block_1_71' title="bbox 2237 1273 3776 1366">
    <p class='ocr_par' dir='ltr' id='par_1_71' title="bbox 2237 1273 3776 1366">
     <span class='ocr_line' id='line_1_71' title="bbox 2237 1273 3776 1366; baseline 0.016 -40"><span class='ocrx_word' id='word_1_575' title='bbox 2237 1286 2344 1342; x_wconf 91' lang='lat' dir='ltr'><strong>que</strong></span> <span class='ocrx_word' id='word_1_576' title='bbox 2365 1273 2507 1329; x_wconf 89' lang='lat' dir='ltr'><strong>enim</strong></span> <span class='ocrx_word' id='word_1_577' title='bbox 2533 1275 2654 1332; x_wconf 91' lang='lat' dir='ltr'><strong>ideo</strong></span> <span class='ocrx_word' id='word_1_578' title='bbox 2675 1277 2875 1334; x_wconf 90' lang='lat' dir='ltr'><strong>malum</strong></span> <span class='ocrx_word' id='word_1_579' title='bbox 2897 1289 3014 1337; x_wconf 90' lang='lat' dir='ltr'><strong>erat</strong></span> <span class='ocrx_word' id='word_1_580' title='bbox 3036 1283 3178 1353; x_wconf 88' lang='lat' dir='ltr'><strong>quod</strong></span> <span class='ocrx_word' id='word_1_581' title='bbox 3202 1284 3418 1342; x_wconf 87' lang='lat' dir='ltr'><strong>Martha</strong></span> <span class='ocrx_word' id='word_1_582' title='bbox 3443 1287 3669 1360; x_wconf 86' lang='lat' dir='ltr'><strong>faciebat,</strong></span> <span class='ocrx_word' id='word_1_583' title='bbox 3689 1297 3776 1366; x_wconf 86' lang='lat' dir='ltr'><strong>quia</strong></span> 
     </span>
    </p>
   </div>
   <div class='ocr_carea' id='block_1_72' title="bbox 2238 1364 3775 1454">
    <p class='ocr_par' dir='ltr' id='par_1_72' title="bbox 2238 1364 3775 1454">
     <span class='ocr_line' id='line_1_72' title="bbox 2238 1364 3775 1454; baseline 0.016 -35"><span class='ocrx_word' id='word_1_584' title='bbox 2238 1364 2343 1420; x_wconf 90' lang='lat' dir='ltr'><strong>nisi</strong></span> <span class='ocrx_word' id='word_1_585' title='bbox 2371 1365 2495 1422; x_wconf 91' lang='lat' dir='ltr'><strong>inde</strong></span> <span class='ocrx_word' id='word_1_586' title='bbox 2523 1367 2819 1426; x_wconf 88' lang='lat' dir='ltr'><strong>abstineret</strong></span> <span class='ocrx_word' id='word_1_587' title='bbox 2843 1387 2998 1428; x_wconf 85' lang='lat' dir='ltr'><strong>soror</strong></span> <span class='ocrx_word' id='word_1_588' title='bbox 3017 1375 3156 1444; x_wconf 90' lang='lat' dir='ltr'><strong>ejus,</strong></span> <span class='ocrx_word' id='word_1_589' title='bbox 3185 1393 3301 1433; x_wconf 92' lang='lat' dir='ltr'><strong>non</strong></span> <span class='ocrx_word' id='word_1_590' title='bbox 3329 1378 3532 1438; x_wconf 87' lang='lat' dir='ltr'><strong>faceret</strong></span> <span class='ocrx_word' id='word_1_591' title='bbox 3553 1385 3675 1454; x_wconf 89' lang='lat' dir='ltr'><strong>quod</strong></span> <span class='ocrx_word' id='word_1_592' title='bbox 3697 1364 3775 1444; x_wconf 76' lang='lat' dir='ltr'><strong>ute-</strong></span> 
     </span>
    </p>
   </div>
   <div class='ocr_carea' id='block_1_73' title="bbox 2237 1455 3778 1544">
    <p class='ocr_par' dir='ltr' id='par_1_73' title="bbox 2237 1455 3778 1544">
     <span class='ocr_line' id='line_1_73' title="bbox 2237 1455 3778 1544; baseline 0.016 -34"><span class='ocrx_word' id='word_1_593' title='bbox 2237 1455 2342 1512; x_wconf 90' lang='lat' dir='ltr'><strong>lius</strong></span> <span class='ocrx_word' id='word_1_594' title='bbox 2370 1467 2485 1514; x_wconf 82' lang='lat' dir='ltr'><strong>erat</strong></span> <span class='ocrx_word' id='word_1_595' title='bbox 2514 1477 2526 1514; x_wconf 93' lang='lat'><strong>:</strong></span> <span class='ocrx_word' id='word_1_596' title='bbox 2558 1470 2649 1516; x_wconf 90' lang='lat' dir='ltr'><strong>aut</strong></span> <span class='ocrx_word' id='word_1_597' title='bbox 2693 1462 2813 1518; x_wconf 90' lang='lat' dir='ltr'><strong>ideo</strong></span> <span class='ocrx_word' id='word_1_598' title='bbox 2858 1466 3057 1521; x_wconf 88' lang='lat' dir='ltr'><strong>malum</strong></span> <span class='ocrx_word' id='word_1_599' title='bbox 3086 1477 3170 1523; x_wconf 89' lang='lat' dir='ltr'><strong>est</strong></span> <span class='ocrx_word' id='word_1_600' title='bbox 3195 1471 3477 1542; x_wconf 88' lang='lat' dir='ltr'><strong>suscipere</strong></span> <span class='ocrx_word' id='word_1_601' title='bbox 3512 1474 3688 1544; x_wconf 88' lang='lat' dir='ltr'><strong>justum</strong></span> <span class='ocrx_word' id='word_1_602' title='bbox 3716 1491 3778 1535; x_wconf 76' lang='lat' dir='ltr'><strong>aut</strong></span> 
     </span>
    </p>
   </div>
   <div class='ocr_carea' id='block_1_74' title="bbox 2237 1549 3777 1631">
    <p class='ocr_par' dir='ltr' id='par_1_74' title="bbox 2237 1549 3777 1631">
     <span class='ocr_line' id='line_1_74' title="bbox 2237 1549 3777 1631; baseline 0.017 -30"><span class='ocrx_word' id='word_1_603' title='bbox 2237 1549 2555 1619; x_wconf 87' lang='lat' dir='ltr'><strong>prophetam</strong></span> <span class='ocrx_word' id='word_1_604' title='bbox 2580 1552 2632 1606; x_wconf 90' lang='lat' dir='ltr'><strong>in</strong></span> <span class='ocrx_word' id='word_1_605' title='bbox 2663 1553 2882 1613; x_wconf 91' lang='lat' dir='ltr'><strong>domum</strong></span> <span class='ocrx_word' id='word_1_606' title='bbox 2908 1571 3080 1625; x_wconf 88' lang='lat' dir='ltr'><strong>suam,</strong></span> <span class='ocrx_word' id='word_1_607' title='bbox 3105 1561 3230 1631; x_wconf 85' lang='lat' dir='ltr'><strong>quia</strong></span> <span class='ocrx_word' id='word_1_608' title='bbox 3264 1577 3372 1618; x_wconf 90' lang='lat' dir='ltr'><strong>nec</strong></span> <span class='ocrx_word' id='word_1_609' title='bbox 3401 1563 3607 1622; x_wconf 88' lang='lat' dir='ltr'><strong>domum</strong></span> <span class='ocrx_word' id='word_1_610' title='bbox 3633 1567 3777 1627; x_wconf 82' lang='lat' dir='ltr'><strong>habere</strong></span> 
     </span>
    </p>
   </div>
   <div class='ocr_carea' id='block_1_75' title="bbox 2238 1640 3776 1731">
    <p class='ocr_par' dir='ltr' id='par_1_75' title="bbox 2238 1640 3776 1731">
     <span class='ocr_line' id='line_1_75' title="bbox 2238 1640 3776 1731; baseline 0.016 -36"><span class='ocrx_word' id='word_1_611' title='bbox 2238 1640 2417 1710; x_wconf 89' lang='lat' dir='ltr'><strong>debet,</strong></span> <span class='ocrx_word' id='word_1_612' title='bbox 2450 1652 2510 1699; x_wconf 89' lang='lat' dir='ltr'><strong>ut</strong></span> <span class='ocrx_word' id='word_1_613' title='bbox 2535 1646 2676 1716; x_wconf 88' lang='lat' dir='ltr'><strong>quod</strong></span> <span class='ocrx_word' id='word_1_614' title='bbox 2724 1648 2916 1705; x_wconf 91' lang='lat' dir='ltr'><strong>melius</strong></span> <span class='ocrx_word' id='word_1_615' title='bbox 2957 1659 3040 1707; x_wconf 88' lang='lat' dir='ltr'><strong>est</strong></span> <span class='ocrx_word' id='word_1_616' title='bbox 3081 1651 3268 1722; x_wconf 87' lang='lat' dir='ltr'><strong>faciat,</strong></span> <span class='ocrx_word' id='word_1_617' title='bbox 3304 1655 3401 1726; x_wconf 88' lang='lat' dir='ltr'><strong>qui</strong></span> <span class='ocrx_word' id='word_1_618' title='bbox 3426 1659 3536 1714; x_wconf 89' lang='lat' dir='ltr'><strong>vult</strong></span> <span class='ocrx_word' id='word_1_619' title='bbox 3557 1660 3617 1716; x_wconf 89' lang='lat' dir='ltr'><strong>ad</strong></span> <span class='ocrx_word' id='word_1_620' title='bbox 3649 1663 3776 1731; x_wconf 84' lang='lat' dir='ltr'><strong>perle-</strong></span> 
     </span>
    </p>
   </div>
   <div class='ocr_carea' id='block_1_76' title="bbox 2239 1731 2968 1811">
    <p class='ocr_par' dir='ltr' id='par_1_76' title="bbox 2239 1731 2968 1811">
     <span class='ocr_line' id='line_1_76' title="bbox 2239 1731 2968 1811; baseline 0.012 -26"><span class='ocrx_word' id='word_1_621' title='bbox 2239 1731 2468 1788; x_wconf 88' lang='lat' dir='ltr'><strong>ctionem</strong></span> <span class='ocrx_word' id='word_1_622' title='bbox 2499 1733 2771 1793; x_wconf 86' lang='lat' dir='ltr'><strong>Christum</strong></span> <span class='ocrx_word' id='word_1_623' title='bbox 2799 1742 2968 1811; x_wconf 88' lang='lat' dir='ltr'><strong>sequi.</strong></span> 
     </span>
    </p>
   </div>
   <div class='ocr_carea' id='block_1_77' title="bbox 2311 1822 3777 1907">
    <p class='ocr_par' dir='ltr' id='par_1_77' title="bbox 2311 1822 3777 1907">
     <span class='ocr_line' id='line_1_77' title="bbox 2311 1822 3777 1907; baseline 0.014 -29"><span class='ocrx_word' id='word_1_624' title='bbox 2311 1822 2537 1882; x_wconf 86' lang='lat' dir='ltr'><strong>CAPUT</strong></span> <span class='ocrx_word' id='word_1_625' title='bbox 2577 1825 2668 1882; x_wconf 82' lang='lat' dir='ltr'><strong>1X.</strong></span> <span class='ocrx_word' id='word_1_626' title='bbox 2701 1857 2771 1870; x_wconf 64' lang='grc' dir='ltr'><strong>-ν-</strong></span> <span class='ocrx_word' id='word_1_627' title='bbox 2799 1829 2852 1885; x_wconf 90' lang='grc'><strong>9.</strong></span> <span class='ocrx_word' id='word_1_628' title='bbox 2901 1832 3208 1907; x_wconf 69' lang='lat' dir='ltr'><strong>Confugium</strong></span> <span class='ocrx_word' id='word_1_629' title='bbox 3249 1838 3445 1902; x_wconf 84' lang='lat' dir='ltr'><strong>bonum</strong></span> <span class='ocrx_word' id='word_1_630' title='bbox 3487 1850 3556 1896; x_wconf 71' lang='lat' dir='ltr'><strong>est</strong></span> <span class='ocrx_word' id='word_1_631' title='bbox 3591 1859 3677 1898; x_wconf 82' lang='lat' dir='ltr'><strong>non</strong></span> <span class='ocrx_word' id='word_1_632' title='bbox 3713 1845 3777 1899; x_wconf 76' lang='lat' dir='ltr'><strong>nisi</strong></span> 
     </span>
    </p>
   </div>
   <div class='ocr_carea' id='block_1_78' title="bbox 2240 1921 3778 2003">
    <p class='ocr_par' dir='ltr' id='par_1_78' title="bbox 2240 1921 3778 2003">
     <span class='ocr_line' id='line_1_78' title="bbox 2240 1921 3778 2003; baseline 0.014 -34"><span class='ocrx_word' id='word_1_633' title='bbox 2240 1927 2448 1988; x_wconf 83' lang='lat' dir='ltr'><strong>prapter</strong></span> <span class='ocrx_word' id='word_1_634' title='bbox 2472 1921 2616 1974; x_wconf 83' lang='lat' dir='ltr'><strong>aliud</strong></span> <span class='ocrx_word' id='word_1_635' title='bbox 2641 1925 2994 1993; x_wconf 75' lang='lat' dir='ltr'><strong>expetendum.</strong></span> <span class='ocrx_word' id='word_1_636' title='bbox 3022 1927 3275 2003; x_wconf 84' lang='lat' dir='ltr'><strong>Conjugio</strong></span> <span class='ocrx_word' id='word_1_637' title='bbox 3299 1934 3375 1988; x_wconf 86' lang='lat' dir='ltr'><strong>uti</strong></span> <span class='ocrx_word' id='word_1_638' title='bbox 3401 1934 3617 1990; x_wconf 72' lang='lat' dir='ltr'><strong>debuisse</strong></span> <span class='ocrx_word' id='word_1_639' title='bbox 3631 1948 3778 1992; x_wconf 74' lang='lat' dir='ltr'><strong>sanctos</strong></span> 
     </span>
    </p>
   </div>
   <div class='ocr_carea' id='block_1_79' title="bbox 2240 2007 3774 2093">
    <p class='ocr_par' dir='ltr' id='par_1_79' title="bbox 2240 2007 3774 2093">
     <span class='ocr_line' id='line_1_79' title="bbox 2240 2007 3774 2093; baseline 0.016 -34"><span class='ocrx_word' id='word_1_640' title='bbox 2240 2007 2417 2077; x_wconf 80' lang='lat' dir='ltr'><strong>primis</strong></span> <span class='ocrx_word' id='word_1_641' title='bbox 2456 2013 2762 2082; x_wconf 76' lang='lat' dir='ltr'><strong>temporibus</strong></span> <span class='ocrx_word' id='word_1_642' title='bbox 2797 2031 2816 2070; x_wconf 89' lang='lat'><strong><em>:</em></strong></span> <span class='ocrx_word' id='word_1_643' title='bbox 2857 2033 2990 2074; x_wconf 86' lang='lat' dir='ltr'><strong>nunc</strong></span> <span class='ocrx_word' id='word_1_644' title='bbox 3026 2023 3410 2093; x_wconf 71' lang='lat' dir='ltr'><strong>prmferendam</strong></span> <span class='ocrx_word' id='word_1_645' title='bbox 3435 2042 3538 2082; x_wconf 78' lang='lat' dir='ltr'><strong>esse</strong></span> <span class='ocrx_word' id='word_1_646' title='bbox 3569 2029 3774 2083; x_wconf 77' lang='lat' dir='ltr'><strong>continen-</strong></span> 
     </span>
    </p>
   </div>
   <div class='ocr_carea' id='block_1_80' title="bbox 2241 2099 3776 2187">
    <p class='ocr_par' dir='ltr' id='par_1_80' title="bbox 2241 2099 3776 2187">
     <span class='ocr_line' id='line_1_80' title="bbox 2241 2099 3776 2187; baseline 0.016 -35"><span class='ocrx_word' id='word_1_647' title='bbox 2241 2099 2385 2154; x_wconf 88' lang='lat' dir='ltr'><strong>tiam.</strong></span> <span class='ocrx_word' id='word_1_648' title='bbox 2415 2100 2556 2159; x_wconf 90' lang='lat' dir='ltr'><strong>Sane</strong></span> <span class='ocrx_word' id='word_1_649' title='bbox 2581 2105 2868 2163; x_wconf 87' lang='lat' dir='ltr'><strong>videndum</strong></span> <span class='ocrx_word' id='word_1_650' title='bbox 2891 2118 2992 2177; x_wconf 89' lang='lat' dir='ltr'><strong>est,</strong></span> <span class='ocrx_word' id='word_1_651' title='bbox 3019 2113 3120 2168; x_wconf 88' lang='lat' dir='ltr'><strong>alia</strong></span> <span class='ocrx_word' id='word_1_652' title='bbox 3145 2115 3290 2171; x_wconf 88' lang='lat' dir='ltr'><strong>bona</strong></span> <span class='ocrx_word' id='word_1_653' title='bbox 3315 2118 3474 2174; x_wconf 91' lang='lat' dir='ltr'><strong>nobis</strong></span> <span class='ocrx_word' id='word_1_654' title='bbox 3500 2119 3648 2175; x_wconf 88' lang='lat' dir='ltr'><strong>Deum</strong></span> <span class='ocrx_word' id='word_1_655' title='bbox 3671 2121 3776 2187; x_wconf 83' lang='lat' dir='ltr'><strong>dare,</strong></span> 
     </span>
    </p>
   </div>
   <div class='ocr_carea' id='block_1_81' title="bbox 2239 2199 3776 2282">
    <p class='ocr_par' dir='ltr' id='par_1_81' title="bbox 2239 2199 3776 2282">
     <span class='ocr_line' id='line_1_81' title="bbox 2239 2199 3776 2282; baseline 0.013 -36"><span class='ocrx_word' id='word_1_656' title='bbox 2239 2206 2360 2262; x_wconf 68' lang='lat' dir='ltr'><strong>quze</strong></span> <span class='ocrx_word' id='word_1_657' title='bbox 2381 2204 2599 2265; x_wconf 90' lang='lat' dir='ltr'><strong>propter</strong></span> <span class='ocrx_word' id='word_1_658' title='bbox 2638 2212 2696 2253; x_wconf 90' lang='lat' dir='ltr'><strong>se</strong></span> <span class='ocrx_word' id='word_1_659' title='bbox 2721 2199 2833 2269; x_wconf 88' lang='lat' dir='ltr'><strong>ipsa</strong></span> <span class='ocrx_word' id='word_1_660' title='bbox 2859 2205 3156 2272; x_wconf 82' lang='lat' dir='ltr'><strong>expetenda</strong></span> <span class='ocrx_word' id='word_1_661' title='bbox 3180 2219 3332 2276; x_wconf 89' lang='lat' dir='ltr'><strong>sunt,</strong></span> <span class='ocrx_word' id='word_1_662' title='bbox 3364 2210 3502 2266; x_wconf 87' lang='lat' dir='ltr'><strong>sicut</strong></span> <span class='ocrx_word' id='word_1_663' title='bbox 3526 2220 3600 2268; x_wconf 88' lang='lat' dir='ltr'><strong>est</strong></span> <span class='ocrx_word' id='word_1_664' title='bbox 3621 2213 3776 2282; x_wconf 75' lang='lat' dir='ltr'><strong>sapien-</strong></span> 
     </span>
    </p>
   </div>
   <div class='ocr_carea' id='block_1_82' title="bbox 2240 2284 3776 2371">
    <p class='ocr_par' dir='ltr' id='par_1_82' title="bbox 2240 2284 3776 2371">
     <span class='ocr_line' id='line_1_82' title="bbox 2240 2284 3776 2371; baseline 0.014 -33"><span class='ocrx_word' id='word_1_665' title='bbox 2240 2284 2336 2353; x_wconf 91' lang='lat' dir='ltr'><strong>tia,</strong></span> <span class='ocrx_word' id='word_1_666' title='bbox 2367 2286 2531 2354; x_wconf 89' lang='lat' dir='ltr'><strong>salus,</strong></span> <span class='ocrx_word' id='word_1_667' title='bbox 2563 2290 2827 2360; x_wconf 87' lang='lat' dir='ltr'><strong>amicitia;</strong></span> <span class='ocrx_word' id='word_1_668' title='bbox 2854 2293 2958 2349; x_wconf 90' lang='lat' dir='ltr'><strong>alia</strong></span> <span class='ocrx_word' id='word_1_669' title='bbox 2979 2311 3099 2366; x_wconf 76' lang='lat' dir='ltr'><strong>quae</strong></span> <span class='ocrx_word' id='word_1_670' title='bbox 3123 2308 3350 2368; x_wconf 87' lang='lat' dir='ltr'><strong>propter</strong></span> <span class='ocrx_word' id='word_1_671' title='bbox 3375 2301 3570 2371; x_wconf 88' lang='lat' dir='ltr'><strong>aliquid</strong></span> <span class='ocrx_word' id='word_1_672' title='bbox 3591 2313 3692 2358; x_wconf 89' lang='lat' dir='ltr'><strong>sunt</strong></span> <span class='ocrx_word' id='word_1_673' title='bbox 3715 2320 3776 2358; x_wconf 84' lang='lat' dir='ltr'><strong>ae-</strong></span> 
     </span>
    </p>
   </div>
   <div class='ocr_carea' id='block_1_83' title="bbox 2239 2379 3838 2463">
    <p class='ocr_par' dir='ltr' id='par_1_83' title="bbox 2239 2379 3838 2463">
     <span class='ocr_line' id='line_1_83' title="bbox 2239 2379 3838 2463; baseline 0.011 -31"><span class='ocrx_word' id='word_1_674' title='bbox 2239 2379 2494 2444; x_wconf 88' lang='lat' dir='ltr'><strong>cessaria,</strong></span> <span class='ocrx_word' id='word_1_675' title='bbox 2520 2380 2659 2436; x_wconf 91' lang='lat' dir='ltr'><strong>sicut</strong></span> <span class='ocrx_word' id='word_1_676' title='bbox 2682 2381 2947 2453; x_wconf 89' lang='lat' dir='ltr'><strong>doctrina,</strong></span> <span class='ocrx_word' id='word_1_677' title='bbox 2973 2387 3144 2456; x_wconf 90' lang='lat' dir='ltr'><strong>cibus,</strong></span> <span class='ocrx_word' id='word_1_678' title='bbox 3169 2400 3357 2459; x_wconf 89' lang='lat' dir='ltr'><strong>potus,</strong></span> <span class='ocrx_word' id='word_1_679' title='bbox 3387 2389 3615 2460; x_wconf 88' lang='lat' dir='ltr'><strong>somnus,</strong></span> <span class='ocrx_word' id='word_1_680' title='bbox 3638 2393 3773 2463; x_wconf 83' lang='lat' dir='ltr'><strong>conju-</strong></span> <span class='ocrx_word' id='word_1_681' title='bbox 3835 2439 3838 2444; x_wconf 97' lang='lat'><strong>.</strong></span> 
     </span>
    </p>
   </div>
   <div class='ocr_carea' id='block_1_84' title="bbox 2239 2469 3774 2554">
    <p class='ocr_par' dir='ltr' id='par_1_84' title="bbox 2239 2469 3774 2554">
     <span class='ocr_line' id='line_1_84' title="bbox 2239 2469 3774 2554; baseline 0.012 -32"><span class='ocrx_word' id='word_1_682' title='bbox 2239 2469 2384 2540; x_wconf 81' lang='lat' dir='ltr'><strong>gium</strong></span> <span class='ocrx_word' id='word_1_683' title='bbox 2406 2511 2421 2536; x_wconf 97' lang='lat'><strong>,</strong></span> <span class='ocrx_word' id='word_1_684' title='bbox 2452 2474 2790 2531; x_wconf 91' lang='lat' dir='ltr'><strong>concubitus.</strong></span> <span class='ocrx_word' id='word_1_685' title='bbox 2838 2476 3040 2533; x_wconf 84' lang='lat' dir='ltr'><strong>Horum</strong></span> <span class='ocrx_word' id='word_1_686' title='bbox 3071 2482 3214 2537; x_wconf 92' lang='lat' dir='ltr'><strong>enim</strong></span> <span class='ocrx_word' id='word_1_687' title='bbox 3267 2483 3515 2554; x_wconf 71' lang='lat' dir='ltr'><strong>qutedam</strong></span> <span class='ocrx_word' id='word_1_688' title='bbox 3542 2486 3774 2540; x_wconf 80' lang='lat' dir='ltr'><strong>necessaria</strong></span> 
     </span>
    </p>
   </div>
   <div class='ocr_carea' id='block_1_85' title="bbox 2239 2566 3770 2647">
    <p class='ocr_par' dir='ltr' id='par_1_85' title="bbox 2239 2566 3770 2647">
     <span class='ocr_line' id='line_1_85' title="bbox 2239 2566 3770 2647; baseline 0.009 -32"><span class='ocrx_word' id='word_1_689' title='bbox 2239 2569 2367 2616; x_wconf 89' lang='lat' dir='ltr'><strong>sunt</strong></span> <span class='ocrx_word' id='word_1_690' title='bbox 2388 2572 2606 2633; x_wconf 87' lang='lat' dir='ltr'><strong>propter</strong></span> <span class='ocrx_word' id='word_1_691' title='bbox 2625 2566 2963 2637; x_wconf 87' lang='lat' dir='ltr'><strong>sapientiam,</strong></span> <span class='ocrx_word' id='word_1_692' title='bbox 2989 2571 3125 2628; x_wconf 89' lang='lat' dir='ltr'><strong>sicut</strong></span> <span class='ocrx_word' id='word_1_693' title='bbox 3149 2573 3429 2642; x_wconf 87' lang='lat' dir='ltr'><strong>doctrina;</strong></span> <span class='ocrx_word' id='word_1_694' title='bbox 3453 2575 3670 2647; x_wconf 56' lang='lat' dir='ltr'><strong>quaedam</strong></span> <span class='ocrx_word' id='word_1_695' title='bbox 3688 2592 3770 2645; x_wconf 85' lang='lat' dir='ltr'><strong>pro-</strong></span> 
     </span>
    </p>
   </div>
   <div class='ocr_carea' id='block_1_86' title="bbox 2240 2655 3771 2737">
    <p class='ocr_par' dir='ltr' id='par_1_86' title="bbox 2240 2655 3771 2737">
     <span class='ocr_line' id='line_1_86' title="bbox 2240 2655 3771 2737; baseline 0.011 -30"><span class='ocrx_word' id='word_1_696' title='bbox 2240 2662 2361 2724; x_wconf 88' lang='lat' dir='ltr'><strong>pter</strong></span> <span class='ocrx_word' id='word_1_697' title='bbox 2385 2655 2638 2724; x_wconf 85' lang='lat' dir='ltr'><strong>salutem,</strong></span> <span class='ocrx_word' id='word_1_698' title='bbox 2663 2659 2800 2715; x_wconf 89' lang='lat' dir='ltr'><strong>sicut</strong></span> <span class='ocrx_word' id='word_1_699' title='bbox 2822 2661 3004 2730; x_wconf 88' lang='lat' dir='ltr'><strong>cibus,</strong></span> <span class='ocrx_word' id='word_1_700' title='bbox 3034 2672 3090 2718; x_wconf 90' lang='lat' dir='ltr'><strong>et</strong></span> <span class='ocrx_word' id='word_1_701' title='bbox 3117 2674 3302 2735; x_wconf 89' lang='lat' dir='ltr'><strong>potus,</strong></span> <span class='ocrx_word' id='word_1_702' title='bbox 3332 2679 3388 2722; x_wconf 89' lang='lat' dir='ltr'><strong>et</strong></span> <span class='ocrx_word' id='word_1_703' title='bbox 3415 2683 3646 2733; x_wconf 86' lang='lat' dir='ltr'><strong>somnus;</strong></span> <span class='ocrx_word' id='word_1_704' title='bbox 3673 2683 3771 2737; x_wconf 71' lang='lat' dir='ltr'><strong>que-</strong></span> 
     </span>
    </p>
   </div>
   <div class='ocr_carea' id='block_1_87' title="bbox 2240 2743 3767 2830">
    <p class='ocr_par' dir='ltr' id='par_1_87' title="bbox 2240 2743 3767 2830">
     <span class='ocr_line' id='line_1_87' title="bbox 2240 2743 3767 2830; baseline 0.009 -30"><span class='ocrx_word' id='word_1_705' title='bbox 2240 2743 2362 2800; x_wconf 86' lang='lat' dir='ltr'><strong>dam</strong></span> <span class='ocrx_word' id='word_1_706' title='bbox 2392 2754 2612 2816; x_wconf 89' lang='lat' dir='ltr'><strong>propter</strong></span> <span class='ocrx_word' id='word_1_707' title='bbox 2641 2750 2949 2820; x_wconf 86' lang='lat' dir='ltr'><strong>amicitiam,</strong></span> <span class='ocrx_word' id='word_1_708' title='bbox 2975 2754 3114 2810; x_wconf 91' lang='lat' dir='ltr'><strong>sicut</strong></span> <span class='ocrx_word' id='word_1_709' title='bbox 3136 2743 3345 2830; x_wconf 67' lang='lat' dir='ltr'><strong>nuptirc</strong></span> <span class='ocrx_word' id='word_1_710' title='bbox 3372 2758 3454 2814; x_wconf 85' lang='lat' dir='ltr'><strong>vel</strong></span> <span class='ocrx_word' id='word_1_711' title='bbox 3483 2759 3767 2814; x_wconf 85' lang='lat' dir='ltr'><strong>concubitus:</strong></span> 
     </span>
    </p>
   </div>
   <div class='ocr_carea' id='block_1_88' title="bbox 2239 2834 3768 2920">
    <p class='ocr_par' dir='ltr' id='par_1_88' title="bbox 2239 2834 3768 2920">
     <span class='ocr_line' id='line_1_88' title="bbox 2239 2834 3768 2920; baseline 0.009 -30"><span class='ocrx_word' id='word_1_712' title='bbox 2239 2834 2364 2892; x_wconf 86' lang='lat' dir='ltr'><strong>hinc</strong></span> <span class='ocrx_word' id='word_1_713' title='bbox 2388 2838 2530 2893; x_wconf 90' lang='lat' dir='ltr'><strong>enim</strong></span> <span class='ocrx_word' id='word_1_714' title='bbox 2555 2839 2800 2896; x_wconf 89' lang='lat' dir='ltr'><strong>subsistit</strong></span> <span class='ocrx_word' id='word_1_715' title='bbox 2823 2847 3132 2916; x_wconf 84' lang='lat' dir='ltr'><strong>propagatio</strong></span> <span class='ocrx_word' id='word_1_716' title='bbox 3149 2851 3372 2920; x_wconf 88' lang='lat' dir='ltr'><strong>generis</strong></span> <span class='ocrx_word' id='word_1_717' title='bbox 3397 2850 3624 2917; x_wconf 85' lang='lat' dir='ltr'><strong>humani,</strong></span> <span class='ocrx_word' id='word_1_718' title='bbox 3639 2851 3682 2905; x_wconf 89' lang='lat' dir='ltr'><strong>in</strong></span> <span class='ocrx_word' id='word_1_719' title='bbox 3697 2865 3768 2919; x_wconf 79' lang='lat' dir='ltr'><strong>quo</strong></span> 
     </span>
    </p>
   </div>
   <div class='ocr_carea' id='block_1_89' title="bbox 2239 2929 3765 3014">
    <p class='ocr_par' dir='ltr' id='par_1_89' title="bbox 2239 2929 3765 3014">
     <span class='ocr_line' id='line_1_89' title="bbox 2239 2929 3765 3014; baseline 0.01 -30"><span class='ocrx_word' id='word_1_720' title='bbox 2239 2929 2470 2985; x_wconf 87' lang='lat' dir='ltr'><strong>societas</strong></span> <span class='ocrx_word' id='word_1_721' title='bbox 2499 2932 2740 2988; x_wconf 87' lang='lat' dir='ltr'><strong>amicalis</strong></span> <span class='ocrx_word' id='word_1_722' title='bbox 2765 2950 3014 3010; x_wconf 86' lang='lat' dir='ltr'><strong>magnum</strong></span> <span class='ocrx_word' id='word_1_723' title='bbox 3043 2939 3242 2996; x_wconf 88' lang='lat' dir='ltr'><strong>bonum</strong></span> <span class='ocrx_word' id='word_1_724' title='bbox 3275 2951 3382 3006; x_wconf 82' lang='lat' dir='ltr'><strong>est.</strong></span> <span class='ocrx_word' id='word_1_725' title='bbox 3417 2943 3508 2999; x_wconf 83' lang='lat' dir='ltr'><strong>His</strong></span> <span class='ocrx_word' id='word_1_726' title='bbox 3531 2943 3682 3014; x_wconf 86' lang='lat' dir='ltr'><strong>itaque</strong></span> <span class='ocrx_word' id='word_1_727' title='bbox 3700 2943 3765 2998; x_wconf 78' lang='lat' dir='ltr'><strong>bo-</strong></span> 
     </span>
    </p>
   </div>
   <div class='ocr_carea' id='block_1_90' title="bbox 2240 3020 3768 3108">
    <p class='ocr_par' dir='ltr' id='par_1_90' title="bbox 2240 3020 3768 3108">
     <span class='ocr_line' id='line_1_90' title="bbox 2240 3020 3768 3108; baseline 0.009 -33"><span class='ocrx_word' id='word_1_728' title='bbox 2240 3022 2324 3076; x_wconf 91' lang='lat' dir='ltr'><strong>nis</strong></span> <span class='ocrx_word' id='word_1_729' title='bbox 2349 3038 2467 3093; x_wconf 71' lang='lat' dir='ltr'><strong>quae</strong></span> <span class='ocrx_word' id='word_1_730' title='bbox 2493 3020 2710 3094; x_wconf 81' lang='lat' dir='ltr'><strong>propter</strong></span> <span class='ocrx_word' id='word_1_731' title='bbox 2729 3027 2873 3084; x_wconf 89' lang='lat' dir='ltr'><strong>aliud</strong></span> <span class='ocrx_word' id='word_1_732' title='bbox 2902 3033 3203 3089; x_wconf 86' lang='lat' dir='ltr'><strong>necessaria</strong></span> <span class='ocrx_word' id='word_1_733' title='bbox 3231 3045 3386 3104; x_wconf 91' lang='lat' dir='ltr'><strong>sunt,</strong></span> <span class='ocrx_word' id='word_1_734' title='bbox 3412 3036 3504 3108; x_wconf 89' lang='lat' dir='ltr'><strong>qui</strong></span> <span class='ocrx_word' id='word_1_735' title='bbox 3524 3051 3618 3091; x_wconf 92' lang='lat' dir='ltr'><strong>non</strong></span> <span class='ocrx_word' id='word_1_736' title='bbox 3633 3035 3683 3090; x_wconf 88' lang='lat' dir='ltr'><strong>ad</strong></span> <span class='ocrx_word' id='word_1_737' title='bbox 3701 3034 3768 3089; x_wconf 81' lang='lat' dir='ltr'><strong>hoc</strong></span> 
     </span>
    </p>
   </div>
   <div class='ocr_carea' id='block_1_91' title="bbox 2239 3115 3765 3198">
    <p class='ocr_par' dir='ltr' id='par_1_91' title="bbox 2239 3115 3765 3198">
     <span class='ocr_line' id='line_1_91' title="bbox 2239 3115 3765 3198; baseline 0.007 -28"><span class='ocrx_word' id='word_1_738' title='bbox 2239 3115 2408 3170; x_wconf 91' lang='lat' dir='ltr'><strong>utitur</strong></span> <span class='ocrx_word' id='word_1_739' title='bbox 2439 3125 2657 3186; x_wconf 87' lang='lat' dir='ltr'><strong>propter</strong></span> <span class='ocrx_word' id='word_1_740' title='bbox 2682 3119 2824 3190; x_wconf 90' lang='lat' dir='ltr'><strong>quod</strong></span> <span class='ocrx_word' id='word_1_741' title='bbox 2867 3121 3107 3180; x_wconf 91' lang='lat' dir='ltr'><strong>instituta</strong></span> <span class='ocrx_word' id='word_1_742' title='bbox 3137 3136 3263 3183; x_wconf 90' lang='lat' dir='ltr'><strong>sunt</strong></span> <span class='ocrx_word' id='word_1_743' title='bbox 3285 3169 3300 3196; x_wconf 89' lang='lat'><strong>,</strong></span> <span class='ocrx_word' id='word_1_744' title='bbox 3334 3137 3537 3198; x_wconf 88' lang='lat' dir='ltr'><strong>peccat,</strong></span> <span class='ocrx_word' id='word_1_745' title='bbox 3575 3127 3684 3182; x_wconf 80' lang='lat' dir='ltr'><strong>alias</strong></span> <span class='ocrx_word' id='word_1_746' title='bbox 3705 3141 3765 3180; x_wconf 73' lang='lat' dir='ltr'><strong>ve-</strong></span> 
     </span>
    </p>
   </div>
   <div class='ocr_carea' id='block_1_92' title="bbox 2238 3206 3767 3289">
    <p class='ocr_par' dir='ltr' id='par_1_92' title="bbox 2238 3206 3767 3289">
     <span class='ocr_line' id='line_1_92' title="bbox 2238 3206 3767 3289; baseline 0.005 -28"><span class='ocrx_word' id='word_1_747' title='bbox 2238 3206 2469 3273; x_wconf 89' lang='lat' dir='ltr'><strong>nialiter,</strong></span> <span class='ocrx_word' id='word_1_748' title='bbox 2502 3207 2633 3264; x_wconf 87' lang='lat' dir='ltr'><strong>alias</strong></span> <span class='ocrx_word' id='word_1_749' title='bbox 2663 3209 3060 3270; x_wconf 90' lang='lat' dir='ltr'><strong>damnabiliter.</strong></span> <span class='ocrx_word' id='word_1_750' title='bbox 3084 3215 3343 3289; x_wconf 86' lang='lat' dir='ltr'><strong>Quisquis</strong></span> <span class='ocrx_word' id='word_1_751' title='bbox 3363 3233 3491 3275; x_wconf 87' lang='lat' dir='ltr'><strong>vero</strong></span> <span class='ocrx_word' id='word_1_752' title='bbox 3513 3217 3586 3272; x_wconf 90' lang='lat' dir='ltr'><strong>eis</strong></span> <span class='ocrx_word' id='word_1_753' title='bbox 3609 3226 3767 3288; x_wconf 79' lang='lat' dir='ltr'><strong>propter</strong></span> 
     </span>
    </p>
   </div>
   <div class='ocr_carea' id='block_1_93' title="bbox 2238 3295 3766 3378">
    <p class='ocr_par' dir='ltr' id='par_1_93' title="bbox 2238 3295 3766 3378">
     <span class='ocr_line' id='line_1_93' title="bbox 2238 3295 3766 3378; baseline 0.006 -29"><span class='ocrx_word' id='word_1_754' title='bbox 2238 3295 2342 3351; x_wconf 92' lang='lat' dir='ltr'><strong>hoc</strong></span> <span class='ocrx_word' id='word_1_755' title='bbox 2381 3297 2582 3366; x_wconf 90' lang='lat' dir='ltr'><strong>utitur,</strong></span> <span class='ocrx_word' id='word_1_756' title='bbox 2618 3309 2837 3372; x_wconf 91' lang='lat' dir='ltr'><strong>propter</strong></span> <span class='ocrx_word' id='word_1_757' title='bbox 2865 3304 3015 3372; x_wconf 86' lang='lat' dir='ltr'><strong>quod</strong></span> <span class='ocrx_word' id='word_1_758' title='bbox 3055 3305 3177 3362; x_wconf 92' lang='lat' dir='ltr'><strong>data</strong></span> <span class='ocrx_word' id='word_1_759' title='bbox 3222 3319 3375 3378; x_wconf 90' lang='lat' dir='ltr'><strong>sunt,</strong></span> <span class='ocrx_word' id='word_1_760' title='bbox 3406 3309 3538 3366; x_wconf 89' lang='lat' dir='ltr'><strong>bene</strong></span> <span class='ocrx_word' id='word_1_761' title='bbox 3561 3306 3682 3362; x_wconf 85' lang='lat' dir='ltr'><strong>facit.</strong></span> <span class='ocrx_word' id='word_1_762' title='bbox 3702 3304 3766 3359; x_wconf 83' lang='lat' dir='ltr'><strong>Cui</strong></span> 
     </span>
    </p>
   </div>
   <div class='ocr_carea' id='block_1_94' title="bbox 2237 3398 3767 3468">
    <p class='ocr_par' dir='ltr' id='par_1_94' title="bbox 2237 3398 3767 3468">
     <span class='ocr_line' id='line_1_94' title="bbox 2237 3398 3767 3468; baseline 0.007 -25"><span class='ocrx_word' id='word_1_763' title='bbox 2237 3403 2368 3459; x_wconf 84' lang='lat' dir='ltr'><strong>ergo</strong></span> <span class='ocrx_word' id='word_1_764' title='bbox 2418 3405 2522 3446; x_wconf 89' lang='lat' dir='ltr'><strong>non</strong></span> <span class='ocrx_word' id='word_1_765' title='bbox 2565 3401 2690 3448; x_wconf 89' lang='lat' dir='ltr'><strong>sunt</strong></span> <span class='ocrx_word' id='word_1_766' title='bbox 2729 3398 3062 3465; x_wconf 87' lang='lat' dir='ltr'><strong>necessaria,</strong></span> <span class='ocrx_word' id='word_1_767' title='bbox 3102 3399 3147 3454; x_wconf 89' lang='lat' dir='ltr'><strong>si</strong></span> <span class='ocrx_word' id='word_1_768' title='bbox 3177 3415 3285 3456; x_wconf 92' lang='lat' dir='ltr'><strong>non</strong></span> <span class='ocrx_word' id='word_1_769' title='bbox 3317 3403 3400 3459; x_wconf 90' lang='lat' dir='ltr'><strong>eis</strong></span> <span class='ocrx_word' id='word_1_770' title='bbox 3429 3401 3602 3468; x_wconf 90' lang='lat' dir='ltr'><strong>utitur,</strong></span> <span class='ocrx_word' id='word_1_771' title='bbox 3630 3398 3767 3454; x_wconf 80' lang='lat' dir='ltr'><strong>melius</strong></span> 
     </span>
    </p>
   </div>
   <div class='ocr_carea' id='block_1_95' title="bbox 2237 3477 3838 3564">
    <p class='ocr_par' dir='ltr' id='par_1_95' title="bbox 2237 3477 3838 3564">
     <span class='ocr_line' id='line_1_95' title="bbox 2237 3477 3838 3564; baseline 0.008 -31"><span class='ocrx_word' id='word_1_772' title='bbox 2237 3477 2383 3534; x_wconf 89' lang='lat' dir='ltr'><strong>facit.</strong></span> <span class='ocrx_word' id='word_1_773' title='bbox 2413 3479 2646 3538; x_wconf 85' lang='lat' dir='ltr'><strong>Proinde</strong></span> <span class='ocrx_word' id='word_1_774' title='bbox 2673 3484 2772 3539; x_wconf 83' lang='lat' dir='ltr'><strong>ista</strong></span> <span class='ocrx_word' id='word_1_775' title='bbox 2795 3484 2933 3543; x_wconf 91' lang='lat' dir='ltr'><strong>bona</strong></span> <span class='ocrx_word' id='word_1_776' title='bbox 2963 3502 3085 3543; x_wconf 89' lang='lat' dir='ltr'><strong>cum</strong></span> <span class='ocrx_word' id='word_1_777' title='bbox 3109 3505 3243 3562; x_wconf 90' lang='lat' dir='ltr'><strong>opus</strong></span> <span class='ocrx_word' id='word_1_778' title='bbox 3275 3493 3551 3561; x_wconf 88' lang='lat' dir='ltr'><strong>habemus,</strong></span> <span class='ocrx_word' id='word_1_779' title='bbox 3575 3493 3687 3547; x_wconf 87' lang='lat' dir='ltr'><strong>bene</strong></span> <span class='ocrx_word' id='word_1_780' title='bbox 3705 3503 3765 3542; x_wconf 73' lang='lat' dir='ltr'><strong>vo-</strong></span> <span class='ocrx_word' id='word_1_781' title='bbox 3835 3494 3838 3564; x_wconf 63' lang='grc' dir='ltr'><em>ρ</em></span> 
     </span>
    </p>
   </div>
   <div class='ocr_carea' id='block_1_96' title="bbox 2237 3571 3762 3655">
    <p class='ocr_par' dir='ltr' id='par_1_96' title="bbox 2237 3571 3762 3655">
     <span class='ocr_line' id='line_1_96' title="bbox 2237 3571 3762 3655; baseline 0.009 -29"><span class='ocrx_word' id='word_1_782' title='bbox 2237 3571 2415 3628; x_wconf 90' lang='lat' dir='ltr'><strong>lumus</strong></span> <span class='ocrx_word' id='word_1_783' title='bbox 2447 3589 2460 3627; x_wconf 93' lang='lat'>:</span> <span class='ocrx_word' id='word_1_784' title='bbox 2494 3573 2589 3629; x_wconf 89' lang='lat' dir='ltr'><strong>sed</strong></span> <span class='ocrx_word' id='word_1_785' title='bbox 2616 3576 2804 3632; x_wconf 89' lang='lat' dir='ltr'><strong>melius</strong></span> <span class='ocrx_word' id='word_1_786' title='bbox 2829 3593 2889 3632; x_wconf 90' lang='lat' dir='ltr'><strong>ea</strong></span> <span class='ocrx_word' id='word_1_787' title='bbox 2935 3579 3182 3638; x_wconf 90' lang='lat' dir='ltr'><strong>nolumus</strong></span> <span class='ocrx_word' id='word_1_788' title='bbox 3206 3599 3370 3655; x_wconf 89' lang='lat' dir='ltr'><strong>quam</strong></span> <span class='ocrx_word' id='word_1_789' title='bbox 3398 3578 3762 3649; x_wconf 67' lang='lat' dir='ltr'><strong>volumus;quit</strong></span> 
     </span>
    </p>
   </div>
   <div class='ocr_carea' id='block_1_97' title="bbox 2240 3665 3766 3739">
    <p class='ocr_par' dir='ltr' id='par_1_97' title="bbox 2240 3665 3766 3739">
     <span class='ocr_line' id='line_1_97' title="bbox 2240 3665 3766 3739; baseline 0.005 -22"><span class='ocrx_word' id='word_1_790' title='bbox 2240 3671 2364 3718; x_wconf 92' lang='lat' dir='ltr'><strong>tunc</strong></span> <span class='ocrx_word' id='word_1_791' title='bbox 2395 3665 2584 3720; x_wconf 89' lang='lat' dir='ltr'><strong>melius</strong></span> <span class='ocrx_word' id='word_1_792' title='bbox 2605 3682 2705 3724; x_wconf 90' lang='lat' dir='ltr'><strong>nos</strong></span> <span class='ocrx_word' id='word_1_793' title='bbox 2735 3668 3012 3739; x_wconf 89' lang='lat' dir='ltr'><strong>habemus,</strong></span> <span class='ocrx_word' id='word_1_794' title='bbox 3045 3688 3165 3730; x_wconf 87' lang='lat' dir='ltr'><strong>cum</strong></span> <span class='ocrx_word' id='word_1_795' title='bbox 3197 3692 3259 3732; x_wconf 89' lang='lat' dir='ltr'><strong>ea</strong></span> <span class='ocrx_word' id='word_1_796' title='bbox 3293 3677 3584 3738; x_wconf 86' lang='lat' dir='ltr'><strong>necessaria</strong></span> <span class='ocrx_word' id='word_1_797' title='bbox 3604 3672 3766 3729; x_wconf 79' lang='lat' dir='ltr'><strong>nouita-</strong></span> 
     </span>
    </p>
   </div>
   <div class='ocr_carea' id='block_1_98' title="bbox 2237 3753 3763 3840">
    <p class='ocr_par' dir='ltr' id='par_1_98' title="bbox 2237 3753 3763 3840">
     <span class='ocr_line' id='line_1_98' title="bbox 2237 3753 3763 3840; baseline 0.005 -33"><span class='ocrx_word' id='word_1_798' title='bbox 2237 3753 2447 3809; x_wconf 89' lang='lat' dir='ltr'><strong>bemus.</strong></span> <span class='ocrx_word' id='word_1_799' title='bbox 2475 3755 2554 3811; x_wconf 90' lang='lat' dir='ltr'><strong>Ac</strong></span> <span class='ocrx_word' id='word_1_800' title='bbox 2593 3774 2688 3826; x_wconf 89' lang='lat' dir='ltr'><strong>per</strong></span> <span class='ocrx_word' id='word_1_801' title='bbox 2719 3758 2820 3816; x_wconf 89' lang='lat' dir='ltr'><strong>hoc</strong></span> <span class='ocrx_word' id='word_1_802' title='bbox 2858 3761 3056 3820; x_wconf 89' lang='lat' dir='ltr'><strong>bonum</strong></span> <span class='ocrx_word' id='word_1_803' title='bbox 3102 3774 3184 3821; x_wconf 91' lang='lat' dir='ltr'><strong>est</strong></span> <span class='ocrx_word' id='word_1_804' title='bbox 3222 3770 3457 3835; x_wconf 86' lang='lat' dir='ltr'><strong>nubere,</strong></span> <span class='ocrx_word' id='word_1_805' title='bbox 3485 3767 3595 3840; x_wconf 85' lang='lat' dir='ltr'><strong>quia</strong></span> <span class='ocrx_word' id='word_1_806' title='bbox 3622 3766 3763 3819; x_wconf 78' lang='lat' dir='ltr'><strong>bonum</strong></span> 
     </span>
    </p>
   </div>
   <div class='ocr_carea' id='block_1_99' title="bbox 2239 3846 3761 3930">
    <p class='ocr_par' dir='ltr' id='par_1_99' title="bbox 2239 3846 3761 3930">
     <span class='ocr_line' id='line_1_99' title="bbox 2239 3846 3761 3930; baseline 0.012 -30"><span class='ocrx_word' id='word_1_807' title='bbox 2239 3856 2321 3902; x_wconf 89' lang='lat' dir='ltr'><strong>est</strong></span> <span class='ocrx_word' id='word_1_808' title='bbox 2350 3846 2486 3904; x_wconf 84' lang='lat' dir='ltr'><strong>filios</strong></span> <span class='ocrx_word' id='word_1_809' title='bbox 2528 3865 2810 3920; x_wconf 90' lang='lat' dir='ltr'><strong>procreare</strong></span> <span class='ocrx_word' id='word_1_810' title='bbox 2831 3895 2846 3922; x_wconf 92' lang='lat'><strong>,</strong></span> <span class='ocrx_word' id='word_1_811' title='bbox 2880 3857 3339 3926; x_wconf 68' lang='lat' dir='ltr'><strong>matremfamilias</strong></span> <span class='ocrx_word' id='word_1_812' title='bbox 3377 3877 3494 3919; x_wconf 89' lang='lat' dir='ltr'><strong>esse</strong></span> <span class='ocrx_word' id='word_1_813' title='bbox 3517 3860 3564 3930; x_wconf 81' lang='grc' dir='ltr'><strong>(Ι</strong></span> <span class='ocrx_word' id='word_1_814' title='bbox 3602 3857 3706 3912; x_wconf 86' lang='lat' dir='ltr'><strong>Tim.</strong></span> <span class='ocrx_word' id='word_1_815' title='bbox 3729 3870 3761 3918; x_wconf 69' lang='grc' dir='ltr'><strong>ι’.</strong></span> 
     </span>
    </p>
   </div>
   <div class='ocr_carea' id='block_1_100' title="bbox 2241 3938 3761 4026">
    <p class='ocr_par' dir='ltr' id='par_1_100' title="bbox 2241 3938 3761 4026">
     <span class='ocr_line' id='line_1_100' title="bbox 2241 3938 3761 4026; baseline 0.011 -33"><span class='ocrx_word' id='word_1_816' title='bbox 2241 3938 2350 4012; x_wconf 79' lang='grc'><strong>14)</strong></span> <span class='ocrx_word' id='word_1_817' title='bbox 2388 3953 2401 3993; x_wconf 90' lang='lat'>:</span> <span class='ocrx_word' id='word_1_818' title='bbox 2431 3941 2524 3996; x_wconf 90' lang='lat' dir='ltr'><strong>sed</strong></span> <span class='ocrx_word' id='word_1_819' title='bbox 2555 3945 2747 4000; x_wconf 90' lang='lat' dir='ltr'><strong>melius</strong></span> <span class='ocrx_word' id='word_1_820' title='bbox 2777 3955 2860 4002; x_wconf 90' lang='lat' dir='ltr'><strong>est</strong></span> <span class='ocrx_word' id='word_1_821' title='bbox 2888 3964 2993 4004; x_wconf 92' lang='lat' dir='ltr'><strong>non</strong></span> <span class='ocrx_word' id='word_1_822' title='bbox 3021 3952 3241 4022; x_wconf 91' lang='lat' dir='ltr'><strong>nubere,</strong></span> <span class='ocrx_word' id='word_1_823' title='bbox 3270 3957 3397 4026; x_wconf 87' lang='lat' dir='ltr'><strong>quia</strong></span> <span class='ocrx_word' id='word_1_824' title='bbox 3431 3955 3608 4012; x_wconf 87' lang='lat' dir='ltr'><strong>melius</strong></span> <span class='ocrx_word' id='word_1_825' title='bbox 3635 3961 3698 4008; x_wconf 82' lang='lat' dir='ltr'><strong>est</strong></span> <span class='ocrx_word' id='word_1_826' title='bbox 3717 3945 3761 4000; x_wconf 63' lang='lat' dir='ltr'><strong>ad</strong></span> 
     </span>
    </p>
   </div>
   <div class='ocr_carea' id='block_1_101' title="bbox 2239 4030 3761 4120">
    <p class='ocr_par' dir='ltr' id='par_1_101' title="bbox 2239 4030 3761 4120">
     <span class='ocr_line' id='line_1_101' title="bbox 2239 4030 3761 4120; baseline 0.009 -36"><span class='ocrx_word' id='word_1_827' title='bbox 2239 4030 2407 4102; x_wconf 91' lang='lat' dir='ltr'><strong>ipsam</strong></span> <span class='ocrx_word' id='word_1_828' title='bbox 2435 4032 2722 4091; x_wconf 89' lang='lat' dir='ltr'><strong>humanam</strong></span> <span class='ocrx_word' id='word_1_829' title='bbox 2752 4039 3062 4098; x_wconf 84' lang='lat' dir='ltr'><strong>societatem</strong></span> <span class='ocrx_word' id='word_1_830' title='bbox 3095 4043 3195 4102; x_wconf 89' lang='lat' dir='ltr'><strong>hoc</strong></span> <span class='ocrx_word' id='word_1_831' title='bbox 3220 4061 3386 4120; x_wconf 89' lang='lat' dir='ltr'><strong>opere</strong></span> <span class='ocrx_word' id='word_1_832' title='bbox 3414 4063 3514 4103; x_wconf 87' lang='lat' dir='ltr'><strong>non</strong></span> <span class='ocrx_word' id='word_1_833' title='bbox 3543 4059 3689 4117; x_wconf 86' lang='lat' dir='ltr'><strong>egere.</strong></span> <span class='ocrx_word' id='word_1_834' title='bbox 3713 4039 3761 4092; x_wconf 74' lang='lat' dir='ltr'><strong>Ita</strong></span> 
     </span>
    </p>
   </div>
   <div class='ocr_carea' id='block_1_102' title="bbox 2239 4121 3761 4209">
    <p class='ocr_par' dir='ltr' id='par_1_102' title="bbox 2239 4121 3761 4209">
     <span class='ocr_line' id='line_1_102' title="bbox 2239 4121 3761 4209; baseline 0.022 -36"><span class='ocrx_word' id='word_1_835' title='bbox 2239 4121 2382 4177; x_wconf 90' lang='lat' dir='ltr'><strong>enim</strong></span> <span class='ocrx_word' id='word_1_836' title='bbox 2402 4121 2513 4192; x_wconf 89' lang='lat' dir='ltr'><strong>jam</strong></span> <span class='ocrx_word' id='word_1_837' title='bbox 2548 4139 2666 4180; x_wconf 92' lang='lat' dir='ltr'><strong>sese</strong></span> <span class='ocrx_word' id='word_1_838' title='bbox 2693 4125 2853 4196; x_wconf 86' lang='lat' dir='ltr'><strong>habet</strong></span> <span class='ocrx_word' id='word_1_839' title='bbox 2880 4129 3170 4192; x_wconf 89' lang='lat' dir='ltr'><strong>humanum</strong></span> <span class='ocrx_word' id='word_1_840' title='bbox 3207 4154 3396 4209; x_wconf 84' lang='lat' dir='ltr'><strong>genus,</strong></span> <span class='ocrx_word' id='word_1_841' title='bbox 3430 4149 3482 4206; x_wconf 83' lang='lat' dir='ltr'><strong>ut</strong></span> <span class='ocrx_word' id='word_1_842' title='bbox 3506 4138 3612 4192; x_wconf 88' lang='lat' dir='ltr'><strong>aliis</strong></span> <span class='ocrx_word' id='word_1_843' title='bbox 3633 4132 3761 4204; x_wconf 65' lang='grc' dir='ltr'>ειυίεε</span> 
     </span>
    </p>
   </div>
   <div class='ocr_carea' id='block_1_103' title="bbox 2239 4213 3757 4302">
    <p class='ocr_par' dir='ltr' id='par_1_103' title="bbox 2239 4213 3757 4302">
     <span class='ocr_line' id='line_1_103' title="bbox 2239 4213 3757 4302; baseline 0.018 -35"><span class='ocrx_word' id='word_1_844' title='bbox 2239 4228 2346 4268; x_wconf 91' lang='lat' dir='ltr'><strong>non</strong></span> <span class='ocrx_word' id='word_1_845' title='bbox 2375 4216 2670 4286; x_wconf 90' lang='lat' dir='ltr'><strong>continent,</strong></span> <span class='ocrx_word' id='word_1_846' title='bbox 2693 4235 2798 4278; x_wconf 91' lang='lat' dir='ltr'><strong>non</strong></span> <span class='ocrx_word' id='word_1_847' title='bbox 2837 4224 3010 4282; x_wconf 88' lang='lat' dir='ltr'><strong>solum</strong></span> <span class='ocrx_word' id='word_1_848' title='bbox 3055 4244 3148 4299; x_wconf 86' lang='lat' dir='ltr'><strong>per</strong></span> <span class='ocrx_word' id='word_1_849' title='bbox 3169 4213 3386 4302; x_wconf 85' lang='lat' dir='ltr'><strong>nuptias</strong></span> <span class='ocrx_word' id='word_1_850' title='bbox 3413 4229 3670 4302; x_wconf 47' lang='lat' dir='ltr'><strong>occupatis</strong></span> <span class='ocrx_word' id='word_1_851' title='bbox 3693 4221 3757 4279; x_wconf 65' lang='grc' dir='ltr'><strong>θεά</strong></span> 
     </span>
    </p>
   </div>
   <div class='ocr_carea' id='block_1_104' title="bbox 2240 4305 3754 4382">
    <p class='ocr_par' dir='ltr' id='par_1_104' title="bbox 2240 4305 3754 4382">
     <span class='ocr_line' id='line_1_104' title="bbox 2240 4305 3754 4382; baseline 0.012 -24"><span class='ocrx_word' id='word_1_852' title='bbox 2240 4305 2425 4362; x_wconf 90' lang='lat' dir='ltr'><strong>multis</strong></span> <span class='ocrx_word' id='word_1_853' title='bbox 2467 4307 2626 4363; x_wconf 89' lang='lat' dir='ltr'><strong>etiam</strong></span> <span class='ocrx_word' id='word_1_854' title='bbox 2662 4325 2765 4381; x_wconf 89' lang='lat' dir='ltr'><strong>per</strong></span> <span class='ocrx_word' id='word_1_855' title='bbox 2809 4313 3022 4372; x_wconf 89' lang='lat' dir='ltr'><strong>illicitos</strong></span> <span class='ocrx_word' id='word_1_856' title='bbox 3058 4321 3375 4382; x_wconf 87' lang='lat' dir='ltr'><strong>concubitus</strong></span> <span class='ocrx_word' id='word_1_857' title='bbox 3411 4318 3754 4379; x_wconf 77' lang='lat' dir='ltr'><strong>luxuriantibuS.</strong></span> 
     </span>
    </p>
   </div>
   <div class='ocr_carea' id='block_1_105' title="bbox 2238 4393 3756 4486">
    <p class='ocr_par' dir='ltr' id='par_1_105' title="bbox 2238 4393 3756 4486">
     <span class='ocr_line' id='line_1_105' title="bbox 2238 4393 3756 4486; baseline 0.011 -37"><span class='ocrx_word' id='word_1_858' title='bbox 2238 4393 2380 4452; x_wconf 91' lang='lat' dir='ltr'><strong>bono</strong></span> <span class='ocrx_word' id='word_1_859' title='bbox 2407 4397 2659 4455; x_wconf 89' lang='lat' dir='ltr'><strong>Creatore</strong></span> <span class='ocrx_word' id='word_1_860' title='bbox 2684 4401 2752 4457; x_wconf 92' lang='lat' dir='ltr'><strong>de</strong></span> <span class='ocrx_word' id='word_1_861' title='bbox 2792 4405 2944 4466; x_wconf 88' lang='lat' dir='ltr'><strong>malis</strong></span> <span class='ocrx_word' id='word_1_862' title='bbox 2973 4422 3158 4470; x_wconf 84' lang='lat' dir='ltr'><strong>eorum</strong></span> <span class='ocrx_word' id='word_1_863' title='bbox 3196 4411 3425 4472; x_wconf 85' lang='lat' dir='ltr'><strong>faciente</strong></span> <span class='ocrx_word' id='word_1_864' title='bbox 3460 4411 3588 4486; x_wconf 88' lang='lat' dir='ltr'><strong>quod</strong></span> <span class='ocrx_word' id='word_1_865' title='bbox 3612 4409 3756 4464; x_wconf 83' lang='lat' dir='ltr'><strong>bonum</strong></span> 
     </span>
    </p>
   </div>
   <div class='ocr_carea' id='block_1_106' title="bbox 2239 4490 3754 4572">
    <p class='ocr_par' dir='ltr' id='par_1_106' title="bbox 2239 4490 3754 4572">
     <span class='ocr_line' id='line_1_106' title="bbox 2239 4490 3754 4572; baseline 0.011 -30"><span class='ocrx_word' id='word_1_866' title='bbox 2239 4497 2343 4556; x_wconf 91' lang='lat' dir='ltr'><strong>est,</strong></span> <span class='ocrx_word' id='word_1_867' title='bbox 2376 4504 2480 4544; x_wconf 88' lang='lat' dir='ltr'><strong>non</strong></span> <span class='ocrx_word' id='word_1_868' title='bbox 2512 4490 2650 4547; x_wconf 91' lang='lat' dir='ltr'><strong>desit</strong></span> <span class='ocrx_word' id='word_1_869' title='bbox 2680 4499 3031 4554; x_wconf 89' lang='lat' dir='ltr'><strong>numerositas</strong></span> <span class='ocrx_word' id='word_1_870' title='bbox 3061 4505 3228 4572; x_wconf 89' lang='lat' dir='ltr'><strong>prolis</strong></span> <span class='ocrx_word' id='word_1_871' title='bbox 3270 4517 3325 4563; x_wconf 92' lang='lat' dir='ltr'><strong>et</strong></span> <span class='ocrx_word' id='word_1_872' title='bbox 3361 4503 3650 4564; x_wconf 83' lang='lat' dir='ltr'><strong>abundantia</strong></span> <span class='ocrx_word' id='word_1_873' title='bbox 3672 4512 3754 4554; x_wconf 76' lang='lat' dir='ltr'><strong>suc-</strong></span> 
     </span>
    </p>
   </div>
   <div class='ocr_carea' id='block_1_107' title="bbox 2238 4583 3755 4672">
    <p class='ocr_par' dir='ltr' id='par_1_107' title="bbox 2238 4583 3755 4672">
     <span class='ocr_line' id='line_1_107' title="bbox 2238 4583 3755 4672; baseline 0.016 -37"><span class='ocrx_word' id='word_1_874' title='bbox 2238 4583 2516 4648; x_wconf 90' lang='lat' dir='ltr'><strong>cessionis,</strong></span> <span class='ocrx_word' id='word_1_875' title='bbox 2541 4585 2683 4642; x_wconf 91' lang='lat' dir='ltr'><strong>unde</strong></span> <span class='ocrx_word' id='word_1_876' title='bbox 2707 4598 2906 4646; x_wconf 87' lang='lat' dir='ltr'><strong>sanctae</strong></span> <span class='ocrx_word' id='word_1_877' title='bbox 2928 4583 3174 4652; x_wconf 65' lang='lat' dir='ltr'><strong>amicitia:</strong></span> <span class='ocrx_word' id='word_1_878' title='bbox 3195 4603 3580 4672; x_wconf 83' lang='lat' dir='ltr'><strong>conquirantur.</strong></span> <span class='ocrx_word' id='word_1_879' title='bbox 3604 4594 3665 4649; x_wconf 79' lang='lat' dir='ltr'><strong>Ex</strong></span> <span class='ocrx_word' id='word_1_880' title='bbox 3682 4601 3755 4658; x_wconf 76' lang='grc' dir='ltr'><strong>(ιυο</strong></span> 
     </span>
    </p>
   </div>
   <div class='ocr_carea' id='block_1_108' title="bbox 2239 4672 3749 4759">
    <p class='ocr_par' dir='ltr' id='par_1_108' title="bbox 2239 4672 3749 4759">
     <span class='ocr_line' id='line_1_108' title="bbox 2239 4672 3749 4759; baseline 0.003 -29"><span class='ocrx_word' id='word_1_881' title='bbox 2239 4672 2524 4746; x_wconf 83' lang='lat' dir='ltr'><strong>colligitur,</strong></span> <span class='ocrx_word' id='word_1_882' title='bbox 2559 4679 2743 4748; x_wconf 91' lang='lat' dir='ltr'><strong>primis</strong></span> <span class='ocrx_word' id='word_1_883' title='bbox 2785 4684 3114 4753; x_wconf 89' lang='lat' dir='ltr'><strong>temporibus</strong></span> <span class='ocrx_word' id='word_1_884' title='bbox 3147 4692 3360 4759; x_wconf 91' lang='lat' dir='ltr'><strong>generis</strong></span> <span class='ocrx_word' id='word_1_885' title='bbox 3384 4689 3598 4756; x_wconf 74' lang='lat' dir='ltr'><strong>humani,</strong></span> <span class='ocrx_word' id='word_1_886' title='bbox 3623 4678 3749 4738; x_wconf 72' lang='lat' dir='ltr'><strong>mati-</strong></span> 
     </span>
    </p>
   </div>
   <div class='ocr_carea' id='block_1_109' title="bbox 2238 4770 3753 4854">
    <p class='ocr_par' dir='ltr' id='par_1_109' title="bbox 2238 4770 3753 4854">
     <span class='ocr_line' id='line_1_109' title="bbox 2238 4770 3753 4854; baseline 0.012 -34"><span class='ocrx_word' id='word_1_887' title='bbox 2238 4781 2324 4822; x_wconf 90' lang='lat' dir='ltr'><strong>me</strong></span> <span class='ocrx_word' id='word_1_888' title='bbox 2355 4776 2571 4838; x_wconf 89' lang='lat' dir='ltr'><strong>propter</strong></span> <span class='ocrx_word' id='word_1_889' title='bbox 2601 4770 2692 4826; x_wconf 91' lang='lat' dir='ltr'><strong>Dei</strong></span> <span class='ocrx_word' id='word_1_890' title='bbox 2727 4775 2978 4844; x_wconf 90' lang='lat' dir='ltr'><strong>populum</strong></span> <span class='ocrx_word' id='word_1_891' title='bbox 3009 4784 3434 4853; x_wconf 87' lang='lat' dir='ltr'><strong>propagandum,</strong></span> <span class='ocrx_word' id='word_1_892' title='bbox 3459 4797 3548 4854; x_wconf 89' lang='lat' dir='ltr'><strong>per</strong></span> <span class='ocrx_word' id='word_1_893' title='bbox 3571 4788 3694 4849; x_wconf 79' lang='lat' dir='ltr'><strong>quem</strong></span> <span class='ocrx_word' id='word_1_894' title='bbox 3717 4777 3753 4824; x_wconf 71' lang='grc' dir='ltr'><strong>ει</strong></span> 
     </span>
    </p>
   </div>
   <div class='ocr_carea' id='block_1_110' title="bbox 2237 4857 3748 4948">
    <p class='ocr_par' dir='ltr' id='par_1_110' title="bbox 2237 4857 3748 4948">
     <span class='ocr_line' id='line_1_110' title="bbox 2237 4857 3748 4948; baseline 0.003 -37"><span class='ocrx_word' id='word_1_895' title='bbox 2237 4857 2650 4936; x_wconf 74' lang='lat' dir='ltr'><strong>prophetaretur</strong></span> <span class='ocrx_word' id='word_1_896' title='bbox 2692 4871 2746 4919; x_wconf 90' lang='lat' dir='ltr'><strong>et</strong></span> <span class='ocrx_word' id='word_1_897' title='bbox 2805 4878 3113 4927; x_wconf 85' lang='lat' dir='ltr'><strong>nasceretur</strong></span> <span class='ocrx_word' id='word_1_898' title='bbox 3161 4873 3412 4948; x_wconf 89' lang='lat' dir='ltr'><strong>Princeps</strong></span> <span class='ocrx_word' id='word_1_899' title='bbox 3477 4881 3525 4929; x_wconf 85' lang='lat' dir='ltr'><strong>et</strong></span> <span class='ocrx_word' id='word_1_900' title='bbox 3563 4867 3748 4925; x_wconf 78' lang='lat' dir='ltr'><strong>Salvator</strong></span> 
     </span>
    </p>
   </div>
   <div class='ocr_carea' id='block_1_111' title="bbox 2237 4950 3746 5026">
    <p class='ocr_par' dir='ltr' id='par_1_111' title="bbox 2237 4950 3746 5026">
     <span class='ocr_line' id='line_1_111' title="bbox 2237 4950 3746 5026; baseline 0.019 -26"><span class='ocrx_word' id='word_1_901' title='bbox 2237 4950 2472 5004; x_wconf 88' lang='lat' dir='ltr'><strong>omnium</strong></span> <span class='ocrx_word' id='word_1_902' title='bbox 2505 4953 2819 5022; x_wconf 81' lang='lat' dir='ltr'><strong>papulorum</strong></span> <span class='ocrx_word' id='word_1_903' title='bbox 2843 4998 2857 5020; x_wconf 91' lang='lat'><strong>,</strong></span> <span class='ocrx_word' id='word_1_904' title='bbox 2894 4960 2969 5014; x_wconf 89' lang='lat' dir='ltr'><strong>uti</strong></span> <span class='ocrx_word' id='word_1_905' title='bbox 3008 4961 3257 5021; x_wconf 89' lang='lat' dir='ltr'><strong>debuisse</strong></span> <span class='ocrx_word' id='word_1_906' title='bbox 3294 4975 3498 5023; x_wconf 89' lang='lat' dir='ltr'><strong>sanctos</strong></span> <span class='ocrx_word' id='word_1_907' title='bbox 3523 4963 3641 5026; x_wconf 65' lang='lat' dir='ltr'><strong>ista.</strong></span> <span class='ocrx_word' id='word_1_908' title='bbox 3673 4964 3746 5009; x_wconf 64' lang='lat'><strong>&quot;0’</strong></span> 
     </span>
    </p>
   </div>
   <div class='ocr_carea' id='block_1_112' title="bbox 2239 5041 3745 5128">
    <p class='ocr_par' dir='ltr' id='par_1_112' title="bbox 2239 5041 3745 5128">
     <span class='ocr_line' id='line_1_112' title="bbox 2239 5041 3745 5128; baseline 0.011 -36"><span class='ocrx_word' id='word_1_909' title='bbox 2239 5049 2456 5108; x_wconf 86' lang='lat' dir='ltr'><strong>propter</strong></span> <span class='ocrx_word' id='word_1_910' title='bbox 2487 5056 2545 5097; x_wconf 91' lang='lat' dir='ltr'><strong>se</strong></span> <span class='ocrx_word' id='word_1_911' title='bbox 2581 5048 2915 5116; x_wconf 85' lang='lat' dir='ltr'><strong>expetendo,</strong></span> <span class='ocrx_word' id='word_1_912' title='bbox 2962 5053 3055 5108; x_wconf 88' lang='lat' dir='ltr'><strong>sed</strong></span> <span class='ocrx_word' id='word_1_913' title='bbox 3092 5067 3308 5128; x_wconf 91' lang='lat' dir='ltr'><strong>propter</strong></span> <span class='ocrx_word' id='word_1_914' title='bbox 3335 5057 3469 5115; x_wconf 89' lang='lat' dir='ltr'><strong>aliud</strong></span> <span class='ocrx_word' id='word_1_915' title='bbox 3511 5041 3745 5110; x_wconf 67' lang='lat' dir='ltr'><strong>necessario</strong></span> 
     </span>
    </p>
   </div>
   <div class='ocr_carea' id='block_1_113' title="bbox 2238 5129 3841 5220">
    <p class='ocr_par' dir='ltr' id='par_1_113' title="bbox 2238 5129 3841 5220">
     <span class='ocr_line' id='line_1_113' title="bbox 2238 5129 3841 5220; baseline 0.014 -37"><span class='ocrx_word' id='word_1_916' title='bbox 2238 5129 2379 5186; x_wconf 86' lang='lat' dir='ltr'><strong>bono</strong></span> <span class='ocrx_word' id='word_1_917' title='bbox 2424 5135 2727 5204; x_wconf 87' lang='lat' dir='ltr'><strong>nuptiarum</strong></span> <span class='ocrx_word' id='word_1_918' title='bbox 2759 5157 2773 5194; x_wconf 88' lang='lat'><strong>:</strong></span> <span class='ocrx_word' id='word_1_919' title='bbox 2807 5156 2947 5198; x_wconf 92' lang='lat' dir='ltr'><strong>nunc</strong></span> <span class='ocrx_word' id='word_1_920' title='bbox 2972 5160 3100 5202; x_wconf 89' lang='lat' dir='ltr'><strong>vero</strong></span> <span class='ocrx_word' id='word_1_921' title='bbox 3143 5163 3261 5204; x_wconf 91' lang='lat' dir='ltr'><strong>cum</strong></span> <span class='ocrx_word' id='word_1_922' title='bbox 3290 5151 3354 5206; x_wconf 86' lang='lat' dir='ltr'><strong>ad</strong></span> <span class='ocrx_word' id='word_1_923' title='bbox 3393 5144 3639 5206; x_wconf 79' lang='lat' dir='ltr'><strong>iucundam</strong></span> <span class='ocrx_word' id='word_1_924' title='bbox 3659 5147 3743 5190; x_wconf 64' lang='grc' dir='ltr'><strong>εἵαθ’</strong></span> 
     </span>
    </p>
   </div>
   <div class='ocr_carea' id='block_1_114' title="bbox 2238 5226 3739 5313">
    <p class='ocr_par' dir='ltr' id='par_1_114' title="bbox 2238 5226 3739 5313">
     <span class='ocr_line' id='line_1_114' title="bbox 2238 5226 3739 5313; baseline 0.004 -35"><span class='ocrx_word' id='word_1_925' title='bbox 2238 5233 2376 5278; x_wconf 89' lang='lat' dir='ltr'><strong>ctam</strong></span> <span class='ocrx_word' id='word_1_926' title='bbox 2427 5234 2482 5280; x_wconf 91' lang='lat' dir='ltr'><strong>et</strong></span> <span class='ocrx_word' id='word_1_927' title='bbox 2533 5228 2797 5286; x_wconf 88' lang='lat' dir='ltr'><strong>sinceram</strong></span> <span class='ocrx_word' id='word_1_928' title='bbox 2841 5235 3148 5294; x_wconf 89' lang='lat' dir='ltr'><strong>societatem</strong></span> <span class='ocrx_word' id='word_1_929' title='bbox 3195 5242 3421 5313; x_wconf 87' lang='lat' dir='ltr'><strong>undique</strong></span> <span class='ocrx_word' id='word_1_930' title='bbox 3460 5253 3517 5294; x_wconf 81' lang='lat' dir='ltr'><strong>ex</strong></span> <span class='ocrx_word' id='word_1_931' title='bbox 3556 5226 3739 5288; x_wconf 67' lang='lat' dir='ltr'><strong>omnibtliI</strong></span> 
     </span>
    </p>
   </div>
   <div class='ocr_carea' id='block_1_115' title="bbox 2237 5316 3841 5401">
    <p class='ocr_par' dir='ltr' id='par_1_115' title="bbox 2237 5316 3841 5401">
     <span class='ocr_line' id='line_1_115' title="bbox 2237 5316 3841 5401; baseline 0.014 -34"><span class='ocrx_word' id='word_1_932' title='bbox 2237 5316 2484 5384; x_wconf 82' lang='lat' dir='ltr'><strong>gentibus</strong></span> <span class='ocrx_word' id='word_1_933' title='bbox 2515 5321 2669 5390; x_wconf 89' lang='lat' dir='ltr'><strong>copia</strong></span> <span class='ocrx_word' id='word_1_934' title='bbox 2699 5323 2993 5393; x_wconf 83' lang='lat' dir='ltr'><strong>spiritualis</strong></span> <span class='ocrx_word' id='word_1_935' title='bbox 3013 5332 3341 5401; x_wconf 85' lang='lat' dir='ltr'><strong>cognationis</strong></span> <span class='ocrx_word' id='word_1_936' title='bbox 3365 5317 3738 5389; x_wconf 61' lang='lat' dir='ltr'><strong>exubereheiiam</strong></span> <span class='ocrx_word' id='word_1_937' title='bbox 3840 5377 3841 5380; x_wconf 57' lang='grc' dir='ltr'><strong>η</strong></span> 
     </span>
    </p>
   </div>
   <div class='ocr_carea' id='block_1_116' title="bbox 2239 5412 3737 5497">
    <p class='ocr_par' dir='ltr' id='par_1_116' title="bbox 2239 5412 3737 5497">
     <span class='ocr_line' id='line_1_116' title="bbox 2239 5412 3737 5497; baseline 0.017 -36"><span class='ocrx_word' id='word_1_938' title='bbox 2239 5417 2457 5479; x_wconf 90' lang='lat' dir='ltr'><strong>propter</strong></span> <span class='ocrx_word' id='word_1_939' title='bbox 2469 5412 2613 5467; x_wconf 91' lang='lat' dir='ltr'><strong>solos</strong></span> <span class='ocrx_word' id='word_1_940' title='bbox 2633 5413 2767 5471; x_wconf 88' lang='lat' dir='ltr'><strong>filios</strong></span> <span class='ocrx_word' id='word_1_941' title='bbox 2784 5421 3043 5476; x_wconf 89' lang='lat' dir='ltr'><strong>connubia</strong></span> <span class='ocrx_word' id='word_1_942' title='bbox 3065 5426 3313 5495; x_wconf 84' lang='lat' dir='ltr'><strong>copulare</strong></span> <span class='ocrx_word' id='word_1_943' title='bbox 3331 5425 3590 5497; x_wconf 62' lang='lat' dir='ltr'><strong>cupientes,</strong></span> <span class='ocrx_word' id='word_1_944' title='bbox 3605 5419 3737 5467; x_wconf 68' lang='grc'><strong>⁸⁸³³³⁸</strong></span> 
     </span>
    </p>
   </div>
   <div class='ocr_carea' id='block_1_117' title="bbox 2239 5499 3733 5601">
    <p class='ocr_par' dir='ltr' id='par_1_117' title="bbox 2239 5499 3733 5601">
     <span class='ocr_line' id='line_1_117' title="bbox 2239 5499 3733 5601; baseline 0.009 -49"><span class='ocrx_word' id='word_1_945' title='bbox 2239 5499 2406 5571; x_wconf 87' lang='lat' dir='ltr'><strong>pliore</strong></span> <span class='ocrx_word' id='word_1_946' title='bbox 2423 5503 2760 5562; x_wconf 68' lang='lat' dir='ltr'><strong>continentiae</strong></span> <span class='ocrx_word' id='word_1_947' title='bbox 2777 5509 2917 5566; x_wconf 89' lang='lat' dir='ltr'><strong>bono</strong></span> <span class='ocrx_word' id='word_1_948' title='bbox 2931 5513 3108 5584; x_wconf 91' lang='lat' dir='ltr'><strong>potius</strong></span> <span class='ocrx_word' id='word_1_949' title='bbox 3126 5525 3337 5574; x_wconf 88' lang='lat' dir='ltr'><strong>utantur</strong></span> <span class='ocrx_word' id='word_1_950' title='bbox 3347 5503 3622 5572; x_wconf 86' lang='lat' dir='ltr'><strong>admonendi</strong></span> <span class='ocrx_word' id='word_1_951' title='bbox 3634 5502 3733 5601; x_wconf 65' lang='lat' dir='ltr'><strong>stin&quot;</strong></span> 
     </span>
    </p>
   </div>
   <div class='ocr_carea' id='block_1_118' title="bbox 2309 5591 3730 5677">
    <p class='ocr_par' dir='ltr' id='par_1_118' title="bbox 2309 5591 3730 5677">
     <span class='ocr_line' id='line_1_118' title="bbox 2309 5591 3730 5677; baseline -0.005 -31"><span class='ocrx_word' id='word_1_952' title='bbox 2309 5591 2534 5649; x_wconf 86' lang='lat' dir='ltr'><strong>CAPUT</strong></span> <span class='ocrx_word' id='word_1_953' title='bbox 2571 5594 2640 5650; x_wconf 79' lang='grc' dir='ltr'><strong>Χ.</strong></span> <span class='ocrx_word' id='word_1_954' title='bbox 2691 5630 2760 5639; x_wconf 92' lang='grc'><strong><em>-</em></strong></span> <span class='ocrx_word' id='word_1_955' title='bbox 2815 5603 2900 5658; x_wconf 83' lang='grc'><strong>10.</strong></span> <span class='ocrx_word' id='word_1_956' title='bbox 2958 5604 3182 5677; x_wconf 80' lang='lat' dir='ltr'><strong>Objcclio</strong></span> <span class='ocrx_word' id='word_1_957' title='bbox 3232 5620 3401 5665; x_wconf 80' lang='lat' dir='ltr'><strong>contra</strong></span> <span class='ocrx_word' id='word_1_958' title='bbox 3433 5592 3730 5661; x_wconf 62' lang='lat' dir='ltr'><strong>continentium</strong></span> 
     </span>
    </p>
   </div>
   <div class='ocr_carea' id='block_1_119' title="bbox 2241 5684 3729 5774">
    <p class='ocr_par' dir='ltr' id='par_1_119' title="bbox 2241 5684 3729 5774">
     <span class='ocr_line' id='line_1_119' title="bbox 2241 5684 3729 5774; baseline -0.003 -34"><span class='ocrx_word' id='word_1_959' title='bbox 2241 5684 2396 5741; x_wconf 83' lang='lat' dir='ltr'><strong>Nunc</strong></span> <span class='ocrx_word' id='word_1_960' title='bbox 2437 5690 2475 5743; x_wconf 86' lang='lat' dir='ltr'><strong>ii</strong></span> <span class='ocrx_word' id='word_1_961' title='bbox 2515 5689 2611 5744; x_wconf 88' lang='lat' dir='ltr'><strong>soli</strong></span> <span class='ocrx_word' id='word_1_962' title='bbox 2643 5695 2911 5765; x_wconf 81' lang='lat' dir='ltr'><strong>conjugari</strong></span> <span class='ocrx_word' id='word_1_963' title='bbox 2950 5700 3155 5772; x_wconf 77' lang='lat' dir='ltr'><strong>debent,</strong></span> <span class='ocrx_word' id='word_1_964' title='bbox 3187 5706 3274 5774; x_wconf 87' lang='lat' dir='ltr'><strong>qni</strong></span> <span class='ocrx_word' id='word_1_965' title='bbox 3312 5721 3362 5760; x_wconf 80' lang='lat' dir='ltr'><strong>se</strong></span> <span class='ocrx_word' id='word_1_966' title='bbox 3401 5717 3489 5757; x_wconf 87' lang='lat' dir='ltr'><strong>non</strong></span> <span class='ocrx_word' id='word_1_967' title='bbox 3524 5685 3729 5749; x_wconf 68' lang='lat' dir='ltr'><strong>continent-</strong></span> 
     </span>
    </p>
   </div>
   <div class='ocr_carea' id='block_1_120' title="bbox 2243 5774 3730 5867">
    <p class='ocr_par' dir='ltr' id='par_1_120' title="bbox 2243 5774 3730 5867">
     <span class='ocr_line' id='line_1_120' title="bbox 2243 5774 3730 5867; baseline -0.014 -18"><span class='ocrx_word' id='word_1_968' title='bbox 2243 5779 2464 5848; x_wconf 72' lang='grc' dir='ltr'><strong>Νυριὶαδ</strong></span> <span class='ocrx_word' id='word_1_969' title='bbox 2498 5806 2595 5845; x_wconf 85' lang='lat' dir='ltr'><strong>non</strong></span> <span class='ocrx_word' id='word_1_970' title='bbox 2633 5811 2735 5848; x_wconf 67' lang='lat'><strong>(’55.!</strong></span> <span class='ocrx_word' id='word_1_971' title='bbox 2765 5803 3038 5858; x_wconf 73' lang='lat' dir='ltr'><strong>pt’t‘t‘ttl&#39;ltttt.</strong></span> <span class='ocrx_word' id='word_1_972' title='bbox 3075 5795 3335 5867; x_wconf 84' lang='lat' dir='ltr'><strong>Nttptialis</strong></span> <span class='ocrx_word' id='word_1_973' title='bbox 3371 5774 3730 5855; x_wconf 68' lang='lat' dir='ltr'><strong>concubinum/tu</strong></span> 
     </span>
    </p>
   </div>
  </div>
