3874 6400
37 403 81 459 3.
1370 388 1573 444 LIBER
1611 388 1814 446 unus.

38 518 68 568 re
93 520 159 568 est
182 510 263 580 qui
283 510 340 579 ﬁt
373 523 535 562 causa
564 505 854 577 generandi.
884 502 989 560 Sed
1018 503 1143 560 novi
1172 504 1261 573 qui
1302 518 1546 557 murmu-

38 619 123 660 :nt:
154 602 277 672 Quid
322 602 401 669 si,
432 600 720 670 inquiunt,
763 612 949 654 omnes
994 597 1239 653 homines
1278 596 1443 651 velint
1483 595 1552 650 ab

40 699 111 751 uni
136 693 407 750 concubitu
434 692 751 755 continere;
784 689 923 744 unde
959 689 1217 744 subsistet
1255 702 1422 758 genus
1449 686 1549 740 bu-

38 790 208 844 auum?
231 786 441 843 Utinam
469 798 664 839 omnes
689 782 792 838 hoc
812 782 1034 847 vellent,
1058 781 1312 836 duntaxat
1338 780 1390 834 in
1416 778 1547 834 cha-

36 892 122 935 tale
142 880 202 933 de
227 878 386 933 corde
426 891 574 947 puro
601 884 651 929 et
687 874 1014 929 conscientia
1060 873 1198 927 bona
1227 880 1284 927 et
1311 871 1413 926 ﬁde
1441 885 1547 926 non

36 984 87 1025 ςιςι
116 969 287 1041 (ΙΤὶηι.
321 984 354 1034 ι,
382 966 441 1037 5)
462 966 664 1021 :multo
685 966 844 1021 citius
860 963 1541 1033 Deicivitascompleretur,

72 1065 433 1117 acceleraretur
483 1059 749 1115 terminus
785 1057 987 1113 smculi.
1036 1055 1174 1125 Quid
1216 1057 1359 1112 enim
1404 1055 1547 1110 aliud

44 1158 160 1211 n'lari
182 1163 390 1225 apparet
417 1152 768 1223 Apostolnm,
801 1151 890 1206 ubi
914 1152 1009 1217 ait,
1051 1165 1173 1205 cum
1203 1149 1326 1205 inde
1357 1149 1545 1219 loque-

34 1262 132 1313 τιατ,
164 1247 335 1300 Vellent
356 1262 537 1299 omnes
560 1260 667 1300 esse
681 1244 811 1298 sicut
831 1259 910 1297 me
934 1243 1101 1312 ipsum
1116 1243 1142 1296 ?
1163 1244 1267 1296 Aut
1287 1241 1376 1295 illo
1397 1241 1544 1296 loco:

34 1342 91 1393 loc
116 1348 258 1393 autem
277 1338 410 1404 dico,
435 1341 628 1407 fratres
652 1351 671 1389 :
690 1344 888 1404 tempus
914 1335 1058 1388 breue
1080 1342 1187 1397 est;
1208 1333 1455 1403 reliquum
1475 1340 1548 1386 est

34 1443 40 1481 ε
61 1446 99 1483 et
128 1432 167 1483 ln
192 1431 263 1496 qui
285 1430 469 1483 habent
500 1443 689 1481 uxores
708 1468 723 1493 ,
762 1435 999 1495 tanquam
1025 1441 1125 1478 non
1152 1424 1385 1477 habentes
1410 1423 1548 1487 sint;

33 1532 43 1574 l
68 1539 141 1583 mn
169 1526 286 1587 item,
320 1531 573 1592 tanquam
598 1535 698 1573 non
730 1520 945 1588 ﬂentes;
968 1526 1015 1572 et
1048 1517 1134 1587 qui
1158 1516 1399 1586 gaudent,
1428 1524 1547 1568 tan-

34 1632 129 1667 tum:
149 1630 231 1667 nos
254 1613 528 1683 gaudentes
546 1628 571 1676 ;
600 1620 647 1665 et
670 1611 757 1680 qui
781 1617 971 1674 emunt,
996 1618 1234 1679 tanquam
1255 1624 1353 1661 non
1373 1623 1547 1660 emen-

32 1722 87 1761 τι·
110 1716 147 1758 et
173 1705 247 1775 qui
278 1713 492 1757 utuntur
522 1703 625 1756 hoc
649 1701 859 1767 ntundo,
888 1708 1125 1771 tanquam
1151 1716 1251 1752 non
1290 1706 1498 1752 utantur
1527 1712 1547 1751 :

34 1800 181 1851 nutent
204 1798 325 1850 enim
345 1798 519 1865 ﬁgura
547 1795 704 1864 hujus
734 1793 929 1847 mundi.
975 1791 1098 1846 Volo
1116 1808 1202 1845 vos
1222 1792 1334 1844 sine
1352 1790 1547 1844 sollici-

32 1890 140 1939 tdme
158 1902 265 1939 esse.
291 1885 494 1941 Deinde
526 1885 803 1955 subiungit
828 1902 840 1935 :
872 1884 973 1951 Qui
1003 1885 1111 1938 sine
1135 1899 1292 1938 uxore
1316 1892 1387 1937 est
1406 1925 1422 1950 ,
1462 1899 1547 1937 co-

32 1983 104 2034 itat
134 1995 185 2033 ea
210 1994 313 2050 qua
351 1986 473 2031 sunt
512 1975 763 2043 Domini,
804 1977 1053 2045 quomodo
1078 1976 1275 2046 placeat
1304 1974 1542 2028 Domino.

31 2071 89 2139 lui
109 2080 248 2126 autem
274 2068 602 2125 matrimonia
630 2069 927 2134 coniunctus
950 2076 1051 2132 est,
1084 2067 1267 2138 cogitat
1296 2082 1407 2135 qua:
1430 2075 1547 2120 sunt

30 2164 163 2228 nandi,
183 2165 412 2233 quomodo
440 2164 651 2235 placeat
682 2161 850 2217 amri.
878 2158 948 2215 Et
974 2160 1135 2215 diuisa
1159 2168 1232 2215 est
1261 2161 1440 2215 mulier
1465 2160 1548 2214 in-

30 2267 134 2323 rupta
154 2267 191 2310 et
212 2257 371 2328 ἀγροί
404 2275 416 2310 :
449 2272 574 2328 qua:
598 2257 817 2328 innupta
846 2263 949 2325 est,
990 2254 1208 2310 sollicita
1237 2263 1313 2310 est
1341 2272 1400 2309 ea
1435 2271 1548 2325 qua:

30 2362 106 2403 aut
123 2349 309 2417 Domini,
335 2359 386 2403 ut
403 2353 470 2405 sit
487 2358 679 2404 sancta
706 2358 752 2403 et
779 2365 987 2420 corpore
1015 2356 1060 2403 et
1084 2349 1299 2418 spiritu;
1322 2363 1436 2420 qua:
1454 2365 1547 2404 au-

30 2448 231 2510 taunspta
261 2452 341 2504 est,
376 2441 611 2496 sollicita
644 2452 717 2496 est
752 2456 865 2512 quin
899 2449 1019 2495 sunt
1054 2442 1263 2509 mundi,
1294 2442 1546 2511 quomoda

38 2532 177 2597 placeat
193 2532 293 2585 tiro.
323 2532 467 2588 Unde
494 2532 640 2588 mihi
667 2531 878 2587 videtur
898 2532 1001 2587 boc
1024 2540 1265 2602 tempore
1284 2532 1428 2587 solos
1451 2548 1545 2588 eos

41 2621 107 2687 qui
130 2636 275 2675 sema
296 2625 572 2678 continent
593 2664 609 2687 ,
645 2623 919 2693 coniugari
951 2631 1220 2693 oportere,
1250 2624 1544 2679 secundum

48 2711 158 2764 illam
177 2713 358 2781 eundem
383 2714 632 2786 apostoli
673 2715 993 2771 sententiam
1029 2732 1042 2767 :
1078 2714 1228 2783 Quod
1265 2716 1307 2769 si
1348 2731 1400 2770 se
1445 2732 1545 2770 non

48 2802 250 2869 continuit,
269 2806 468 2873 nabant;
492 2808 687 2865 melius
699 2814 776 2860 est
803 2807 935 2861 enim
964 2806 1149 2861 nubere
1166 2824 1317 2877 quam
1343 2808 1444 2861 uri.

96 2892 157 2946 ll.
183 2892 266 2951 Nec
286 2898 403 2967 ipsis
428 2910 623 2954 tamen
654 2906 931 2968 peccatum
954 2908 1077 2955 sunt
1107 2901 1325 2969 nuptiae,
1349 2916 1467 2970 qua:
1496 2900 1544 2956 si

40 2981 75 3037 ia
91 2990 412 3056 conparatione
437 2990 824 3046 fornicationis
848 2992 1191 3061 eligerentur,
1226 2992 1400 3047 minus
1422 3007 1544 3062 pec-

35 3088 157 3133 catum
178 3091 329 3138 essent
366 3099 530 3154 quam
574 3082 887 3151 fornicatio,
917 3084 1011 3139 sed
1056 3094 1229 3140 tamen
1267 3094 1541 3155 peccatum

29 3180 171 3224 essent.
192 3171 320 3229 Nunc
339 3186 519 3232 autem
546 3173 683 3246 quid
708 3174 900 3231 dicturi
926 3190 1111 3231 sumus
1143 3176 1401 3232 adversus
1427 3178 1542 3233 evi-

28 3255 313 3319 dentissimam
338 3281 527 3323 vocem
560 3266 807 3337 Apostoli
846 3267 1071 3323 dicentis
1100 3285 1112 3320 :
1145 3268 1294 3337 Quod
1330 3268 1435 3324 vult
1462 3271 1543 3341 fa-

26 3350 94 3400 άαι
108 3367 123 3412 ;
143 3369 227 3407 non
243 3366 422 3424 peccat,
443 3357 669 3412 sinubat
691 3373 712 3421 ;
736 3366 809 3423 et,
835 3357 1159 3428 Siacceperis
1180 3376 1407 3425 uxorem,
1440 3378 1543 3416 non

26 3444 217 3507 peccati;
245 3448 606 3518 asinupsen't
633 3448 794 3519 uirgo,
824 3465 924 3503 non
953 3459 1124 3519 peccat
1150 3450 1191 3521 (1
1223 3450 1342 3506 Cor.
1366 3467 1456 3519 vn,
1484 3452 1539 3518 7,

25 3525 177 3603 1856).
202 3534 321 3592 Hinc
346 3548 495 3596 certe
518 3540 637 3611 iam
679 3540 925 3596 dubitare
966 3542 1045 3598 l‘as
1083 3559 1190 3598 non
1221 3552 1304 3599 est
1331 3546 1543 3616 nuptias

26 3632 203 3681 ncnesse
227 3640 514 3698 peccatum.
544 3629 665 3686 Non
693 3631 872 3703 itaque
900 3634 1111 3702 nuptias
1135 3637 1424 3689 secundum
1451 3652 1543 3691 ve-

25 3713 121 3768 niam
143 3721 361 3777 concedit
388 3723 687 3795 Apostolus
717 3741 732 3779 :
765 3739 887 3778 nam
916 3725 1035 3795 quis
1074 3726 1309 3797 ambigat
1349 3727 1541 3783 absur-

26 3802 181 3864 lissime
214 3810 310 3867 dici
355 3830 462 3870 non
503 3830 607 3871 eos
646 3830 897 3886 peccasse
936 3817 1133 3887 quibus
1159 3820 1311 3874 venia
1341 3819 1543 3876 datur?

25 3894 235 3958 Sedillum
274 3908 622 3963 concubitum
671 3909 963 3964 secundum
1007 3912 1214 3966 veniam
1258 3915 1538 3982 concedit,

26 3987 78 4052 lui
96 3988 140 4042 Ιῖι
163 4007 243 4061 per
262 3996 724 4067 incontinentiam,
755 4015 860 4055 non
881 4001 994 4056 sola
1017 4017 1176 4058 causa
1202 4006 1539 4074 procreandi,

26 4086 55 4129 ll
84 4080 326 4151 aliquando
366 4090 515 4145 nulla
545 4104 705 4144 causa
748 4092 1100 4161 procreandi;
1144 4109 1303 4165 quem
1344 4097 1542 4168 nuptiae

26 4182 91 4223 ton
131 4173 227 4231 ﬁeri
266 4191 484 4253 cogunt,
523 4182 621 4238 sed
668 4183 868 4254 ignosci
915 4184 1237 4255 impetrant:
1272 4188 1317 4242 si
1364 4197 1542 4245 tamen

26 4273 95 4313 non
114 4264 171 4318 ita
196 4269 255 4323 sit
283 4273 499 4337 nimius,
528 4282 592 4329 ut
626 4274 879 4345 impediat
899 4292 1017 4347 qua:
1044 4280 1276 4347 seposita
1299 4295 1420 4336 esse
1444 4282 1541 4336 de-

26 4352 110 4407 bent
129 4366 338 4431 tempora
358 4366 571 4435 orandi,
596 4383 697 4424 nec
722 4369 1032 4425 immutetur
1058 4372 1105 4426 in
1132 4386 1255 4427 eum
1278 4389 1430 4429 usum
1452 4375 1541 4444 qui

26 4455 78 4537 est
91 4458 242 4506 contra
270 4465 539 4525 naturam,
571 4457 637 4514 de
662 4476 768 4531 quo
793 4462 1080 4532 Apostolus
1108 4472 1287 4519 tacere
1317 4480 1423 4520 non
1446 4481 1542 4537 po-

25 4536 116 4601 tuit,
148 4556 253 4599 cum
288 4547 355 4604 de
379 4552 701 4622 corruptelis
728 4554 907 4609 nimiis
933 4556 1330 4613 immundorum
1353 4568 1407 4615 et
1437 4536 1538 4614 im-

26 4626 177 4721 Piamtn
201 4635 467 4699 hominum
497 4644 806 4715 loqueretur
834 4646 1019 4716 (Rom.
1055 4664 1093 4712 ι,
1123 4648 1214 4716 26,
1242 4650 1310 4705 27
1333 4650 1375 4721 ).
1403 4651 1544 4707 Con-

26 4720 182 4817 Ettbillls
201 4731 332 4787 enim
360 4736 699 4791 necessarius
722 4752 881 4792 causa
906 4740 1216 4809 generandi,
1247 4720 1541 4812 inculpabi-

26 4804 71 4905 με
102 4823 145 4869 et
173 4821 301 4877 solus
340 4825 454 4895 ipse
500 4829 752 4899 nuptialis
780 4840 882 4887 est.
910 4804 1019 4887 illle
1061 4804 1237 4889 autem
1276 4836 1363 4906 qui
1388 4804 1538 4892 ultra

26 4909 137 4998 39”,“
162 4917 513 4975 ηθθθεδίίθῑθω
545 4921 901 4992 P'Ogreditur,
926 4923 1037 4993 jam
1068 4940 1173 4979 non
1204 4927 1417 4994 rationi,
1445 4929 1539 4984 sed

28 4986 180 5091 m'lfllm
202 5005 519 5081 obsequitur.
545 4986 806 5070 —Et'hunc
831 4986 1008 5073 tamen
1040 5033 1144 5073 non
1176 4986 1414 5091 exigere,
1443 5022 1539 5079 sed

28 5087 197 5184 reddere
228 5102 452 5175 coniugi,
495 5122 563 5162 ne
592 5106 903 5165 fornicando
934 5087 1307 5169 damnabiliter
1332 5123 1536 5184 peccet,

28 5175 73 5227 δί’
90 5194 324 5247 Personam
344 5198 573 5265 pertinet
592 5199 945 5270 coniugalem.
970 5200 1025 5257 Si
1058 5211 1233 5257 autem
1260 5175 1419 5260 ambo
1442 5175 1537 5261 tali

29 5277 402 5367 concittpiscentize
451 5290 783 5361 subiguntur,
828 5308 942 5348 rem
997 5292 1198 5348 faciunt
1239 5311 1342 5350 non
1382 5299 1539 5367 plane

30 5366 288 5429 n“illituum.
318 5377 688 5437 Verumtamen
714 5385 757 5438 si
780 5386 947 5456 magis
972 5386 1023 5440 in
1050 5402 1143 5442 sua
1166 5366 1539 5458 conjunctione

38 5495 88 5597 ω’
109 5500 238 5577 ιλξςιίο
374 5518 450 5560 est
469 5516 682 5563 omnium
708 5515 811 5565 fere
836 5525 1059 5567 veterum
1084 5528 1187 5567 MSS.
1215 5520 1453 5583 explicata
1476 5526 1539 5574 ab

50 5608 55 5611 λ
83 5567 237 5611 ἓῐιδιῑιιο
255 5582 301 5611 ιι]
321 5569 441 5611 Ιιὴιιη
456 5574 517 5611 da
538 5583 704 5611 anmg
730 5581 1010 5611 vir-"nitoris
1047 5595 1134 5611 mn
1175 5581 1235 5611 ωδ
1276 5591 1321 5611 ΑΙ
1350 5586 1395 5611 ς..
1417 5584 1536 5611 “tum

246 5569 301 5677 iid“
456 5574 517 5625 de
538 5583 706 5626 sancta
730 5581 1031 5651 virginitate,
1047 5595 1150 5655 cap.
1175 5581 1253 5655 22,
1275 5569 1397 5633 etin
1412 5569 1537 5657 iit-.26

40 5680 63 5685 _
93 5674 101 5685 .
288 5640 460 5685 ιιιιαιιδ.
493 5652 597 5685 can.
634 5638 689 5685 22
716 5655 824 5685 (tum
861 5643 1059 5685 mndem
1084 5645 1159 5685 lno
1180 5658 1224 5685 ιη
1250 5655 1363 5685 ante
1394 5648 1537 5685 mlitte

40 5643 460 5733 ὦῆξηὲιυυιωιιδ,
493 5652 597 5700 cap.
634 5643 689 5696 2;
716 5655 824 5711 qua:
861 5643 1059 5705 quidem
1083 5645 1159 5692 hic
1180 5646 1363 5716 inante
1394 5648 1537 5696 editis

44 5728 79 5749 u,
116 5719 123 5723 -
243 5691 369 5741 allata
394 5696 547 5748 fuerat
570 5700 699 5749 hunc
739 5716 783 5749 Ill
810 5704 999 5749 modum
1027 5720 1037 5749 :
1070 5714 1119 5749 I-rt
1154 5706 1307 5749 (lu-nu
1340 5714 1407 5749 pst
1430 5721 1535 5749 mu-

477 5706 547 5748 rat
570 5706 699 5749 hunc
739 5706 783 5749 in
810 5706 999 5752 modum
1027 5720 1037 5752 :
1069 5714 1119 5753 Iit
1154 5706 1307 5756 dirth
1340 5714 1407 5756 est
1430 5721 1535 5755 mu-

42 5728 99 5779 r“,
117 5728 547 5805 ηάρὧηὶῖαῑὲῗειαι
570 5728 699 5769 ιιυιιυ
739 5728 783 5749 ιιι
811 5728 999 5752 ιιιυυιιιιι
1028 5728 1035 5752 .
1069 5728 1117 5777 [ξι
1154 5728 1307 5785 ιιιιιδιι
1340 5728 1406 5756 ι’δι
1430 5728 1533 5782 mu:

45 5784 303 5830 EWMMZL
400 5771 490 5830 “go
516 5770 849 5830 qutetnrmpta
885 5772 970 5814 est.
1015 5777 1060 5816 tn
1086 5775 1177 5817 tsto
1202 5768 1305 5817 loco
1329 5770 1533 5830 Apostolt

45 5788 490 5868 d-wJHJM'JEigU
516 5788 848 5873 qticacnuuuptu
885 5788 998 5853 est...
1015 5788 1060 5816 Ill
1085 5788 1177 5840 ιδιυ
1202 5788 1305 5817 Ιυυυ
1329 5788 1531 5840 Apustuu

47 5848 61 5899 ί
79 5868 199 5919 mm
217 5834 541 5919 “ﬂammma
613 5830 821 5875 tutorum
842 5835 1024 5881 notavit
1043 5838 1359 5893 Hieronymus
1384 5844 1432 5879 tn
1448 5829 1531 5881 11b.

217 5877 509 5932 JOVinianum.

3149 398 3258 457 382

1667 504 1894 572 diligunt
1924 501 2066 572 quod
2098 502 2399 570 honestum,
2428 520 2585 576 quam
2608 506 2751 578 quod
2777 509 3118 567 inhonestum
3145 524 3248 583 est,

1661 596 1713 649 id
1741 603 1844 661 est,
1872 594 2012 665 quod
2040 604 2124 651 est
2145 597 2467 665 nuptiarum,
2493 614 2651 667 quam
2680 600 2731 653 id
2753 601 2893 670 quod
2921 618 3024 657 non
3054 612 3137 658 est
3156 620 3254 659 nu-

1659 688 1888 756 ptiarum
1906 729 1920 754 ,
1952 685 2054 742 hoc
2078 687 2158 743 eis
2184 697 2402 743 auctore
2431 691 2692 759 Apostolo
2720 693 3010 748 secundum
3040 696 3251 753 veniam

1657 778 1971 832 conceditur
1998 795 2011 830 :
2047 777 2200 849 cujus
2227 779 2405 834 delicti
2442 796 2549 835 non
2574 779 2773 837 habent
2804 784 3123 841 ltortatrices
3151 803 3249 841 nu-

1658 871 1818 941 ptias,
1847 871 1941 926 sed
1968 870 2393 941 deprecatrices,
2431 872 2477 927 si
2509 873 2602 927 Dei
2634 874 3052 932 misericordiam
3084 892 3189 933 non
3219 894 3251 933 a

1658 977 1716 1018 se
1750 971 2015 1028 avertant,
2046 963 2131 1019 vel
2158 964 2265 1017 non
2296 963 2613 1020 abstinendo
2637 966 2955 1036 quibusdam
2981 968 3169 1023 diebus
3193 978 3252 1024 ut

1657 1053 1988 1109 orationibus
2008 1061 2215 1121 vacent,
2235 1063 2290 1110 et
2316 1069 2412 1125 per
2436 1054 2573 1111 hanc
2594 1056 2969 1113 abstinentiam
2997 1059 3133 1114 sicut
3156 1075 3251 1130 per

1654 1143 1854 1215 ieiunia
1879 1146 2256 1202 commendent
2285 1161 2472 1217 preces
2498 1161 2644 1215 suas,
2674 1148 2759 1203 vel
2790 1149 3123 1205 immutando
3150 1167 3248 1205 na-

1657 1238 1884 1293 turalem
1912 1254 2065 1293 usum
2096 1240 2148 1293 in
2175 1254 2298 1295 eum
2322 1255 2477 1294 usum
2505 1239 2595 1310 qui
2633 1248 2717 1297 est
2755 1249 2941 1297 contra
2965 1250 3207 1297 naturam
3230 1284 3246 1311 ,

1656 1328 1798 1399 quod
1820 1330 2176 1386 damnabilius
2203 1332 2259 1385 lit
2278 1331 2330 1384 iu
2357 1330 2601 1402 conjuge.

1726 1421 1953 1477 CAPUT
1992 1422 2081 1478 XI.
2110 1453 2181 1463 —
2210 1421 2297 1477 12.
2347 1421 2483 1478 Usus
2520 1430 2695 1477 contra
2734 1430 2972 1477 naturam
3008 1438 3243 1478 exsecra-

1656 1514 1806 1569 bilior
1826 1515 1877 1568 in
1903 1530 2081 1581 uxore,
2105 1531 2256 1585 quam
2280 1515 2334 1569 in
2360 1515 2637 1569 meretrice.
2662 1513 3005 1585 lnnuptarum
3028 1517 3247 1586 antplior

1656 1606 1898 1660 sanctitas
1926 1606 2296 1671 commendata,
2328 1622 2429 1660 non
2458 1614 2639 1677 negata
2674 1606 2917 1661 sanctitas
2946 1615 3238 1674 nuptarum.

1654 1697 1787 1752 Nam
1812 1712 1934 1752 cum
1963 1698 2051 1752 ille
2078 1698 2338 1752 naturalis
2365 1712 2516 1765 usus,
2545 1697 2760 1768 quando
2785 1698 3080 1767 prolabitur
3106 1699 3241 1753 ultra

1657 1797 1807 1859 pacta
1841 1789 2116 1859 unptialia,
2160 1789 2213 1843 id
2253 1798 2354 1855 est,
2396 1790 2533 1845 ultra
2576 1790 2901 1861 propagandi
2944 1793 3241 1847 necessita-

1656 1890 1790 1949 tem,
1818 1882 2042 1937 venialis
2068 1882 2135 1936 sit
2174 1881 2225 1937 in
2268 1897 2453 1948 uxore,
2486 1884 2540 1937 in
2570 1883 2849 1938 meretrice
2872 1882 3190 1939 damnabilis
3218 1900 3235 1951 ;

1655 1974 1758 2029 iste
1782 1974 1871 2044 qui
1900 1982 1984 2029 est
2011 1982 2197 2029 contra
2229 1982 2493 2041 naturam,
2522 1975 2924 2030 exsecrabiliter
2954 1977 3010 2030 ﬁt
3040 1977 3091 2030 in
3123 1991 3241 2032 me-

1655 2064 1870 2129 retrice,
1923 2063 2017 2119 sed
2065 2064 2449 2120 exsccrabilius
2496 2064 2550 2119 in
2601 2080 2788 2120 uxore.
2833 2065 3061 2120 Tantum
3105 2067 3245 2122 valet

1655 2155 1921 2211 ordinatio
1948 2155 2222 2212 Creatoris
2249 2167 2303 2212 et
2342 2157 2477 2213 ordo
2507 2166 2787 2223 creaturae,
2819 2167 2876 2213 ut
2906 2159 2957 2213 in
2987 2159 3147 2213 rebus
3176 2159 3242 2214 ad

1655 2246 1915 2301 utendum
1966 2248 2273 2313 concessis,
2318 2248 2478 2303 etiam
2532 2265 2653 2304 cum
2706 2249 2896 2304 modus
2947 2250 3240 2317 exceditnr,

1656 2337 1814 2409 longe
1858 2341 1927 2393 sit
1974 2339 2322 2406 tolerabilius,
2370 2356 2528 2411 quam
2574 2342 2626 2395 in
2668 2340 2747 2396 eis
2778 2343 2793 2372 ί
2827 2356 2946 2412 quae
2987 2355 3237 2396 concessa

1653 2447 1760 2489 non
1792 2440 1937 2501 sunt,
1968 2432 2055 2491 vel
2086 2447 2223 2490 unus
2251 2433 2335 2488 vel
2367 2448 2521 2489 rarus
2548 2448 2820 2490 excessus.
2854 2434 2922 2489 Et
2950 2434 3069 2490 ideo
3099 2435 3150 2489 in
3182 2450 3240 2490 re

1653 2540 1911 2583 concessa
1940 2527 2315 2583 immoderatio
2342 2526 2610 2600 conjugis,
2643 2543 2711 2583 ne
2738 2528 2793 2583 in
2832 2542 2944 2582 rem
2971 2543 3078 2582 non
3106 2541 3240 2582 con-

1652 2633 1864 2674 cessam
1909 2618 2074 2674 libido
2118 2626 2462 2689 prorumpat,
2505 2620 2779 2675 toleranda
2826 2627 2929 2675 est.
2979 2619 3114 2676 Hinc
3158 2627 3245 2677 est

1652 2710 1813 2765 etiam
1844 2708 1986 2779 quod
2034 2709 2191 2780 lenge
2222 2710 2398 2764 minus
2442 2719 2626 2780 peccat
2672 2711 2964 2781 quamlibet
2993 2712 3241 2770 assiduus

1651 2802 1719 2857 ad
1748 2817 1987 2866 uxorem,
2033 2817 2191 2872 quam
2228 2802 2309 2857 vel
2354 2800 2661 2856 rarissimus
2698 2802 2765 2857 ad
2806 2802 3236 2859 fornicationem.

1650 2893 1784 2949 Cum
1812 2909 1940 2950 vero
1961 2893 2043 2949 vir
2070 2894 2311 2950 membro
2341 2894 2580 2950 mulieris
2605 2910 2715 2950 non
2744 2895 2811 2950 ad
2850 2896 2953 2952 hoc
2978 2912 3238 2953 concesso

1650 2985 1729 3040 uti
1756 2986 2005 3052 voluerit,
2052 2988 2258 3057 turpior
2299 2994 2382 3040 est
2419 3000 2554 3040 uxor
2596 2986 2641 3040 si
2686 2986 2738 3041 in
2780 3001 2872 3055 se,
2902 3002 3060 3057 quam
3096 2989 3140 3043 si
3183 2989 3239 3044 in

1650 3078 1752 3133 alia
1786 3077 1903 3133 ﬁeri
1933 3078 2255 3148 permiserit.
2291 3078 2461 3134 Decus
2490 3093 2619 3150 ergo
2663 3078 2939 3151 coniugale
2968 3087 3049 3135 est
3079 3080 3241 3135 casti-

1649 3179 1735 3228 tas
1783 3171 2116 3243 procreandi,
2155 3180 2220 3227 'et
2268 3171 2523 3227 reddendi
2572 3172 2802 3227 carnalis
2848 3171 3016 3227 debiti
3068 3171 3236 3228 lidcs:

1651 3267 1756 3324 boc
1782 3276 1862 3322 est
1890 3281 2024 3337 opus
2054 3267 2377 3337 nuptiarum,
2405 3264 2509 3321 hoc
2531 3266 2599 3321 ab
2625 3266 2773 3321 omni
2799 3265 3022 3321 crimine
3049 3264 3238 3320 defen-

1649 3358 1728 3415 dit
1752 3359 2041 3428 Apostolus
2070 3359 2332 3426 dicendo,
2361 3357 2429 3413 Et
2466 3359 2511 3413 si
2552 3359 2805 3429 acceperis
2847 3375 3054 3414 uxorem
3076 3401 3090 3425 ,
3136 3375 3239 3413 non

1649 3452 1910 3522 peccasti:
1938 3461 1987 3506 et
2025 3452 2069 3506 si
2110 3452 2337 3523 nupserit
2378 3452 2517 3521 uirgo
2543 3492 2557 3516 ,
2589 3467 2689 3505 non
2730 3458 2939 3522 peccat;
2967 3459 3056 3519 et,
3089 3449 3238 3517 Quod

1648 3540 1757 3598 calt
1802 3543 2001 3615 faciat;
2049 3560 2150 3597 non
2200 3550 2391 3613 peccat,
2437 3542 2483 3597 si
2529 3541 2703 3595 nubat.
2756 3540 3015 3613 Exigcndi
3056 3548 3235 3596 autem

1649 3634 1817 3691 debiti
1862 3636 1928 3690 ab
1976 3636 2235 3691 alterutro
2280 3650 2413 3691 sexu
2462 3636 2863 3691 immoderatior
2908 3637 3234 3707 progressio,

1649 3736 1869 3797 propter
1911 3728 1999 3782 illa
2029 3743 2149 3799 qua:
2192 3742 2353 3798 supra
2394 3727 2547 3795 dixit,
2580 3727 2897 3799 coniugibus
2943 3726 3237 3783 secundum

1648 3818 1859 3873 veniam
1906 3818 2238 3873 conceditur.

1722 3913 1810 3968 15.
1842 3911 1995 3980 Quod
2024 3927 2151 3983 ergo
2179 3912 2275 3979 ait,
2309 3912 2436 3981 Qua:
2460 3913 2676 3985 innupta
2705 3920 2797 3979 est,
2828 3913 3015 3984 cogitat
3042 3929 3100 3966 ea
3125 3927 3238 3982 qua:

1648 4015 1765 4062 sunt
1794 4005 2022 4073 Domini,
2053 4015 2107 4059 ut
2150 4007 2216 4061 sit
2256 4016 2431 4061 sancta
2472 4015 2517 4060 et
2552 4023 2761 4077 corpore
2798 4014 2845 4060 et
2887 4006 3089 4077 spiritu,
3129 4022 3235 4060 non

1648 4100 1727 4156 sic
1752 4097 2118 4169 accipiendum
2164 4107 2265 4165 est,
2310 4106 2369 4152 ut
2412 4106 2657 4167 putemus
2697 4114 2799 4150 non
2832 4112 2953 4152 esse
2998 4107 3235 4151 sanctam

1648 4206 1877 4261 corpore
1934 4190 2281 4245 cbristianam
2345 4189 2627 4258 coniugem
2690 4197 2911 4242 castam.
2976 4187 3236 4241 Omnibus

1648 4284 1844 4355 quippe
1893 4281 2139 4337 fidelibus
2181 4281 2381 4335 dictum
2426 4289 2541 4347 est,
2593 4279 2814 4334 Nescitis
2858 4280 2976 4350 quia
3016 4296 3234 4349 corpora

1648 4382 1812 4428 uestra
1841 4373 2083 4442 templum
2111 4373 2166 4426 in
2194 4370 2329 4426 vobis
2357 4382 2428 4425 est
2470 4371 2696 4441 Spiritus
2738 4372 2933 4437 sancti,
2964 4388 3108 4441 quem
3143 4371 3235 4423 Ιια-

1648 4464 1774 4519 betis
1797 4480 1829 4517 α
1867 4461 1976 4517 Deo
2004 4460 2054 4535 (Ι
2087 4461 2202 4517 Cor.
2230 4479 2311 4531 γι,
2341 4462 2453 4533 19).
2498 4463 2691 4517 Sancta
2730 4471 2855 4517 sunt
2897 4478 3023 4533 ergo
3070 4463 3230 4515 etiam

1649 4571 1874 4626 corpora
1903 4555 2328 4627 coniugatorum,
2363 4555 2519 4609 ﬁdem
2550 4555 2651 4608 sibi
2680 4563 2733 4609 et
2765 4555 2988 4609 Domino
3016 4568 3234 4608 servan-

1650 4650 1804 4705 tium.
1831 4650 1929 4705 Cui
1966 4650 2232 4704 sanctitati
2258 4649 2541 4719 cujuslibet
2580 4663 2763 4703 eorum
2787 4688 2800 4713 ,
2835 4662 2931 4701 nec
2962 4645 3231 4700 inﬁdelem

1648 4741 1929 4812 ceniugem
1974 4741 2255 4807 obsistere,
2306 4741 2398 4796 sed
2445 4740 2619 4811 potius
2668 4738 3002 4795 sanctitatem
3049 4737 3235 4792 uxoris

1649 4832 1907 4903 prodesse
1946 4832 2145 4887 inﬁdeli
2176 4833 2309 4898 viro,
2352 4841 2442 4885 aut
2470 4832 2801 4885 sanctitatem
2840 4830 2934 4883 viri
2978 4830 3233 4900 prodesse

1649 4924 1848 4981 inﬁdeli
1894 4927 2078 4991 uxori,
2125 4925 2264 4980 idem
2322 4924 2596 4993 apostolus
2657 4924 2809 4978 testis
2854 4932 2972 4989 cst,
3021 4923 3230 4989 dicens,

1648 5013 2012 5083 Sanctiﬁcatus
2055 5025 2127 5070 est
2168 5016 2299 5069 enim
2332 5016 2407 5068 uir
2444 5015 2667 5083 inﬁdelis
2698 5016 2748 5068 in
2778 5031 2932 5069 umore
2958 5017 2999 5080 ¹,
3034 5026 3079 5069 et
3114 5033 3234 5069 san-

1647 5107 1869 5177 ctiﬁcata
1916 5115 1987 5160 est
2031 5106 2212 5160 mulier
2260 5105 2479 5174 inﬁdelis
2527 5107 2580 5160 in
2628 5111 2787 5178 fratre
2831 5105 2949 5177 (Id.
2981 5123 3083 5172 vn,
3117 5106 3231 5176 Μ).

1646 5198 1879 5255 Proinde
1905 5197 2032 5252 illud
2062 5196 2259 5252 dictum
2296 5207 2383 5253 est
2419 5198 2715 5254 secundum
2755 5200 3067 5269 ampliorem
3106 5214 3233 5252 sau-

1646 5294 1880 5350 ctitatem
1929 5292 2268 5362 innuptarum
2318 5274 2477 5363 quam
2529 5302 2846 5362 nuptarum,
2892 5292 2976 5347 cui
3026 5307 3233 5346 merces

1646 5388 1805 5443 etiam
1852 5384 2074 5439 debetur
2122 5385 2349 5455 amplior
2390 5386 2685 5440 secundum
2736 5385 2874 5456 quod
2933 5384 3036 5437 isto
3086 5383 3230 5461 bono

1645 5476 1774 5533 illud
1802 5483 1885 5531 est
1928 5475 2118 5530 melius
2151 5494 2163 5531 :
2196 5478 2318 5548 quia
2349 5486 2404 5531 et
2447 5477 2549 5531 hoc
2595 5478 2768 5531 solum
2799 5473 3059 5545 cogitat’,
3092 5487 3228 5542 quo-

1707 5589 1724 5619 ί
1750 5594 1878 5637 Mss.
1903 5586 1952 5637 in
1976 5600 2049 5637 ea.

1704 5651 1725 5681 ¹
1750 5623 2153 5707 Eii’ii’,"iu°§3rore
2188 5647 2357 5709 ﬁtlrli;
2392 5657 2443 5699 et
2466 5650 2612 5699 iidem
2647 5649 2785 5705 infra,
2808 5647 2857 5695 in
2879 5646 3030 5707 fratre
3069 5639 3225 5704 fideli.

1643 5718 1761 5775 Vox,
1786 5709 1941 5775 fideli,
1966 5720 2174 5772 utroque
2189 5709 2300 5759 loco
2321 5714 2462 5775 abest
2481 5726 2505 5759 a
2526 5719 2629 5775 Mss.
2661 5718 2709 5757 et
2733 5720 2940 5775 agrach
2954 5711 3093 5752 textu
3113 5711 3221 5766 Apo-

1641 5767 1772 5827 stoli',
1786 5767 2015 5835 soletque
2038 5767 2274 5833 prunoriri
2292 5774 2355 5820 ab
2377 5774 2657 5835 AUgustiuo,
2679 5776 2731 5817 ut
2757 5769 2840 5817 lib.
2860 5768 2881 5814 1
2912 5767 2974 5814 de
2998 5776 3230 5819 sermone

1644 5837 1827 5900 Domini
1854 5838 1901 5883 in
1924 5834 2232 5900 monte,_cap.
2266 5834 2362 5900 16._
2454 5834 2463 5835 ί
2517 5894 2534 5900 Δ
2609 5890 2619 5900 _

1709 5898 1729 5931 ³
1748 5903 1880 5960 tam,
1900 5899 2073 5962 cogitat
2088 5892 2287 5953 Ϊειηίηα.
2317 5896 2481 5959 Abest,
2504 5892 2699 5958 femina,
2722 5892 2783 5941 ab
2807 5898 2880 5942 Er.
2907 5896 2959 5942 et
2974 5898 3081 5944 M53.
