3882 6286
578 404 690 464 583

579 519 744 581 modo
784 518 994 591 placeat
1017 513 1267 572 Domino.
1312 510 1496 582 Neque
1540 508 1684 566 enim
1729 509 1928 564 femina
1969 506 2162 574 ﬁdelis,

579 623 803 672 servans
831 609 1136 682 pudicitiam
1163 605 1515 677 conjugalem,
1544 617 1648 659 non
1675 601 1874 671 cogitat
1899 597 2168 669 quomodo

581 707 787 777 placeat
832 702 1093 769 Domino,
1137 699 1231 755 sed
1291 698 1471 768 utique
1528 696 1745 760 minus;
1810 692 1932 764 quia
1973 689 2172 761 cogitat

579 798 739 854 etiam
780 810 899 867 qua:
937 802 1063 850 sunt
1102 789 1308 856 mundi,
1349 786 1619 859 quomodo
1642 786 1852 858 placeat
1880 783 2015 839 viro.
2057 781 2170 837 Hoc

579 888 724 946 enim
768 886 836 943 de
883 886 986 942 illis
1032 884 1210 940 dicere
1233 880 1423 947 voluit,
1455 877 1598 950 quod
1629 879 1645 911 ⁸
1700 883 1923 948 possunt
1967 873 2170 930 habere

581 982 815 1055 quodam
860 978 1022 1037 modo
1050 976 1118 1034 de
1162 974 1480 1032 necessitate
1525 971 1799 1039 connubii,
1831 978 1889 1026 ut
1932 968 2170 1038 cogitent

579 1091 699 1145 quae
729 1080 853 1130 sunt
879 1069 1084 1137 mundi,
1117 1066 1386 1141 quomodo
1416 1065 1664 1137 placeant
1692 1063 1820 1119 viris
1844 1062 1977 1118 suis.

651 1164 878 1222 CAPUT
915 1161 1032 1218 XII.
1077 1190 1148 1202 —
1195 1160 1282 1215 14.
1335 1157 1540 1229 Nuptas
1595 1172 1698 1211 non
1748 1154 2022 1226 cogitantes
2072 1149 2172 1205 nisi

579 1256 832 1331 quomodo
862 1256 1094 1328 placeant
1121 1252 1231 1308 Deo
1261 1267 1495 1325 perraras
1532 1265 1656 1305 esse.
1699 1246 1853 1316 Quod
1891 1253 2070 1301 utrum
2100 1241 2171 1298 de

580 1349 830 1406 omnibus
860 1347 1040 1420 nuptis
1067 1344 1282 1412 dixerit,
1312 1359 1380 1399 an
1409 1342 1476 1399 de
1500 1340 1694 1397 talibus
1722 1339 1907 1410 quales
1933 1338 2005 1393 ita
2032 1337 2173 1393 mul-

580 1451 648 1497 ta:
672 1449 817 1506 sunt,
843 1448 905 1513 ut
931 1453 1068 1510 pene
1091 1452 1281 1494 omnes
1311 1434 1484 1507 putari
1514 1433 1741 1504 possint,
1771 1446 1879 1487 non
1905 1429 2173 1486 immerito

580 1530 872 1587 dubitatur.
907 1528 1093 1600 Neque
1131 1527 1274 1583 enim
1304 1535 1360 1582 et
1385 1523 1517 1581 illud
1542 1522 1688 1594 quod
1714 1522 1782 1578 de
1812 1521 2049 1591 innuptis
2073 1520 2169 1587 ait,

582 1621 709 1689 Qua
741 1622 957 1691 innupta
985 1627 1090 1687 est,
1121 1619 1308 1691 cogitat
1344 1634 1404 1672 ea
1442 1631 1558 1685 quae
1591 1623 1711 1669 sunt
1737 1612 1979 1679 Domini,
2020 1621 2076 1666 ut
2107 1613 2174 1667 sit

579 1723 753 1770 sancta
781 1726 827 1768 et
857 1728 1072 1784 corpore
1116 1720 1162 1767 et
1207 1709 1411 1782 spiritu,
1441 1707 1509 1764 ad
1537 1720 1726 1764 omnes
1765 1705 2018 1776 innuptas
2047 1718 2172 1775 per-

580 1806 757 1872 tinet;
808 1820 931 1862 cum
983 1805 1090 1859 sint
1142 1802 1386 1874 qumdam
1429 1800 1606 1855 viduae
1652 1805 1899 1864 martum,
1948 1810 2069 1868 quae
2115 1795 2173 1851 in

580 1900 790 1957 deliciis
810 1900 1000 1955 vivunt
1030 1896 1088 1972 (l
1112 1896 1249 1951 Tim.
1277 1911 1332 1960 v,
1356 1894 1436 1966 6).
1466 1892 1846 1949 Verumtamen
1873 1888 2016 1960 quod
2048 1887 2176 1943 atti-

581 2001 677 2049 net
703 1992 770 2047 ad
795 1990 1083 2062 quamdam
1109 1987 1505 2044 distinctionem
1533 1993 1588 2042 et
1611 1984 1764 2056 quasi
1791 1981 2173 2054 praprielatem

582 2084 920 2153 innuptarum
969 2089 1129 2152 atque
1180 2087 1509 2150 nuptarum;
1556 2076 1695 2132 sicut
1742 2074 1964 2129 nimium
2017 2071 2172 2128 dete-

582 2172 773 2229 standa
798 2180 882 2228 est
900 2213 916 2240 ,
947 2186 1068 2243 quae
1092 2170 1374 2227 continens
1400 2184 1431 2224 a
1455 2167 1678 2238 nuptiis,
1709 2164 1762 2221 id
1789 2174 1873 2221 est
1899 2179 1930 2219 a
1956 2178 2015 2219 re
2038 2177 2173 2218 con-

583 2278 734 2320 cessa
760 2303 777 2328 ,
825 2276 932 2317 non
980 2261 1222 2317 continet
1266 2276 1295 2315 a
1344 2257 1594 2325 delictis,
1641 2255 1727 2311 vel
1782 2254 2045 2322 luxuriat,
2086 2253 2172 2309 vel

584 2353 875 2425 superbire,
915 2352 1003 2408 vel
1040 2351 1366 2408 curiositatis
1411 2358 1465 2406 et
1500 2347 1844 2405 verbositatis
1883 2364 1896 2401 :
1940 2347 2014 2402 ita
2052 2360 2174 2401 rara

585 2455 747 2516 nupta
788 2453 891 2513 est,
936 2459 1058 2517 quae
1102 2443 1158 2499 in
1196 2444 1315 2514 ipso
1356 2456 1569 2513 quoque
1608 2439 1868 2511 obsequio
1905 2436 2174 2509 conjugati

583 2554 692 2594 non
727 2537 927 2608 cogitat
964 2536 1067 2591 nisi
1105 2533 1374 2606 quomodo
1409 2533 1615 2605 placeat
1641 2531 1789 2599 Deo,
1820 2528 2065 2586 ornando
2089 2543 2171 2597 se,

586 2646 693 2686 non
720 2628 934 2686 intortis
957 2627 1220 2695 crinibus,
1245 2634 1339 2681 aut
1373 2639 1505 2681 auro
1533 2633 1588 2680 et
1616 2622 1917 2694 margaritis
1944 2630 2000 2678 et
2024 2628 2175 2677 veste

582 2725 840 2796 pretiosa,
875 2721 973 2780 sed
1013 2721 1159 2794 quod
1188 2720 1345 2777 decet
1382 2719 1636 2776 mulieres
1660 2718 2030 2789 promittentes
2054 2717 2173 2789 pie-

584 2825 752 2873 tatem
803 2831 898 2888 pcr
938 2815 1136 2871 bonam
1179 2813 1640 2870 conversationem
1672 2809 1794 2884 (Id.
1825 2826 1890 2875 ιι,
1934 2809 2025 2866 9et
2049 2808 2173 2880 10).

588 2907 738 2963 Talia
767 2907 963 2977 quippe
993 2905 1237 2976 conjugia
1274 2905 1467 2960 Petrus
1494 2916 1708 2974 quoque
1733 2900 2009 2972 apostolus
2038 2914 2176 2971 prae-

584 2997 832 3069 cipiendo
870 2997 1125 3053 describit
1154 3015 1168 3051 :
1198 2996 1480 3062 Similiter,
1510 2994 1720 3066 inquit,
1747 2992 1983 3048 mulieres
2012 2992 2174 3048 obau-

586 3091 777 3146 dientes
816 3089 1013 3144 maritis
1052 3089 1194 3154 suis;
1239 3096 1294 3143 ut
1336 3097 1384 3143 et
1422 3088 1468 3143 si
1507 3087 1594 3158 qui
1622 3102 1725 3141 non
1752 3085 1961 3140 credunt
2002 3084 2172 3153 uerbo,

586 3199 681 3254 per
732 3183 1003 3238 mulierum
1053 3182 1479 3237 conversationem
1525 3180 1635 3236 sine
1684 3178 1882 3250 loquela
1935 3177 2177 3248 lucriﬁeri

586 3275 819 3346 possint,
865 3274 1088 3329 uidentes
1136 3274 1364 3327 timorem
1413 3280 1462 3327 et
1508 3282 1701 3327 castam
1745 3269 2177 3325 conuersationem

587 3376 803 3422 vestram
834 3382 853 3421 :
879 3374 936 3420 ut
971 3365 1073 3419 sint
1103 3381 1204 3419 non
1232 3379 1345 3436 qua:
1381 3380 1413 3418 a
1441 3363 1568 3433 [oris
1597 3370 1846 3418 ornantur
1870 3361 2177 3431 capillorum

586 3455 1062 3528 incrispationibus,
1095 3464 1184 3509 aut
1220 3455 1546 3510 circumdata:
1591 3469 1740 3521 auro,
1784 3461 1872 3506 aut
1914 3461 2045 3507 veste
2083 3452 2176 3507 cle-

587 3565 745 3614 cora;
784 3548 874 3604 sed
913 3548 1001 3602 ille
1039 3545 1362 3601 absconditus
1389 3546 1555 3600 cordis
1594 3546 1743 3600 uestri
1770 3545 1790 3575 ¹
1819 3545 1971 3599 homo
1998 3544 2054 3598 in
2080 3543 2178 3599 illa

589 3641 925 3715 perpetuitate
968 3640 1124 3712 quieti
1170 3649 1218 3694 et
1263 3638 1476 3694 modesti
1525 3638 1766 3710 spiritus,
1810 3637 1899 3708 qui
1945 3646 1992 3693 et
2035 3636 2178 3710 apud

589 3735 869 3791 Dominum
907 3733 1134 3807 locuples
1161 3742 1255 3789 est.
1286 3732 1427 3788 Nam
1470 3733 1543 3788 sic
1569 3732 1802 3805 quantum
1840 3741 2032 3788 sancta:
2064 3747 2180 3787 mu-

589 3827 738 3883 lieres
763 3843 877 3899 quis
913 3827 966 3881 in
994 3824 1275 3882 Dominum
1311 3824 1608 3898 sperabant,
1638 3826 1886 3881 ornabant
1913 3841 1988 3891 se,
2028 3824 2175 3880 obse-

589 3929 794 3989 quentes
819 3918 938 3973 uiris
970 3917 1119 3986 suis;
1161 3917 1411 3989 quomodo
1438 3916 1573 3974 Sara
1615 3915 1914 3971 obaudiebat
1938 3914 2176 3984 Abraha',

590 4010 852 4065 dominum
876 4009 1024 4064 illum
1058 4025 1281 4076 uocans;
1310 4011 1457 4081 cujus
1491 4010 1640 4080 facta:
1674 4009 1795 4064 estis
1824 4008 1947 4079 ﬁlia:
1969 4006 2177 4079 benefa-

590 4102 797 4168 cientes,
844 4112 893 4156 et
932 4118 1035 4158 non
1077 4102 1307 4158 timentes
1349 4101 1511 4156 ullum
1548 4118 1735 4156 vanum
1779 4100 2026 4156 timorem.
2066 4098 2180 4155 Viri

591 4194 749 4250 simili
788 4194 983 4250 ratione
1021 4196 1293 4251 concordes
1318 4204 1365 4250 et
1388 4205 1523 4251 caste
1557 4195 1774 4251 uiuentes
1799 4212 1912 4250 cum
1936 4194 2179 4251 uxoribus

589 4288 802 4354 vestris,
834 4297 883 4344 et
911 4298 1152 4359 tanquam
1180 4289 1288 4344 vasi
1324 4288 1596 4358 inﬁrmiori
1633 4299 1681 4344 et
1724 4291 1948 4359 subjecto
1976 4289 2181 4344 tribuite

593 4380 857 4446 honorent,
884 4380 1032 4449 quasi
1058 4380 1402 4435 cohaeredibus
1428 4381 1632 4451 gratiae,
1660 4389 1707 4434 et
1742 4380 1905 4435 videte
1932 4397 1995 4436 ne
2015 4381 2179 4452 impe-

592 4475 798 4529 diantur
812 4473 890 4546 (a)
903 4473 1153 4528 orationes
1168 4481 1341 4528 vestra:
1368 4470 1418 4544 (l
1433 4472 1575 4528 Petr.
1598 4488 1653 4527 ιιι
1668 4514 1682 4537 ,
1714 4471 1857 4543 1-7).
1883 4473 2028 4528 Itane
2053 4488 2181 4530 vero

592 4564 839 4637 conjugia
896 4563 1020 4620 talia
1068 4578 1177 4619 non
1227 4562 1464 4633 cogitant
1500 4577 1564 4619 ea
1613 4577 1731 4632 qua:
1779 4570 1904 4617 sunt
1944 4561 2174 4629 Domini,

593 4658 1134 4730 quomodoplaceant
1165 4656 1430 4711 Domino?
1471 4654 1576 4711 Sed
1610 4670 1828 4727 perrara
1863 4664 2006 4712 sunt.
2049 4656 2182 4724 Quis

596 4750 792 4820 negat?
831 4759 885 4805 et
908 4750 961 4805 in
988 4750 1102 4820 ipsa
1127 4748 1344 4804 raritate
1373 4761 1509 4818 pene
1535 4762 1722 4803 omnes
1757 4748 1846 4819 qui
1876 4748 2008 4804 tales
2033 4758 2177 4815 sunt,

594 4856 704 4897 non
734 4848 793 4895 ut
816 4841 949 4896 tales
978 4848 1160 4897 essent
1188 4839 1461 4912 conjuncti
1487 4847 1633 4909 sunt,
1655 4838 1751 4896 sed
1772 4838 1886 4911 jam
1908 4839 2181 4912 conjuncti

595 4935 730 4991 tales
756 4933 876 4990 lacti
905 4943 1049 4990 sunt.

668 5026 896 5085 CAPUT
937 5026 1075 5083 Xlll.
1103 5058 1173 5069 -—
1203 5028 1288 5085 15.
1322 5026 1546 5100 Nuptias
1574 5043 1706 5083 nunc
1734 5027 1855 5083 solis
1896 5044 1998 5083 non
2022 5028 2185 5083 conti-

597 5119 859 5183 nentibus,
891 5120 1014 5175 olim
1056 5136 1168 5175 vero
1212 5120 1363 5175 etiam
1405 5120 1768 5175 continentibus
1807 5119 2183 5191 amplectendas

599 5215 773 5285 fuisse.
811 5212 897 5268 Uti
941 5212 1178 5284 conjugio
1222 5212 1334 5266 sola
1379 5213 1538 5283 prolis
1580 5229 1755 5278 causa,
1795 5228 1945 5283 quam
1983 5228 2179 5267 rarum.

601 5303 705 5372 Qui
735 5304 875 5359 enim
906 5303 1076 5359 nostri
1106 5303 1363 5374 temporis
1391 5303 1632 5358 homines
1654 5302 1945 5358 Christiani
1975 5303 2184 5374 nuptia-

600 5415 719 5456 rum
750 5400 962 5455 vinculo
1012 5398 1162 5454 liberi
1202 5397 1444 5454 valentes
1489 5397 1558 5451 ab
1602 5397 1747 5453 omni
1794 5395 2078 5452 concubitu
2124 5411 2185 5454 se

600 5492 898 5560 continere,
938 5508 1057 5548 cum
1098 5492 1207 5564 jam
1253 5501 1448 5563 tempus
1491 5507 1609 5546 esse
1641 5490 2022 5561 perspicerent,
2049 5491 2185 5548 sicut

600 5586 861 5655 scriptun.
888 5595 989 5652 est,
1021 5601 1122 5639 non
1162 5564 1525 5655 amplectendi,
1558 5582 1646 5637 sed
1674 5582 1956 5637 abstinendi
1982 5584 2045 5638 ab
2072 5598 2187 5637 am-

666 5700 683 5729 ι
708 5699 780 5746 Sic
799 5704 904 5747 Mss.
931 5696 1048 5746 I-‘diti
1072 5710 1208 5756 vero,
1227 5708 1354 5759 quae.

663 5760 684 5790 ²
704 5759 809 5807 Sola
836 5760 984 5808 editio
1006 5766 1137 5818 l.ov.,
1162 5757 1328 5809 nostri.

665 5820 756 5885 (a),
772 5828 869 5869 Non
892 5822 962 5885 sic
979 5819 1174 5885 Vulgata
1201 5822 1248 5869 in
1266 5821 1420 5885 sacris
1442 5819 1621 5885 Bibliis,
1648 5818 1938 5885 sodhahet,
1958 5824 2188 5885 tanquam

604 5886 651 5935 et
676 5880 1013 5935 ’cohceredibus
1034 5880 1207 5948 gratia:
1229 5881 1355 5946 u‘tw,
1378 5888 1429 5936 ut
1459 5896 1552 5937 non
1575 5880 1914 5947 impediantur.

1615 390 1702 448 DE
1743 384 2338 455 BONOCONJUGALI,
2380 391 2437 448 s.
2480 394 2845 452 AUGUSTINI
3793 406 3870 467 εει

2279 507 2431 577 plcxu
2457 508 2654 580 (Eccle.
2689 527 2766 578 ιιι,
2798 510 2888 593 5),
2934 525 3040 566 non
3079 512 3275 583 potius
3322 510 3606 583 eligerent
3629 514 3709 571 vel
3733 518 3856 592 virgi-

2277 604 2451 660 nalem
2482 606 2566 662 vel
2595 606 2859 663 vidualem
2889 609 3297 667 continentiam
3342 624 3718 682 conservare,
3744 598 3861 689 quam

2281 696 2674 754 tribulationem
2720 699 2933 766 carnis,
2981 701 3096 758 sine
3142 717 3266 774 qua
3321 702 3592 775 conjugia
3638 721 3749 763 esse
3785 727 3860 769 non

2278 799 2503 860 possunt
2542 789 2633 864 (ut
2672 791 2775 846 alia
2818 801 3095 849 taceantur
3129 809 3166 850 a
3211 792 3439 865 quibus
3484 795 3659 864 parcit
3683 792 3863 869 Aposto-

2279 881 2420 956 lus),
2471 885 2620 941 nullo
2656 885 2767 955 jam
2814 893 3038 957 cogente
3081 886 3361 943 humana:
3410 886 3693 945 societatis
3728 890 3864 951 ofﬁcio

2278 975 2588 1031 sustinere?
2631 975 2739 1031 Sed
2778 990 2900 1032 cum
2943 975 3271 1033 dominante
3304 978 3751 1047 concupiscentia
3783 982 3864 1040 lue-

2279 1067 2401 1122 rint‘
2425 1067 2679 1138 copulati,
2728 1068 2773 1124 si
2816 1083 2937 1124 eam
2980 1079 3166 1141 postea
3197 1069 3481 1139 vicerint,
3526 1072 3653 1142 quia
3691 1089 3781 1130 non
3813 1077 3860 1133 iu

2279 1156 2403 1213 licet
2445 1157 2741 1214 dissolvere
2769 1159 3096 1231 conjugium,
3140 1161 3304 1216 sicut
3358 1160 3575 1217 licebat
3616 1178 3716 1218 non
3750 1167 3859 1222 colli-

2277 1262 2427 1318 gare,
2462 1249 2595 1304 ﬁnnt
2624 1249 2755 1306 tales
2791 1252 2977 1322 quales
3005 1251 3305 1323 proﬁtetur
3347 1251 3538 1312 forma
3568 1257 3854 1326 nuptiarum;

2279 1338 2352 1394 ita
2378 1348 2439 1395 ut
2466 1339 2550 1396 vel
2589 1341 2703 1410 pari
2731 1356 2997 1398 consensu
3024 1343 3346 1401 ascendant
3377 1344 3674 1401 celsiorem
3707 1350 3857 1404 saucu-

2282 1433 2405 1489 tatis
2431 1432 2674 1504 gradum,
2708 1443 2800 1490 aut
2842 1434 2890 1491 si
2918 1450 3025 1491 non
3063 1436 3236 1492 ambo
3285 1443 3429 1492 sunt
3476 1436 3633 1504 tales,
3672 1439 3760 1494 erit
3792 1443 3852 1511 qui

2281 1524 2403 1580 talis
2445 1533 2528 1580 est
2573 1540 2683 1580 non
2729 1534 2962 1593 exactor,
3008 1526 3104 1583 sed
3144 1526 3419 1584 redditor
3461 1526 3656 1596 debiti,
3686 1543 3853 1588 servans

2281 1613 2336 1669 in
2367 1615 2618 1672 omnibus
2646 1625 2851 1672 castam
2895 1617 3331 1690 religiosamque
3374 1619 3738 1677 concordiam.
3777 1622 3847 1680 lllis

2280 1720 2409 1762 vero
2435 1706 2786 1776 temporibus,
2813 1722 2933 1763 cum
2961 1707 3135 1764 adhuc
3162 1708 3530 1781 propheticis
3555 1714 3847 1768 sacramentis
3880 1696 3882 1759 ξ

2280 1797 2468 1853 salutis
2496 1808 2694 1854 nostra:
2724 1800 3039 1870 mysterium
3071 1799 3406 1868 velabatur,
3439 1802 3606 1858 etiam
3649 1802 3731 1874 qui
3763 1813 3846 1861 ante
3880 1810 3882 1874 ξ

2280 1889 2493 1959 nuptias
2524 1889 2656 1945 tales
2683 1898 2856 1957 erant,
2889 1889 3067 1947 ollicio
3097 1893 3460 1964 propagandi
3499 1895 3707 1965 nuptias
3726 1910 3844 1965 copu-

2280 1980 2482 2048 labant,
2513 1997 2623 2037 non
2646 1982 2772 2039 victi
2809 1982 3048 2051 libidine,
3079 1985 3177 2041 sed
3228 1985 3395 2041 ducti
3437 1986 3678 2057 pietate:
3704 1987 3842 2058 quibus

2280 2077 2326 2132 si
2354 2077 2500 2147 optio
2541 2078 2660 2133 talis
2696 2077 2936 2146 daretur,
2983 2079 3159 2150 qualis
3210 2080 3477 2137 revelato
3518 2080 3666 2137 Novo
3697 2081 3838 2137 Testa-

2280 2177 2463 2224 mento
2488 2167 2611 2223 data
2654 2178 2759 2236 est,
2789 2168 3003 2225 dicente
3034 2169 3301 2239 Domino,
3344 2171 3454 2239 Qui
3492 2182 3656 2243 potest
3689 2189 3836 2243 capere,

2279 2258 2448 2328 capiat
2481 2257 2693 2330 (Matth.
2727 2275 2840 2328 χιιι,
2871 2259 3002 2331 12);
3034 2274 3144 2316 non
3182 2275 3291 2317 eos
3333 2262 3555 2318 dubitat
3588 2262 3838 2319 etiamcum

2278 2351 2475 2423 gaudio
2521 2362 2865 2423 suscepturus
2892 2352 3115 2425 misse,
3168 2354 3269 2425 qui
3321 2354 3616 2426 diligenter
3656 2356 3835 2410 intentus

2282 2441 2412 2513 legit
2454 2443 2723 2514 quomodo
2748 2444 3064 2516 cnnjugibus
3107 2445 3441 2515 utebantur,
3473 2462 3597 2502 cum
3631 2456 3681 2503 et
3707 2447 3835 2516 plures

2281 2532 2482 2591 habere
2510 2536 2602 2591 uni
2627 2536 2742 2592 viro
2771 2536 2984 2604 licebat,
3016 2552 3153 2608 quas
3180 2539 3402 2595 castius
3428 2538 3656 2594 habebat
3681 2539 3696 2570 ί
3717 2552 3830 2609 quam

2281 2641 2423 2682 nunc
2468 2642 2628 2683 unam
2672 2627 2896 2699 quilibet
2937 2629 3190 2698 istorum,
3241 2630 3454 2701 quibus
3494 2629 3830 2701 videmusquid

2280 2717 2577 2774 secundum
2608 2720 2819 2776 veniam
2845 2720 3108 2777 concedat
3130 2722 3445 2793 Apostolus
3472 2721 3518 2797 (Ι
3543 2720 3656 2778 Cor.
3684 2737 3755 2788 vn,
3776 2721 3826 2790 6).

2282 2807 2562 2865 llabebant
2584 2809 2732 2866 enim
2757 2824 2851 2867 eas
2874 2810 2930 2867 in
2954 2826 3121 2883 opere
3140 2813 3476 2884 generandi,
3494 2827 3602 2869 non
3624 2812 3672 2868 in
3688 2810 3825 2868 morbo

2282 2901 2537 2959 desiderii
2565 2903 2704 2960 sicut
2744 2911 2932 2974 gentes
2973 2920 3094 2976 quae
3129 2904 3398 2977 ignorant
3425 2905 3594 2962 Deum
3624 2901 3823 2978 (lTltcu.

2283 3012 2369 3066 ιν,
2397 2999 2484 3068 5).
2516 2997 2668 3067 Quod
2701 3006 2809 3054 tam
2838 3008 3206 3070 magnumiest
3225 3039 3241 3065 ,
3277 3008 3343 3055 ut
3370 2999 3529 3055 multi
3558 2997 3701 3053 hodie
3730 2994 3822 3050 laci

2233 3149 2235 3151 ,
2284 3086 2388 3144 lius
2412 3096 2473 3144 se
2500 3096 2613 3170 tota
2643 3089 2751 3145 vita
2776 3090 2845 3146 ab
2872 3090 3019 3145 omni
3046 3090 3347 3148 concubitu
3377 3092 3689 3157 abstineant,
3713 3098 3822 3157 quam

2283 3179 2501 3235 modum
2548 3188 2766 3237 teneant
2807 3195 2917 3237 non
2960 3181 3213 3250 coeundi,
3261 3183 3374 3239 nisi
3420 3182 3585 3254 prolis
3625 3192 3770 3243 causa,
3788 3175 3819 3231 si

2283 3271 2626 3329 matrimonio
2651 3272 2986 3344 copulentur.
3016 3273 3230 3345 Nempe
3259 3275 3471 3331 multos
3499 3274 3732 3329 habemus
3750 3268 3820 3323 ln-

2285 3370 2395 3419 tres
2438 3372 2495 3420 et
2533 3364 2710 3420 socios
2739 3365 2976 3422 cmlestis
3024 3365 3365 3423 limreditatis
3410 3367 3677 3436 utriusque
3707 3372 3816 3416 seu:

2283 3452 2641 3521 continentes,
2672 3454 2787 3511 sive
2810 3464 3068 3526 expertos
3094 3458 3316 3527 nuptias
3335 3500 3353 3526 ,
3384 3457 3502 3513 sive
3527 3456 3593 3511 ab
3614 3451 3736 3509 omni
3757 3446 3816 3503 tali

2283 3548 2667 3606 commixtione
2688 3549 2971 3622 integros;
3021 3566 3220 3622 nempe
3262 3550 3672 3609 innumerabiles
3696 3550 3812 3603 sunt:

2285 3654 2445 3710 quem
2489 3639 2704 3697 tandem
2747 3640 3053 3699 audivimus
3092 3643 3235 3699 inter
3277 3644 3566 3701 familiaria
3593 3636 3814 3709 colloquia.

2287 3732 2403 3787 sive
2448 3746 2635 3788 eorum
2685 3733 2776 3804 qui
2822 3735 3096 3807 conjugati
3137 3744 3290 3806 sunt,
3343 3739 3463 3793 sive
3507 3734 3595 3807 qui
3636 3732 3809 3791 luerunt,

2286 3823 2612 3881 indicantem
2652 3825 2818 3882 nobis
2869 3842 3138 3898 nunquam
3187 3843 3251 3886 se
3298 3827 3518 3899 coniugi
3563 3839 3673 3882 esse
3706 3834 3812 3878 com-

2286 3920 2533 3987 mixtum,
2563 3919 2664 3975 nisi
2694 3920 2962 3991 sperando
2986 3931 3309 3993 conceptum
3332 3924 3358 3978 ?
3385 3920 3538 3991 Quod
3568 3932 3682 3989 ergo
3713 3925 3809 3985 νη·

2287 4011 2491 4083 cipiunt
2559 4012 2860 4085 conjugatis
2901 4014 3180 4085 Apostoli,
3238 4016 3346 4071 hoc
3396 4023 3481 4070 est
3529 4010 3807 4082 nuptiarum:

2288 4102 2432 4175 quod
2459 4112 2638 4160 autem
2671 4104 2954 4162 venialiter
2991 4104 3335 4173 concedunt,
3367 4113 3461 4162 aut
3487 4100 3622 4175 quod
3646 4091 3807 4168 impedi!

2287 4196 2579 4260 orationes,
2611 4210 2718 4252 non
2745 4204 2943 4267 cogunt
2971 4197 3192 4268 nuptiae,
3223 4197 3321 4255 sed
3362 4196 3557 4254 ferunt.

2359 4287 2587 4344 CAPUT
2629 4286 2769 4343 XIV.
2798 4318 2870 4329 -—
2912 4288 3001 4344 16.
3038 4288 3126 4344 Uti
3167 4288 3452 4345 concubina
3494 4292 3682 4359 propter
3714 4274 3806 4346 lilia

2289 4382 2459 4454 majus
2488 4388 2766 4452 peccatum,
2798 4397 2951 4452 quam
2991 4396 3150 4436 uxore
3193 4382 3270 4436 uti
3313 4388 3519 4453 propter
3554 4370 3805 4430 incontinen-

2289 4474 2430 4529 tiam.
2462 4472 2649 4543 Itaque
2676 4472 2722 4528 si
2750 4472 2909 4540 lorte,
2937 4472 3081 4544 quod
3111 4481 3290 4528 utrum
3318 4472 3433 4527 ﬁeri
3461 4466 3620 4542 possit
3650 4464 3801 4532 ignomv

2244 4552 2255 4561 ’
2291 4566 2567 4637 magisque
2609 4564 2726 4621 ﬁeri
2773 4581 2882 4621 non
2928 4580 3085 4636 posse
3128 4565 3420 4631 existimo;
3469 4559 3560 4617 sed
3602 4565 3745 4613 tamen
3772 4544 3803 4600 si

2291 4658 2430 4715 forte
2471 4658 2540 4714 ad
2583 4666 2795 4728 tempus
2842 4657 3078 4714 adhibita
3121 4657 3418 4714 concubina
3451 4653 3582 4709 ﬁlios
3615 4645 3732 4703 solos
3757 4649 3800 4691 et

2291 4748 2480 4805 eadem
2521 4749 2904 4805 commixtione
2945 4750 3253 4821 quaesiverit
3288 4768 3302 4805 :
3339 4762 3439 4804 nec
3481 4744 3557 4801 sic
3595 4742 3679 4795 ista
3712 4743 3801 4788 σοῦ’

2287 4842 2498 4913 junctio
2523 4842 2606 4898 vel
2643 4857 2828 4897 earum
2868 4841 3068 4912 nuptiis
3099 4837 3453 4912 praeponenda
3480 4843 3582 4900 est,
3607 4840 3708 4899 quae
3735 4832 3799 4873 *τ’

2293 4935 2434 4990 niale
2497 4933 2628 4989 illud
2692 4943 3003 5004 operantur.
3061 4933 3198 5002 Quid
3244 4934 3388 4990 enim
3429 4929 3498 4985 sit
3541 4918 3795 5015 nuptiarum,

2291 5025 2738 5085 considerandum
2783 5032 2896 5091 est,
2924 5040 3032 5081 non
3072 5025 3198 5096 quid
3238 5027 3309 5079 sit
3349 5017 3642 5079 nubentium
3665 5014 3709 5063 et
3729 5014 3797 5100 ωξε

2293 5120 2620 5177 moderatius
2668 5119 2866 5189 nuptiis
2912 5119 3194 5174 utentium.
3241 5116 3422 5187 Neque
3458 5110 3591 5167 enim
3623 5101 3661 5158 si
3693 5101 3794 5163 ειηε

2293 5214 2475 5284 inique
2503 5228 2567 5268 ac
2595 5227 2874 5283 perperam
2915 5211 3113 5267 invasis
3140 5212 3212 5267 ita
3250 5210 3470 5282 quisque
3493 5208 3663 5271 utatur,
3690 5193 3794 5280 "‘9"

2293 5320 2481 5362 eorum
2508 5304 2768 5360 fructibus
2793 5303 2968 5375 largas
2991 5303 3360 5375 eleemosynas
3386 5296 3554 5360 faciat,
3576 5286 3677 5384 ideo

2296 5413 2418 5453 nam
2445 5397 2700 5467 justiticat
2730 5414 2744 5451 :
2776 5411 2949 5468 neque
2984 5397 3029 5451 si
3064 5395 3203 5451 alius
3232 5393 3340 5451 ruri
3376 5398 3580 5462 paterno
3605 5370 3791 5471 νει

2295 5463 2519 5561 quaesito
2566 5505 2758 5545 avarus
2808 5463 3099 5556 incumbat,
3146 5488 3266 5544 ideo
3310 5478 3555 5552 culpanda
3591 5474 3661 5525 esi
3692 5463 3788 5561 i0"?

2294 5553 2465 5639 civilis
2514 5582 2718 5653 regula,
2771 5595 2871 5651 qua
2918 5553 3196 5651 possessor
3243 5576 3498 5649 legitimus
3540 5565 3683 5653 lactus

2296 5674 2409 5732 Nec
2453 5642 2745 5748 tyrannica:
2788 5642 3035 5728 iactionis
3073 5642 3389 5744 perversitas
3428 5650 3667 5748 laudabilis

2296 5768 2341 5824 si
2384 5734 2528 5837 regia
2577 5764 2859 5821 clementia
2910 5734 3170 5835 tyrannus
3218 5758 3449 5820 subditos
3490 5745 3683 5807 tractet;
3716 5734 3787 5785 ³³⁸⁸

2364 5880 2383 5911 ι
2410 5883 2542 5943 Lov.,
2565 5874 2814 5930 habebant.
2833 5881 2909 5929 Fr.
2934 5883 2987 5929 et
3009 5883 3136 5943 Mss,
3159 5872 3367 5930 habebat.
