3882 6286
70 300 152 362 335
980 254 985 257 “
1438 274 1639 332 LIBER
1684 274 1882 332 unus.

69 408 381 483 vituperabilis
408 404 541 461 ordo
567 402 725 475 regiae
752 398 1051 472 potestatis,
1083 397 1128 453 si
1152 410 1246 451 rex
1273 392 1587 449 crudelitate

68 502 291 563 tvrannica
317 497 513 553 smviat.
545 492 701 547 Aliud
729 500 809 546 cst
839 504 1069 558 namque
1099 487 1295 556 injusta
1321 491 1587 555 potestate

62 568 173 668 juste
208 592 330 646 velle
372 588 467 653 uti,
518 594 575 641 et
613 582 751 639 aliud
793 590 873 637 est
908 582 1053 649 justa
1095 584 1359 668 potestate

64 665 136 744 uti.
161 686 224 740 Ita
252 695 342 736 nec
379 676 691 733 concubinae
723 673 790 727 ad
820 681 1029 740 tempus
1054 667 1326 731 adhibitm,
1368 666 1414 720 si
1446 665 1591 719 ﬁlio-

63 795 152 835 rum
184 789 324 829 cansa
363 769 739 829 concumbant,
776 764 980 835 justum
1020 760 1222 816 faciunt
1262 757 1589 814 concubina-

64 885 147 926 tum
169 881 330 930 suum;
359 878 457 918 nec
484 860 802 931 conjngatae,
831 857 876 911 si
906 870 1026 911 cum
1058 853 1264 909 maritis
1290 850 1587 917 lasciviant,

61 959 236 1029 nuptiali
262 954 427 1010 ordini
452 952 659 1007 crimen
690 949 991 1019 important.

114 1050 182 1105 l'l.
212 1048 359 1102 Posse
401 1057 534 1098 sane
578 1041 691 1097 ﬁeri
726 1039 941 1110 nuptias
979 1054 1045 1093 ex
1085 1036 1227 1091 male
1266 1034 1587 1106 conjunctis,

60 1145 239 1197 honesto
264 1146 439 1207 postea
470 1135 669 1206 placito
697 1139 1082 1201 consequente,
1115 1128 1455 1183 manifestum
1483 1134 1586 1181 est.

112 1229 299 1287 CAPUT
335 1227 453 1282 XV.
496 1256 573 1266 —
608 1224 928 1280 Connubium
965 1239 1065 1277 non
1101 1237 1247 1293 posse
1285 1220 1490 1274 dissolvi
1528 1218 1588 1271 ob

61 1324 333 1379 sterilitatem.
364 1322 441 1371 An
482 1317 633 1372 liceat
676 1317 850 1371 uxoris
879 1314 1136 1367 voluntate
1164 1314 1322 1367 aliam
1351 1311 1591 1366 adhibere

61 1426 105 1470 ut
124 1428 363 1468 communes
388 1410 487 1479 ﬁlii
512 1420 816 1474 nascantur,
846 1424 947 1461 non
972 1406 1127 1460 audet
1151 1405 1383 1475 deﬁnire.
1409 1403 1588 1459 Semel

65 1519 205 1563 autem
228 1507 389 1560 initum
429 1502 761 1558 connubinm
799 1503 853 1556 in
887 1500 1100 1555 civitate
1128 1499 1223 1553 Dei
1262 1498 1454 1563 nostri,
1498 1496 1589 1552 ubi

62 1600 185 1654 etiam
220 1612 272 1651 ex
310 1596 478 1666 prima
515 1593 747 1649 duorum
787 1592 1063 1646 hominum
1100 1588 1291 1659 copula
1321 1586 1587 1659 quoddam

59 1694 385 1743 sacramentum
424 1685 631 1756 nuptia:
664 1690 885 1754 gerunt,
920 1681 1067 1737 nullo
1097 1680 1256 1735 modo
1281 1688 1459 1750 potest
1484 1679 1588 1734 nisi

56 1779 234 1849 alicujus
254 1792 431 1833 eorum
457 1785 639 1832 morte
667 1775 907 1845 dissolvi.
939 1774 1117 1829 Manet
1142 1773 1283 1827 enim
1316 1772 1585 1826 vinculum

55 1870 324 1939 nuptiarum,
352 1868 567 1924 etiamsi
612 1866 813 1938 proles,
848 1865 999 1936 cujus
1044 1879 1203 1919 causa
1244 1863 1433 1918 initum
1480 1871 1583 1931 est,

55 1960 280 2015 manifesta
319 1959 603 2014 sterilitate
645 1973 753 2012 non
801 1957 1157 2027 subsequatur
1202 1971 1216 2009 :
1260 1954 1332 2009 ita
1376 1961 1437 2008 ut
1474 1952 1585 2023 jam

55 2053 285 2109 scientibus
316 2052 634 2123 conjugibus
665 2064 770 2105 non
813 2065 871 2105 se
912 2049 1046 2103 ﬁlios
1086 2047 1361 2103 habituros
1386 2088 1401 2113 ,
1431 2060 1588 2115 sepa-

55 2159 144 2199 rare
176 2159 229 2199 se
270 2153 438 2199 tamen
483 2143 576 2198 vel
628 2143 738 2212 ipsa
784 2155 946 2196 causa
993 2140 1220 2194 ﬁliorum
1268 2147 1428 2209 atque
1468 2137 1587 2193 aliis

55 2237 251 2308 copulare
273 2252 375 2293 non
408 2236 589 2293 liceat.
618 2235 769 2304 Quod
792 2235 839 2290 si
869 2233 1110 2300 fecerint,
1140 2247 1260 2286 cum
1287 2232 1366 2287 eis
1393 2229 1585 2302 quibus

55 2345 97 2384 se
128 2330 478 2399 copulaverint,
510 2326 835 2383 adulterium
861 2324 1221 2390 committunt,
1265 2322 1365 2392 ipsi
1406 2330 1585 2377 autem

56 2421 254 2492 conjuges
293 2429 527 2476 manent.
589 2419 753 2473 Plane
797 2417 978 2472 uxoris
1007 2414 1281 2470 voluntate
1330 2412 1585 2469 adhibere

55 2513 189 2577 aliam,
227 2512 356 2567 unde
402 2524 723 2566 communes
767 2509 859 2563 ﬁlii
907 2514 1195 2562 nascantur
1237 2506 1394 2560 unius
1438 2520 1585 2560 com-

56 2604 257 2659 mixtione
274 2619 333 2659 ae
358 2605 590 2671 semine,
612 2602 836 2658 alterius
863 2610 1040 2655 autem
1060 2600 1184 2671 jure
1211 2614 1273 2654 ac
1297 2607 1582 2669 potestate,

52 2696 156 2766 apud
190 2697 421 2767 antiquos
465 2706 649 2767 patres
697 2695 778 2749 fas
822 2702 976 2749 erat:
1008 2701 1185 2748 utrum
1229 2700 1284 2747 et
1325 2706 1469 2745 nunc
1506 2689 1585 2747 fas

56 2788 118 2852 sit,
140 2804 229 2845 non
261 2798 458 2845 temere
483 2789 737 2845 dixerim.
784 2788 899 2842 Non
927 2796 1011 2843 est
1052 2786 1193 2842 enim
1226 2800 1365 2841 nunc
1396 2800 1586 2856 propa-

55 2879 169 2947 gandi
208 2882 509 2947 necessitas,
543 2895 663 2951 qua:
693 2888 818 2933 tunc
864 2877 981 2945 fuit,
1011 2876 1223 2948 quando
1253 2885 1307 2933 et
1333 2877 1585 2947 parienti-

56 2970 127 3025 bus
156 2972 443 3043 conjugibus
472 2972 609 3027 alias
653 2979 869 3043 propter
909 2970 1264 3039 cepiosiorem
1306 2969 1586 3040 posterita-

56 3071 132 3116 tem
152 3065 484 3135 superduccre
522 3064 735 3129 licebat,
766 3062 906 3133 quod
943 3076 1083 3116 nunc
1120 3070 1266 3117 certe
1294 3076 1398 3116 non
1438 3060 1580 3117 licet.

56 3151 150 3207 Nam
189 3164 375 3209 tantum
418 3157 581 3211 aﬂ'crt
621 3154 1030 3225 opportunitatis
1079 3152 1144 3207 ad
1193 3152 1391 3223 aliquid
1439 3152 1585 3223 justc

56 3249 262 3317 agendum
289 3266 377 3305 seu
404 3266 512 3309 non
544 3249 808 3320 agendum
838 3258 1137 3318 temporum
1164 3254 1371 3303 secreta
1397 3246 1585 3303 distin-

55 3340 149 3403 etio,
175 3350 223 3395 ut
258 3358 389 3397 nunc
430 3342 627 3396 melius
658 3340 834 3406 faciat,
868 3339 959 3415 qui
1002 3353 1101 3393 nec
1146 3354 1305 3392 unam
1348 3337 1580 3404 duxerit,

57 3432 130 3484 nisi
150 3447 197 3487 sc
213 3435 473 3490 continere
502 3448 610 3488 non
634 3432 817 3503 possit.
845 3430 997 3485 Tunc
1019 3438 1196 3484 autem
1223 3429 1381 3483 etiam
1406 3430 1584 3499 plures

57 3521 379 3594 inculpabilitcr
404 3525 693 3589 ducebant,
722 3534 776 3579 et
803 3524 891 3594 qui
919 3538 977 3579 se
1021 3523 1189 3577 multo
1215 3521 1421 3577 facilius
1451 3537 1583 3577 con-

58 3614 184 3670 tinere
208 3626 426 3686 possent,
458 3617 566 3671 nisi
598 3615 737 3670 aliud
779 3616 948 3685 pietas
993 3614 1085 3669 illo
1130 3623 1370 3684 tempore
1396 3622 1583 3683 postu-

56 3702 167 3758 larct.
206 3707 339 3762 Sicut
378 3709 529 3763 enim
576 3707 790 3778 sapiens
828 3714 881 3761 et
915 3706 1091 3775 justus
1114 3748 1128 3773 ,
1166 3705 1256 3775 (lui
1295 3705 1407 3775 jam
1450 3719 1582 3760 con-

57 3798 227 3865 cupiscit
258 3802 476 3856 dissolvi
515 3810 571 3855 et
608 3815 725 3855 esse
763 3815 885 3854 cum
909 3796 1142 3865 Christo,
1183 3806 1238 3854 ct
1276 3797 1377 3852 hoc
1415 3797 1582 3867 magis

56 3890 209 3955 Optimo
243 3881 535 3948 delectatur
572 3891 841 3963 (Philipp.
889 3907 940 3957 ι,
982 3890 1128 3961 25),
1181 3889 1294 3959 jam
1340 3904 1447 3944 non
1495 3888 1583 3943 hic

57 3981 216 4036 vivendi
237 3985 537 4054 cupiditate,
580 3983 675 4038 sed
714 3982 1026 4038 consulendi
1067 3981 1242 4037 ofﬁcio
1282 3983 1445 4036 sumit
1480 3982 1581 4036 ali—

56 4082 259 4141 utentum,
289 4086 340 4130 ut
373 4086 594 4132 maneat
618 4078 672 4130 in
710 4092 892 4143 carne,
933 4075 1075 4145 quod
1114 4077 1475 4131 necessarium
1501 4084 1583 4131 est

58 4175 226 4232 propter
260 4170 382 4225 alios
433 4186 450 4223 :
490 4168 567 4224 sic
608 4168 820 4223 misceri
868 4167 1084 4223 feminis
1117 4167 1238 4237 jure
1278 4169 1581 4238 nuptiarum

59 4256 293 4315 ofﬁciosum
322 4262 416 4317 fuit
450 4271 575 4317 tunc
603 4262 801 4316 sanctis
831 4261 979 4326 viris,
1010 4276 1115 4315 non
1144 4260 1506 4316 libidinosum.

112 4349 294 4405 CAPUT
330 4351 653 4407 XVI—18.
697 4351 764 4405 In
820 4350 1081 4404 concubitu
1129 4367 1189 4404 ac
1240 4352 1294 4404 in
1342 4351 1437 4404 cibi
1488 4367 1583 4406 usu

63 4438 195 4493 inuitis
219 4446 333 4499 ratio
345 4446 542 4499 virtutis
558 4453 604 4498 et
622 4444 746 4498 vitii.
765 4443 915 4512 Quod
935 4444 1079 4498 enim
1110 4452 1192 4497 cst
1222 4442 1371 4497 cibus
1398 4442 1461 4497 ad
1489 4458 1577 4498 sa-

66 4530 182 4587 lutcm
208 4520 419 4594 hominis
440 4581 453 4605 ,
488 4538 590 4593 hoc
618 4548 701 4593 est
728 4537 1041 4592 concubitus
1068 4536 1134 4590 ad
1162 4536 1384 4591 salutem
1416 4551 1580 4606 gene-

67 4620 118 4674 ris
141 4642 150 4675 :
173 4636 217 4680 et
242 4639 512 4701 utrumque
552 4639 768 4685 nonest
796 4630 913 4685 sine
949 4628 1305 4683 delectatione
1343 4630 1578 4697 carnali;

67 4729 152 4782 qum
170 4727 319 4777 tamen
346 4723 645 4779 modiﬁcata
668 4765 682 4790 ,
731 4731 784 4777 et
816 4722 1164 4791 temperantia
1197 4721 1499 4777 refrenante
1528 4722 1581 4777 in

68 4820 181 4862 usum
207 4816 479 4870 naturalem
510 4814 742 4879 redacta,
783 4813 948 4869 libido
974 4829 1115 4893 esse‘
1135 4829 1241 4867 non
1272 4823 1448 4884 potest
1480 4815 1577 4886 (a).

70 4894 183 4962 Quod
216 4916 287 4959 est
323 4919 497 4963 autem
542 4908 595 4962 in
641 4906 985 4962 sustentanda
1016 4907 1122 4959 vita
1163 4907 1379 4961 illicitus
1405 4906 1577 4976 cibus,

72 4985 145 5042 hoc
164 5001 230 5047 cst
250 4995 295 5050 in
319 4997 596 5067 qumrcnda
624 4997 773 5066 prole
797 4995 1111 5052 fornicarius
1137 4996 1222 5051 vel
1251 4996 1580 5053 adulterinus

72 5085 336 5143 concubitus.
362 5091 426 5146 Et
450 5089 592 5161 quod
613 5096 697 5144 est
724 5089 776 5142 in
804 5088 1010 5142 luxuria
1042 5089 1243 5143 ventris
1272 5097 1327 5143 et
1354 5088 1580 5159 gutturis

73 5168 235 5231 illicitas
257 5180 407 5250 cibus,
433 5182 537 5237 hoc
562 5191 642 5237 est
664 5182 714 5235 in
735 5180 955 5235 libidine
976 5181 1175 5235 nullam
1203 5182 1407 5250 prolem
1438 5197 1584 5251 quee-

73 5272 187 5319 rcnte
220 5268 407 5329 illicitas
444 5273 780 5330 concubitus.
823 5272 889 5326 Et
927 5272 1067 5343 quod
1095 5281 1176 5326 est
1206 5272 1257 5325 in
1286 5272 1405 5327 cibo
1435 5272 1581 5328 licito

76 5361 290 5416 nonnullis
319 5366 711 5423 immoderatior
736 5366 1025 5436 appetitus,
1058 5367 1159 5422 hoc
1195 5378 1277 5422 est
1307 5367 1359 5422 in
1391 5368 1578 5439 conju-

77 5444 402 5515 gibusvcnialis
444 5462 533 5515 ille
579 5460 910 5515 concubitus.
957 5459 1103 5515 Sicut
1138 5476 1263 5530 ergo
1308 5461 1475 5515 satius
1501 5472 1582 5516 est

80 5542 205 5595 emori
222 5542 357 5615 fame,
382 5566 537 5621 quam
567 5550 874 5621 idolothytis
898 5550 1040 5605 vesci
1072 5550 1178 5622 (b);
1207 5551 1277 5606 ita
1309 5553 1475 5607 satius
1501 5562 1583 5607 est

124 5672 180 5801 #0;
207 5686 428 5751 llactract.
455 5701 558 5751 cap.
579 5687 660 5749 22,
685 5701 733 5735 ιι.
761 5687 808 5736 2.
1111 5749 1119 5758 .

144 5734 164 5782 b
204 5746 333 5794 $10811
364 5748 609 5799 Publicolae
644 5750 958 5801 muestionem
981 5749 1043 5799 de
1080 5764 1119 5798 vr

144 5734 180 5801 ὓ)
204 5741 333 5794 sicut
364 5734 958 5813 rutiliobleipues—tionem
981 5749 1043 5799 de
1080 5749 1261 5800 viatere
1299 5750 1577 5811 christiano,

3185 288 3291 348 586

1701 388 1914 460 defungi
1956 390 2074 446 sine
2112 390 2313 459 liberis,
2343 406 2498 463 quam
2534 407 2598 450 ex
2644 396 2827 452 illicito
2873 399 3016 455 coitu
3059 400 3285 473 stirpem

1699 497 1957 551 qumrerc.
1988 482 2383 556 .Undecumque
2418 495 2596 542 autem
2624 499 2909 545 nascantur
2936 491 3200 557 homines.
3238 497 3287 552 si

1697 586 1980 642 parentum
2006 576 2131 630 vitia
2162 592 2265 632 non
2293 588 2565 634 sectentur
2585 620 2602 647 ,
2634 589 2689 636 et
2717 582 2881 637 Deum
2913 593 3055 639 recte
3085 588 3285 653 colant,

1697 666 1908 723 honesti
1935 678 1989 724 et
2012 670 2143 725 salvi
2164 678 2341 727 erunt.
2372 671 2565 727 Semen
2590 673 2732 727 cnim
2763 674 2995 729 hominis
3023 693 3088 731 ex
3114 680 3286 749 quali-

1698 773 1925 830 cumque
1955 760 2189 827 homine,
2224 762 2317 817 Dei
2346 772 2589 819 creatura
2616 773 2719 831 est,
2747 775 2801 820 et
2830 781 2895 821 co
2923 767 3061 822 male
3092 770 3260 824 utenti

1696 849 1797 906 bus
1821 852 1961 906 male
1990 853 2112 919 erit,
2142 867 2248 907 non
2271 854 2443 923 ipsum
2472 854 2756 925 aliquando
2791 857 2990 911 malum
3021 860 3142 912 erit.
3174 858 3289 915 Sic-

1698 949 1757 996 ut
1789 952 1968 998 autem
2014 942 2108 997 ﬁlii
2144 944 2269 999 boni
2310 944 2697 1011 adulterorum,
2743 948 2883 1002 nulla
2931 948 3173 1005 defensio
3199 960 3283 1007 est

1699 1034 2113 1101 adulteriorum;
2143 1036 2221 1093 sic
2243 1037 2368 1091 mali
2397 1038 2823 1110 conjugatorum,
2851 1040 3053 1096 nullum
3083 1042 3287 1099 crimen

1697 1135 1782 1183 est
1824 1128 2147 1198 nuptiarum.
2182 1130 2414 1186 Proinde
2455 1130 2594 1187 sicut
2628 1140 2808 1202 patres
2849 1134 3105 1205 temporis
3153 1135 3286 1191 Novi

1699 1219 2029 1275 Testamcnti
2056 1237 2121 1276 ex
2159 1222 2336 1277 ofﬁcio
2362 1224 2673 1279 consulendi
2704 1226 2955 1281 alimenta
2984 1238 3281 1298 sumentes,

1698 1312 1941 1381 quamvis
1970 1328 2033 1367 ea
2062 1328 2183 1368 cum
2224 1313 2580 1372 delectatione
2606 1317 2837 1372 naturali
2865 1318 3040 1373 carnis
3066 1320 3281 1390 accipe-

1697 1410 1858 1470 rent,
1888 1404 2034 1458 nullo
2065 1404 2224 1459 modo
2255 1413 2431 1460 tamen
2475 1406 2921 1477 comparabantur
2945 1408 3284 1468 delectationi

1696 1510 1882 1550 eorum
1930 1495 2020 1565 qui
2068 1495 2407 1551 immolatitio
2452 1498 2877 1570 vcscebantur(l
2897 1500 3013 1554 Cor.
3055 1516 3167 1566 vni,
3201 1500 3281 1574 7),

1695 1596 1786 1641 aut
1814 1602 1999 1642 eorum
2028 1588 2118 1657 qui
2162 1589 2404 1659 quamvis
2442 1589 2613 1645 licitas
2654 1604 2828 1657 escas,
2861 1600 3041 1648 tamen
3084 1594 3279 1649 immo—

1696 1678 1934 1734 deratius
1957 1680 2332 1747 assumebant;
2356 1682 2433 1735 sic
2460 1690 2637 1751 patres
2664 1684 2918 1753 temporis
2949 1684 3154 1741 Veteris
3180 1686 3283 1743 Te-

1695 1772 1945 1826 stamenti
1970 1811 1984 1835 ,
2017 1772 2330 1828 consulendi
2362 1772 2542 1830 ofﬁcio
2571 1775 3018 1844 concumbebant,
3052 1794 3281 1849 quorum

1696 1860 1982 1917 delectatio
2019 1861 2106 1916 illa
2138 1864 2393 1919 naturalis
2419 1880 2750 1936 nequaquam
2777 1881 2945 1937 usque
2970 1868 3038 1923 ad
3065 1869 3282 1926 irratio-

1694 1956 1870 2011 nalcm
1892 1964 1984 2009 aut
2001 1954 2260 2010 nefariam
2279 1956 2550 2012 libidinem
2568 1959 2825 2025 relaxata,
2849 1974 2948 2015 nec
2968 1961 3283 2032 turpitudini

1693 2056 2001 2117 stuprorum
2046 2062 2146 2103 nec
2189 2048 2591 2119 conjugatornm
2633 2050 3059 2121 intemperantiae
3100 2053 3285 2111 confe-

1694 2140 1859 2196 renda
1882 2149 1983 2195 est.
2014 2139 2212 2195 Eadem
2240 2141 2436 2211 quippe
2461 2156 2597 2197 vena
2631 2141 2926 2210 charitatis,
2955 2160 3097 2200 nunc
3121 2144 3284 2215 spiri-

1695 2232 1930 2301 tualiter,
1963 2242 2088 2288 tunc
2114 2233 2397 2288 carnaliter
2439 2242 2658 2305 propter
2692 2235 2836 2289 illam
2866 2244 3093 2292 matrem
3120 2236 3282 2293 Jeru-

1693 2328 1859 2384 salem
1920 2328 2246 2400 propagandi
2296 2338 2449 2385 crant
2499 2329 2595 2385 ﬁlii
2650 2348 2663 2384 :
2705 2330 2801 2386 sed
2853 2330 3067 2388 diversa
3117 2348 3282 2406 opera

1692 2427 1905 2490 patrum
1952 2435 2061 2475 non
2111 2419 2338 2475 faciebat
2380 2420 2483 2475 nisi
2520 2420 2800 2476 diversitas
2832 2430 3153 2493 temporum.
3193 2425 3285 2483 Sic

1693 2518 1872 2566 autem
1900 2526 2121 2567 necesse
2149 2522 2265 2567 erat
2302 2519 2361 2565 ut
2400 2511 2685 2567 carnaliter
2713 2513 2940 2580 coirent,
2969 2514 3128 2569 etiam
3172 2530 3283 2573 non

1696 2602 1940 2657 carnales
1980 2602 2293 2672 Propheta;
2323 2602 2460 2656 sicut
2488 2617 2712 2659 necesse
2756 2612 2871 2659 erat
2911 2612 2969 2658 ut
2996 2605 3284 2663 carnaliter

1695 2703 2065 2761 vescerentur,
2095 2694 2256 2749 etiam
2285 2708 2390 2748 non
2419 2694 2663 2749 carnales
2688 2694 2952 2765 Apostoli.

1762 2785 1987 2841 CAPUT
2005 2785 2603 2841 XVII.—i9.Nubentes
2619 2786 2771 2856 hujus
2788 2787 3027 2857 temporis
3044 2804 3144 2843 non
3160 2805 3282 2844 con-

1693 2878 1889 2950 ferendi
1919 2878 2216 2933 nubentibus
2242 2878 2427 2933 sanctis
2456 2878 2607 2949 primi
2630 2878 2888 2948 temporis.
2911 2877 3014 2934 Uni
3034 2880 3138 2934 viro
3166 2880 3283 2952 plu-

1690 2989 1771 3027 res
1798 2988 1976 3026 uxores
2006 2971 2186 3025 habere
2213 2970 2489 3043 aliquando
2519 2971 2682 3039 licuit,
2713 2988 2969 3044 nunquam
3002 2975 3090 3028 uni
3129 2975 3279 3044 femi-

1692 3079 1772 3118 na:
1796 3063 1966 3133 plures
1991 3063 2145 3117 viros.
2177 3061 2449 3133 Quotquot
2477 3077 2605 3133 ergo
2630 3079 2772 3118 nunc
2809 3074 2934 3120 sunt
2983 3065 3175 3136 quibus
3200 3067 3280 3124 di-

1691 3155 1851 3221 citur,
1871 3153 1932 3209 Si
1947 3169 2001 3208 se
2022 3170 2120 3208 non
2136 3155 2409 3222 continent,
2436 3154 2622 3208 nubant
2647 3154 2754 3228 (Id.
2773 3172 2867 3224 vn,
2888 3157 2946 3229 9)
2968 3174 2982 3225 ;
3007 3174 3111 3213 non
3134 3173 3282 3215 com-

1691 3244 1942 3315 paranda:
1972 3252 2094 3299 sunt
2142 3252 2269 3300 tunc
2311 3246 2471 3301 etiam
2520 3246 2842 3303 nubentibus
2881 3250 3098 3305 sanctis.
3146 3251 3281 3323 ipsa:

1692 3338 1906 3409 quidem
1939 3338 2140 3409 nuptiae
2174 3338 2229 3393 in
2269 3340 2519 3395 omnibus
2554 3340 2801 3411 gentibus
2842 3342 3030 3399 eadem
3059 3354 3184 3409 sunt
3210 3344 3279 3399 ﬁ-

1690 3431 1882 3485 liorum
1913 3430 2366 3499 procreandorum
2405 3446 2599 3499 causa,
2626 3432 2716 3503 qui
2746 3434 3065 3504 qualeslibet
3094 3444 3280 3508 postea

1690 3522 1888 3578 fuerint
1908 3564 1923 3588 ,
1958 3521 2026 3577 ad
2056 3522 2158 3578 hoc
2183 3531 2361 3578 tamen
2388 3523 2644 3579 institutae
2669 3533 2795 3579 sunt
2822 3527 3055 3597 nuptirc,
3093 3536 3150 3582 ut
3186 3543 3277 3584 or-

1689 3615 1870 3672 dinate
1896 3615 2227 3687 honesteque
2254 3627 2559 3676 nascantur.
2583 3617 2688 3673 Sed
2711 3618 2955 3675 homines
2975 3621 3063 3691 qui
3090 3636 3148 3677 se
3170 3636 3279 3678 non

1691 3709 1984 3773 continent,
2015 3716 2265 3778 tanquam
2285 3708 2580 3765 ascendunt
2606 3710 2658 3765 in
2684 3712 2895 3781 nuptias
2921 3712 3085 3782 gradu
3112 3713 3279 3771 hone-

1690 3798 1844 3854 statis
1875 3816 1887 3853 :
1915 3798 2006 3869 qui
2044 3808 2221 3855 antem
2249 3814 2307 3854 se
2348 3802 2465 3855 sine
2507 3801 2670 3856 dubio
2714 3803 3067 3872 continerent,
3098 3805 3143 3859 si
3176 3804 3280 3863 hoc

1691 3891 1832 3945 illius
1859 3890 2115 3958 temporis
2152 3891 2289 3946 ratio
2318 3892 2680 3961 permisisset,
2722 3895 2953 3965 quodam
2998 3895 3158 3951 modo
3183 3897 3280 3953 de-

1691 3980 2015 4035 scenderunt
2056 3980 2371 4059 in.nuptias
2418 3982 2586 4052 gradu
2635 3984 2866 4053 pietatis.
2914 3985 2992 4039 Ac
3036 4002 3133 4056 per
3174 3986 3278 4045 hoc

1690 4072 1932 4142 quamvis
1958 4080 2304 4142 utrorumque
2332 4073 2528 4142 nuptiae
2550 4074 2601 4127 in
2629 4083 2884 4143 quantum
2907 4078 3103 4146 nuptiae
3129 4086 3274 4145 sunt,

1691 4165 1811 4234 quia
1841 4162 2161 4234 procreandi
2190 4178 2349 4217 causa
2382 4172 2536 4228 sunt,
2566 4166 2843 4234 mqualitcr
2872 4167 3025 4222 bona:
3062 4167 3192 4233 sint,
3220 4169 3276 4225 bi

1692 4265 1867 4312 tamen
1910 4256 2157 4311 homines
2196 4256 2463 4327 conjugati
2494 4257 2598 4312 illis
2637 4257 2942 4315 hominibus
2979 4262 3276 4333 conjngatis

1691 4364 1797 4405 non
1827 4358 1950 4405 sunt
1969 4349 2333 4418 comparandi.
2364 4348 2570 4405 Habent
2592 4351 2733 4405 enim
2757 4351 2841 4406 isti
2862 4354 3004 4423 quod
3026 4346 3131 4409 illis
3159 4370 3277 4425 pro-

1691 4451 1812 4512 pter
1858 4440 2194 4495 honestatem
2252 4442 2596 4511 nuptiarum,
2648 4444 2890 4513 quamvis
2941 4446 3008 4501 ad
3063 4447 3275 4516 nuptias

1691 4549 1796 4588 non
1819 4532 2101 4603 pertineat,
2129 4533 2422 4589 secundum
2448 4535 2657 4589 veniam
2685 4534 3047 4601 concedatur;
3086 4536 3138 4591 id
3168 4546 3273 4605 est,

1692 4639 2030 4694 progressum
2078 4624 2224 4679 illum
2262 4626 2350 4695 qui
2398 4625 2608 4682 excedit
2648 4626 2936 4697 generandi
2980 4629 3275 4683 necessita-

1692 4724 1798 4771 tem
1824 4716 1862 4781 ί,
1895 4715 2035 4785 quod
2067 4715 2141 4770 illi
2169 4731 2273 4771 non
2303 4717 2587 4773 habebant.
2616 4716 2723 4773 Sed
2752 4733 2924 4788 neque
2967 4719 3062 4786 hi,
3101 4722 3145 4775 si
3185 4722 3275 4793 qui

1690 4808 1829 4865 forte
1848 4824 1989 4865 nunc
2013 4810 2370 4877 inveniuntur,
2402 4810 2493 4881 qui
2518 4827 2625 4866 non
2650 4821 2894 4881 qumrunt
2924 4812 2975 4868 in
3008 4816 3277 4872 connubio

1691 4918 1792 4959 nec
1806 4913 2082 4974 appetunt,
2103 4904 2203 4958 nisi
2222 4915 2438 4974 propter
2454 4904 2594 4975 quod
2618 4906 2873 4961 instituta:
2903 4915 3027 4962 sunt
3053 4910 3276 4980 nuptiae,

1690 4996 1955 5065 corequari
1982 5003 2202 5065 possunt
2240 4996 2349 5052 illis
2375 4996 2699 5053 hominibus.
2734 4996 2790 5051 In
2832 4997 2947 5055 istis
2973 5000 3114 5055 enim
3152 5016 3273 5059 car-

1691 5111 1819 5173 victo
1841 5107 2357 5173 famisnecessitate,si
2372 5109 2490 5173 nihil
2514 5112 2701 5173 uspiam
2720 5112 2981 5171 invenerit,
3002 5115 3091 5163 nisi
3112 5117 3276 5166 cilium

1690 5172 1739 5219 in
1764 5169 1907 5235 idolio
1943 5171 2150 5235 positum
2167 5205 2181 5229 ,
2206 5172 2291 5235 ubi
2315 5171 2485 5235 nullus
2495 5169 2620 5235 alitis
2644 5181 2721 5223 est
2742 5169 2984 5223 hominum
3004 5211 3018 5235 ,
3042 5185 3203 5227 utrum
3229 5181 3276 5230 ei

1690 5234 1840 5300 satius
1862 5232 1925 5280 sit
1948 5232 2072 5280 tame
2097 5234 2265 5300 emori,
2291 5247 2431 5300 quam
2459 5233 2574 5300 illud
2593 5236 2642 5283 in
2659 5235 2939 5300 alimentum
2962 5232 3177 5300 sumere,
3194 5254 3275 5290 re-

1691 5294 1895 5356 sliondet
1922 5295 2211 5355 Augustinus
2228 5296 2275 5357 in
2302 5294 2504 5357 epistola
2527 5310 2654 5346 nunc
2673 5298 2842 5345 ordine
2862 5298 2939 5355 47,
2966 5314 3013 5347 ιι.
3039 5299 3070 5348 6
3096 5314 3107 5349 :
3144 5294 3274 5351 (Aut

1699 5374 1719 5401 α
1743 5364 1929 5421 certum
1964 5362 2040 5404 est
2074 5369 2191 5421 esse
2220 5356 2562 5419 idolothytum,
2588 5366 2668 5407 aut
2689 5367 2875 5409 certum
2902 5368 2977 5421 est
3010 5375 3103 5409 non
3137 5376 3269 5421 esse,

1698 5437 1720 5464 ι
1742 5425 1826 5467 aut
1849 5419 2093 5480 ignoratur
2119 5431 2131 5465 :
2156 5420 2197 5467 si
2223 5432 2341 5481 ergo
2362 5426 2550 5469 certum
2576 5429 2652 5469 est
2678 5434 2806 5480 esse,
2824 5420 2997 5470 melius
3019 5419 3275 5473 christiana

1699 5499 1719 5525 ‹‹
1745 5482 1922 5529 virtute
1943 5482 2217 5545 respuitur;
2243 5482 2282 5529 si
2298 5489 2462 5532 autem
2487 5482 2565 5531 vel
2591 5496 2686 5545 nou
2720 5496 2831 5531 esse
2849 5484 3013 5541 scitur,
3040 5482 3117 5531 vel
3140 5485 3277 5545 igno-

1699 5562 1717 5587 (ι
1744 5551 1892 5601 ratur,
1912 5543 2019 5589 sine
2036 5540 2136 5591 ullo
2155 5545 2461 5592 conscientia:
2484 5541 2708 5605 scrupulo
2732 5546 2779 5591 in
2812 5556 2950 5591 usum
2969 5540 3278 5595 necessitatis

1700 5624 1719 5649 tt
1744 5613 2017 5653 aSSllllllllll‘.
2039 5620 2061 5647 ι)

1757 5691 1771 5718 ι
1800 5695 1928 5745 low,
1952 5686 2215 5747 generandi
2244 5700 2437 5737 causam
2461 5685 2533 5737 vel
2549 5685 2889 5737 necessitatem.
2918 5691 2973 5736 At
2987 5692 3061 5737 ετ.
3090 5693 3142 5738 ct
3165 5694 3272 5748 Mss.

1694 5764 1789 5799 non
1812 5748 2010 5809 habent,
2041 5761 2236 5799 causam
2258 5748 2343 5799 vel.
