3882 6286
632 300 739 361 387

632 415 757 477 nale
794 421 879 475 est
913 415 1089 490 ipsum
1131 411 1456 471 desiderium
1496 410 1766 479 ﬁliorum;
1805 414 1861 468 in
1900 411 2005 468 illis
2042 421 2224 471 autem

631 507 911 581 Spirituale
938 518 1077 575 erat,
1113 506 1236 577 quia
1266 513 1608 561 sacramento
1637 510 1778 561 illius
1808 505 2068 576 temporis
2096 520 2231 561 con—

632 602 878 676 gruebat.
923 598 1075 655 Nunc
1116 599 1314 672 quippe
1354 598 1534 655 nullus
1574 598 1769 669 pietate
1796 596 2063 669 perlectus
2095 597 2232 654 ﬁlios

634 694 836 751 habere
883 692 989 749 nisi
1033 691 1384 762 spiritualiter
1430 690 1668 763 quaerit:
1716 699 1845 746 tunc
1889 705 2020 747 vero
2062 690 2229 761 ipsius

633 784 846 856 pietatis
875 791 991 839 erat
1011 782 1273 854 operatio,
1301 781 1465 838 etiam
1485 782 1777 838 carnaliter
1803 780 1942 837 illius
1966 796 2231 854 prOpaga-

633 891 730 943 re;
778 874 901 947 quia
950 874 1095 930 illius
1135 873 1322 946 populi
1368 874 1649 945 generatio
1696 873 1884 930 nuntia
1926 874 2229 931 futurorum

632 978 766 1035 erat,
798 976 856 1024 et
881 966 949 1023 ad
976 966 1429 1039 dispensationem
1460 964 1832 1038 proplieticam
1864 966 2189 1038 pertinebat.

704 1061 792 1118 20.
834 1060 1063 1130 Ideoque
1115 1074 1224 1115 non
1267 1059 1408 1117 sicut
1447 1059 1540 1115 uni
1585 1058 1704 1115 viro
1731 1059 1895 1115 etiam
1923 1059 2102 1131 plures
2130 1060 2229 1115 ha-

635 1157 763 1211 bere
809 1152 1002 1210 licebat
1051 1164 1273 1219 uxores,
1323 1152 1396 1208 ita
1439 1153 1532 1209 uni
1577 1152 1790 1209 femina:
1837 1151 2019 1223 plures
2060 1153 2226 1222 viros,

635 1260 734 1301 nec
760 1243 925 1316 prolis
968 1242 1139 1316 ipsius
1180 1258 1373 1311 causa,
1414 1244 1461 1300 si
1498 1242 1635 1301 forte
1665 1244 1755 1300 illa
1793 1257 1983 1315 parere
2025 1251 2227 1315 posset,

634 1337 724 1392 ille
765 1350 1028 1407 generare
1067 1350 1177 1392 non
1219 1326 1421 1406 posset.
1462 1335 1682 1393 Occulta
1708 1335 1851 1391 enim
1878 1335 1997 1408 lege
2024 1345 2229 1392 natura:

635 1435 819 1484 amant
863 1428 1291 1500 singularitatem
1337 1443 1457 1500 qua:
1499 1429 1870 1502 principantur
1918 1445 1933 1483 :
1987 1428 2229 1499 subjecta

635 1534 764 1576 vero
789 1530 898 1577 nun
923 1522 1098 1577 solum
1121 1521 1329 1593 singula
1355 1522 1597 1594 singulis,
1619 1523 1714 1578 sed
1738 1522 1785 1578 si
1810 1521 1947 1578 ratio
1972 1524 2228 1580 naturalis

633 1613 719 1685 vel
748 1613 964 1670 socialis
987 1608 1242 1681 admittit,
1269 1616 1427 1671 etiam
1455 1616 1607 1686 plura
1634 1615 1725 1671 uni
1754 1630 1862 1672 non
1889 1617 2004 1672 sine
2031 1615 2228 1674 decore

631 1704 950 1762 subduntur.
979 1703 1165 1777 Neque
1207 1706 1350 1762 enim
1377 1706 1456 1762 sic
1480 1704 1642 1763 habet
1667 1722 1804 1762 unus
1829 1719 2018 1763 servus
2044 1707 2227 1778 plures

631 1796 915 1869 dominos,
948 1797 1217 1869 quomodo
1246 1799 1427 1870 plures
1454 1799 1595 1854 servi
1624 1798 1786 1854 unum
1818 1798 2118 1855 dominum.
2149 1798 2225 1855 Ita

632 1889 844 1947 duobus
886 1882 982 1946 seu
1027 1880 1271 1962 pluribus
1314 1889 1523 1946 maritis
1569 1889 1709 1945 vivis
1753 1890 1958 1946 nullam
1996 1889 2226 1962 legimus

633 1980 867 2037 servisse
895 1988 1236 2048 sanctarum;
1266 1980 1451 2053 plures
1491 1989 1670 2037 autem
1710 1979 1938 2038 feminas
1978 1982 2072 2038 uni
2108 1981 2226 2038 viro

637 2071 865 2145 legimus
896 2069 995 2145 (a),
1011 2084 1133 2128 cum
1158 2072 1332 2143 gentis
1356 2071 1498 2127 illius
1517 2073 1746 2128 societas
1771 2072 2002 2143 sinebat,
2014 2082 2068 2130 et
2090 2081 2228 2130 tem-

632 2166 929 2239 porisratio
945 2164 1207 2223 suadebat
1232 2162 1251 2222 ’τ
1278 2180 1458 2238 neque
1484 2166 1627 2222 enim
1646 2176 1833 2223 contra
1861 2179 2101 2223 naturam
2127 2158 2226 2223 nu-

631 2259 862 2330 ptiarum
903 2265 1004 2314 est.
1044 2256 1232 2314 Plures
1271 2259 1413 2314 enim
1457 2256 1670 2314 feminae
1698 2257 1766 2314 ab
1795 2272 1902 2314 uno
1928 2259 2045 2314 viro
2071 2258 2225 2315 fetari

629 2357 885 2421 possunt;
916 2364 1020 2405 una
1046 2364 1175 2405 vero
1217 2365 1248 2405 a
1295 2349 1539 2422 pluribus
1582 2366 1689 2406 non
1739 2359 1915 2421 potest
1962 2349 2099 2423 (haec
2140 2359 2225 2408 est

628 2443 1014 2515 principiorum
1039 2444 1120 2499 vis
1137 2440 1180 2518 ¹)
1204 2460 1221 2499 :
1243 2441 1383 2499 sicut
1405 2443 1587 2499 multa:
1606 2443 1801 2500 animae
1824 2443 1916 2500 uni
1940 2444 2050 2501 Deo
2075 2454 2223 2502 recte

627 2526 947 2595 subdantur.
987 2535 1220 2609 Ideoque
1259 2550 1366 2593 non
1409 2546 1491 2594 est
1536 2552 1695 2594 verus
1741 2536 1885 2595 Deus
1923 2532 2223 2595 animarum

627 2628 731 2689 nisi
761 2640 896 2685 unus
916 2670 932 2697 ,
963 2641 1067 2683 una
1096 2641 1225 2684 vero
1250 2629 1428 2683 anima
1471 2642 1567 2699 per
1607 2628 1807 2685 multos
1830 2630 1852 2661 '
1893 2628 2058 2686 falsos
2088 2620 2221 2687 deos

625 2720 878 2778 fornicari
901 2726 1098 2792 potest,
1127 2732 1234 2776 non
1263 2707 1560 2776 facundari.
1913 2707 1917 2711 ’
2054 2712 2059 2717 ’

695 2811 923 2870 CAPUT
974 2809 1163 2868 XVIII.
1208 2841 1280 2853 -
1330 2809 1423 2866 21.
1478 2809 1867 2868 Sacramcntur‘n
1921 2811 2220 2883 nuptiarum

624 2923 757 2963 nunc
785 2904 853 2960 ad
894 2920 1051 2959 unum
1085 2903 1251 2959 uirum
1285 2911 1332 2958 et
1370 2902 1440 2957 ad
1476 2916 1633 2957 unam
1677 2918 1889 2958 uxorem
1926 2898 2215 2957 redactum.

624 2998 936 3071 Episcopum
986 2994 1086 3050 nisi
1138 2996 1287 3049 unius
1349 2993 1527 3050 uxoris
1580 2994 1748 3048 uirum
1810 2992 2060 3048 ordinare
2112 3004 2218 3048 non

624 3090 760 3147 licet.
807 3088 915 3146 Sed
966 3088 1219 3162 quoniam
1277 3102 1345 3143 ex
1389 3084 1575 3141 multis
1631 3085 1823 3142 animis
1875 3100 1979 3141 una
2028 3085 2217 3142 civitas

621 3182 802 3241 futura
848 3190 935 3239 est
983 3179 1289 3237 habentium
1319 3179 1553 3235 animam
1595 3193 1761 3234 unam
1808 3185 1864 3235 et
1905 3192 2000 3234 cor
2046 3178 2216 3233 unum

622 3275 678 3332 in
718 3274 885 3330 Deum
925 3271 1078 3348 (Act.
1128 3284 1200 3340 tv,
1246 3268 1391 3343 32);
1431 3284 1553 3342 quas
1591 3269 1809 3326 unitatis
1848 3278 2050 3349 nostra:
2087 3284 2215 3342 per-

623 3368 784 3428 fectio
833 3376 955 3440 post
1001 3366 1139 3423 hanc
1184 3364 1669 3437 peregrinationem
1714 3361 1893 3418 futura
1946 3371 2072 3431 est,
2121 3361 2214 3418 ubi

623 3460 864 3519 omnium
893 3457 1242 3532 cogitationes
1270 3470 1372 3514 nec
1397 3457 1636 3513 latebunt
1665 3456 1914 3523 invicem,
1942 3470 2045 3512 nec
2072 3455 2215 3511 inter

623 3568 685 3611 se
725 3553 780 3609 in
817 3552 995 3623 aliquo
1037 3549 1446 3622 repugnabunt:
1485 3556 1769 3620 propterea
1807 3545 2213 3603 Sacramentum

624 3645 934 3718 nuptiarum
978 3642 1238 3715 temporis
1284 3641 1455 3697 nostri
1499 3640 1577 3697 sic
1620 3639 1687 3695 ad
1731 3655 1897 3696 unum
1938 3638 2112 3695 virum
2159 3644 2217 3697 et

623 3752 786 3797 unam
812 3752 1037 3795 uxorem
1065 3735 1341 3792 redactum
1371 3743 1475 3801 est,
1505 3740 1564 3790 ut
1592 3732 1851 3790 Ecclesiae
1872 3733 2215 3804 dispensato-

623 3847 739 3889 rem
781 3843 888 3886 non
932 3828 1094 3885 liceat
1135 3827 1416 3894 ordinare,
1462 3825 1567 3881 nisi
1609 3825 1767 3881 unius
1810 3816 1991 3880 uxoris
2040 3825 2214 3881 virum

625 3914 672 3998 (l
716 3921 850 3979 Tim.
894 3936 973 3989 Ill,
1005 3919 1043 3975 2
1065 3928 1161 3989 ,.et
1191 3917 1293 3973 Tit.
1322 3933 1362 3985 ι,
1404 3916 1483 3990 6).
1516 3914 1671 3987 Quod
1701 3916 1906 3973 acutius
1934 3916 2215 3974 intellexe-

623 4021 770 4080 runt,
800 4012 891 4085 qui
936 4022 1035 4068 nec
1079 4024 1203 4067 eum
1243 4008 1333 4081 qui
1380 4008 1795 4065 catechumenus
1842 4007 1927 4064 vel
1976 4022 2214 4081 paganus

623 4104 871 4171 habuerit
896 4103 1141 4169 alteram,
1175 4098 1531 4156 ordinandum
1575 4112 1697 4155 csse
1741 4107 2067 4155 censuerunt
2107 4099 2211 4172 (ὁ).

625 4196 702 4252 De
726 4195 1072 4253 Sam-amento
1097 4193 1241 4249 enim
1269 4192 1466 4263 agitur,
1501 4204 1606 4247 non
1634 4189 1702 4247 de
1726 4198 1969 4261 peccato.
1996 4189 2130 4246 Nam
2158 4189 2214 4247 in

622 4288 896 4362 Baptismo
924 4294 1143 4360 peccata
1170 4285 1351 4343 omnia
1375 4284 1737 4353 dimittuntur.
1778 4280 1886 4341 Sed
1926 4284 2017 4356 qui
2056 4283 2211 4353 dixit,

624 4382 688 4439 Si
716 4380 965 4454 acceperis
990 4396 1221 4447 uxorem,
1249 4396 1351 4435 non
1377 4379 1626 4451 peccasti;
1657 4387 1704 4433 et
1727 4379 1773 4435 si
1800 4378 2025 4451 nupserit
2049 4381 2210 4452 virgo,

622 4490 727 4529 non
754 4480 962 4545 peccat;
987 4479 1063 4538 et,
1095 4469 1244 4538 Quod
1269 4467 1375 4525 vult
1401 4470 1579 4542 faciat,
1607 4485 1707 4523 non
1737 4478 1926 4540 peccat,
1978 4468 2028 4526 si
2061 4472 2216 4526 nubat

624 4564 664 4636 (1
679 4560 1117 4635 Cor.vn,28,56)
1138 4559 1300 4616 :Asatis
1324 4559 1843 4631 declaravitnuptias
1863 4561 2064 4616 nullum
2094 4576 2215 4619 esse

624 4665 920 4728 peccatum.
934 4656 1159 4728 Propter
1172 4652 1503 4710 Sacramenti
1517 4662 1694 4709 autem
1708 4656 2062 4723 sanctitatem,
2077 4653 2216 4711 sicut

624 4748 819 4804 femina
845 4734 1053 4804 etiamsi
1082 4745 1463 4804 catechumena
1483 4743 1641 4802 fuerit
1659 4746 1839 4802 vitiata
1855 4787 1872 4813 ,
1905 4761 2010 4802 non
2037 4756 2216 4819 potest

625 4851 753 4913 post
775 4842 1101 4913 Baptismum
1132 4841 1270 4898 inter
1295 4838 1390 4896 Dei
1410 4839 1644 4911 virgines
1665 4841 1967 4896 consecrari
1986 4857 2002 4909 ;
2020 4840 2093 4896 ita
2104 4857 2214 4897 non

626 4931 857 4991 absurde
883 4933 1053 4989 visum
1079 4942 1162 4989 est
1189 4947 1312 4989 eum
1340 4931 1430 5004 qui
1474 4936 1710 4990 excessit
1749 4946 1975 4989 uxorum
2020 4944 2212 4989 nume-

627 5040 747 5081 rum
781 5025 1101 5096 singularem
1118 5064 1134 5092 ,
1160 5038 1270 5079 non
1297 5032 1572 5095 peccatum
1599 5023 1816 5097 aliquod
1844 5024 2209 5095 commisisse,

668 5265 809 5335 {Hic
829 5263 949 5335 editi
960 5262 1165 5335 addunt,
1197 5270 1249 5335 at
1270 5262 1435 5335 plures
1464 5264 1660 5330 {cutim
1690 5265 1777 5319 uni
1812 5265 1917 5321 uiro
1937 5266 2032 5322 sint
2054 5280 2074 5321 :
2100 5282 2212 5335 quae

624 5327 779 5393 verba
799 5327 976 5377 absunt
997 5328 1061 5378 ab
1082 5327 1306 5393 omnibus
1324 5332 1436 5393 Mss.

689 5391 710 5422 ²
736 5396 867 5451 tam,
889 5394 992 5454 post
1014 5389 1202 5442 multos.
1227 5394 1301 5440 Er.
1328 5390 1382 5441 et
1398 5396 1530 5452 Mss,
1552 5400 1640 5454 per
1661 5386 1855 5443 multos.

686 5474 759 5534 (α)
792 5471 1015 5533 Subaudi,

686 5533 759 5598 (ὁ)
786 5542 883 5585 Hoc
915 5533 1164 5598 intellexit
1194 5535 1338 5587 modo
1360 5534 1635 5598 ambrosius
1665 5534 1716 5584 in
1748 5534 1891 5598 epist.
1920 5536 1981 5586 ad
2013 5538 2208 5589 Vercel-

622 5594 817 5647 lensem
837 5594 1112 5660 ecclesiam,
1137 5603 1312 5660 estque
1334 5596 1449 5647 olim
1467 5597 1545 5645 hic
1566 5609 1743 5647 sensus
1762 5594 1962 5660 recepto
1984 5600 2208 5651 Ecclesia:

622 5671 763 5723 more
784 5659 1028 5723 probatus.
1061 5659 1279 5723 Attamen
1317 5659 1632 5723 Hieronymus
1669 5662 1813 5723 epist.
1836 5659 1893 5709 ari
1935 5668 2203 5717 Oceanum,

625 5719 800 5789 acriter
820 5719 1045 5789 (iureque
1069 5720 1171 5789 egit
1191 5727 1364 5789 contra
1379 5719 1510 5789 hunc
1538 5719 1817 5789 sensunulgl
1840 5723 1931 5771 sibi
1964 5724 2207 5789 obiectum

632 5780 858 5832 attumne
877 5780 1083 5846 testatur
1105 5780 1158 5830 in
1188 5780 1284 5830 line
1318 5782 1426 5831 libri
1457 5784 1476 5831 1
1504 5784 1670 5833 centra
1694 5784 1940 5843 Bullinum.

1661 296 1750 351 DE
1789 294 1967 353 BONO
2002 295 2401 369 CONJUGALI,
2428 300 2486 360 S.
2509 300 2899 361 .AUGUSTINI
3770 330 3839 395 η

2346 416 2441 511 sed
2470 433 2714 511 normam
2742 422 3025 493 quamdam
3054 425 3385 489 Sacramenti
3414 435 3674 511 amisisse;
3696 462 3777 504 ιιοη
3795 456 3837 510 ,τι

2341 509 2467 603 vita:
2490 510 2646 567 bonae
2670 514 2943 584 meritum,
2966 518 3060 573 sed
3082 518 3148 575 ad
3180 521 3529 585 ordinationis
3548 509 3836 603 ecclesiastica

2341 600 2672 673 signaculum
2687 609 3061 665 necessariam.
3079 612 3157 667 Ac
3172 628 3266 683 per
3274 615 3379 673 hoc
3389 619 3524 675 sicut
3537 623 3698 692 plures
3711 600 3839 694 uxores

2341 694 2680 767 antiquorum
2702 707 2912 768 patrum
2938 702 3370 773 signiﬁcaverunt
3388 706 3591 769 futuras
3615 731 3780 779 nostras
3798 743 3837 784 er

2341 787 2590 845 omnibus
2612 791 2856 862 gentibus
2877 793 3149 854 Ecciesias
3172 800 3262 855 uni
3281 801 3399 859 viro
3425 805 3649 865 subditas
3666 813 3838 876 Christo:

2339 878 2415 936 ita
2439 890 2623 939 noster
2642 884 2864 942 antistes
2885 887 3043 944 unius
3064 892 3245 948 uxoris
3269 895 3351 950 vir
3379 896 3635 968 significat
3658 919 3710 961 ex
3731 915 3841 967 omni.
3862 940 3863 949 ι

2340 969 2443 1028 bus
2488 975 2736 1044 gentibus
2784 978 3041 1036 unitatem
3078 983 3169 1038 uni
3205 986 3319 1041 viro
3364 990 3624 1048 subditam
3666 995 3838 1067 Christo;

2340 1077 2462 1134 quae
2492 1074 2619 1121 tunc
2659 1064 2965 1138 perﬁcietur
2986 1113 3002 1140 ,
3029 1086 3153 1128 cum
3192 1077 3514 1136 revelaverit
3540 1086 3719 1142 occulta
3744 1064 3839 1149 leue;

2341 1152 2559 1210 brarum
2586 1198 2599 1224 ,
2647 1167 2701 1214 et
2748 1162 3167 1221 manilestaverit
3208 1169 3562 1241 cogitationes
3608 1180 3773 1249 cordis,
3805 1196 3839 1240 ut

2342 1255 2467 1307 tunc
2511 1250 2626 1308 laus
2675 1252 2744 1308 sit
2795 1255 3137 1329 unicuiquea
3186 1261 3297 1318 Deo
3355 1263 3545 1337 (ICor.
3571 1284 3638 1336 iv,
3665 1273 3728 1345 5).
3747 1274 3839 1335 Nunc

2339 1349 2519 1397 autem
2562 1351 2686 1399 sunt
2727 1345 3043 1417 manifestae,
3087 1361 3211 1407 sunt
3240 1352 3474 1413 latentes
3501 1358 3837 1432 dissensiones‘,

2338 1433 2499 1489 etiam
2531 1436 2674 1492 salva
2705 1435 2985 1508 charitate,
3027 1441 3173 1499 inter
3213 1458 3307 1501 eos
3334 1448 3428 1517 qui
3458 1464 3615 1507 unum
3648 1465 3695 1510 et
3716 1458 3755 1511 in
3777 1476 3839 1516 uno

2336 1524 2501 1621 futuri
2530 1524 2655 1583 sunt
2682 1546 2697 1585 :
2727 1545 2847 1601 qua:
2875 1540 3001 1589 tunc
3029 1535 3215 1607 utique
3238 1539 3399 1595 nnilaa
3426 1550 3597 1598 erunt.
3618 1543 3741 1602 Sicut
3760 1565 3837 1621 ergo

2336 1616 2744 1711 Sacramentum
2785 1622 3069 1693 pluralium
3114 1629 3422 1699 nuptiarum
3473 1632 3608 1690 illius
3661 1616 3837 1711 temporis

2336 1710 2653 1783 signiﬁcavit
2685 1713 2914 1772 futuram
2964 1718 3363 1779 multitudinem
3395 1724 3507 1782 Deo
3532 1710 3776 1800 subiectam
3805 1737 3833 1791 in

2334 1803 2566 1889 terrenis
2593 1806 2839 1863 omnibus
2862 1809 3145 1879 gentibus;
3177 1813 3255 1868 sic
3285 1813 3676 1874 Sacramentum
3701 1826 3835 1894 nuptis-

2335 1908 2453 1950 rum
2481 1894 2807 1967 singularum
2850 1900 3023 1958 nostri
3068 1905 3329 1977 temporis
3373 1908 3633 1980 signiﬁcat
3655 1916 3831 1974 unitatem

2334 1988 2574 2044 omnium
2599 1999 2841 2047 nostrum
2870 1992 3165 2065 subjectam
3195 1997 3308 2055 Deo
3335 1997 3569 2058 futuram
3593 2003 3640 2060 in
3662 2018 3744 2061 una
3764 2023 3831 2065 cte-

2334 2076 2456 2136 lesti
2481 2082 2713 2139 civitate.
2746 2084 2932 2157 Itaque
2962 2086 3100 2143 sicut
3125 2087 3339 2147 duobus
3366 2092 3659 2163 pluribusve
3682 2103 3829 2167 servire,

2332 2170 2413 2226 sic
2452 2185 2484 2226 a
2527 2174 2645 2228 viro
2690 2174 2812 2231 vivo
2840 2177 2897 2231 in
2924 2176 3148 2237 alterius
3178 2183 3409 2240 transire
3435 2186 3831 2255 connubium,ne:

2332 2271 2460 2320 tunc
2485 2264 2651 2333 licuit,
2681 2282 2783 2324 nec
2808 2285 2951 2326 nunc
2974 2270 3120 2341 licet,
3153 2289 3255 2330 nec
3280 2290 3521 2348 unquam
3551 2279 3718 2336 licebit.
3741 2283 3828 2351 Aps

2332 2364 2530 2414 statare
2554 2358 2752 2432 quippe
2776 2361 2843 2418 ab
2873 2377 2980 2418 uno
3009 2364 3141 2433 Deo,
3173 2375 3229 2422 et
3255 2367 3336 2425 ire
3361 2369 3417 2425 in
3462 2370 3666 2429 alterius
3692 2373 3829 2430 adulle-

2332 2447 2504 2504 rinam
2546 2453 3004 2522 superstitionem,
3035 2469 3253 2528 semper
3275 2469 3363 2516 est
3386 2461 3600 2520 malum.
3622 2463 3709 2520 Nec
3726 2480 3827 2520 causa

2329 2555 2458 2613 ergo
2482 2544 2868 2602 numerosioris
2906 2548 3072 2619 prolis
3097 2548 3343 2608 fecerunt
3366 2556 3538 2612 sancti
3563 2558 3720 2625 nostri,
3738 2557 3827 2629 quod

2327 2632 2460 2693 Cato
2489 2634 2684 2692 dicitur
2726 2636 2921 2696 fecisse
2948 2639 3224 2699 Romanus
3251 2642 3363 2720 (a),
3396 2655 3456 2702 ut
3497 2646 3698 2705 traderet
3729 2649 3824 2704 virus

2328 2744 2553 2786 uxorem
2583 2731 2745 2787 etiam
2771 2732 2993 2790 alterius
3021 2733 3238 2792 domum
3286 2728 3414 2795 ﬁliis
3459 2740 3760 2811 impleturam.
3788 2740 3823 2795 in

2328 2828 2635 2877 nostrarum
2663 2823 2858 2895 quippe
2901 2826 3102 2897 nuptiis
3127 2827 3248 2898 plus
3277 2829 3425 2887 valet
3449 2831 3677 2888 sanctitas
3697 2831 3822 2886 Sacn-
3852 2823 3864 2879 i

2327 2916 2517 2985 menti,
2538 2931 2697 2988 quam
2726 2916 3025 2977 fecunditas
3052 2921 3217 2978 uteri.

2396 3006 2489 3063 22.
2529 3005 2587 3063 Si
2606 3024 2739 3081 ergo
2767 3019 2821 3067 et
2846 3010 2924 3067 illi
2945 3013 3037 3082 qui
3059 3021 3278 3085 propter
3297 3015 3472 3074 solam
3495 3018 3816 3090 generationem,
3848 3005 3863 3090 j‘

2324 3106 2547 3170 propter
2575 3114 2734 3171 quam
2770 3110 2895 3158 sunt
2936 3103 3195 3162 institutae
3232 3109 3438 3179 nuptiae
3461 3151 3477 3176 ,
3503 3110 3816 3181 conjunguntur,
3846 3103 3863 3181 ﬂ

2324 3206 2432 3248 non
2464 3199 2841 3266 comparantur
2886 3199 3145 3269 patribus,
3178 3200 3351 3257 multo
3396 3204 3551 3260 aliter
3591 3206 3708 3275 ipsos
3732 3203 3815 3258 ﬁlios

2322 3298 2484 3356 quam
2513 3285 2598 3342 isti
2627 3289 3023 3360 quaerentibus;
3054 3291 3488 3366 quandoquidem
3514 3295 3660 3353 lilium
3692 3297 3813 3351 immo-

2323 3375 2438 3433 lare
2457 3378 2640 3449 jussus
2668 3379 2960 3450 Abraham,
2989 3381 3284 3456 intrepidus
3310 3402 3376 3443 ac
3397 3388 3627 3455 devotus,
3650 3386 3812 3460 quamde

2323 3477 2472 3525 tanta
2499 3470 2875 3543 desperatione
2911 3485 3258 3548 susceperat,
3290 3480 3454 3537 unico
3492 3497 3592 3538 non
3628 3481 3809 3552 pepercil.

2322 3561 2428 3618 nisi
2450 3563 2858 3635 eoprobibente
2900 3581 3117 3623 manum
3168 3568 3497 3641 deponeret,
3543 3587 3638 3643 quo
3668 3571 3810 3643 jubente

2322 3650 2594 3710 levaverat
2614 3654 2769 3729 (Gen.
2796 3673 2927 3726 χιιι,
2962 3658 3076 3731 12).

2396 3746 2623 3806 CAPUT
2649 3734 2793 3805 XIX.
2823 3780 2893 3792 —
2930 3752 3011 3807 An
3036 3751 3217 3808 saltem
3247 3755 3549 3811 continentes
3582 3752 3712 3810 nostri
3730 3766 3809 3804 con-

2323 3839 2543 3911 parandi
2567 3840 2667 3895 sint
2691 3841 2908 3914 antiquis
2932 3844 3120 3898 sanctis
3159 3846 3465 3918 coniugatis.
3505 3845 3669 3901 Restat
3697 3850 3736 3896 ιιι
3765 3838 3809 3890 ιὶα

2322 3929 2548 3987 deamus
2586 3940 2764 3987 utrum
2794 3933 2985 3989 saltem
3030 3935 3366 3994 continentes
3406 3937 3567 3993 nostri
3603 3928 3807 4003 conjugatis

2322 4020 2431 4091 illis
2476 4024 2714 4094 patribus
2762 4025 3109 4096 comparandi
3142 4027 3294 4099 sint;
3341 4029 3443 4084 nisi
3485 4027 3611 4084 forte
3642 4026 3725 4096 jam
3758 4017 3805 4073 uti

2321 4115 2645 4189 praeferendi
2663 4127 2790 4174 sunt
2808 4119 2906 4187 eis,
2931 4120 3124 4195 quibus
3150 4121 3388 4178 nondum
3413 4137 3543 4194 quos
3564 4116 3805 4177 conferimus

2322 4204 2644 4265 invenimus.
2675 4207 2843 4280 Majas
2872 4210 3017 4266 enim
3047 4211 3247 4267 bonum
3288 4221 3406 4270 erat
3451 4215 3502 4268 in
3545 4211 3717 4266 illorum
3751 4216 3804 4256 nu-

2321 4304 2468 4375 ptiis,
2491 4319 2650 4375 quam
2677 4312 2758 4360 est
2786 4304 2983 4360 bonum
3011 4308 3284 4377 proprium
3311 4309 3618 4379 nuptiarum,
3641 4300 3706 4357 cui
3730 4308 3802 4366 Ιιῐο·

2322 4396 2409 4453 cui
2434 4397 2596 4454 dubio
2620 4398 2819 4455 bonum
2848 4400 3192 4457 continentia:
3218 4399 3595 4471 praeferendum
3625 4402 3710 4457 est;
3732 4386 3802 4457 lluia

2322 4505 2432 4546 non
2460 4491 2550 4545 tali
2577 4489 2755 4546 ofﬁcio
2796 4491 3110 4562 quaerebant
3148 4491 3224 4546 illi
3255 4490 3394 4548 ﬁlios
3422 4507 3486 4547 ex
3513 4486 3696 4557 nuptiis,
3717 4473 3801 4549 quali

2322 4583 2587 4638 ducuntur
2610 4580 2721 4651 isti,
2753 4597 2820 4638 cx
2849 4582 3079 4654 quodam
3105 4597 3267 4640 sensu
3288 4591 3487 4638 naturte
3509 4572 3711 4662 mortalis
3730 4579 3800 4662 suc-

2322 4673 2619 4729 cessionem
2670 4671 2967 4727 decessioni
3015 4672 3338 4743 requirentis
3365 4684 3406 4726 ι.
3459 4667 3598 4739 Quod
3640 4660 3800 4734 quisi"is

2320 4763 2521 4820 bonum
2548 4770 2727 4835 negat,
2755 4763 2965 4836 ignorat
2990 4763 3161 4820 Deum
3186 4764 3422 4820 omnium
3448 4763 3674 4818 bonorum
3692 4766 3715 4805 a
3733 4759 3798 4836 to?

2279 4911 2286 4920 ,
2320 4858 2540 4913 lestihus
2568 4832 2736 4929 usque
2760 4832 2826 4913 ad
2859 4866 3067 4914 terrena
3087 4899 3103 4926 ,
3130 4856 3199 4912 ab
3229 4854 3597 4913 immortalibus
3618 4854 3742 4915 ιιείιυθ
3760 4832 3797 4887 ad

2319 4950 2566 5006 mortalia
2592 4957 2911 5005 creatorem.
2937 4946 3052 5004 Hoc
3081 4956 3259 5004 autem
3286 4962 3442 5005 sensu
3477 4933 3716 5016 generandi
3736 4938 3796 5028 nrt

2318 5040 2505 5100 bestiae
2541 5043 2751 5114 penitus
2776 5049 2996 5109 carent,
3022 5050 3077 5097 et
3104 5042 3337 5098 maxime
3371 5040 3532 5104 alites,
3565 5037 3738 5104 quarum
3763 5032 3794 5069 In

2318 5143 2568 5207 promptu
2593 5143 2675 5190 est
2693 5149 2822 5191 cura
2841 5133 3165 5202 nidiﬁcandi,
3191 5142 3247 5191 et
3268 5131 3501 5206 qutedam
3521 5117 3791 5207 conjugiuwl"

2317 5206 2611 5285 similitudo
2636 5226 2705 5284 ad
2732 5226 2891 5283 simul
2920 5224 3307 5299 procreandum
3347 5233 3499 5295 atque
3521 5206 3790 5275 nutriendum.

2316 5323 2421 5382 Sed
2448 5323 2524 5378 illi
2547 5322 2793 5377 homines
2821 5320 2980 5375 istum
3009 5327 3212 5376 natura:
3235 5317 3468 5375 mortalis
3488 5309 3705 5367 allectum,

2310 5416 2402 5487 jus
2427 5414 2480 5469 in
2521 5428 2621 5470 suo
2660 5428 2859 5487 genere
2886 5412 3105 5468 castitas
3132 5410 3414 5468 accedente
3436 5404 3524 5463 Dei
3547 5398 3680 5457 ‘cultu.
3700 5387 3787 5441 5W

2380 5600 2395 5631 ³
2415 5599 2487 5670 Sic
2508 5605 2613 5650 Mss.
2633 5602 2688 5649 At
2710 5597 2829 5650 editi
2852 5610 2867 5649 :
2888 5605 3021 5650 Nunc
3030 5596 3439 5662 enimmanifesta
3457 5593 3553 5646 amt
3566 5569 3786 5637 latitandi?

2314 5674 2573 5715 senatorias.

2376 5728 2396 5757 ²
2425 5724 2610 5786 Aliquot
2642 5723 2966 5787 manuscripti,
2984 5724 3293 5787 requiremus.

2379 5789 2448 5848 (τι)
2481 5782 2594 5835 (fato
2617 5787 2774 5845 Minor,
2801 5782 2924 5848 apud
2951 5782 3184 5838 Plutarch.
