3882 6286
48 312 135 375 539
1410 304 1615 360 LIBER
1651 303 1857 362 unus.

49 430 221 502 quidam
248 424 630 487 intellexerunt,
658 420 713 477 in
736 420 1017 479 tricenario
1038 420 1215 477 fructu
1240 422 1455 492 ponitur
1476 421 1574 495 (a),

46 526 171 593 longe
191 519 434 576 sanctiore
457 524 634 573 mente
663 516 1011 587 superabant,
1032 517 1123 587 qui
1148 515 1217 571 de
1242 516 1352 571 suis
1372 517 1577 587 nuptiis

44 616 152 669 ﬁlios
177 620 374 683 propter
396 606 663 664 Christum
688 608 1019 678 qumrebant,
1047 607 1116 662 ad
1149 623 1318 678 genus
1346 608 1462 679 ejus
1486 623 1575 664 se-

44 704 230 760 cundum
255 716 461 756 carnem
482 699 913 770 distinguendum
937 700 1004 755 ab
1024 700 1275 755 omnibus
1299 701 1573 771 gentibus:

44 798 152 849 sicut
174 793 268 847 Deo
293 790 575 860 disponere
605 790 824 860 placuit,
872 799 930 846 ut
973 792 1075 846 hoc
1116 806 1229 862 pra:
1273 792 1482 848 caeteris
1506 792 1574 848 ad

43 903 135 941 eum
170 881 569 954 prophetandum
602 884 820 948 valeret,
855 882 995 953 quod
1027 885 1483 954 prmnuntiabatur
1507 900 1573 941 ex

43 993 122 1045 quo
143 976 278 1031 etiam
306 989 497 1045 genere
524 983 579 1029 et
603 989 667 1027 ex
698 990 801 1045 qua
829 984 988 1045 gente
1010 969 1157 1031 esset
1181 977 1233 1030 in
1262 991 1421 1032 carne
1446 992 1574 1032 ven-

44 1081 171 1123 turus.
202 1067 346 1121 Valde
384 1081 514 1136 ergo
543 1076 847 1121 nostrorum
888 1067 1126 1123 ﬁdelium
1165 1069 1327 1125 castis
1375 1072 1573 1142 nuptiis

42 1163 220 1231 amplius
246 1160 431 1214 bonum
458 1167 598 1227 erat,
624 1160 765 1230 quod
797 1170 947 1231 pater
974 1162 1241 1217 Abraham
1283 1165 1335 1219 itx
1362 1180 1460 1221 suo
1490 1166 1569 1221 fe-

43 1272 154 1310 more
176 1262 394 1320 noverat,
419 1255 508 1308 cui
534 1271 750 1309 manum
779 1254 1010 1327 subdere
1036 1256 1289 1312 famulum
1313 1260 1490 1329 jussit,
1515 1269 1571 1316 ut

42 1346 92 1399 de
110 1360 241 1399 uxore
258 1360 367 1414 quae
387 1360 416 1397 a
442 1345 558 1399 ﬁlio
582 1354 727 1401 esset
745 1345 986 1402 ducenda
1005 1350 1209 1417 juraret
1239 1348 1392 1421 (Gen.
1419 1366 1566 1421 xxxv,

44 1436 356 1504 2-i).Pouens
394 1436 543 1491 enim
590 1453 806 1493 manum
844 1439 943 1493 sub
991 1438 1194 1496 femore
1225 1440 1488 1511 hominis,
1515 1454 1570 1499 et

47 1531 189 1600 jurans
212 1544 285 1598 per
311 1529 477 1585 Deum
529 1530 651 1586 coeli
677 1571 693 1596 ,
728 1531 855 1600 qxxid
886 1531 1030 1587 aliud
1061 1534 1418 1603 signiﬁcabat,
1466 1536 1568 1591 nisi

45 1623 87 1677 in
109 1637 154 1677 ea
178 1636 340 1687 carne,
365 1637 488 1691 qua:
524 1638 594 1678 ex
638 1622 729 1679 illo
774 1622 977 1680 femore
1022 1626 1279 1696 originem
1326 1626 1566 1695 duceret,

40 1714 164 1768 Deum
181 1713 287 1769 cteli
312 1728 430 1769 esse
456 1715 785 1770 venturum?
815 1715 1020 1771 Bonum
1041 1732 1169 1788 ergo
1191 1726 1316 1773 sunt
1345 1720 1563 1790 nuptiae,

38 1806 78 1860 in
100 1807 253 1875 quibus
280 1814 423 1861 tanto
466 1808 725 1864 meliores
767 1818 893 1865 sunt
931 1811 1220 1883 conjugati,
1251 1824 1450 1883 quanto
1477 1829 1567 1871 ca-

36 1900 184 1954 stiores
215 1914 274 1955 ac
309 1899 585 1957 ﬁdeliores
634 1902 802 1957 Deum
836 1904 1063 1970 timent,
1097 1906 1329 1962 maxime
1353 1908 1567 1965 si‘ﬁlios

37 2007 135 2060 quos
165 1994 426 2049 carnaliter
462 1993 815 2064 desiderant,
864 1998 1027 2053 etiam
1072 2000 1420 2069 spiritualiter
1462 2018 1563 2058 nu-

40 2086 172 2138 triant.

87 2176 268 2233 CAPUT
285 2178 573 2234 XX.—25.
588 2178 673 2234 Ex
691 2179 799 2254 lege
821 2182 1190 2253 purificationi:
1204 2196 1317 2257 post
1332 2187 1564 2243 concubi-

40 2274 125 2339 tum,
143 2286 224 2323 non
233 2272 413 2326 ostendi
430 2271 583 2327 illum
596 2288 701 2328 esse
716 2283 997 2345 peccatum.
1015 2276 1094 2330 An
1110 2279 1417 2334 continentes
1433 2297 1566 2335 nunc

40 2361 150 2427 aliqui
184 2362 386 2431 conferri
442 2365 641 2434 possint
692 2366 911 2436 antiquis
955 2365 1198 2423 Pati-ibus
1248 2372 1559 2443 conjugatis.

38 2451 113 2509 hec
149 2454 270 2524 quod
314 2456 586 2526 puriﬁcari
631 2456 741 2513 Lex
784 2457 1054 2515 hominem
1102 2471 1157 2517 et
1203 2469 1325 2531 post
1373 2465 1564 2535 conju-

41 2546 161 2613 gilenx
195 2549 519 2604 concubitum
566 2549 757 2619 jubet,
807 2559 1082 2621 peccatum
1122 2568 1243 2610 esse
1282 2554 1561 2626 declarat;

40 2635 70 2689 xi
91 2653 170 2691 non
194 2648 265 2693 est
292 2638 377 2695 ille
404 2641 497 2711 qui
527 2642 828 2697 secundum
856 2644 1068 2699 veniam
1093 2646 1408 2705 conceditur
1426 2692 1440 2716 ,
1472 2651 1563 2722 qui

39 2728 154 2781 etiam
178 2729 353 2785 nimius
381 2730 609 2802 impedit
640 2733 932 2791 orationes.
963 2735 1071 2792 Sed
1096 2738 1235 2794 sicut
1260 2740 1424 2796 multa
1452 2741 1563 2799 Lex

43 2821 148 2887 pauit
172 2822 214 2875 in
256 2827 606 2881 sacramentis
630 2835 687 2882 et
715 2826 920 2883 umbris
958 2829 1287 2899 futurorum;
1319 2832 1564 2905 quaedam

42 2909 263 2967 insemine
302 2917 447 2985 quasi
479 2918 781 2973 materialis
820 2919 1158 2989 iuformitas,
1191 2938 1309 2994 qua:
1336 2923 1563 2981 formata

42 3014 182 3071 corpus
198 3003 416 3062 hominis
441 3008 724 3064 redditura
746 3019 867 3079 est,
904 3013 959 3067 in
983 3013 1369 3084 signiﬁcatione
1394 3019 1564 3089 posita

42 3105 97 3148 est
132 3097 232 3152 vita:
275 3098 509 3157 informis
563 3111 619 3157 et
665 3102 945 3160 ineruditae
973 3124 986 3160 :
1015 3121 1045 3162 a
1094 3123 1199 3179 qua
1240 3108 1565 3169 informitate

44 3188 231 3255 quoniam
257 3202 457 3261 oportet
483 3193 760 3250 hominem
790 3195 1048 3253 doctrinae
1075 3197 1247 3256 forma
1293 3212 1347 3257 et
1386 3204 1566 3259 erudi-

45 3278 148 3334 tione
174 3283 411 3351 mundari,
440 3286 494 3340 in
528 3286 692 3356 hujus
738 3288 817 3343 rei
864 3290 1079 3359 signum
1126 3292 1215 3347 illa
1266 3292 1563 3363 puriﬁcatio

43 3383 244 3443 precepta
278 3387 357 3432 est
394 3387 518 3448 post
563 3379 785 3435 seminis
814 3381 1179 3438 emissionem.
1206 3383 1391 3457 Neque
1419 3388 1563 3444 enim

44 3470 80 3513 et
101 3463 141 3517 in
162 3468 338 3523 somnis
357 3479 584 3539 peccato
607 3471 664 3525 ﬁt
690 3473 744 3537 ις
782 3482 831 3527 et
862 3481 1039 3528 tamen
1067 3475 1226 3529 etiam
1258 3476 1327 3531 ibi
1358 3492 1563 3547 praece-

45 3562 104 3619 pta
123 3566 187 3610 est
208 3559 507 3627 puriﬁcatio.
546 3563 653 3617 Aut
678 3563 723 3617 si
760 3572 814 3618 et
841 3564 942 3619 hoc
963 3574 1241 3635 peccatum
1282 3569 1563 3641 quisquam

47 3656 167 3709 putat,
186 3663 277 3703 non
294 3651 563 3707 arbitrans
582 3653 826 3710 accidere
851 3656 954 3710 nisi
980 3670 1043 3711 ex
1062 3657 1240 3728 aliquo
1262 3658 1563 3729 hujusmodi

48 3733 267 3805 desiderio,
297 3743 432 3812 quod
462 3746 656 3815 procul
683 3746 843 3802 dubio
865 3748 1053 3803 falsum
1082 3759 1198 3816 est;
1229 3754 1484 3823 numquid
1510 3763 1566 3811 et

48 3826 157 3882 solita
178 3844 425 3890 menstrua
446 3840 465 3870 ³
512 3847 733 3908 peccata
777 3848 902 3895 sunt
928 3840 1285 3898 feminarum?
1313 3861 1343 3899 a
1372 3846 1564 3917 quibus

50 3924 176 4011 tamen
215 3939 296 3980 eas
335 3929 521 3984 eadem
571 3930 731 4001 Legis
775 3940 1015 3988 vetustas
1062 3937 1316 4008 prmeepit
1362 3941 1564 4011 expiari

50 4006 184 4097 (Lavit.
211 4017 323 4087 xv);
353 4035 456 4075 non
502 4021 609 4076 nisi
653 4032 873 4093 propter
915 4025 1087 4097 ipsam
1116 4006 1451 4086 materialem
1484 4032 1565 4086 in-

48 4094 299 4189 funnitatcm
326 4151 341 4175 ,
378 4126 495 4181 quae
536 4110 680 4166 facto
700 4094 963 4187 conceptu
982 4124 1231 4189 tanquam
1258 4120 1311 4174 in
1333 4121 1566 4177 aedifica-

51 4188 199 4246 tionem
221 4203 441 4268 corporis
470 4202 690 4258 additur
723 4224 736 4260 :
780 4221 841 4261 ac
870 4222 964 4277 per
988 4188 1235 4264 hoccum
1268 4212 1565 4270 informiter

54 4280 153 4345 ﬂuit,
175 4287 429 4357 signiﬁcari
460 4309 561 4363 per
590 4294 737 4351 illam
758 4297 843 4352 lex
865 4299 1032 4354 voluit
1068 4302 1302 4357 animum
1340 4304 1457 4360 sine
1485 4306 1566 4361 di-

53 4371 233 4439 sciplina:
273 4380 429 4437 forma
476 4385 791 4444 indecenter
832 4388 1050 4445 ﬁuiduxn
1096 4406 1159 4447 ac
1207 4393 1561 4465 dissolutum;

57 4474 168 4527 quem
204 4466 396 4527 formari
427 4486 681 4545 oportere
708 4479 989 4550 signiﬁcat,
1017 4497 1139 4537 cum
1171 4484 1330 4540 talem
1360 4486 1563 4545 ﬁuxum

59 4558 238 4622 corporis
255 4561 395 4630 jubet
429 4568 722 4637 puriﬁeari.
754 4571 1031 4628 Postremo
1058 4577 1311 4647 numquid
1348 4588 1403 4634 et
1426 4583 1565 4637 mori

60 4654 267 4707 Peccatum
292 4664 383 4722 est,
406 4667 496 4714 aut
515 4669 784 4718 mortuum
807 4664 1039 4735 sepelire
1057 4682 1162 4720 non
1186 4669 1344 4723 etiam
1366 4670 1565 4728 bonum

62 4738 481 4805 optisliumanitatis
506 4752 624 4807 est?
652 4762 708 4807 et
735 4764 908 4810 tamen
938 4757 1235 4826 puriﬁcatio
1255 4762 1414 4816 etiam
1440 4764 1566 4822 inde

62 4829 246 4928 nuntiata
270 4848 344 4894 est
367 4840 550 4914 (Num.
574 4862 685 4913 xxx,
712 4848 803 4919 11)
827 4867 841 4915 ;
867 4852 989 4920 quia
1010 4862 1065 4907 et
1084 4864 1350 4910 mortuum
1372 4872 1565 4928 corpus

64 4924 137 5022 ita
155 4920 410 4999 deserente,
438 4948 709 5005 peccatum
728 4955 835 4995 non
860 4949 959 5009 est,
985 4943 1079 4999 sed
1102 4957 1375 5015 peccatum
1402 4920 1566 5022 signi-

67 5006 326 5077 licitanixnze
350 5024 567 5085 desertae
592 5047 623 5087 a
645 5032 869 5102 justitia.

114 5101 182 5202 ξι.
213 5109 413 5187 Bonum,
442 5101 678 5194 inquam,
701 5139 828 5184 sunt
855 5132 1075 5202 nuptiae,
1098 5142 1153 5188 et
1171 5144 1354 5191 contra
1375 5151 1565 5196 omnes

67 5193 289 5303 tilunmias
327 5193 537 5284 possunt
564 5237 691 5279 sana
720 5193 947 5282 ratione-
967 5228 1202 5285 defendi.
1244 5231 1453 5303 Nuptiis
1485 5242 1566 5289 ta-

72 5298 157 5345 men
180 5312 439 5364 sanctorum
469 5324 693 5381 patrum,
722 5332 828 5372 non
855 5334 987 5389 quas
1016 5324 1250 5393 nuptias,
1283 5298 1377 5381 sed
1405 5342 1563 5398 quam

546 5516 763 5585 Areum,
783 5527 1031 5585 peccatum
1052 5518 1128 5585 ﬁt-

396 5570 405 5579 ,
492 5560 500 5562 ἡ
550 5560 1128 5585 ,.---........,...

151 5560 307 5640 53,53“
326 5569 451 5621 εοιιια
477 5587 742 5640 metuam;
765 5582 870 5632 sive
903 5592 957 5633 ut
981 5586 1026 5633 in
1053 5587 1394 5637 vetustissimis
1422 5590 1567 5640 scribi

80 5620 681 5723 gﬁlglhﬁtfnsgwnhﬂinc
704 5618 829 5723 ὥςῖέ
840 5618 1026 5695 factum.
1044 5618 1568 5707 (5ῦῖιῖἔέ

124 5690 446 5761 Ὴθξξεεειέτη-ςι
467 5699 599 5761 solita
620 5690 933 5757 meimihi;

127 5740 178 5799 tu)
202 5740 285 5797 in.
305 5740 1005 5831 ιωῖδὸῖίὶὲιίξιῐίἓῗῶἷῖἿδ-

3172 312 3277 371 51'0

1688 421 2070 478 continentiam
2097 434 2401 493 comparem
2428 436 2611 494 qurere
2634 438 2649 480 :
2675 423 2783 480 imo
2812 440 2917 482 non
2942 428 3153 499 nuptias
3176 446 3275 486 nu-

1684 515 1843 585 ptiis;
1878 528 2001 568 xxam
2030 529 2125 585 par
2151 515 2203 569 in
2233 514 2479 570 omnibus
2505 530 2698 571 munus
2723 526 2805 573 est
2842 520 3055 574 mortali
3095 522 3269 579 homi-

1682 623 1812 663 num
1843 617 2045 664 natura:
2069 609 2285 675 datum;
2316 608 2409 665 sed
2437 609 2679 666 homines
2699 612 2788 683 qui
2809 614 3005 682 nuptiis
3026 623 3266 685 utuntur,

1681 698 1799 753 aliis
1828 698 2136 755 hominibus
2162 700 2251 770 qui
2282 700 2438 773 longe
2466 701 2621 757 aliter
2648 703 2849 774 nuptiis
2876 704 2957 759 usi
2987 716 3109 761 sunt
3137 723 3272 778 quos

1680 788 1955 846 conferam
1978 792 2230 862 quoniam
2257 808 2361 847 non
2392 795 2627 862 invenio,
2653 796 2868 866 quinam
2892 799 3228 855 continentes
3250 801 3267 833 ¹

1680 881 1789 937 illis
1814 882 2111 954 conjugatis
2140 883 2451 940 conferendi
2481 886 2590 940 sint
2618 886 2998 958 requirendum
3024 898 3125 947 est.
3158 890 3269 947 Nisi

1678 974 1818 1031 forte
1844 976 2114 1031 Abraham
2142 978 2420 1035 continere
2447 993 2505 1034 se
2533 995 2639 1035 non
2661 990 2840 1051 posset
2865 997 2893 1035 a
2920 984 3118 1054 nuptiis
3144 999 3269 1055 pro-

1677 1075 1796 1138 pter
1842 1081 2064 1137 regnum
2110 1068 2367 1123 coelorum
2396 1110 2412 1137 ,
2467 1070 2555 1142 qui
2600 1072 2811 1127 unicum
2860 1074 3025 1143 prolis
3054 1075 3265 1147 pignus,

1676 1168 1897 1229 propter
1921 1158 2063 1230 quod
2108 1160 2307 1231 nuptiae
2348 1160 2525 1216 chara:
2563 1172 2707 1229 sunt,
2754 1165 2925 1235 potuit
2968 1165 3268 1239 intrepidus

1676 1250 1958 1309 immolare
1984 1261 2203 1323 propter
2227 1268 2449 1323 regnum
2477 1255 2755 1311 caelorum.

1724 1342 1950 1401 CAPUT
1966 1343 2086 1400 XX!
2098 1344 2276 1402 .—25.
2295 1345 2668 1417 Distinguenda
2689 1350 2994 1404 continentia
3011 1359 3064 1405 ut
3082 1360 3128 1407 et
3148 1352 3266 1407 alite

1674 1433 1897 1501 virtutes,
1914 1436 1968 1489 in
1984 1436 2155 1490 habitu
2170 1447 2217 1491 et
2243 1438 2297 1491 in
2321 1455 2489 1508 opere.
2519 1438 2761 1495 Virtutem
2775 1443 2826 1496 in
2841 1443 3012 1497 habitu
3027 1461 3134 1499 esse
3147 1461 3266 1516 pos-

1673 1541 1727 1582 se
1744 1527 1939 1583 etiamsi
1955 1544 2053 1581 non
2070 1528 2132 1583 sit
2148 1528 2201 1582 in
2221 1545 2389 1599 opere,
2410 1531 2614 1585 docetur
2633 1534 2863 1603 exempto
2891 1534 3098 1590 Christi.
3123 1534 3265 1593 Con-

1674 1619 1897 1674 tinentia
1910 1620 2127 1691 quippe,
2144 1636 2249 1675 non
2268 1622 2528 1692 corporis,
2548 1623 2643 1680 sed
2664 1626 2826 1681 animi
2844 1626 3009 1681 virtus
3020 1637 3122 1683 est.
3138 1627 3263 1684 Vir-

1674 1718 1812 1767 tutes
1835 1721 2015 1767 autem
2031 1714 2194 1767 animi
2233 1713 2516 1784 aliquando
2550 1715 2602 1770 in
2637 1731 2801 1788 opere
2834 1719 3261 1788 manifestantur,

1672 1803 1958 1874 aliquando
1983 1804 2035 1859 in
2058 1802 2238 1859 habitu
2256 1804 2442 1871 latent,
2457 1806 2593 1861 sicut
2607 1808 2848 1879 martyrii
2865 1810 3030 1865 virtus
3047 1811 3265 1868 emicuit

1671 1898 2022 1969 apparuitque
2049 1898 2329 1954 tolerando
2358 1900 2634 1971 passiones
2650 1918 2663 1953 :
2678 1901 2772 1957 sed
2790 1918 2946 1973 quam
2966 1904 3117 1959 inulti
3141 1914 3265 1961 sunt

1670 1990 1727 2045 in
1754 1990 1942 2046 eadem
1971 1992 2165 2047 virtute
2194 1991 2382 2061 animi,
2401 1994 2593 2064 quibus
2622 1995 2843 2050 tentatio
2870 1996 3043 2064 deest,
3062 2012 3164 2068 qua
3210 1998 3265 2056 id

1669 2082 1816 2154 quod
1842 2084 1986 2139 intus
2010 2092 2091 2139 est
2115 2085 2167 2139 in
2193 2094 2484 2155 conSpectu
2511 2085 2641 2154 Dei,
2672 2088 2833 2142 etiam
2878 2088 2930 2143 in
2986 2087 3262 2149 hominum

1670 2174 1956 2245 procedat,
1985 2191 2085 2231 nec
2108 2184 2233 2232 tunc
2252 2191 2373 2233 esse
2400 2176 2637 2250 incipiat,
2661 2178 2753 2234 sed
2786 2189 2908 2235 tunc
2928 2180 3265 2238 innotescat?

1670 2265 1787 2323 Jam
1818 2267 1962 2323 enim
1993 2277 2113 2324 erat
2140 2268 2192 2323 in
2218 2267 2320 2324 Job
2346 2270 2620 2339 patientia,
2665 2280 2823 2343 quam
2852 2282 3075 2329 noverat
3099 2276 3260 2345 Deus,

1670 2367 1726 2415 et
1750 2359 1835 2415 cui
1864 2360 2229 2415 testimonium
2273 2356 2626 2431 perhibebat;
2656 2363 2749 2418 sed
2780 2364 3084 2422 hominibus
3111 2368 3265 2423 inno-

1670 2451 1774 2507 tuit
1797 2452 2103 2507 tentationis
2138 2453 2417 2516 examine;
2445 2462 2499 2509 et
2524 2455 2666 2525 quod
2694 2455 2890 2511 latebat
2916 2458 3259 2521 intrinsecus,

1669 2554 1768 2613 per
1791 2557 1853 2599 ea
1880 2559 1999 2613 qua:
2020 2544 2314 2599 forinsecus
2335 2545 2477 2599 illata
2503 2556 2644 2613 sunt,
2674 2562 2779 2602 non
2805 2557 3007 2614 natum,
3033 2551 3126 2605 sed
3149 2567 3261 2607 ma-

1669 2634 1977 2690 nifestatum
1994 2644 2076 2690 est
2096 2633 2219 2705 (Job
2257 2635 2566 2708 x).Habebat
2578 2638 2756 2709 utique
2773 2647 2825 2693 et
2840 2639 3149 2697 Timotheus
3163 2643 3265 2697 vir-

1669 2735 1841 2784 tutem
1873 2727 2179 2784 continendi
2210 2744 2240 2783 a
2272 2729 2415 2795 vino,
2439 2744 2596 2800 quam
2614 2747 2719 2786 non
2736 2732 2785 2787 ei
2802 2732 3019 2789 abstulit
3039 2734 3259 2803 Paulus,

1670 2817 1939 2873 monendo
1963 2826 2021 2873 ut
2042 2816 2169 2873 vino
2190 2818 2403 2874 modico
2425 2828 2665 2875 uteretur
2686 2830 2903 2893 propter
2923 2825 3259 2883 stomachum

1670 2919 1723 2967 et
1740 2911 2047 2983 frequentes
2067 2925 2191 2966 suas
2207 2909 2543 2969 inﬁrmitates
2567 2912 2609 2985 (l
2632 2911 2770 2968 Tim.
2788 2931 2844 2983 v,
2873 2914 2967 2986 25)
2989 2934 3002 2983 ;
3027 2918 3261 2989 alioquin

1670 3000 1973 3074 perniciose
2000 3002 2246 3068 docebat,
2271 3012 2329 3057 ut
2350 3012 2566 3075 propter
2589 3004 2813 3061 salutem
2838 3009 3081 3077 corporis
3107 3009 3262 3067 ﬁeret

1668 3090 1725 3149 in
1751 3092 1930 3147 animo
1973 3092 2227 3147 damnum
2260 3092 2510 3148 virtutis:
2538 3095 2633 3150 sed
2676 3094 2797 3165 quia
2824 3105 3031 3167 poterat
3057 3114 3115 3154 ea
3154 3098 3262 3154 vir-

1669 3189 1783 3239 tute
1811 3184 1957 3239 salva
2004 3183 2118 3239 ﬁeri
2148 3183 2289 3254 quod
2317 3185 2567 3241 monebat
2588 3226 2604 3253 ,
2648 3184 2719 3241 ita
2750 3186 2988 3243 relaxata
3019 3202 3101 3245 est
3140 3206 3262 3247 cor-

1669 3275 1789 3346 pari
1817 3274 2014 3329 utilitas
2039 3274 2294 3344 bibendi,
2339 3286 2396 3331 ut
2438 3288 2681 3334 maneret
2729 3280 2782 3334 in
2827 3282 3005 3339 animo
3048 3282 3261 3342 habitus

1669 3367 2002 3423 continendi.
2046 3367 2164 3439 Ipse
2209 3377 2292 3423 est
2336 3369 2480 3424 enim
2526 3370 2755 3439 habitus,
2782 3388 2889 3445 quo
2916 3375 3113 3447 aliquid
3142 3378 3259 3449 agi-

1671 3468 1779 3527 tur,
1800 3475 1923 3516 cum
1944 3475 2077 3531 opus
2104 3470 2214 3531 est;
2238 3475 2359 3517 cum
2389 3470 2566 3518 autem
2598 3480 2701 3521 non
2729 3467 2920 3537 agitur,
2956 3478 3127 3539 potest
3152 3473 3256 3543 agi,

1669 3553 1767 3608 sed
1796 3567 1902 3607 non
1935 3568 2069 3623 opus
2111 3562 2212 3609 est.
2241 3552 2392 3609 Hunc
2432 3554 2669 3611 habitum
2708 3559 2849 3614 circa
2875 3561 3258 3622 continentiam

1668 3659 1789 3716 quae
1806 3645 2198 3701 ﬁtaconcubitu
2226 3662 2331 3703 non
2363 3648 2562 3704 habent
2586 3650 2868 3723 illiquibus
2891 3655 3102 3724 dicitur,
3120 3659 3181 3715 Si
3206 3677 3261 3716 se

1668 3753 1771 3792 non
1795 3738 2077 3804 continent,
2094 3738 2281 3793 nubant
2312 3740 2356 3811 (ι
2380 3739 2499 3796 Cor.
2518 3757 2606 3809 vxx,
2633 3741 2709 3816 9).
2729 3744 2881 3801 Hunc
2909 3763 3033 3804 vero
3058 3750 3258 3808 habent

1668 3828 1861 3899 quibus
1886 3828 2080 3883 dicitur
2106 3871 2121 3897 ,
2152 3829 2253 3895 Qui
2293 3839 2453 3899 potest
2476 3849 2674 3903 capere,
2707 3839 2875 3908 capiat
2900 3837 3111 3910 (Matth.
3143 3858 3258 3910 xxx,

1671 3919 1781 3992 12).
1806 3921 1893 3976 Sic
1916 3920 1997 3976 usi
2021 3916 2147 3975 sunt
2168 3921 2391 3993 perfecti
2413 3917 2575 3979 animi
2594 3926 2749 3982 bonis
2771 3932 2997 3986 terrenis
3025 3932 3091 3987 ad
3116 3934 3259 3993 aliud

1669 4012 1987 4067 necessariis
2034 4028 2128 4083 per
2170 4012 2312 4069 hunc
2352 4014 2589 4070 habitum
2638 4021 3014 4091 continentia},
3048 4041 3151 4095 quo
3181 4028 3261 4085 eis

1669 4116 1776 4158 non
1806 4104 2188 4175 obligarentur,
2216 4115 2269 4160 et
2295 4122 2401 4177 quo
2427 4119 2647 4178 possent
2690 4112 2770 4167 eis
2816 4114 2977 4169 etiam
3024 4132 3129 4171 non
3159 4121 3253 4188 uti,

1669 4197 1716 4252 si
1748 4212 1853 4251 non
1881 4212 2016 4266 opus
2040 4208 2203 4252 esset.
2233 4198 2343 4253 Nec
2369 4201 2649 4272 quisquam
2679 4204 2757 4259 eis
2785 4205 2919 4262 bene
2946 4210 3129 4279 utitur,
3157 4212 3258 4269 nisi

1668 4289 1759 4359 qui
1788 4296 1840 4343 et
1865 4304 1970 4343 non
1999 4290 2075 4344 uti
2106 4298 2301 4361 potest.
2334 4291 2479 4347 Multi
2511 4294 2727 4364 quidem
2758 4298 2965 4358 facilius
2994 4319 3051 4360 se
3091 4306 3260 4363 absti-

1669 4392 1799 4443 nent
1854 4391 1911 4437 ut
1961 4398 2066 4437 non
2132 4392 2387 4451 utantur,
2439 4402 2599 4457 quam
2650 4398 2952 4462 temperent
3004 4407 3063 4453 ut
3122 4400 3257 4459 bene

1670 4483 1885 4529 utantur
1919 4493 1933 4529 :
1966 4490 2123 4531 nemo
2151 4485 2323 4531 tamen
2366 4478 2446 4534 eis
2486 4489 2663 4552 potest
2704 4486 2975 4555 sapienter
3021 4494 3093 4547 uti
3115 4536 3128 4558 ,
3160 4494 3259 4551 nisi

1669 4567 1758 4636 qui
1815 4574 1985 4636 potest
2027 4576 2080 4622 et
2122 4568 2462 4625 continenter
2512 4587 2618 4627 non
2674 4575 2769 4630 uti.
2818 4576 2899 4633 Ex
2943 4579 3045 4637 hoc
3073 4582 3257 4641 habitu

1670 4667 1725 4711 et
1756 4655 1951 4712 Paulus
1986 4656 2215 4724 dicebat,
2245 4658 2365 4715 Scio
2409 4671 2457 4716 et
2500 4661 2758 4719 abundare
2787 4674 2831 4722 et
2856 4673 3123 4739 penuriam
3148 4676 3258 4745 pati

1671 4746 1931 4821 (Philipp.
1956 4763 2027 4817 xv,
2060 4747 2169 4820 12).
2196 4750 2480 4807 Penuriam
2505 4756 2701 4825 quippe
2722 4760 2851 4827 pati,
2874 4776 3259 4831 quorumcum-

1671 4856 1776 4911 que
1805 4834 2081 4897 hominum
2110 4851 2227 4907 est;
2256 4842 2350 4899 sed
2374 4844 2514 4899 scire
2541 4848 2815 4915 penuriam
2859 4854 2988 4923 pati,
3037 4875 3260 4932 magno-

1671 4951 1792 4990 rum
1818 4945 1919 4990 cst.
1947 4935 2035 4990 Sic
2062 4944 2115 4990 et
2155 4936 2427 4997 abundare
2460 4939 2579 5007 quis
2606 4955 2711 4995 non
2740 4948 2957 5012 potest?
2986 4952 3125 5008 scire
3163 4972 3260 5010 au-

1674 5036 1782 5083 tem
1804 5037 1859 5083 et
1883 5026 2179 5094 abundare,
2207 5043 2312 5081 non
2334 5027 2439 5083 nisi
2460 5041 2645 5085 eorum
2670 5041 2755 5088 est
2781 5050 2916 5107 quos
2940 5040 3259 5101 abundantia

1672 5133 1780 5173 non
1807 5118 2118 5186 corrumpit.

1744 5210 1833 5264 26.
1878 5210 2071 5265 Verum
2120 5218 2179 5265 ut
2227 5213 2464 5283 apertius
2509 5212 2835 5288 intelligatur
2880 5227 3149 5293 quomodo
3194 5231 3266 5285 sit

1675 5302 1841 5356 virtus
1873 5302 1925 5356 in
1958 5301 2162 5370 habitu,
2197 5304 2406 5359 etiamsi
2438 5322 2543 5362 non
2576 5310 2644 5363 sit
2684 5310 2736 5365 in
2765 5326 2947 5383 Opere,
2980 5317 3166 5388 loquor
3194 5320 3265 5375 de

1673 5395 1919 5465 exemplo
1960 5394 2026 5450 de
2074 5411 2180 5467 quo
2225 5399 2401 5454 nullus
2432 5399 2641 5456 dubitat
2679 5405 3065 5463 catholicorum
3104 5409 3265 5465 Chri-

1676 5488 1999 5543 stianorum.
2023 5490 2275 5546 Dominus
2299 5492 2439 5547 enim
2462 5495 2811 5553 nosterJesus
2831 5498 3094 5568 Christus,
3120 5503 3265 5571 quod

1677 5582 1732 5639 in
1759 5582 1980 5639 veritate
2006 5586 2184 5641 carnis
2212 5588 2460 5643 esurierit
2500 5604 2563 5642 ac
2607 5589 2820 5656 sitierit,
2866 5593 3242 5651 manducaveri

1677 5681 1733 5731 et
1760 5674 1972 5745 biberit,
1996 5678 2173 5733 nullus
2209 5678 2429 5749 ambigit
2455 5694 2637 5735 eorum
2668 5682 2759 5749 qui
2786 5697 2852 5737 ex
2878 5682 2992 5752 ejus
3023 5684 3240 5759 Evange

1748 5795 1764 5823 ⁸
1788 5792 1859 5863 Sic
1879 5797 1986 5842 Mss.
2012 5799 2067 5844 At
2088 5795 2221 5855 editi,
2243 5793 2477 5858 quomodo
2498 5789 2805 5871 continentes.
