  <div class='ocr_page' id='page_1' title='image "/cluster/home/n/w/nwhite01/storage/ocr_20150623/40/uva.x000669811/203.png"; bbox 0 0 3882 6286; ppageno 0'>
   <div class='ocr_carea' id='block_1_1' title="bbox 612 396 2203 471">
    <p class='ocr_par' dir='ltr' id='par_1_1' title="bbox 612 396 2203 471">
     <span class='ocr_line' id='line_1_1' title="bbox 612 396 2203 471; baseline -0.008 -9"><span class='ocrx_word' id='word_1_1' title='bbox 612 404 689 463; x_wconf 90' lang='lat' dir='ltr'><strong>lio</strong></span> <span class='ocrx_word' id='word_1_2' title='bbox 718 400 902 458; x_wconf 89' lang='lat' dir='ltr'><strong>ﬁdeles</strong></span> <span class='ocrx_word' id='word_1_3' title='bbox 923 407 1066 456; x_wconf 89' lang='lat' dir='ltr'><strong>sunt.</strong></span> <span class='ocrx_word' id='word_1_4' title='bbox 1095 396 1235 458; x_wconf 82' lang='lat' dir='ltr'><strong>Num</strong></span> <span class='ocrx_word' id='word_1_5' title='bbox 1262 396 1423 471; x_wconf 91' lang='lat' dir='ltr'><strong>igitur</strong></span> <span class='ocrx_word' id='word_1_6' title='bbox 1449 410 1557 452; x_wconf 93' lang='lat' dir='ltr'><strong>non</strong></span> <span class='ocrx_word' id='word_1_7' title='bbox 1581 406 1698 453; x_wconf 88' lang='lat' dir='ltr'><strong>erat</strong></span> <span class='ocrx_word' id='word_1_8' title='bbox 1726 397 1776 452; x_wconf 92' lang='lat' dir='ltr'><strong>in</strong></span> <span class='ocrx_word' id='word_1_9' title='bbox 1807 397 1897 452; x_wconf 90' lang='lat' dir='ltr'><strong>illo</strong></span> <span class='ocrx_word' id='word_1_10' title='bbox 1923 396 2203 451; x_wconf 89' lang='lat' dir='ltr'><strong>continen-</strong></span> 
     </span>
    </p>
   </div>
   <div class='ocr_carea' id='block_1_2' title="bbox 622 487 2209 561">
    <p class='ocr_par' dir='ltr' id='par_1_2' title="bbox 622 487 2209 561">
     <span class='ocr_line' id='line_1_2' title="bbox 622 487 2209 561; baseline -0.008 -8"><span class='ocrx_word' id='word_1_11' title='bbox 622 498 710 554; x_wconf 85' lang='lat' dir='ltr'><strong>tia:</strong></span> <span class='ocrx_word' id='word_1_12' title='bbox 737 496 906 552; x_wconf 86' lang='lat' dir='ltr'><strong>virtus</strong></span> <span class='ocrx_word' id='word_1_13' title='bbox 934 509 964 548; x_wconf 88' lang='lat' dir='ltr'><strong>a</strong></span> <span class='ocrx_word' id='word_1_14' title='bbox 993 491 1114 548; x_wconf 91' lang='lat' dir='ltr'><strong>cibo</strong></span> <span class='ocrx_word' id='word_1_15' title='bbox 1141 500 1196 547; x_wconf 92' lang='lat' dir='ltr'><strong>et</strong></span> <span class='ocrx_word' id='word_1_16' title='bbox 1223 499 1350 561; x_wconf 91' lang='lat' dir='ltr'><strong>potu</strong></span> <span class='ocrx_word' id='word_1_17' title='bbox 1371 531 1386 554; x_wconf 90' lang='lat'><strong>,</strong></span> <span class='ocrx_word' id='word_1_18' title='bbox 1415 499 1614 561; x_wconf 85' lang='lat' dir='ltr'><strong>quanta</strong></span> <span class='ocrx_word' id='word_1_19' title='bbox 1641 497 1757 545; x_wconf 90' lang='lat' dir='ltr'><strong>erat</strong></span> <span class='ocrx_word' id='word_1_20' title='bbox 1786 488 1839 543; x_wconf 90' lang='lat' dir='ltr'><strong>in</strong></span> <span class='ocrx_word' id='word_1_21' title='bbox 1870 487 2076 543; x_wconf 83' lang='lat' dir='ltr'><strong>Joanne</strong></span> <span class='ocrx_word' id='word_1_22' title='bbox 2109 487 2209 542; x_wconf 85' lang='lat' dir='ltr'><strong>Ba-</strong></span> 
     </span>
    </p>
   </div>
   <div class='ocr_carea' id='block_1_3' title="bbox 615 580 2207 664">
    <p class='ocr_par' dir='ltr' id='par_1_3' title="bbox 615 580 2207 664">
     <span class='ocr_line' id='line_1_3' title="bbox 615 580 2207 664; baseline -0.009 -18"><span class='ocrx_word' id='word_1_23' title='bbox 615 588 811 664; x_wconf 85' lang='lat' dir='ltr'><strong>ptista?</strong></span> <span class='ocrx_word' id='word_1_24' title='bbox 849 586 994 640; x_wconf 85' lang='lat' dir='ltr'><strong>Venit</strong></span> <span class='ocrx_word' id='word_1_25' title='bbox 1032 585 1166 639; x_wconf 86' lang='lat' dir='ltr'><strong>enim</strong></span> <span class='ocrx_word' id='word_1_26' title='bbox 1192 582 1419 638; x_wconf 85' lang='lat' dir='ltr'><strong>Joannes</strong></span> <span class='ocrx_word' id='word_1_27' title='bbox 1463 599 1564 637; x_wconf 87' lang='lat' dir='ltr'><strong>non</strong></span> <span class='ocrx_word' id='word_1_28' title='bbox 1595 581 1910 636; x_wconf 84' lang='lat' dir='ltr'><strong>manducans</strong></span> <span class='ocrx_word' id='word_1_29' title='bbox 1945 596 2103 651; x_wconf 85' lang='lat' dir='ltr'><strong>neque</strong></span> <span class='ocrx_word' id='word_1_30' title='bbox 2130 580 2207 633; x_wconf 82' lang='lat' dir='ltr'><strong>bi-</strong></span> 
     </span>
    </p>
   </div>
   <div class='ocr_carea' id='block_1_4' title="bbox 616 671 2210 746">
    <p class='ocr_par' dir='ltr' id='par_1_4' title="bbox 616 671 2210 746">
     <span class='ocr_line' id='line_1_4' title="bbox 616 671 2210 746; baseline -0.008 -8"><span class='ocrx_word' id='word_1_31' title='bbox 616 682 736 738; x_wconf 83' lang='lat' dir='ltr'><strong>bens</strong></span> <span class='ocrx_word' id='word_1_32' title='bbox 752 697 772 746; x_wconf 90' lang='lat'><strong>;</strong></span> <span class='ocrx_word' id='word_1_33' title='bbox 800 687 846 733; x_wconf 92' lang='lat' dir='ltr'><strong>et</strong></span> <span class='ocrx_word' id='word_1_34' title='bbox 871 678 1135 741; x_wconf 70' lang='lat' dir='ltr'><strong>dixerunt,</strong></span> <span class='ocrx_word' id='word_1_35' title='bbox 1165 674 1484 731; x_wconf 69' lang='lat' dir='ltr'><strong>Dazntonium</strong></span> <span class='ocrx_word' id='word_1_36' title='bbox 1513 674 1660 728; x_wconf 81' lang='lat' dir='ltr'><strong><em>habet</em></strong></span> <span class='ocrx_word' id='word_1_37' title='bbox 1689 691 1707 728; x_wconf 91' lang='lat'><strong><em>:</em></strong></span> <span class='ocrx_word' id='word_1_38' title='bbox 1736 674 1866 728; x_wconf 87' lang='lat' dir='ltr'><strong>venit</strong></span> <span class='ocrx_word' id='word_1_39' title='bbox 1917 671 2081 726; x_wconf 88' lang='lat' dir='ltr'><strong>Filius</strong></span> <span class='ocrx_word' id='word_1_40' title='bbox 2111 672 2210 726; x_wconf 78' lang='lat' dir='ltr'><strong>Ito-</strong></span> 
     </span>
    </p>
   </div>
   <div class='ocr_carea' id='block_1_5' title="bbox 615 763 2211 832">
    <p class='ocr_par' dir='ltr' id='par_1_5' title="bbox 615 763 2211 832">
     <span class='ocr_line' id='line_1_5' title="bbox 615 763 2211 832; baseline -0.007 -4"><span class='ocrx_word' id='word_1_41' title='bbox 615 774 767 828; x_wconf 85' lang='lat' dir='ltr'><strong>minis</strong></span> <span class='ocrx_word' id='word_1_42' title='bbox 793 781 840 826; x_wconf 91' lang='lat' dir='ltr'><strong>et</strong></span> <span class='ocrx_word' id='word_1_43' title='bbox 865 770 1176 824; x_wconf 84' lang='lat' dir='ltr'><strong>manducans</strong></span> <span class='ocrx_word' id='word_1_44' title='bbox 1199 775 1246 822; x_wconf 87' lang='lat' dir='ltr'><strong>et</strong></span> <span class='ocrx_word' id='word_1_45' title='bbox 1273 769 1479 832; x_wconf 81' lang='lat' dir='ltr'><strong>bibens;</strong></span> <span class='ocrx_word' id='word_1_46' title='bbox 1508 775 1554 820; x_wconf 91' lang='lat' dir='ltr'><strong>et</strong></span> <span class='ocrx_word' id='word_1_47' title='bbox 1583 766 1842 832; x_wconf 72' lang='lat' dir='ltr'><strong>dixerunt,</strong></span> <span class='ocrx_word' id='word_1_48' title='bbox 1884 763 2017 819; x_wconf 86' lang='lat' dir='ltr'><strong>Ecce</strong></span> <span class='ocrx_word' id='word_1_49' title='bbox 2051 779 2211 818; x_wconf 71' lang='lat' dir='ltr'><strong>vorax</strong></span> 
     </span>
    </p>
   </div>
   <div class='ocr_carea' id='block_1_6' title="bbox 621 857 2206 936">
    <p class='ocr_par' dir='ltr' id='par_1_6' title="bbox 621 857 2206 936">
     <span class='ocr_line' id='line_1_6' title="bbox 621 857 2206 936; baseline -0.005 -17"><span class='ocrx_word' id='word_1_50' title='bbox 621 875 669 920; x_wconf 91' lang='lat' dir='ltr'><strong>et</strong></span> <span class='ocrx_word' id='word_1_51' title='bbox 697 872 898 936; x_wconf 82' lang='lat' dir='ltr'><strong>potator</strong></span> <span class='ocrx_word' id='word_1_52' title='bbox 929 861 1032 916; x_wconf 83' lang='lat' dir='ltr'><strong>vini</strong></span> <span class='ocrx_word' id='word_1_53' title='bbox 1057 863 1072 893; x_wconf 74' lang='grc' dir='ltr'>ί</span> <span class='ocrx_word' id='word_1_54' title='bbox 1095 903 1111 928; x_wconf 90' lang='grc'><strong><em>,</em></strong></span> <span class='ocrx_word' id='word_1_55' title='bbox 1143 861 1334 914; x_wconf 87' lang='lat' dir='ltr'><strong>amicus</strong></span> <span class='ocrx_word' id='word_1_56' title='bbox 1363 857 1748 929; x_wconf 81' lang='lat' dir='ltr'><strong>publicanorum</strong></span> <span class='ocrx_word' id='word_1_57' title='bbox 1790 867 1838 912; x_wconf 86' lang='lat' dir='ltr'><strong>et</strong></span> <span class='ocrx_word' id='word_1_58' title='bbox 1867 865 2206 926; x_wconf 85' lang='lat' dir='ltr'><strong>peccatorum.</strong></span> 
     </span>
    </p>
   </div>
   <div class='ocr_carea' id='block_1_7' title="bbox 617 946 2212 1026">
    <p class='ocr_par' dir='ltr' id='par_1_7' title="bbox 617 946 2212 1026">
     <span class='ocr_line' id='line_1_7' title="bbox 617 946 2212 1026; baseline -0.005 -15"><span class='ocrx_word' id='word_1_59' title='bbox 617 946 1004 1026; x_wconf 85' lang='lat' dir='ltr'><strong>Numquidnon</strong></span> <span class='ocrx_word' id='word_1_60' title='bbox 1029 951 1150 1007; x_wconf 89' lang='lat' dir='ltr'><strong>talia</strong></span> <span class='ocrx_word' id='word_1_61' title='bbox 1171 950 1421 1006; x_wconf 89' lang='lat' dir='ltr'><strong>dicuntur</strong></span> <span class='ocrx_word' id='word_1_62' title='bbox 1445 949 1499 1003; x_wconf 91' lang='lat' dir='ltr'><strong>in</strong></span> <span class='ocrx_word' id='word_1_63' title='bbox 1529 947 1854 1005; x_wconf 88' lang='lat' dir='ltr'><strong>domesticos</strong></span> <span class='ocrx_word' id='word_1_64' title='bbox 1873 947 2009 1018; x_wconf 90' lang='lat' dir='ltr'><strong>ejus,</strong></span> <span class='ocrx_word' id='word_1_65' title='bbox 2033 958 2212 1019; x_wconf 90' lang='lat' dir='ltr'><strong>patres</strong></span> 
     </span>
    </p>
   </div>
   <div class='ocr_carea' id='block_1_8' title="bbox 621 1040 2210 1115">
    <p class='ocr_par' dir='ltr' id='par_1_8' title="bbox 621 1040 2210 1115">
     <span class='ocr_line' id='line_1_8' title="bbox 621 1040 2210 1115; baseline -0.006 -11"><span class='ocrx_word' id='word_1_66' title='bbox 621 1057 855 1114; x_wconf 85' lang='lat' dir='ltr'><strong>nostros,</strong></span> <span class='ocrx_word' id='word_1_67' title='bbox 886 1061 952 1101; x_wconf 83' lang='lat' dir='ltr'><strong>ex</strong></span> <span class='ocrx_word' id='word_1_68' title='bbox 979 1044 1083 1099; x_wconf 90' lang='lat' dir='ltr'><strong>alio</strong></span> <span class='ocrx_word' id='word_1_69' title='bbox 1121 1058 1321 1115; x_wconf 89' lang='lat' dir='ltr'><strong>genere</strong></span> <span class='ocrx_word' id='word_1_70' title='bbox 1350 1041 1536 1098; x_wconf 85' lang='lat' dir='ltr'><strong>utendi</strong></span> <span class='ocrx_word' id='word_1_71' title='bbox 1581 1041 1810 1098; x_wconf 85' lang='lat' dir='ltr'><strong>terrenis</strong></span> <span class='ocrx_word' id='word_1_72' title='bbox 1838 1051 2098 1113; x_wconf 90' lang='lat' dir='ltr'><strong>quantum</strong></span> <span class='ocrx_word' id='word_1_73' title='bbox 2141 1040 2210 1096; x_wconf 89' lang='lat' dir='ltr'><strong>ad</strong></span> 
     </span>
    </p>
   </div>
   <div class='ocr_carea' id='block_1_9' title="bbox 618 1133 2208 1207">
    <p class='ocr_par' dir='ltr' id='par_1_9' title="bbox 618 1133 2208 1207">
     <span class='ocr_line' id='line_1_9' title="bbox 618 1133 2208 1207; baseline -0.006 -10"><span class='ocrx_word' id='word_1_74' title='bbox 618 1137 960 1197; x_wconf 89' lang='lat' dir='ltr'><strong>concubitum</strong></span> <span class='ocrx_word' id='word_1_75' title='bbox 987 1136 1255 1207; x_wconf 90' lang='lat' dir='ltr'><strong>pertinet:</strong></span> <span class='ocrx_word' id='word_1_76' title='bbox 1282 1135 1422 1190; x_wconf 88' lang='lat' dir='ltr'><strong><em>Ecce</em></strong></span> <span class='ocrx_word' id='word_1_77' title='bbox 1449 1135 1694 1190; x_wconf 84' lang='lat' dir='ltr'><strong>homines</strong></span> <span class='ocrx_word' id='word_1_78' title='bbox 1723 1133 1995 1190; x_wconf 88' lang='lat' dir='ltr'><strong>libidinosi</strong></span> <span class='ocrx_word' id='word_1_79' title='bbox 2025 1142 2078 1189; x_wconf 91' lang='lat' dir='ltr'><strong>et</strong></span> <span class='ocrx_word' id='word_1_80' title='bbox 2104 1133 2208 1188; x_wconf 84' lang='lat' dir='ltr'><strong>im-</strong></span> 
     </span>
    </p>
   </div>
   <div class='ocr_carea' id='block_1_10' title="bbox 619 1225 2212 1294">
    <p class='ocr_par' dir='ltr' id='par_1_10' title="bbox 619 1225 2212 1294">
     <span class='ocr_line' id='line_1_10' title="bbox 619 1225 2212 1294; baseline -0.004 -8"><span class='ocrx_word' id='word_1_81' title='bbox 619 1229 833 1294; x_wconf 90' lang='lat' dir='ltr'><strong>mundi,</strong></span> <span class='ocrx_word' id='word_1_82' title='bbox 863 1235 1134 1282; x_wconf 83' lang='lat' dir='ltr'><strong>amatores</strong></span> <span class='ocrx_word' id='word_1_83' title='bbox 1177 1225 1500 1282; x_wconf 82' lang='lat' dir='ltr'><strong>feminarum</strong></span> <span class='ocrx_word' id='word_1_84' title='bbox 1529 1234 1585 1282; x_wconf 92' lang='lat' dir='ltr'><strong>et</strong></span> <span class='ocrx_word' id='word_1_85' title='bbox 1609 1225 1988 1281; x_wconf 82' lang='lat' dir='ltr'><strong>lasciviarum?</strong></span> <span class='ocrx_word' id='word_1_86' title='bbox 2033 1225 2102 1281; x_wconf 87' lang='lat' dir='ltr'><strong>Et</strong></span> <span class='ocrx_word' id='word_1_87' title='bbox 2129 1235 2212 1280; x_wconf 87' lang='lat' dir='ltr'><strong>ta-</strong></span> 
     </span>
    </p>
   </div>
   <div class='ocr_carea' id='block_1_11' title="bbox 618 1318 2215 1390">
    <p class='ocr_par' dir='ltr' id='par_1_11' title="bbox 618 1318 2215 1390">
     <span class='ocr_line' id='line_1_11' title="bbox 618 1318 2215 1390; baseline -0.003 -12"><span class='ocrx_word' id='word_1_88' title='bbox 618 1338 744 1378; x_wconf 87' lang='lat' dir='ltr'><strong>men</strong></span> <span class='ocrx_word' id='word_1_89' title='bbox 769 1321 908 1377; x_wconf 86' lang='lat' dir='ltr'><strong>sicut</strong></span> <span class='ocrx_word' id='word_1_90' title='bbox 935 1319 990 1376; x_wconf 93' lang='lat' dir='ltr'><strong>in</strong></span> <span class='ocrx_word' id='word_1_91' title='bbox 1015 1319 1107 1376; x_wconf 92' lang='lat' dir='ltr'><strong>illo</strong></span> <span class='ocrx_word' id='word_1_92' title='bbox 1146 1319 1278 1375; x_wconf 90' lang='lat' dir='ltr'><strong>illud</strong></span> <span class='ocrx_word' id='word_1_93' title='bbox 1307 1335 1418 1375; x_wconf 91' lang='lat' dir='ltr'><strong>non</strong></span> <span class='ocrx_word' id='word_1_94' title='bbox 1446 1327 1564 1375; x_wconf 89' lang='lat' dir='ltr'><strong>erat</strong></span> <span class='ocrx_word' id='word_1_95' title='bbox 1597 1333 1820 1385; x_wconf 85' lang='lat' dir='ltr'><strong>verum;</strong></span> <span class='ocrx_word' id='word_1_96' title='bbox 1851 1318 2094 1390; x_wconf 80' lang='lat' dir='ltr'><strong>quamvis</strong></span> <span class='ocrx_word' id='word_1_97' title='bbox 2121 1333 2215 1374; x_wconf 87' lang='lat' dir='ltr'><strong>vc-</strong></span> 
     </span>
    </p>
   </div>
   <div class='ocr_carea' id='block_1_12' title="bbox 619 1411 2214 1486">
    <p class='ocr_par' dir='ltr' id='par_1_12' title="bbox 619 1411 2214 1486">
     <span class='ocr_line' id='line_1_12' title="bbox 619 1411 2214 1486; baseline -0.004 -13"><span class='ocrx_word' id='word_1_98' title='bbox 619 1430 741 1473; x_wconf 88' lang='lat' dir='ltr'><strong>rum</strong></span> <span class='ocrx_word' id='word_1_99' title='bbox 790 1421 976 1481; x_wconf 87' lang='lat' dir='ltr'><strong>esset,</strong></span> <span class='ocrx_word' id='word_1_100' title='bbox 1031 1414 1176 1486; x_wconf 90' lang='lat' dir='ltr'><strong>quod</strong></span> <span class='ocrx_word' id='word_1_101' title='bbox 1225 1428 1336 1469; x_wconf 92' lang='lat' dir='ltr'><strong>non</strong></span> <span class='ocrx_word' id='word_1_102' title='bbox 1389 1413 1528 1469; x_wconf 88' lang='lat' dir='ltr'><strong>sicut</strong></span> <span class='ocrx_word' id='word_1_103' title='bbox 1569 1411 1803 1468; x_wconf 82' lang='lat' dir='ltr'><strong>Joannes</strong></span> <span class='ocrx_word' id='word_1_104' title='bbox 1849 1412 2141 1468; x_wconf 90' lang='lat' dir='ltr'><strong>abstineret</strong></span> <span class='ocrx_word' id='word_1_105' title='bbox 2182 1426 2214 1467; x_wconf 94' lang='lat' dir='ltr'><strong>a</strong></span> 
     </span>
    </p>
   </div>
   <div class='ocr_carea' id='block_1_13' title="bbox 618 1503 2216 1575">
    <p class='ocr_par' dir='ltr' id='par_1_13' title="bbox 618 1503 2216 1575">
     <span class='ocr_line' id='line_1_13' title="bbox 618 1503 2216 1575; baseline -0.003 -13"><span class='ocrx_word' id='word_1_106' title='bbox 618 1504 995 1563; x_wconf 87' lang='lat' dir='ltr'><strong>manducando</strong></span> <span class='ocrx_word' id='word_1_107' title='bbox 1025 1512 1080 1560; x_wconf 92' lang='lat' dir='ltr'><strong>ct</strong></span> <span class='ocrx_word' id='word_1_108' title='bbox 1106 1503 1378 1570; x_wconf 90' lang='lat' dir='ltr'><strong>bibendo;</strong></span> <span class='ocrx_word' id='word_1_109' title='bbox 1424 1504 1540 1575; x_wconf 89' lang='lat' dir='ltr'><strong>ipse</strong></span> <span class='ocrx_word' id='word_1_110' title='bbox 1581 1503 1726 1558; x_wconf 91' lang='lat' dir='ltr'><strong>enim</strong></span> <span class='ocrx_word' id='word_1_111' title='bbox 1763 1503 2099 1574; x_wconf 89' lang='lat' dir='ltr'><strong>apertissime</strong></span> <span class='ocrx_word' id='word_1_112' title='bbox 2124 1517 2216 1558; x_wconf 89' lang='lat' dir='ltr'><strong>ve-</strong></span> 
     </span>
    </p>
   </div>
   <div class='ocr_carea' id='block_1_14' title="bbox 620 1595 2216 1669">
    <p class='ocr_par' dir='ltr' id='par_1_14' title="bbox 620 1595 2216 1669">
     <span class='ocr_line' id='line_1_14' title="bbox 620 1595 2216 1669; baseline -0.003 -14"><span class='ocrx_word' id='word_1_113' title='bbox 620 1598 940 1669; x_wconf 90' lang='lat' dir='ltr'><strong>rissimequc</strong></span> <span class='ocrx_word' id='word_1_114' title='bbox 977 1597 1074 1662; x_wconf 88' lang='lat' dir='ltr'><strong>ait,</strong></span> <span class='ocrx_word' id='word_1_115' title='bbox 1111 1595 1259 1651; x_wconf 80' lang='lat' dir='ltr'><strong>Venit</strong></span> <span class='ocrx_word' id='word_1_116' title='bbox 1295 1595 1525 1651; x_wconf 83' lang='lat' dir='ltr'><strong>Joannes</strong></span> <span class='ocrx_word' id='word_1_117' title='bbox 1553 1612 1657 1650; x_wconf 91' lang='lat' dir='ltr'><strong>non</strong></span> <span class='ocrx_word' id='word_1_118' title='bbox 1695 1596 2028 1664; x_wconf 84' lang='lat' dir='ltr'><strong>manducans,</strong></span> <span class='ocrx_word' id='word_1_119' title='bbox 2057 1612 2216 1668; x_wconf 85' lang='lat' dir='ltr'><strong>neque</strong></span> 
     </span>
    </p>
   </div>
   <div class='ocr_carea' id='block_1_15' title="bbox 623 1686 2217 1755">
    <p class='ocr_par' dir='ltr' id='par_1_15' title="bbox 623 1686 2217 1755">
     <span class='ocr_line' id='line_1_15' title="bbox 623 1686 2217 1755; baseline -0.001 -9"><span class='ocrx_word' id='word_1_120' title='bbox 623 1692 827 1755; x_wconf 82' lang='lat' dir='ltr'><strong>bibens;</strong></span> <span class='ocrx_word' id='word_1_121' title='bbox 859 1689 991 1745; x_wconf 84' lang='lat' dir='ltr'><strong>venit</strong></span> <span class='ocrx_word' id='word_1_122' title='bbox 1021 1687 1192 1744; x_wconf 86' lang='lat' dir='ltr'><strong>Filius</strong></span> <span class='ocrx_word' id='word_1_123' title='bbox 1228 1688 1444 1744; x_wconf 77' lang='lat' dir='ltr'><strong>hominis</strong></span> <span class='ocrx_word' id='word_1_124' title='bbox 1469 1687 1784 1742; x_wconf 82' lang='lat' dir='ltr'><strong>ntanducans</strong></span> <span class='ocrx_word' id='word_1_125' title='bbox 1812 1696 1858 1742; x_wconf 92' lang='lat' dir='ltr'><strong>et</strong></span> <span class='ocrx_word' id='word_1_126' title='bbox 1885 1686 2057 1742; x_wconf 79' lang='lat' dir='ltr'><strong>bibens</strong></span> <span class='ocrx_word' id='word_1_127' title='bbox 2084 1703 2103 1742; x_wconf 89' lang='lat'><strong><em>:</em></strong></span> <span class='ocrx_word' id='word_1_128' title='bbox 2138 1687 2217 1744; x_wconf 89' lang='lat' dir='ltr'><strong>sic</strong></span> 
     </span>
    </p>
   </div>
   <div class='ocr_carea' id='block_1_16' title="bbox 621 1777 2217 1851">
    <p class='ocr_par' dir='ltr' id='par_1_16' title="bbox 621 1777 2217 1851">
     <span class='ocr_line' id='line_1_16' title="bbox 621 1777 2217 1851; baseline -0.004 -12"><span class='ocrx_word' id='word_1_129' title='bbox 621 1798 724 1839; x_wconf 88' lang='lat' dir='ltr'><strong>nec</strong></span> <span class='ocrx_word' id='word_1_130' title='bbox 753 1781 856 1837; x_wconf 91' lang='lat' dir='ltr'><strong>hoc</strong></span> <span class='ocrx_word' id='word_1_131' title='bbox 891 1781 945 1836; x_wconf 91' lang='lat' dir='ltr'><strong>in</strong></span> <span class='ocrx_word' id='word_1_132' title='bbox 973 1779 1079 1835; x_wconf 91' lang='lat' dir='ltr'><strong>illis</strong></span> <span class='ocrx_word' id='word_1_133' title='bbox 1103 1779 1348 1851; x_wconf 86' lang='lat' dir='ltr'><strong>patribus</strong></span> <span class='ocrx_word' id='word_1_134' title='bbox 1377 1793 1562 1834; x_wconf 88' lang='lat' dir='ltr'><strong>verum</strong></span> <span class='ocrx_word' id='word_1_135' title='bbox 1599 1787 1714 1846; x_wconf 89' lang='lat' dir='ltr'><strong>est;</strong></span> <span class='ocrx_word' id='word_1_136' title='bbox 1743 1777 1985 1849; x_wconf 87' lang='lat' dir='ltr'><strong>quamvis</strong></span> <span class='ocrx_word' id='word_1_137' title='bbox 2009 1778 2217 1834; x_wconf 83' lang='lat' dir='ltr'><strong>venerit</strong></span> 
     </span>
    </p>
   </div>
   <div class='ocr_carea' id='block_1_17' title="bbox 623 1869 2214 1942">
    <p class='ocr_par' dir='ltr' id='par_1_17' title="bbox 623 1869 2214 1942">
     <span class='ocr_line' id='line_1_17' title="bbox 623 1869 2214 1942; baseline -0.004 -11"><span class='ocrx_word' id='word_1_138' title='bbox 623 1873 790 1931; x_wconf 92' lang='lat' dir='ltr'><strong>modo</strong></span> <span class='ocrx_word' id='word_1_139' title='bbox 816 1871 1106 1942; x_wconf 83' lang='lat' dir='ltr'><strong>Apostolus</strong></span> <span class='ocrx_word' id='word_1_140' title='bbox 1127 1870 1325 1928; x_wconf 86' lang='lat' dir='ltr'><strong>Christi</strong></span> <span class='ocrx_word' id='word_1_141' title='bbox 1349 1885 1455 1926; x_wconf 91' lang='lat' dir='ltr'><strong>non</strong></span> <span class='ocrx_word' id='word_1_142' title='bbox 1475 1869 1789 1942; x_wconf 87' lang='lat' dir='ltr'><strong>conjugatus</strong></span> <span class='ocrx_word' id='word_1_143' title='bbox 1809 1884 1908 1926; x_wconf 91' lang='lat' dir='ltr'><strong>nec</strong></span> <span class='ocrx_word' id='word_1_144' title='bbox 1929 1884 2214 1940; x_wconf 85' lang='lat' dir='ltr'><strong>generans,</strong></span> 
     </span>
    </p>
   </div>
   <div class='ocr_carea' id='block_1_18' title="bbox 623 1963 2218 2038">
    <p class='ocr_par' dir='ltr' id='par_1_18' title="bbox 623 1963 2218 2038">
     <span class='ocr_line' id='line_1_18' title="bbox 623 1963 2218 2038; baseline -0.001 -18"><span class='ocrx_word' id='word_1_145' title='bbox 623 1982 786 2038; x_wconf 87' lang='lat' dir='ltr'><strong>quem</strong></span> <span class='ocrx_word' id='word_1_146' title='bbox 811 1965 990 2021; x_wconf 90' lang='lat' dir='ltr'><strong>dicant</strong></span> <span class='ocrx_word' id='word_1_147' title='bbox 1015 1963 1237 2036; x_wconf 88' lang='lat' dir='ltr'><strong>Pagani,</strong></span> <span class='ocrx_word' id='word_1_148' title='bbox 1263 1963 1445 2035; x_wconf 85' lang='lat' dir='ltr'><strong>Magus</strong></span> <span class='ocrx_word' id='word_1_149' title='bbox 1472 1971 1624 2028; x_wconf 89' lang='lat' dir='ltr'><strong>erat;</strong></span> <span class='ocrx_word' id='word_1_150' title='bbox 1652 1963 1858 2019; x_wconf 87' lang='lat' dir='ltr'><strong>venerit</strong></span> <span class='ocrx_word' id='word_1_151' title='bbox 1885 1971 2063 2018; x_wconf 89' lang='lat' dir='ltr'><strong>autem</strong></span> <span class='ocrx_word' id='word_1_152' title='bbox 2092 1971 2218 2020; x_wconf 93' lang='lat' dir='ltr'><strong>tunc</strong></span> 
     </span>
    </p>
   </div>
   <div class='ocr_carea' id='block_1_19' title="bbox 623 2052 2213 2128">
    <p class='ocr_par' dir='ltr' id='par_1_19' title="bbox 623 2052 2213 2128">
     <span class='ocr_line' id='line_1_19' title="bbox 623 2052 2213 2128; baseline -0.003 -14"><span class='ocrx_word' id='word_1_153' title='bbox 623 2055 895 2128; x_wconf 86' lang='lat' dir='ltr'><strong>Propheta</strong></span> <span class='ocrx_word' id='word_1_154' title='bbox 922 2054 1121 2110; x_wconf 88' lang='lat' dir='ltr'><strong>Christi</strong></span> <span class='ocrx_word' id='word_1_155' title='bbox 1151 2054 1362 2125; x_wconf 87' lang='lat' dir='ltr'><strong>nuptias</strong></span> <span class='ocrx_word' id='word_1_156' title='bbox 1405 2053 1607 2109; x_wconf 78' lang='lat' dir='ltr'><strong>faciens</strong></span> <span class='ocrx_word' id='word_1_157' title='bbox 1641 2061 1697 2108; x_wconf 90' lang='lat' dir='ltr'><strong>et</strong></span> <span class='ocrx_word' id='word_1_158' title='bbox 1734 2052 1874 2108; x_wconf 89' lang='lat' dir='ltr'><strong>ﬁlios</strong></span> <span class='ocrx_word' id='word_1_159' title='bbox 1904 2068 2213 2124; x_wconf 73' lang='lat' dir='ltr'><strong>procrearis,</strong></span> 
     </span>
    </p>
   </div>
   <div class='ocr_carea' id='block_1_20' title="bbox 622 2142 2219 2220">
    <p class='ocr_par' dir='ltr' id='par_1_20' title="bbox 622 2142 2219 2220">
     <span class='ocr_line' id='line_1_20' title="bbox 622 2142 2219 2220; baseline -0.003 -17"><span class='ocrx_word' id='word_1_160' title='bbox 622 2163 784 2220; x_wconf 91' lang='lat' dir='ltr'><strong>quem</strong></span> <span class='ocrx_word' id='word_1_161' title='bbox 810 2147 990 2203; x_wconf 87' lang='lat' dir='ltr'><strong>dicant</strong></span> <span class='ocrx_word' id='word_1_162' title='bbox 1014 2145 1310 2214; x_wconf 82' lang='lat' dir='ltr'><strong>Manicbaei,</strong></span> <span class='ocrx_word' id='word_1_163' title='bbox 1335 2143 1650 2200; x_wconf 85' lang='lat' dir='ltr'><strong>Mulierosus</strong></span> <span class='ocrx_word' id='word_1_164' title='bbox 1671 2152 1790 2200; x_wconf 90' lang='lat' dir='ltr'><strong>erat</strong></span> <span class='ocrx_word' id='word_1_165' title='bbox 1815 2161 1828 2198; x_wconf 91' lang='lat'><strong>:</strong></span> <span class='ocrx_word' id='word_1_166' title='bbox 1857 2142 1923 2197; x_wconf 88' lang='lat' dir='ltr'><strong>Et</strong></span> <span class='ocrx_word' id='word_1_167' title='bbox 1932 2145 2219 2216; x_wconf 81' lang='lat' dir='ltr'><strong>justiﬁcata</strong></span> 
     </span>
    </p>
   </div>
   <div class='ocr_carea' id='block_1_21' title="bbox 623 2235 2215 2312">
    <p class='ocr_par' dir='ltr' id='par_1_21' title="bbox 623 2235 2215 2312">
     <span class='ocr_line' id='line_1_21' title="bbox 623 2235 2215 2312; baseline -0.001 -16"><span class='ocrx_word' id='word_1_168' title='bbox 623 2250 720 2309; x_wconf 83' lang='lat' dir='ltr'><strong>est,</strong></span> <span class='ocrx_word' id='word_1_169' title='bbox 756 2239 950 2312; x_wconf 88' lang='lat' dir='ltr'><strong>inquit,</strong></span> <span class='ocrx_word' id='word_1_170' title='bbox 978 2239 1227 2311; x_wconf 74' lang='lat' dir='ltr'><strong>sapientia</strong></span> <span class='ocrx_word' id='word_1_171' title='bbox 1252 2255 1284 2292; x_wconf 92' lang='lat' dir='ltr'><strong>a</strong></span> <span class='ocrx_word' id='word_1_172' title='bbox 1309 2239 1431 2308; x_wconf 81' lang='lat' dir='ltr'><strong>[iliis</strong></span> <span class='ocrx_word' id='word_1_173' title='bbox 1470 2238 1577 2294; x_wconf 89' lang='lat' dir='ltr'><strong>suis</strong></span> <span class='ocrx_word' id='word_1_174' title='bbox 1605 2235 1820 2312; x_wconf 83' lang='lat' dir='ltr'><strong>(Matth.</strong></span> <span class='ocrx_word' id='word_1_175' title='bbox 1853 2253 1904 2293; x_wconf 84' lang='lat' dir='ltr'><strong>xl</strong></span> <span class='ocrx_word' id='word_1_176' title='bbox 1925 2279 1940 2305; x_wconf 93' lang='lat'><strong>,</strong></span> <span class='ocrx_word' id='word_1_177' title='bbox 1970 2238 2036 2295; x_wconf 76' lang='grc'><strong>18</strong></span> <span class='ocrx_word' id='word_1_178' title='bbox 2056 2280 2070 2304; x_wconf 89' lang='grc'><em>,</em></span> <span class='ocrx_word' id='word_1_179' title='bbox 2102 2238 2215 2310; x_wconf 81' lang='grc'><strong>19).</strong></span> 
     </span>
    </p>
   </div>
   <div class='ocr_carea' id='block_1_22' title="bbox 625 2328 2218 2400">
    <p class='ocr_par' dir='ltr' id='par_1_22' title="bbox 625 2328 2218 2400">
     <span class='ocr_line' id='line_1_22' title="bbox 625 2328 2218 2400; baseline 0.002 -14"><span class='ocrx_word' id='word_1_180' title='bbox 625 2329 780 2400; x_wconf 87' lang='lat' dir='ltr'><strong>Quod</strong></span> <span class='ocrx_word' id='word_1_181' title='bbox 811 2329 1070 2386; x_wconf 90' lang='lat' dir='ltr'><strong>Dominus</strong></span> <span class='ocrx_word' id='word_1_182' title='bbox 1110 2329 1184 2385; x_wconf 90' lang='lat' dir='ltr'><strong>ibi</strong></span> <span class='ocrx_word' id='word_1_183' title='bbox 1211 2328 1476 2400; x_wconf 89' lang='lat' dir='ltr'><strong>subjecit,</strong></span> <span class='ocrx_word' id='word_1_184' title='bbox 1503 2343 1624 2384; x_wconf 92' lang='lat' dir='ltr'><strong>cum</strong></span> <span class='ocrx_word' id='word_1_185' title='bbox 1654 2328 1723 2385; x_wconf 93' lang='lat' dir='ltr'><strong>de</strong></span> <span class='ocrx_word' id='word_1_186' title='bbox 1747 2328 1954 2386; x_wconf 86' lang='lat' dir='ltr'><strong>Joanne</strong></span> <span class='ocrx_word' id='word_1_187' title='bbox 1979 2344 2042 2386; x_wconf 90' lang='lat' dir='ltr'><strong>ac</strong></span> <span class='ocrx_word' id='word_1_188' title='bbox 2065 2330 2133 2387; x_wconf 92' lang='lat' dir='ltr'><strong>dc</strong></span> <span class='ocrx_word' id='word_1_189' title='bbox 2158 2346 2218 2389; x_wconf 88' lang='lat' dir='ltr'><strong>se</strong></span> 
     </span>
    </p>
   </div>
   <div class='ocr_carea' id='block_1_23' title="bbox 624 2421 2218 2494">
    <p class='ocr_par' dir='ltr' id='par_1_23' title="bbox 624 2421 2218 2494">
     <span class='ocr_line' id='line_1_23' title="bbox 624 2421 2218 2494; baseline -0.001 -14"><span class='ocrx_word' id='word_1_190' title='bbox 624 2426 716 2482; x_wconf 90' lang='lat' dir='ltr'><strong>illa</strong></span> <span class='ocrx_word' id='word_1_191' title='bbox 741 2424 964 2480; x_wconf 80' lang='lat' dir='ltr'><strong>dixisset</strong></span> <span class='ocrx_word' id='word_1_192' title='bbox 992 2441 1006 2479; x_wconf 89' lang='lat'><strong>:</strong></span> <span class='ocrx_word' id='word_1_193' title='bbox 1037 2421 1330 2494; x_wconf 82' lang='lat' dir='ltr'><strong>Justiﬁcata</strong></span> <span class='ocrx_word' id='word_1_194' title='bbox 1354 2430 1460 2489; x_wconf 84' lang='lat' dir='ltr'><strong>est,</strong></span> <span class='ocrx_word' id='word_1_195' title='bbox 1501 2422 1707 2493; x_wconf 88' lang='lat' dir='ltr'><strong>inquit,</strong></span> <span class='ocrx_word' id='word_1_196' title='bbox 1735 2423 1986 2494; x_wconf 71' lang='lat' dir='ltr'><strong>sapientia</strong></span> <span class='ocrx_word' id='word_1_197' title='bbox 2021 2439 2054 2476; x_wconf 91' lang='lat' dir='ltr'><strong>a</strong></span> <span class='ocrx_word' id='word_1_198' title='bbox 2095 2424 2218 2494; x_wconf 79' lang='lat' dir='ltr'><strong>ﬁliis</strong></span> 
     </span>
    </p>
   </div>
   <div class='ocr_carea' id='block_1_24' title="bbox 625 2514 2216 2587">
    <p class='ocr_par' dir='ltr' id='par_1_24' title="bbox 625 2514 2216 2587">
     <span class='ocr_line' id='line_1_24' title="bbox 625 2514 2216 2587; baseline -0.001 -15"><span class='ocrx_word' id='word_1_199' title='bbox 625 2517 751 2572; x_wconf 82' lang='lat' dir='ltr'><strong>suis.</strong></span> <span class='ocrx_word' id='word_1_200' title='bbox 779 2517 880 2587; x_wconf 85' lang='lat' dir='ltr'><strong>Qui</strong></span> <span class='ocrx_word' id='word_1_201' title='bbox 905 2515 1089 2573; x_wconf 88' lang='lat' dir='ltr'><strong>vident</strong></span> <span class='ocrx_word' id='word_1_202' title='bbox 1109 2515 1458 2572; x_wconf 81' lang='lat' dir='ltr'><strong>continentia:</strong></span> <span class='ocrx_word' id='word_1_203' title='bbox 1482 2514 1736 2570; x_wconf 88' lang='lat' dir='ltr'><strong>virtutem</strong></span> <span class='ocrx_word' id='word_1_204' title='bbox 1762 2515 1816 2570; x_wconf 92' lang='lat' dir='ltr'><strong>in</strong></span> <span class='ocrx_word' id='word_1_205' title='bbox 1848 2515 2030 2572; x_wconf 89' lang='lat' dir='ltr'><strong>habitu</strong></span> <span class='ocrx_word' id='word_1_206' title='bbox 2051 2515 2216 2571; x_wconf 89' lang='lat' dir='ltr'><strong>animi</strong></span> 
     </span>
    </p>
   </div>
   <div class='ocr_carea' id='block_1_25' title="bbox 624 2608 2218 2682">
    <p class='ocr_par' dir='ltr' id='par_1_25' title="bbox 624 2608 2218 2682">
     <span class='ocr_line' id='line_1_25' title="bbox 624 2608 2218 2682; baseline -0.003 -14"><span class='ocrx_word' id='word_1_207' title='bbox 624 2625 838 2682; x_wconf 86' lang='lat' dir='ltr'><strong>semper</strong></span> <span class='ocrx_word' id='word_1_208' title='bbox 860 2624 981 2666; x_wconf 90' lang='lat' dir='ltr'><strong>esse</strong></span> <span class='ocrx_word' id='word_1_209' title='bbox 1005 2608 1222 2677; x_wconf 88' lang='lat' dir='ltr'><strong>debere,</strong></span> <span class='ocrx_word' id='word_1_210' title='bbox 1271 2608 1328 2663; x_wconf 92' lang='lat' dir='ltr'><strong>in</strong></span> <span class='ocrx_word' id='word_1_211' title='bbox 1364 2622 1529 2679; x_wconf 89' lang='lat' dir='ltr'><strong>opere</strong></span> <span class='ocrx_word' id='word_1_212' title='bbox 1563 2615 1742 2663; x_wconf 86' lang='lat' dir='ltr'><strong>autem</strong></span> <span class='ocrx_word' id='word_1_213' title='bbox 1791 2623 1889 2678; x_wconf 89' lang='lat' dir='ltr'><strong>pro</strong></span> <span class='ocrx_word' id='word_1_214' title='bbox 1931 2623 2110 2663; x_wconf 87' lang='lat' dir='ltr'><strong>rerum</strong></span> <span class='ocrx_word' id='word_1_215' title='bbox 2153 2621 2218 2664; x_wconf 90' lang='lat' dir='ltr'><strong>ac</strong></span> 
     </span>
    </p>
   </div>
   <div class='ocr_carea' id='block_1_26' title="bbox 624 2698 2216 2774">
    <p class='ocr_par' dir='ltr' id='par_1_26' title="bbox 624 2698 2216 2774">
     <span class='ocr_line' id='line_1_26' title="bbox 624 2698 2216 2774; baseline -0.003 -14"><span class='ocrx_word' id='word_1_216' title='bbox 624 2712 930 2774; x_wconf 88' lang='lat' dir='ltr'><strong>temporum</strong></span> <span class='ocrx_word' id='word_1_217' title='bbox 985 2700 1386 2774; x_wconf 88' lang='lat' dir='ltr'><strong>opportunitate</strong></span> <span class='ocrx_word' id='word_1_218' title='bbox 1427 2698 1758 2756; x_wconf 88' lang='lat' dir='ltr'><strong>manifestari</strong></span> <span class='ocrx_word' id='word_1_219' title='bbox 1804 2715 1818 2753; x_wconf 89' lang='lat'><strong>:</strong></span> <span class='ocrx_word' id='word_1_220' title='bbox 1865 2699 2002 2754; x_wconf 88' lang='lat' dir='ltr'><strong>sicut</strong></span> <span class='ocrx_word' id='word_1_221' title='bbox 2048 2699 2216 2755; x_wconf 88' lang='lat' dir='ltr'><strong>virtus</strong></span> 
     </span>
    </p>
   </div>
   <div class='ocr_carea' id='block_1_27' title="bbox 623 2793 2214 2870">
    <p class='ocr_par' dir='ltr' id='par_1_27' title="bbox 623 2793 2214 2870">
     <span class='ocr_line' id='line_1_27' title="bbox 623 2793 2214 2870; baseline -0.003 -16"><span class='ocrx_word' id='word_1_222' title='bbox 623 2797 893 2870; x_wconf 88' lang='lat' dir='ltr'><strong>patientia:</strong></span> <span class='ocrx_word' id='word_1_223' title='bbox 941 2806 1249 2853; x_wconf 90' lang='lat' dir='ltr'><strong>sanctorum</strong></span> <span class='ocrx_word' id='word_1_224' title='bbox 1299 2804 1596 2867; x_wconf 86' lang='lat' dir='ltr'><strong>martyrum</strong></span> <span class='ocrx_word' id='word_1_225' title='bbox 1641 2794 1695 2850; x_wconf 92' lang='lat' dir='ltr'><strong>in</strong></span> <span class='ocrx_word' id='word_1_226' title='bbox 1741 2807 1906 2864; x_wconf 86' lang='lat' dir='ltr'><strong>opere</strong></span> <span class='ocrx_word' id='word_1_227' title='bbox 1947 2793 2214 2864; x_wconf 88' lang='lat' dir='ltr'><strong>apparuit,</strong></span> 
     </span>
    </p>
   </div>
   <div class='ocr_carea' id='block_1_28' title="bbox 622 2883 2217 2956">
    <p class='ocr_par' dir='ltr' id='par_1_28' title="bbox 622 2883 2217 2956">
     <span class='ocr_line' id='line_1_28' title="bbox 622 2883 2217 2956; baseline -0.003 -11"><span class='ocrx_word' id='word_1_228' title='bbox 622 2898 942 2946; x_wconf 69' lang='lat' dir='ltr'><strong>caeterorum</strong></span> <span class='ocrx_word' id='word_1_229' title='bbox 972 2900 1102 2942; x_wconf 91' lang='lat' dir='ltr'><strong>vero</strong></span> <span class='ocrx_word' id='word_1_230' title='bbox 1129 2900 1282 2956; x_wconf 76' lang='lat' dir='ltr'><strong>teque</strong></span> <span class='ocrx_word' id='word_1_231' title='bbox 1309 2894 1617 2941; x_wconf 89' lang='lat' dir='ltr'><strong>sanctorum</strong></span> <span class='ocrx_word' id='word_1_232' title='bbox 1642 2884 1696 2940; x_wconf 90' lang='lat' dir='ltr'><strong>in</strong></span> <span class='ocrx_word' id='word_1_233' title='bbox 1717 2883 1902 2939; x_wconf 90' lang='lat' dir='ltr'><strong>habitu</strong></span> <span class='ocrx_word' id='word_1_234' title='bbox 1929 2883 2046 2940; x_wconf 87' lang='lat' dir='ltr'><strong>fuit.</strong></span> <span class='ocrx_word' id='word_1_235' title='bbox 2072 2884 2217 2951; x_wconf 87' lang='lat' dir='ltr'><strong>Quo-</strong></span> 
     </span>
    </p>
   </div>
   <div class='ocr_carea' id='block_1_29' title="bbox 624 2974 2246 3047">
    <p class='ocr_par' dir='ltr' id='par_1_29' title="bbox 624 2974 2246 3047">
     <span class='ocr_line' id='line_1_29' title="bbox 624 2974 2246 3047; baseline -0.005 -11"><span class='ocrx_word' id='word_1_236' title='bbox 624 2981 766 3036; x_wconf 85' lang='lat' dir='ltr'><strong>circa</strong></span> <span class='ocrx_word' id='word_1_237' title='bbox 791 2979 931 3034; x_wconf 90' lang='lat' dir='ltr'><strong>sicut</strong></span> <span class='ocrx_word' id='word_1_238' title='bbox 951 2992 1057 3034; x_wconf 90' lang='lat' dir='ltr'><strong>non</strong></span> <span class='ocrx_word' id='word_1_239' title='bbox 1086 2985 1172 3033; x_wconf 91' lang='lat' dir='ltr'><strong>est</strong></span> <span class='ocrx_word' id='word_1_240' title='bbox 1199 2977 1371 3046; x_wconf 89' lang='lat' dir='ltr'><strong>impar</strong></span> <span class='ocrx_word' id='word_1_241' title='bbox 1395 2977 1644 3032; x_wconf 89' lang='lat' dir='ltr'><strong>meritum</strong></span> <span class='ocrx_word' id='word_1_242' title='bbox 1675 2975 1948 3047; x_wconf 84' lang='lat' dir='ltr'><strong>patientia:</strong></span> <span class='ocrx_word' id='word_1_243' title='bbox 1977 2975 2030 3030; x_wconf 90' lang='lat' dir='ltr'><strong>in</strong></span> <span class='ocrx_word' id='word_1_244' title='bbox 2055 2974 2218 3032; x_wconf 88' lang='lat' dir='ltr'><strong>Petro</strong></span> <span class='ocrx_word' id='word_1_245' title='bbox 2242 3024 2246 3028; x_wconf 89' lang='lat'><strong>.</strong></span> 
     </span>
    </p>
   </div>
   <div class='ocr_carea' id='block_1_30' title="bbox 623 3065 2218 3141">
    <p class='ocr_par' dir='ltr' id='par_1_30' title="bbox 623 3065 2218 3141">
     <span class='ocr_line' id='line_1_30' title="bbox 623 3065 2218 3141; baseline -0.001 -16"><span class='ocrx_word' id='word_1_246' title='bbox 623 3069 715 3141; x_wconf 92' lang='lat' dir='ltr'><strong>qui</strong></span> <span class='ocrx_word' id='word_1_247' title='bbox 754 3083 944 3140; x_wconf 90' lang='lat' dir='ltr'><strong>passus</strong></span> <span class='ocrx_word' id='word_1_248' title='bbox 969 3076 1086 3136; x_wconf 91' lang='lat' dir='ltr'><strong>est,</strong></span> <span class='ocrx_word' id='word_1_249' title='bbox 1117 3073 1175 3124; x_wconf 92' lang='lat' dir='ltr'><strong>et</strong></span> <span class='ocrx_word' id='word_1_250' title='bbox 1201 3067 1256 3122; x_wconf 92' lang='lat' dir='ltr'><strong>in</strong></span> <span class='ocrx_word' id='word_1_251' title='bbox 1282 3065 1490 3122; x_wconf 90' lang='lat' dir='ltr'><strong>Joanne</strong></span> <span class='ocrx_word' id='word_1_252' title='bbox 1513 3066 1602 3138; x_wconf 92' lang='lat' dir='ltr'><strong>qui</strong></span> <span class='ocrx_word' id='word_1_253' title='bbox 1633 3079 1823 3136; x_wconf 90' lang='lat' dir='ltr'><strong>passus</strong></span> <span class='ocrx_word' id='word_1_254' title='bbox 1851 3080 1957 3122; x_wconf 93' lang='lat' dir='ltr'><strong>non</strong></span> <span class='ocrx_word' id='word_1_255' title='bbox 1979 3075 2063 3122; x_wconf 90' lang='lat' dir='ltr'><strong>est</strong></span> <span class='ocrx_word' id='word_1_256' title='bbox 2092 3084 2106 3122; x_wconf 90' lang='lat'><strong>:</strong></span> <span class='ocrx_word' id='word_1_257' title='bbox 2137 3067 2218 3124; x_wconf 90' lang='lat' dir='ltr'><strong>sic</strong></span> 
     </span>
    </p>
   </div>
   <div class='ocr_carea' id='block_1_31' title="bbox 625 3157 2216 3233">
    <p class='ocr_par' dir='ltr' id='par_1_31' title="bbox 625 3157 2216 3233">
     <span class='ocr_line' id='line_1_31' title="bbox 625 3157 2216 3233; baseline -0.003 -13"><span class='ocrx_word' id='word_1_258' title='bbox 625 3177 735 3220; x_wconf 88' lang='lat' dir='ltr'><strong>non</strong></span> <span class='ocrx_word' id='word_1_259' title='bbox 762 3169 845 3218; x_wconf 90' lang='lat' dir='ltr'><strong>est</strong></span> <span class='ocrx_word' id='word_1_260' title='bbox 873 3161 1044 3233; x_wconf 88' lang='lat' dir='ltr'><strong>impar</strong></span> <span class='ocrx_word' id='word_1_261' title='bbox 1087 3159 1339 3216; x_wconf 90' lang='lat' dir='ltr'><strong>meritum</strong></span> <span class='ocrx_word' id='word_1_262' title='bbox 1381 3157 1725 3214; x_wconf 81' lang='lat' dir='ltr'><strong>continentiae</strong></span> <span class='ocrx_word' id='word_1_263' title='bbox 1768 3157 1823 3214; x_wconf 92' lang='lat' dir='ltr'><strong>in</strong></span> <span class='ocrx_word' id='word_1_264' title='bbox 1867 3157 2074 3216; x_wconf 88' lang='lat' dir='ltr'><strong>Joanne</strong></span> <span class='ocrx_word' id='word_1_265' title='bbox 2123 3159 2216 3231; x_wconf 91' lang='lat' dir='ltr'><strong>qui</strong></span> 
     </span>
    </p>
   </div>
   <div class='ocr_carea' id='block_1_32' title="bbox 623 3249 2215 3325">
    <p class='ocr_par' dir='ltr' id='par_1_32' title="bbox 623 3249 2215 3325">
     <span class='ocr_line' id='line_1_32' title="bbox 623 3249 2215 3325; baseline -0.003 -12"><span class='ocrx_word' id='word_1_266' title='bbox 623 3256 797 3314; x_wconf 87' lang='lat' dir='ltr'><strong>nullas</strong></span> <span class='ocrx_word' id='word_1_267' title='bbox 820 3261 1072 3325; x_wconf 84' lang='lat' dir='ltr'><strong>expertus</strong></span> <span class='ocrx_word' id='word_1_268' title='bbox 1110 3261 1194 3308; x_wconf 89' lang='lat' dir='ltr'><strong>est</strong></span> <span class='ocrx_word' id='word_1_269' title='bbox 1239 3251 1452 3323; x_wconf 89' lang='lat' dir='ltr'><strong>nuptias</strong></span> <span class='ocrx_word' id='word_1_270' title='bbox 1479 3249 1583 3324; x_wconf 90' lang='lat' dir='ltr'><strong>(a),</strong></span> <span class='ocrx_word' id='word_1_271' title='bbox 1610 3259 1665 3306; x_wconf 93' lang='lat' dir='ltr'><strong>et</strong></span> <span class='ocrx_word' id='word_1_272' title='bbox 1708 3250 1762 3306; x_wconf 91' lang='lat' dir='ltr'><strong>in</strong></span> <span class='ocrx_word' id='word_1_273' title='bbox 1807 3249 2079 3307; x_wconf 87' lang='lat' dir='ltr'><strong>Abraham</strong></span> <span class='ocrx_word' id='word_1_274' title='bbox 2123 3252 2215 3323; x_wconf 89' lang='lat' dir='ltr'><strong>qui</strong></span> 
     </span>
    </p>
   </div>
   <div class='ocr_carea' id='block_1_33' title="bbox 625 3343 2216 3423">
    <p class='ocr_par' dir='ltr' id='par_1_33' title="bbox 625 3343 2216 3423">
     <span class='ocr_line' id='line_1_33' title="bbox 625 3343 2216 3423; baseline -0.003 -19"><span class='ocrx_word' id='word_1_275' title='bbox 625 3349 765 3405; x_wconf 91' lang='lat' dir='ltr'><strong>ﬁlios</strong></span> <span class='ocrx_word' id='word_1_276' title='bbox 789 3346 1084 3423; x_wconf 71' lang='lat' dir='ltr'><strong>generavit.</strong></span> <span class='ocrx_word' id='word_1_277' title='bbox 1107 3345 1176 3402; x_wconf 90' lang='lat' dir='ltr'><strong>Et</strong></span> <span class='ocrx_word' id='word_1_278' title='bbox 1196 3345 1341 3402; x_wconf 89' lang='lat' dir='ltr'><strong>illius</strong></span> <span class='ocrx_word' id='word_1_279' title='bbox 1363 3344 1505 3402; x_wconf 90' lang='lat' dir='ltr'><strong>enim</strong></span> <span class='ocrx_word' id='word_1_280' title='bbox 1531 3343 1839 3412; x_wconf 74' lang='lat' dir='ltr'><strong>czelibatus,</strong></span> <span class='ocrx_word' id='word_1_281' title='bbox 1860 3352 1915 3401; x_wconf 91' lang='lat' dir='ltr'><strong>et</strong></span> <span class='ocrx_word' id='word_1_282' title='bbox 1933 3344 2075 3400; x_wconf 92' lang='lat' dir='ltr'><strong>illius</strong></span> <span class='ocrx_word' id='word_1_283' title='bbox 2093 3359 2216 3401; x_wconf 81' lang='lat' dir='ltr'><strong>con-</strong></span> 
     </span>
    </p>
   </div>
   <div class='ocr_carea' id='block_1_34' title="bbox 625 3434 2215 3509">
    <p class='ocr_par' dir='ltr' id='par_1_34' title="bbox 625 3434 2215 3509">
     <span class='ocr_line' id='line_1_34' title="bbox 625 3434 2215 3509; baseline -0.003 -13"><span class='ocrx_word' id='word_1_284' title='bbox 625 3439 848 3496; x_wconf 89' lang='lat' dir='ltr'><strong>nubium</strong></span> <span class='ocrx_word' id='word_1_285' title='bbox 893 3452 991 3509; x_wconf 92' lang='lat' dir='ltr'><strong>pro</strong></span> <span class='ocrx_word' id='word_1_286' title='bbox 1019 3446 1323 3509; x_wconf 88' lang='lat' dir='ltr'><strong>temporum</strong></span> <span class='ocrx_word' id='word_1_287' title='bbox 1366 3435 1740 3492; x_wconf 83' lang='lat' dir='ltr'><strong>distributione</strong></span> <span class='ocrx_word' id='word_1_288' title='bbox 1780 3434 1994 3492; x_wconf 87' lang='lat' dir='ltr'><strong>Christo</strong></span> <span class='ocrx_word' id='word_1_289' title='bbox 2019 3437 2215 3492; x_wconf 89' lang='lat' dir='ltr'><strong>milita—</strong></span> 
     </span>
    </p>
   </div>
   <div class='ocr_carea' id='block_1_35' title="bbox 623 3527 2213 3599">
    <p class='ocr_par' dir='ltr' id='par_1_35' title="bbox 623 3527 2213 3599">
     <span class='ocr_line' id='line_1_35' title="bbox 623 3527 2213 3599; baseline -0.003 -10"><span class='ocrx_word' id='word_1_290' title='bbox 623 3541 751 3590; x_wconf 90' lang='lat' dir='ltr'><strong>runt</strong></span> <span class='ocrx_word' id='word_1_291' title='bbox 774 3549 788 3588; x_wconf 90' lang='lat'><strong>:</strong></span> <span class='ocrx_word' id='word_1_292' title='bbox 811 3531 905 3587; x_wconf 90' lang='lat' dir='ltr'><strong>sed</strong></span> <span class='ocrx_word' id='word_1_293' title='bbox 928 3530 1309 3587; x_wconf 87' lang='lat' dir='ltr'><strong>continentiam</strong></span> <span class='ocrx_word' id='word_1_294' title='bbox 1331 3529 1567 3586; x_wconf 87' lang='lat' dir='ltr'><strong>Joannes</strong></span> <span class='ocrx_word' id='word_1_295' title='bbox 1583 3536 1638 3584; x_wconf 93' lang='lat' dir='ltr'><strong>et</strong></span> <span class='ocrx_word' id='word_1_296' title='bbox 1658 3528 1711 3584; x_wconf 92' lang='lat' dir='ltr'><strong>in</strong></span> <span class='ocrx_word' id='word_1_297' title='bbox 1733 3541 1914 3599; x_wconf 90' lang='lat' dir='ltr'><strong>opere,</strong></span> <span class='ocrx_word' id='word_1_298' title='bbox 1945 3527 2213 3585; x_wconf 86' lang='lat' dir='ltr'><strong>Abraham</strong></span> 
     </span>
    </p>
   </div>
   <div class='ocr_carea' id='block_1_36' title="bbox 623 3622 1461 3683">
    <p class='ocr_par' dir='ltr' id='par_1_36' title="bbox 623 3622 1461 3683">
     <span class='ocr_line' id='line_1_36' title="bbox 623 3622 1461 3683; baseline -0.007 -1"><span class='ocrx_word' id='word_1_299' title='bbox 623 3640 753 3683; x_wconf 92' lang='lat' dir='ltr'><strong>vero</strong></span> <span class='ocrx_word' id='word_1_300' title='bbox 777 3625 831 3680; x_wconf 92' lang='lat' dir='ltr'><strong>in</strong></span> <span class='ocrx_word' id='word_1_301' title='bbox 854 3624 969 3680; x_wconf 90' lang='lat' dir='ltr'><strong>solo</strong></span> <span class='ocrx_word' id='word_1_302' title='bbox 994 3623 1181 3679; x_wconf 89' lang='lat' dir='ltr'><strong>habitu</strong></span> <span class='ocrx_word' id='word_1_303' title='bbox 1211 3622 1461 3678; x_wconf 91' lang='lat' dir='ltr'><strong>habebat.</strong></span> 
     </span>
    </p>
   </div>
   <div class='ocr_carea' id='block_1_37' title="bbox 692 3712 2211 3786">
    <p class='ocr_par' dir='ltr' id='par_1_37' title="bbox 692 3712 2211 3786">
     <span class='ocr_line' id='line_1_37' title="bbox 692 3712 2211 3786; baseline -0.004 -11"><span class='ocrx_word' id='word_1_304' title='bbox 692 3716 920 3775; x_wconf 79' lang='lat' dir='ltr'><strong>CAPUT</strong></span> <span class='ocrx_word' id='word_1_305' title='bbox 959 3714 1202 3772; x_wconf 83' lang='lat' dir='ltr'><strong>XXll.—</strong></span> <span class='ocrx_word' id='word_1_306' title='bbox 1214 3714 1308 3770; x_wconf 74' lang='grc'><strong>27.</strong></span> <span class='ocrx_word' id='word_1_307' title='bbox 1339 3713 1662 3772; x_wconf 81' lang='lat' dir='ltr'><strong>Continentia</strong></span> <span class='ocrx_word' id='word_1_308' title='bbox 1678 3713 1734 3768; x_wconf 88' lang='lat' dir='ltr'><strong>in</strong></span> <span class='ocrx_word' id='word_1_309' title='bbox 1754 3712 1976 3786; x_wconf 82' lang='lat' dir='ltr'><strong>antiquis</strong></span> <span class='ocrx_word' id='word_1_310' title='bbox 1999 3713 2173 3770; x_wconf 79' lang='lat' dir='ltr'><strong>habitu</strong></span> <span class='ocrx_word' id='word_1_311' title='bbox 2193 3753 2211 3781; x_wconf 90' lang='lat'><strong>,</strong></span> 
     </span>
    </p>
   </div>
   <div class='ocr_carea' id='block_1_38' title="bbox 623 3805 2212 3878">
    <p class='ocr_par' dir='ltr' id='par_1_38' title="bbox 623 3805 2212 3878">
     <span class='ocr_line' id='line_1_38' title="bbox 623 3805 2212 3878; baseline -0.002 -13"><span class='ocrx_word' id='word_1_312' title='bbox 623 3825 759 3866; x_wconf 87' lang='lat' dir='ltr'><strong>nunc</strong></span> <span class='ocrx_word' id='word_1_313' title='bbox 785 3816 952 3863; x_wconf 87' lang='lat' dir='ltr'><strong>autem</strong></span> <span class='ocrx_word' id='word_1_314' title='bbox 973 3823 1123 3878; x_wconf 86' lang='lat' dir='ltr'><strong>apere</strong></span> <span class='ocrx_word' id='word_1_315' title='bbox 1158 3806 1394 3862; x_wconf 87' lang='lat' dir='ltr'><strong>tenenda.</strong></span> <span class='ocrx_word' id='word_1_316' title='bbox 1422 3805 1875 3861; x_wconf 79' lang='lat' dir='ltr'><strong>Jovinianistarum</strong></span> <span class='ocrx_word' id='word_1_317' title='bbox 1905 3806 2212 3877; x_wconf 86' lang='lat' dir='ltr'><strong>percontatio</strong></span> 
     </span>
    </p>
   </div>
   <div class='ocr_carea' id='block_1_39' title="bbox 623 3895 2214 3972">
    <p class='ocr_par' dir='ltr' id='par_1_39' title="bbox 623 3895 2214 3972">
     <span class='ocr_line' id='line_1_39' title="bbox 623 3895 2214 3972; baseline -0.003 -15"><span class='ocrx_word' id='word_1_318' title='bbox 623 3899 934 3972; x_wconf 70' lang='lat' dir='ltr'><strong>exploditur.</strong></span> <span class='ocrx_word' id='word_1_319' title='bbox 966 3896 1062 3953; x_wconf 92' lang='lat' dir='ltr'><strong>lllo</strong></span> <span class='ocrx_word' id='word_1_320' title='bbox 1102 3897 1282 3968; x_wconf 88' lang='lat' dir='ltr'><strong>itaque</strong></span> <span class='ocrx_word' id='word_1_321' title='bbox 1309 3905 1551 3968; x_wconf 89' lang='lat' dir='ltr'><strong>tempore</strong></span> <span class='ocrx_word' id='word_1_322' title='bbox 1575 3911 1698 3952; x_wconf 92' lang='lat' dir='ltr'><strong>cum</strong></span> <span class='ocrx_word' id='word_1_323' title='bbox 1724 3905 1780 3953; x_wconf 91' lang='lat' dir='ltr'><strong>et</strong></span> <span class='ocrx_word' id='word_1_324' title='bbox 1821 3895 1928 3964; x_wconf 80' lang='lat' dir='ltr'><strong>lex,</strong></span> <span class='ocrx_word' id='word_1_325' title='bbox 1955 3896 2070 3953; x_wconf 87' lang='lat' dir='ltr'><strong>dies</strong></span> <span class='ocrx_word' id='word_1_326' title='bbox 2109 3896 2214 3952; x_wconf 88' lang='lat' dir='ltr'><strong>Pa-</strong></span> 
     </span>
    </p>
   </div>
   <div class='ocr_carea' id='block_1_40' title="bbox 624 3988 2214 4061">
    <p class='ocr_par' dir='ltr' id='par_1_40' title="bbox 624 3988 2214 4061">
     <span class='ocr_line' id='line_1_40' title="bbox 624 3988 2214 4061; baseline -0.001 -12"><span class='ocrx_word' id='word_1_327' title='bbox 624 3991 979 4049; x_wconf 90' lang='lat' dir='ltr'><strong>triarcharum</strong></span> <span class='ocrx_word' id='word_1_328' title='bbox 1019 3990 1384 4061; x_wconf 88' lang='lat' dir='ltr'><strong>subsequens,</strong></span> <span class='ocrx_word' id='word_1_329' title='bbox 1428 3988 1785 4052; x_wconf 75' lang='lat' dir='ltr'><strong>maledictum</strong></span> <span class='ocrx_word' id='word_1_330' title='bbox 1811 3988 1962 4057; x_wconf 84' lang='lat' dir='ltr'><strong>dixit,</strong></span> <span class='ocrx_word' id='word_1_331' title='bbox 1990 3991 2080 4061; x_wconf 91' lang='lat' dir='ltr'><strong>qui</strong></span> <span class='ocrx_word' id='word_1_332' title='bbox 2105 4005 2214 4048; x_wconf 91' lang='lat' dir='ltr'><strong>non</strong></span> 
     </span>
    </p>
   </div>
   <div class='ocr_carea' id='block_1_41' title="bbox 622 4081 2212 4157">
    <p class='ocr_par' dir='ltr' id='par_1_41' title="bbox 622 4081 2212 4157">
     <span class='ocr_line' id='line_1_41' title="bbox 622 4081 2212 4157; baseline -0.001 -13"><span class='ocrx_word' id='word_1_333' title='bbox 622 4086 883 4144; x_wconf 85' lang='lat' dir='ltr'><strong>excitaret</strong></span> <span class='ocrx_word' id='word_1_334' title='bbox 923 4099 1108 4142; x_wconf 90' lang='lat' dir='ltr'><strong>semen</strong></span> <span class='ocrx_word' id='word_1_335' title='bbox 1152 4084 1207 4139; x_wconf 92' lang='lat' dir='ltr'><strong>in</strong></span> <span class='ocrx_word' id='word_1_336' title='bbox 1247 4083 1412 4140; x_wconf 87' lang='lat' dir='ltr'><strong>Israel</strong></span> <span class='ocrx_word' id='word_1_337' title='bbox 1441 4081 1619 4157; x_wconf 86' lang='lat' dir='ltr'><strong>(Deut.</strong></span> <span class='ocrx_word' id='word_1_338' title='bbox 1647 4098 1760 4139; x_wconf 83' lang='lat' dir='ltr'><strong>xxv</strong></span> <span class='ocrx_word' id='word_1_339' title='bbox 1787 4124 1801 4149; x_wconf 94' lang='lat'><strong>,</strong></span> <span class='ocrx_word' id='word_1_340' title='bbox 1831 4084 2012 4156; x_wconf 63' lang='lat'><strong>540),</strong></span> <span class='ocrx_word' id='word_1_341' title='bbox 2043 4094 2097 4142; x_wconf 92' lang='lat' dir='ltr'><strong>et</strong></span> <span class='ocrx_word' id='word_1_342' title='bbox 2123 4086 2212 4157; x_wconf 90' lang='lat' dir='ltr'><strong>qui</strong></span> 
     </span>
    </p>
   </div>
   <div class='ocr_carea' id='block_1_42' title="bbox 623 4173 2213 4250">
    <p class='ocr_par' dir='ltr' id='par_1_42' title="bbox 623 4173 2213 4250">
     <span class='ocr_line' id='line_1_42' title="bbox 623 4173 2213 4250; baseline 0.001 -18"><span class='ocrx_word' id='word_1_343' title='bbox 623 4184 833 4250; x_wconf 88' lang='lat' dir='ltr'><strong>poterat</strong></span> <span class='ocrx_word' id='word_1_344' title='bbox 872 4191 976 4232; x_wconf 92' lang='lat' dir='ltr'><strong>non</strong></span> <span class='ocrx_word' id='word_1_345' title='bbox 1017 4175 1298 4248; x_wconf 87' lang='lat' dir='ltr'><strong>promebat</strong></span> <span class='ocrx_word' id='word_1_346' title='bbox 1320 4216 1336 4242; x_wconf 93' lang='lat'><strong>,</strong></span> <span class='ocrx_word' id='word_1_347' title='bbox 1364 4173 1460 4231; x_wconf 91' lang='lat' dir='ltr'><strong>sed</strong></span> <span class='ocrx_word' id='word_1_348' title='bbox 1489 4183 1669 4232; x_wconf 89' lang='lat' dir='ltr'><strong>tamen</strong></span> <span class='ocrx_word' id='word_1_349' title='bbox 1709 4175 1958 4233; x_wconf 87' lang='lat' dir='ltr'><strong>habebat.</strong></span> <span class='ocrx_word' id='word_1_350' title='bbox 1995 4177 2080 4233; x_wconf 85' lang='lat' dir='ltr'><strong>Ex</strong></span> <span class='ocrx_word' id='word_1_351' title='bbox 2105 4191 2213 4250; x_wconf 92' lang='lat' dir='ltr'><strong>quo</strong></span> 
     </span>
    </p>
   </div>
   <div class='ocr_carea' id='block_1_43' title="bbox 622 4267 2211 4341">
    <p class='ocr_par' dir='ltr' id='par_1_43' title="bbox 622 4267 2211 4341">
     <span class='ocr_line' id='line_1_43' title="bbox 622 4267 2211 4341; baseline 0.001 -15"><span class='ocrx_word' id='word_1_352' title='bbox 622 4279 802 4327; x_wconf 87' lang='lat' dir='ltr'><strong>autem</strong></span> <span class='ocrx_word' id='word_1_353' title='bbox 845 4270 988 4326; x_wconf 90' lang='lat' dir='ltr'><strong>venit</strong></span> <span class='ocrx_word' id='word_1_354' title='bbox 1018 4268 1295 4340; x_wconf 89' lang='lat' dir='ltr'><strong>plenitudo</strong></span> <span class='ocrx_word' id='word_1_355' title='bbox 1322 4268 1580 4339; x_wconf 87' lang='lat' dir='ltr'><strong>temporis</strong></span> <span class='ocrx_word' id='word_1_356' title='bbox 1607 4267 1804 4341; x_wconf 83' lang='lat' dir='ltr'><strong>(Galat.</strong></span> <span class='ocrx_word' id='word_1_357' title='bbox 1833 4286 1906 4339; x_wconf 83' lang='lat' dir='ltr'><strong>tv,</strong></span> <span class='ocrx_word' id='word_1_358' title='bbox 1936 4271 2013 4341; x_wconf 72' lang='lat'><strong>4),</strong></span> <span class='ocrx_word' id='word_1_359' title='bbox 2040 4280 2100 4327; x_wconf 92' lang='lat' dir='ltr'><strong>ut</strong></span> <span class='ocrx_word' id='word_1_360' title='bbox 2123 4273 2211 4328; x_wconf 91' lang='lat' dir='ltr'><strong>di-</strong></span> 
     </span>
    </p>
   </div>
   <div class='ocr_carea' id='block_1_44' title="bbox 621 4359 2211 4434">
    <p class='ocr_par' dir='ltr' id='par_1_44' title="bbox 621 4359 2211 4434">
     <span class='ocr_line' id='line_1_44' title="bbox 621 4359 2211 4434; baseline -0.001 -14"><span class='ocrx_word' id='word_1_361' title='bbox 621 4371 854 4429; x_wconf 87' lang='lat' dir='ltr'><strong>ceretur,</strong></span> <span class='ocrx_word' id='word_1_362' title='bbox 886 4359 986 4427; x_wconf 85' lang='lat' dir='ltr'><strong>Qui</strong></span> <span class='ocrx_word' id='word_1_363' title='bbox 1010 4368 1171 4432; x_wconf 82' lang='lat' dir='ltr'><strong>potest</strong></span> <span class='ocrx_word' id='word_1_364' title='bbox 1193 4376 1395 4430; x_wconf 86' lang='lat' dir='ltr'><strong>capere,</strong></span> <span class='ocrx_word' id='word_1_365' title='bbox 1421 4361 1630 4432; x_wconf 85' lang='lat' dir='ltr'><strong>capiat;</strong></span> <span class='ocrx_word' id='word_1_366' title='bbox 1657 4375 1726 4416; x_wconf 87' lang='lat' dir='ltr'><strong>ex</strong></span> <span class='ocrx_word' id='word_1_367' title='bbox 1760 4360 1854 4416; x_wconf 91' lang='lat' dir='ltr'><strong>illo</strong></span> <span class='ocrx_word' id='word_1_368' title='bbox 1894 4377 2066 4434; x_wconf 90' lang='lat' dir='ltr'><strong>usque</strong></span> <span class='ocrx_word' id='word_1_369' title='bbox 2113 4363 2211 4420; x_wconf 87' lang='lat' dir='ltr'><strong>ad-</strong></span> 
     </span>
    </p>
   </div>
   <div class='ocr_carea' id='block_1_45' title="bbox 623 4449 2208 4523">
    <p class='ocr_par' dir='ltr' id='par_1_45' title="bbox 623 4449 2208 4523">
     <span class='ocr_line' id='line_1_45' title="bbox 623 4449 2208 4523; baseline 0 -13"><span class='ocrx_word' id='word_1_370' title='bbox 623 4453 748 4522; x_wconf 92' lang='lat' dir='ltr'><strong>huc,</strong></span> <span class='ocrx_word' id='word_1_371' title='bbox 775 4462 831 4509; x_wconf 90' lang='lat' dir='ltr'><strong>et</strong></span> <span class='ocrx_word' id='word_1_372' title='bbox 856 4452 1108 4522; x_wconf 89' lang='lat' dir='ltr'><strong>deinceps</strong></span> <span class='ocrx_word' id='word_1_373' title='bbox 1133 4466 1302 4522; x_wconf 90' lang='lat' dir='ltr'><strong>usque</strong></span> <span class='ocrx_word' id='word_1_374' title='bbox 1323 4451 1378 4505; x_wconf 91' lang='lat' dir='ltr'><strong>in</strong></span> <span class='ocrx_word' id='word_1_375' title='bbox 1409 4449 1592 4517; x_wconf 88' lang='lat' dir='ltr'><strong>ﬁnem,</strong></span> <span class='ocrx_word' id='word_1_376' title='bbox 1622 4451 1715 4522; x_wconf 89' lang='lat' dir='ltr'><strong>qui</strong></span> <span class='ocrx_word' id='word_1_377' title='bbox 1747 4451 1908 4508; x_wconf 88' lang='lat' dir='ltr'><strong>habet</strong></span> <span class='ocrx_word' id='word_1_378' title='bbox 1926 4462 2208 4523; x_wconf 87' lang='lat' dir='ltr'><strong>operatur;</strong></span> 
     </span>
    </p>
   </div>
   <div class='ocr_carea' id='block_1_46' title="bbox 621 4541 2210 4618">
    <p class='ocr_par' dir='ltr' id='par_1_46' title="bbox 621 4541 2210 4618">
     <span class='ocr_line' id='line_1_46' title="bbox 621 4541 2210 4618; baseline -0.001 -15"><span class='ocrx_word' id='word_1_379' title='bbox 621 4547 713 4618; x_wconf 84' lang='lat' dir='ltr'><strong>qui</strong></span> <span class='ocrx_word' id='word_1_380' title='bbox 741 4543 949 4617; x_wconf 87' lang='lat' dir='ltr'><strong>operari</strong></span> <span class='ocrx_word' id='word_1_381' title='bbox 979 4543 1233 4610; x_wconf 90' lang='lat' dir='ltr'><strong>noluerit,</strong></span> <span class='ocrx_word' id='word_1_382' title='bbox 1267 4557 1376 4597; x_wconf 90' lang='lat' dir='ltr'><strong>non</strong></span> <span class='ocrx_word' id='word_1_383' title='bbox 1425 4556 1486 4598; x_wconf 91' lang='lat' dir='ltr'><strong>se</strong></span> <span class='ocrx_word' id='word_1_384' title='bbox 1529 4541 1728 4598; x_wconf 89' lang='lat' dir='ltr'><strong>habere</strong></span> <span class='ocrx_word' id='word_1_385' title='bbox 1774 4545 2080 4599; x_wconf 87' lang='lat' dir='ltr'><strong>mentiatur.</strong></span> <span class='ocrx_word' id='word_1_386' title='bbox 2132 4546 2210 4602; x_wconf 87' lang='lat' dir='ltr'><strong>Ac</strong></span> 
     </span>
    </p>
   </div>
   <div class='ocr_carea' id='block_1_47' title="bbox 621 4632 2211 4708">
    <p class='ocr_par' dir='ltr' id='par_1_47' title="bbox 621 4632 2211 4708">
     <span class='ocr_line' id='line_1_47' title="bbox 621 4632 2211 4708; baseline 0 -17"><span class='ocrx_word' id='word_1_387' title='bbox 621 4651 718 4708; x_wconf 92' lang='lat' dir='ltr'><strong>per</strong></span> <span class='ocrx_word' id='word_1_388' title='bbox 742 4637 846 4693; x_wconf 89' lang='lat' dir='ltr'><strong>hoc</strong></span> <span class='ocrx_word' id='word_1_389' title='bbox 873 4634 941 4691; x_wconf 89' lang='lat' dir='ltr'><strong>ab</strong></span> <span class='ocrx_word' id='word_1_390' title='bbox 988 4633 1069 4690; x_wconf 90' lang='lat' dir='ltr'><strong>eis</strong></span> <span class='ocrx_word' id='word_1_391' title='bbox 1106 4632 1198 4704; x_wconf 90' lang='lat' dir='ltr'><strong>qui</strong></span> <span class='ocrx_word' id='word_1_392' title='bbox 1242 4639 1591 4703; x_wconf 89' lang='lat' dir='ltr'><strong>corrumpunt</strong></span> <span class='ocrx_word' id='word_1_393' title='bbox 1619 4633 1787 4688; x_wconf 90' lang='lat' dir='ltr'><strong>bonos</strong></span> <span class='ocrx_word' id='word_1_394' title='bbox 1830 4648 2011 4690; x_wconf 90' lang='lat' dir='ltr'><strong>mores</strong></span> <span class='ocrx_word' id='word_1_395' title='bbox 2039 4635 2211 4691; x_wconf 88' lang='lat' dir='ltr'><strong>collo-</strong></span> 
     </span>
    </p>
   </div>
   <div class='ocr_carea' id='block_1_48' title="bbox 623 4725 2210 4802">
    <p class='ocr_par' dir='ltr' id='par_1_48' title="bbox 623 4725 2210 4802">
     <span class='ocr_line' id='line_1_48' title="bbox 623 4725 2210 4802; baseline 0.003 -19"><span class='ocrx_word' id='word_1_396' title='bbox 623 4729 761 4802; x_wconf 89' lang='lat' dir='ltr'><strong>quiis</strong></span> <span class='ocrx_word' id='word_1_397' title='bbox 785 4729 940 4785; x_wconf 88' lang='lat' dir='ltr'><strong>malis</strong></span> <span class='ocrx_word' id='word_1_398' title='bbox 981 4726 1042 4800; x_wconf 85' lang='grc' dir='ltr'><strong>(Ι</strong></span> <span class='ocrx_word' id='word_1_399' title='bbox 1069 4727 1189 4783; x_wconf 82' lang='lat' dir='ltr'><strong>Cor.</strong></span> <span class='ocrx_word' id='word_1_400' title='bbox 1218 4742 1321 4793; x_wconf 87' lang='lat' dir='ltr'><strong>xv,</strong></span> <span class='ocrx_word' id='word_1_401' title='bbox 1353 4726 1460 4798; x_wconf 77' lang='lat'><strong>53)</strong></span> <span class='ocrx_word' id='word_1_402' title='bbox 1490 4766 1505 4792; x_wconf 87' lang='lat'><strong>,</strong></span> <span class='ocrx_word' id='word_1_403' title='bbox 1549 4725 1693 4781; x_wconf 85' lang='lat' dir='ltr'><strong>inani</strong></span> <span class='ocrx_word' id='word_1_404' title='bbox 1733 4735 1786 4782; x_wconf 91' lang='lat' dir='ltr'><strong>et</strong></span> <span class='ocrx_word' id='word_1_405' title='bbox 1811 4742 1944 4781; x_wconf 90' lang='lat' dir='ltr'><strong>vana</strong></span> <span class='ocrx_word' id='word_1_406' title='bbox 1976 4729 2210 4787; x_wconf 89' lang='lat' dir='ltr'><strong>versutia</strong></span> 
     </span>
    </p>
   </div>
   <div class='ocr_carea' id='block_1_49' title="bbox 621 4816 2209 4891">
    <p class='ocr_par' dir='ltr' id='par_1_49' title="bbox 621 4816 2209 4891">
     <span class='ocr_line' id='line_1_49' title="bbox 621 4816 2209 4891; baseline 0 -14"><span class='ocrx_word' id='word_1_407' title='bbox 621 4819 816 4877; x_wconf 89' lang='lat' dir='ltr'><strong>dicitur</strong></span> <span class='ocrx_word' id='word_1_408' title='bbox 861 4819 1062 4875; x_wconf 91' lang='lat' dir='ltr'><strong>homini</strong></span> <span class='ocrx_word' id='word_1_409' title='bbox 1107 4817 1399 4876; x_wconf 88' lang='lat' dir='ltr'><strong>christiano</strong></span> <span class='ocrx_word' id='word_1_410' title='bbox 1427 4816 1724 4874; x_wconf 89' lang='lat' dir='ltr'><strong>continenti</strong></span> <span class='ocrx_word' id='word_1_411' title='bbox 1770 4826 1826 4875; x_wconf 93' lang='lat' dir='ltr'><strong>et</strong></span> <span class='ocrx_word' id='word_1_412' title='bbox 1865 4819 2076 4891; x_wconf 86' lang='lat' dir='ltr'><strong>nuptias</strong></span> <span class='ocrx_word' id='word_1_413' title='bbox 2117 4835 2209 4877; x_wconf 88' lang='lat' dir='ltr'><strong>re-</strong></span> 
     </span>
    </p>
   </div>
   <div class='ocr_carea' id='block_1_50' title="bbox 687 5032 2211 5099">
    <p class='ocr_par' dir='ltr' id='par_1_50' title="bbox 687 5032 2211 5099">
     <span class='ocr_line' id='line_1_50' title="bbox 687 5032 2211 5099; baseline 0.004 -16"><span class='ocrx_word' id='word_1_414' title='bbox 687 5037 705 5068; x_wconf 81' lang='grc' dir='ltr'>ι</span> <span class='ocrx_word' id='word_1_415' title='bbox 723 5033 1090 5099; x_wconf 66' lang='lat' dir='ltr'><strong>antiquissimus</strong></span> <span class='ocrx_word' id='word_1_416' title='bbox 1108 5032 1593 5099; x_wconf 76' lang='lat' dir='ltr'><strong>Corbeiensiseodex</strong></span> <span class='ocrx_word' id='word_1_417' title='bbox 1619 5045 1731 5084; x_wconf 92' lang='lat' dir='ltr'><strong>cum</strong></span> <span class='ocrx_word' id='word_1_418' title='bbox 1758 5034 2010 5099; x_wconf 85' lang='lat' dir='ltr'><strong>_Bigo_tiano</strong></span> <span class='ocrx_word' id='word_1_419' title='bbox 2031 5041 2137 5099; x_wconf 63' lang='lat' dir='ltr'><strong>his,</strong></span> <span class='ocrx_word' id='word_1_420' title='bbox 2160 5042 2211 5089; x_wconf 87' lang='lat' dir='ltr'><strong>et</strong></span> 
     </span>
    </p>
   </div>
   <div class='ocr_carea' id='block_1_51' title="bbox 620 5093 2208 5154">
    <p class='ocr_par' dir='ltr' id='par_1_51' title="bbox 620 5093 2208 5154">
     <span class='ocr_line' id='line_1_51' title="bbox 620 5093 2208 5154; baseline 0.001 -7"><span class='ocrx_word' id='word_1_421' title='bbox 850 5093 1000 5144; x_wconf 69' lang='lat' dir='ltr'><strong>Editio</strong></span> <span class='ocrx_word' id='word_1_422' title='bbox 1023 5101 1097 5143; x_wconf 85' lang='lat' dir='ltr'><strong>Er.</strong></span> <span class='ocrx_word' id='word_1_423' title='bbox 1112 5108 1224 5144; x_wconf 90' lang='lat' dir='ltr'><strong>cum</strong></span> <span class='ocrx_word' id='word_1_424' title='bbox 1245 5093 1488 5145; x_wconf 84' lang='lat' dir='ltr'><strong>nonnullis</strong></span> <span class='ocrx_word' id='word_1_425' title='bbox 1508 5103 1636 5154; x_wconf 68' lang='lat' dir='ltr'><strong>Mss,</strong></span> <span class='ocrx_word' id='word_1_426' title='bbox 1655 5102 1701 5146; x_wconf 90' lang='lat' dir='ltr'><strong>ct</strong></span> <span class='ocrx_word' id='word_1_427' title='bbox 1725 5093 1937 5148; x_wconf 74' lang='lat' dir='ltr'><strong>tintirius</strong></span> <span class='ocrx_word' id='word_1_428' title='bbox 1959 5110 1978 5147; x_wconf 90' lang='lat'><strong><em>:</em></strong></span> <span class='ocrx_word' id='word_1_429' title='bbox 1999 5097 2060 5147; x_wconf 84' lang='lat' dir='ltr'><strong>ad</strong></span> <span class='ocrx_word' id='word_1_430' title='bbox 2077 5093 2208 5150; x_wconf 78' lang='lat' dir='ltr'><strong>mar-</strong></span> 
     </span>
    </p>
   </div>
   <div class='ocr_carea' id='block_1_52' title="bbox 655 5157 2206 5231">
    <p class='ocr_par' dir='ltr' id='par_1_52' title="bbox 655 5157 2206 5231">
     <span class='ocr_line' id='line_1_52' title="bbox 655 5157 2206 5231; baseline 0.003 -22"><span class='ocrx_word' id='word_1_431' title='bbox 655 5162 788 5231; x_wconf 81' lang='lat' dir='ltr'><strong>inem</strong></span> <span class='ocrx_word' id='word_1_432' title='bbox 811 5170 932 5209; x_wconf 84' lang='lat' dir='ltr'><strong>vero</strong></span> <span class='ocrx_word' id='word_1_433' title='bbox 951 5157 1119 5218; x_wconf 88' lang='lat' dir='ltr'><strong>habet,</strong></span> <span class='ocrx_word' id='word_1_434' title='bbox 1157 5174 1181 5205; x_wconf 70' lang='grc' dir='ltr'>ι</span> <span class='ocrx_word' id='word_1_435' title='bbox 1213 5158 1357 5218; x_wconf 79' lang='lat' dir='ltr'><strong>Alias,</strong></span> <span class='ocrx_word' id='word_1_436' title='bbox 1394 5157 1674 5221; x_wconf 80' lang='lat' dir='ltr'><strong>vinaurius;</strong></span> <span class='ocrx_word' id='word_1_437' title='bbox 1711 5175 1734 5204; x_wconf 70' lang='grc' dir='ltr'><strong>ν</strong></span> <span class='ocrx_word' id='word_1_438' title='bbox 1777 5159 1905 5210; x_wconf 86' lang='lat' dir='ltr'><strong>forte</strong></span> <span class='ocrx_word' id='word_1_439' title='bbox 1957 5169 2063 5224; x_wconf 88' lang='lat' dir='ltr'><strong>pro,</strong></span> <span class='ocrx_word' id='word_1_440' title='bbox 2102 5161 2206 5214; x_wconf 64' lang='lat' dir='ltr'><strong>tin-</strong></span> 
     </span>
    </p>
   </div>
   <div class='ocr_carea' id='block_1_53' title="bbox 687 5234 1110 5272">
    <p class='ocr_par' dir='ltr' id='par_1_53' title="bbox 687 5234 1110 5272">
     <span class='ocr_line' id='line_1_53' title="bbox 687 5234 1110 5272; baseline -0.007 0"><span class='ocrx_word' id='word_1_441' title='bbox 687 5234 840 5272; x_wconf 80' lang='lat' dir='ltr'><strong>unus.</strong></span> <span class='ocrx_word' id='word_1_442' title='bbox 1106 5259 1110 5263; x_wconf 55' lang='grc' dir='ltr'><em>ι</em></span> 
     </span>
    </p>
   </div>
   <div class='ocr_carea' id='block_1_54' title="bbox 681 5281 2208 5346">
    <p class='ocr_par' dir='ltr' id='par_1_54' title="bbox 681 5281 2208 5346">
     <span class='ocr_line' id='line_1_54' title="bbox 681 5281 2208 5346; baseline 0.002 -12"><span class='ocrx_word' id='word_1_443' title='bbox 681 5283 755 5346; x_wconf 91' lang='lat' dir='ltr'><strong>(a)</strong></span> <span class='ocrx_word' id='word_1_444' title='bbox 787 5281 1390 5346; x_wconf 63' lang='lat' dir='ltr'><strong>Sequiturjiieronymum,</strong></span> <span class='ocrx_word' id='word_1_445' title='bbox 1407 5283 1490 5345; x_wconf 89' lang='lat' dir='ltr'><strong>qui</strong></span> <span class='ocrx_word' id='word_1_446' title='bbox 1519 5283 1570 5332; x_wconf 89' lang='lat' dir='ltr'><strong>in</strong></span> <span class='ocrx_word' id='word_1_447' title='bbox 1596 5281 1722 5332; x_wconf 89' lang='lat' dir='ltr'><strong>libro</strong></span> <span class='ocrx_word' id='word_1_448' title='bbox 1744 5283 1983 5346; x_wconf 85' lang='lat' dir='ltr'><strong>adversus</strong></span> <span class='ocrx_word' id='word_1_449' title='bbox 2001 5286 2208 5337; x_wconf 84' lang='lat' dir='ltr'><strong>Jovinia-</strong></span> 
     </span>
    </p>
   </div>
   <div class='ocr_carea' id='block_1_55' title="bbox 616 5344 2209 5409">
    <p class='ocr_par' dir='ltr' id='par_1_55' title="bbox 616 5344 2209 5409">
     <span class='ocr_line' id='line_1_55' title="bbox 616 5344 2209 5409; baseline 0.002 -13"><span class='ocrx_word' id='word_1_450' title='bbox 616 5344 740 5409; x_wconf 85' lang='lat' dir='ltr'><strong>num</strong></span> <span class='ocrx_word' id='word_1_451' title='bbox 757 5346 911 5409; x_wconf 87' lang='lat' dir='ltr'><strong>primo</strong></span> <span class='ocrx_word' id='word_1_452' title='bbox 931 5344 1101 5409; x_wconf 82' lang='lat' dir='ltr'><strong>scribit</strong></span> <span class='ocrx_word' id='word_1_453' title='bbox 1120 5344 1352 5392; x_wconf 84' lang='lat' dir='ltr'><strong>Joannem</strong></span> <span class='ocrx_word' id='word_1_454' title='bbox 1387 5344 1630 5409; x_wconf 78' lang='lat' dir='ltr'><strong>perpetuo</strong></span> <span class='ocrx_word' id='word_1_455' title='bbox 1648 5346 1889 5409; x_wconf 83' lang='lat' dir='ltr'><strong>virginem</strong></span> <span class='ocrx_word' id='word_1_456' title='bbox 1909 5345 2062 5409; x_wconf 81' lang='lat' dir='ltr'><strong>fuisse</strong></span> <span class='ocrx_word' id='word_1_457' title='bbox 2075 5386 2089 5408; x_wconf 96' lang='lat'><strong>,</strong></span> <span class='ocrx_word' id='word_1_458' title='bbox 2117 5362 2209 5399; x_wconf 89' lang='lat' dir='ltr'><strong>nec</strong></span> 
     </span>
    </p>
   </div>
   <div class='ocr_carea' id='block_1_56' title="bbox 615 5407 2210 5472">
    <p class='ocr_par' dir='ltr' id='par_1_56' title="bbox 615 5407 2210 5472">
     <span class='ocr_line' id='line_1_56' title="bbox 615 5407 2210 5472; baseline 0 -14"><span class='ocrx_word' id='word_1_459' title='bbox 615 5407 1030 5472; x_wconf 44' lang='lat' dir='ltr'><strong>aliam—exstitisse</strong></span> <span class='ocrx_word' id='word_1_460' title='bbox 1040 5418 1238 5472; x_wconf 79' lang='lat' dir='ltr'><strong>causam</strong></span> <span class='ocrx_word' id='word_1_461' title='bbox 1253 5419 1340 5472; x_wconf 81' lang='lat' dir='ltr'><strong>cur</strong></span> <span class='ocrx_word' id='word_1_462' title='bbox 1357 5419 1386 5472; x_wconf 82' lang='lat' dir='ltr'><strong>a</strong></span> <span class='ocrx_word' id='word_1_463' title='bbox 1409 5408 1606 5455; x_wconf 90' lang='lat' dir='ltr'><strong>Domino</strong></span> <span class='ocrx_word' id='word_1_464' title='bbox 1632 5407 1826 5456; x_wconf 67' lang='lat' dir='ltr'><strong>caeteris</strong></span> <span class='ocrx_word' id='word_1_465' title='bbox 1849 5408 2082 5470; x_wconf 83' lang='lat' dir='ltr'><strong>Apostolis</strong></span> <span class='ocrx_word' id='word_1_466' title='bbox 2101 5410 2210 5472; x_wconf 86' lang='lat' dir='ltr'><strong>plus</strong></span> 
     </span>
    </p>
   </div>
   <div class='ocr_carea' id='block_1_57' title="bbox 615 5468 2210 5533">
    <p class='ocr_par' dir='ltr' id='par_1_57' title="bbox 615 5468 2210 5533">
     <span class='ocr_line' id='line_1_57' title="bbox 615 5468 2210 5533; baseline 0.001 -12"><span class='ocrx_word' id='word_1_467' title='bbox 615 5478 802 5521; x_wconf 86' lang='lat' dir='ltr'><strong>amatus</strong></span> <span class='ocrx_word' id='word_1_468' title='bbox 819 5469 901 5519; x_wconf 88' lang='lat' dir='ltr'><strong>sit.</strong></span> <span class='ocrx_word' id='word_1_469' title='bbox 927 5468 1171 5533; x_wconf 78' lang='lat' dir='ltr'><strong>virginem</strong></span> <span class='ocrx_word' id='word_1_470' title='bbox 1193 5468 1321 5518; x_wconf 91' lang='lat' dir='ltr'><strong>enim</strong></span> <span class='ocrx_word' id='word_1_471' title='bbox 1342 5469 1404 5533; x_wconf 82' lang='lat' dir='ltr'><strong>ab</strong></span> <span class='ocrx_word' id='word_1_472' title='bbox 1428 5481 1489 5516; x_wconf 90' lang='lat' dir='ltr'><strong>eo</strong></span> <span class='ocrx_word' id='word_1_473' title='bbox 1503 5476 1755 5533; x_wconf 84' lang='lat' dir='ltr'><strong>repertum</strong></span> <span class='ocrx_word' id='word_1_474' title='bbox 1777 5481 1834 5517; x_wconf 88' lang='lat' dir='ltr'><strong>ac</strong></span> <span class='ocrx_word' id='word_1_475' title='bbox 1850 5468 1980 5533; x_wconf 82' lang='lat' dir='ltr'><strong>pene</strong></span> <span class='ocrx_word' id='word_1_476' title='bbox 2004 5468 2210 5533; x_wconf 76' lang='lat' dir='ltr'><strong>puerum</strong></span> 
     </span>
    </p>
   </div>
   <div class='ocr_carea' id='block_1_58' title="bbox 613 5529 2208 5596">
    <p class='ocr_par' dir='ltr' id='par_1_58' title="bbox 613 5529 2208 5596">
     <span class='ocr_line' id='line_1_58' title="bbox 613 5529 2208 5596; baseline 0.001 -14"><span class='ocrx_word' id='word_1_477' title='bbox 613 5529 1198 5596; x_wconf 74' lang='lat' dir='ltr'><strong>Hieronymusoontendit</strong></span> <span class='ocrx_word' id='word_1_478' title='bbox 1212 5565 1228 5596; x_wconf 71' lang='lat'><strong>,</strong></span> <span class='ocrx_word' id='word_1_479' title='bbox 1253 5531 1528 5596; x_wconf 78' lang='lat' dir='ltr'><strong>probatque</strong></span> <span class='ocrx_word' id='word_1_480' title='bbox 1540 5529 1691 5596; x_wconf 38' lang='lat' dir='ltr'><strong>,_’quia</strong></span> <span class='ocrx_word' id='word_1_481' title='bbox 1709 5564 1723 5588; x_wconf 93' lang='lat'><strong>,</strong></span> <span class='ocrx_word' id='word_1_482' title='bbox 1742 5529 1928 5596; x_wconf 78' lang='lat' dir='ltr'><strong>inquit,</strong></span> <span class='ocrx_word' id='word_1_483' title='bbox 1960 5548 1983 5576; x_wconf 69' lang='grc' dir='ltr'><strong>α</strong></span> <span class='ocrx_word' id='word_1_484' title='bbox 2004 5529 2208 5585; x_wconf 80' lang='lat' dir='ltr'><strong>manife-</strong></span> 
     </span>
    </p>
   </div>
   <div class='ocr_carea' id='block_1_59' title="bbox 621 5591 2209 5658">
    <p class='ocr_par' dir='ltr' id='par_1_59' title="bbox 621 5591 2209 5658">
     <span class='ocr_line' id='line_1_59' title="bbox 621 5591 2209 5658; baseline 0.004 -17"><span class='ocrx_word' id='word_1_485' title='bbox 621 5612 645 5641; x_wconf 79' lang='grc' dir='ltr'>α</span> <span class='ocrx_word' id='word_1_486' title='bbox 668 5591 882 5658; x_wconf 65' lang='lat' dir='ltr'><strong>sussilite</strong></span> <span class='ocrx_word' id='word_1_487' title='bbox 912 5592 1097 5658; x_wconf 81' lang='lat' dir='ltr'><strong>docent</strong></span> <span class='ocrx_word' id='word_1_488' title='bbox 1128 5591 1472 5658; x_wconf 78' lang='lat' dir='ltr'><strong>ecclesiastica:</strong></span> <span class='ocrx_word' id='word_1_489' title='bbox 1518 5593 1729 5641; x_wconf 84' lang='lat' dir='ltr'><strong>historia:</strong></span> <span class='ocrx_word' id='word_1_490' title='bbox 1746 5627 1760 5650; x_wconf 90' lang='lat'><strong>,</strong></span> <span class='ocrx_word' id='word_1_491' title='bbox 1780 5591 1912 5658; x_wconf 82' lang='lat' dir='ltr'><strong>quod</strong></span> <span class='ocrx_word' id='word_1_492' title='bbox 1954 5606 2111 5658; x_wconf 90' lang='lat' dir='ltr'><strong>usque</strong></span> <span class='ocrx_word' id='word_1_493' title='bbox 2147 5597 2209 5647; x_wconf 85' lang='lat' dir='ltr'><strong>ad</strong></span> 
     </span>
    </p>
   </div>
   <div class='ocr_carea' id='block_1_60' title="bbox 621 5653 2208 5718">
    <p class='ocr_par' dir='ltr' id='par_1_60' title="bbox 621 5653 2208 5718">
     <span class='ocr_line' id='line_1_60' title="bbox 621 5653 2208 5718; baseline 0.004 -16"><span class='ocrx_word' id='word_1_494' title='bbox 621 5672 645 5702; x_wconf 76' lang='grc' dir='ltr'><strong>α</strong></span> <span class='ocrx_word' id='word_1_495' title='bbox 667 5656 854 5718; x_wconf 80' lang='lat' dir='ltr'><strong>&#39;n-ajani</strong></span> <span class='ocrx_word' id='word_1_496' title='bbox 875 5655 1056 5718; x_wconf 78' lang='lat' dir='ltr'><strong>vixerit</strong></span> <span class='ocrx_word' id='word_1_497' title='bbox 1084 5654 1369 5718; x_wconf 70' lang='lat' dir='ltr'><strong>imperium,</strong></span> <span class='ocrx_word' id='word_1_498' title='bbox 1381 5653 1428 5701; x_wconf 91' lang='lat' dir='ltr'><strong>id</strong></span> <span class='ocrx_word' id='word_1_499' title='bbox 1451 5661 1528 5718; x_wconf 78' lang='lat' dir='ltr'><strong>est</strong></span> <span class='ocrx_word' id='word_1_500' title='bbox 1545 5689 1558 5709; x_wconf 91' lang='lat'><strong>,</strong></span> <span class='ocrx_word' id='word_1_501' title='bbox 1579 5661 1689 5716; x_wconf 87' lang='lat' dir='ltr'><strong>post</strong></span> <span class='ocrx_word' id='word_1_502' title='bbox 1710 5653 1986 5718; x_wconf 67' lang='lat' dir='ltr'><strong>pasSionem</strong></span> <span class='ocrx_word' id='word_1_503' title='bbox 2025 5653 2208 5709; x_wconf 74' lang='lat' dir='ltr'><strong>Domini</strong></span> 
     </span>
    </p>
   </div>
   <div class='ocr_carea' id='block_1_61' title="bbox 620 5714 2208 5782">
    <p class='ocr_par' dir='ltr' id='par_1_61' title="bbox 620 5714 2208 5782">
     <span class='ocr_line' id='line_1_61' title="bbox 620 5714 2208 5782; baseline 0.004 -18"><span class='ocrx_word' id='word_1_504' title='bbox 620 5735 645 5764; x_wconf 77' lang='grc' dir='ltr'>ι</span> <span class='ocrx_word' id='word_1_505' title='bbox 668 5714 979 5779; x_wconf 72' lang='lat' dir='ltr'><strong>sexagesimo</strong></span> <span class='ocrx_word' id='word_1_506' title='bbox 999 5721 1319 5782; x_wconf 62' lang='lat' dir='ltr'><strong>octavoanno</strong></span> <span class='ocrx_word' id='word_1_507' title='bbox 1340 5714 1609 5782; x_wconf 67' lang='lat' dir='ltr'><strong>dormiet-it.</strong></span> <span class='ocrx_word' id='word_1_508' title='bbox 1629 5733 1651 5761; x_wconf 64' lang='grc' dir='ltr'><strong>ι</strong></span> <span class='ocrx_word' id='word_1_509' title='bbox 1681 5714 1852 5766; x_wconf 78' lang='lat' dir='ltr'><strong>Confer</strong></span> <span class='ocrx_word' id='word_1_510' title='bbox 1885 5720 2134 5782; x_wconf 79' lang='lat' dir='ltr'><strong>Augustini</strong></span> <span class='ocrx_word' id='word_1_511' title='bbox 2158 5721 2208 5772; x_wconf 89' lang='lat' dir='ltr'><strong>in</strong></span> 
     </span>
    </p>
   </div>
   <div class='ocr_carea' id='block_1_62' title="bbox 615 5775 1420 5836">
    <p class='ocr_par' dir='ltr' id='par_1_62' title="bbox 615 5775 1420 5836">
     <span class='ocr_line' id='line_1_62' title="bbox 615 5775 1420 5836; baseline -0.002 -8"><span class='ocrx_word' id='word_1_512' title='bbox 615 5775 850 5835; x_wconf 77' lang='lat' dir='ltr'><strong>Joannein</strong></span> <span class='ocrx_word' id='word_1_513' title='bbox 871 5783 1144 5829; x_wconf 76' lang='lat' dir='ltr'><strong>“tractatum</strong></span> <span class='ocrx_word' id='word_1_514' title='bbox 1171 5775 1275 5836; x_wconf 74' lang='lat'><strong>124,</strong></span> <span class='ocrx_word' id='word_1_515' title='bbox 1300 5789 1350 5824; x_wconf 80' lang='grc' dir='ltr'><strong>ιι.</strong></span> <span class='ocrx_word' id='word_1_516' title='bbox 1373 5777 1420 5826; x_wconf 91' lang='grc'><strong>7.</strong></span> 
     </span>
    </p>
   </div>
   <div class='ocr_carea' id='block_1_63' title="bbox 1620 275 2212 361">
    <p class='ocr_par' dir='ltr' id='par_1_63' title="bbox 1620 276 2212 336">
     <span class='ocr_line' id='line_1_63' title="bbox 1620 276 2212 336; baseline -0.003 -1"><span class='ocrx_word' id='word_1_517' title='bbox 1620 279 1708 336; x_wconf 87' lang='lat' dir='ltr'><strong>DE</strong></span> <span class='ocrx_word' id='word_1_518' title='bbox 1747 276 1926 336; x_wconf 75' lang='lat' dir='ltr'><strong>BONO</strong></span> <span class='ocrx_word' id='word_1_519' title='bbox 1963 276 2212 335; x_wconf 82' lang='lat' dir='ltr'><strong>CONJUG</strong></span> 
     </span>
    </p>
   </div>
   <div class='ocr_carea' id='block_1_64' title="bbox 2317 275 3796 361">
    <p class='ocr_par' dir='ltr' id='par_1_64' title="bbox 2320 276 3796 361">
     <span class='ocr_line' id='line_1_64' title="bbox 2320 276 3796 361; baseline 0.005 -29"><span class='ocrx_word' id='word_1_520' title='bbox 2320 276 2358 346; x_wconf 91' lang='lat' dir='ltr'><strong>l,</strong></span> <span class='ocrx_word' id='word_1_521' title='bbox 2403 280 2461 336; x_wconf 91' lang='lat' dir='ltr'><strong>s.</strong></span> <span class='ocrx_word' id='word_1_522' title='bbox 2504 282 2878 344; x_wconf 58' lang='lat' dir='ltr'><strong>aususnon</strong></span> <span class='ocrx_word' id='word_1_523' title='bbox 3729 302 3796 361; x_wconf 63' lang='grc' dir='ltr'><strong>ωε</strong></span> 
     </span>
    </p>
   </div>
   <div class='ocr_carea' id='block_1_65' title="bbox 2322 399 3798 483">
    <p class='ocr_par' dir='ltr' id='par_1_65' title="bbox 2322 399 3798 483">
     <span class='ocr_line' id='line_1_65' title="bbox 2322 399 3798 483; baseline 0.016 -32"><span class='ocrx_word' id='word_1_524' title='bbox 2322 399 2527 454; x_wconf 88' lang='lat' dir='ltr'><strong>cusanti</strong></span> <span class='ocrx_word' id='word_1_525' title='bbox 2548 441 2563 467; x_wconf 93' lang='lat'><strong>,</strong></span> <span class='ocrx_word' id='word_1_526' title='bbox 2605 401 2685 456; x_wconf 91' lang='lat' dir='ltr'><strong>Tu</strong></span> <span class='ocrx_word' id='word_1_527' title='bbox 2712 417 2839 475; x_wconf 83' lang='lat' dir='ltr'><strong>ergo</strong></span> <span class='ocrx_word' id='word_1_528' title='bbox 2865 403 3056 460; x_wconf 90' lang='lat' dir='ltr'><strong>melior</strong></span> <span class='ocrx_word' id='word_1_529' title='bbox 3079 419 3236 477; x_wconf 88' lang='lat' dir='ltr'><strong>quam</strong></span> <span class='ocrx_word' id='word_1_530' title='bbox 3264 407 3558 466; x_wconf 78' lang='lat' dir='ltr'><strong>Abraham?</strong></span> <span class='ocrx_word' id='word_1_531' title='bbox 3594 413 3714 483; x_wconf 86' lang='lat' dir='ltr'><strong>Quod</strong></span> <span class='ocrx_word' id='word_1_532' title='bbox 3743 423 3798 482; x_wconf 79' lang='lat' dir='ltr'><strong>ille</strong></span> 
     </span>
    </p>
   </div>
   <div class='ocr_carea' id='block_1_66' title="bbox 2317 493 3798 586">
    <p class='ocr_par' dir='ltr' id='par_1_66' title="bbox 2317 493 3798 586">
     <span class='ocr_line' id='line_1_66' title="bbox 2317 493 3798 586; baseline 0.017 -41"><span class='ocrx_word' id='word_1_533' title='bbox 2317 503 2438 586; x_wconf 73' lang='lat' dir='ltr'><strong>cum</strong></span> <span class='ocrx_word' id='word_1_534' title='bbox 2466 493 2731 562; x_wconf 88' lang='lat' dir='ltr'><strong>audierit,</strong></span> <span class='ocrx_word' id='word_1_535' title='bbox 2761 511 2868 552; x_wconf 93' lang='lat' dir='ltr'><strong>non</strong></span> <span class='ocrx_word' id='word_1_536' title='bbox 2897 498 3274 567; x_wconf 88' lang='lat' dir='ltr'><strong>perturbetur;</strong></span> <span class='ocrx_word' id='word_1_537' title='bbox 3306 517 3406 558; x_wconf 90' lang='lat' dir='ltr'><strong>nec</strong></span> <span class='ocrx_word' id='word_1_538' title='bbox 3439 503 3616 562; x_wconf 85' lang='lat' dir='ltr'><strong>audeat</strong></span> <span class='ocrx_word' id='word_1_539' title='bbox 3648 509 3798 586; x_wconf 78' lang='lat' dir='ltr'><strong>dicere,</strong></span> 
     </span>
    </p>
   </div>
   <div class='ocr_carea' id='block_1_67' title="bbox 2310 580 3798 666">
    <p class='ocr_par' dir='ltr' id='par_1_67' title="bbox 2310 580 3798 666">
     <span class='ocr_line' id='line_1_67' title="bbox 2310 580 3798 666; baseline 0.018 -31"><span class='ocrx_word' id='word_1_540' title='bbox 2310 580 2527 650; x_wconf 63' lang='lat' dir='ltr'><strong>,llelior,</strong></span> <span class='ocrx_word' id='word_1_541' title='bbox 2553 600 2653 641; x_wconf 90' lang='lat' dir='ltr'><strong>nec</strong></span> <span class='ocrx_word' id='word_1_542' title='bbox 2678 602 2707 640; x_wconf 90' lang='lat' dir='ltr'><strong>a</strong></span> <span class='ocrx_word' id='word_1_543' title='bbox 2739 588 3016 658; x_wconf 89' lang='lat' dir='ltr'><strong>proposito</strong></span> <span class='ocrx_word' id='word_1_544' title='bbox 3040 589 3318 649; x_wconf 89' lang='lat' dir='ltr'><strong>delabatur</strong></span> <span class='ocrx_word' id='word_1_545' title='bbox 3363 611 3376 648; x_wconf 93' lang='lat'><strong>:</strong></span> <span class='ocrx_word' id='word_1_546' title='bbox 3421 595 3544 652; x_wconf 90' lang='lat' dir='ltr'><strong>illud</strong></span> <span class='ocrx_word' id='word_1_547' title='bbox 3584 603 3699 658; x_wconf 90' lang='lat' dir='ltr'><strong>enim</strong></span> <span class='ocrx_word' id='word_1_548' title='bbox 3732 580 3798 666; x_wconf 60' lang='lat' dir='ltr'><strong>noti</strong></span> 
     </span>
    </p>
   </div>
   <div class='ocr_carea' id='block_1_68' title="bbox 2307 675 3801 768">
    <p class='ocr_par' dir='ltr' id='par_1_68' title="bbox 2307 675 3801 768">
     <span class='ocr_line' id='line_1_68' title="bbox 2307 675 3801 768; baseline 0.009 -36"><span class='ocrx_word' id='word_1_549' title='bbox 2307 689 2446 768; x_wconf 30' lang='lat' dir='ltr'><strong>\jerc</strong></span> <span class='ocrx_word' id='word_1_550' title='bbox 2470 675 2621 744; x_wconf 90' lang='lat' dir='ltr'><strong>dicit,</strong></span> <span class='ocrx_word' id='word_1_551' title='bbox 2652 677 2755 734; x_wconf 84' lang='lat' dir='ltr'><strong>hoc</strong></span> <span class='ocrx_word' id='word_1_552' title='bbox 2784 694 2889 734; x_wconf 91' lang='lat' dir='ltr'><strong>non</strong></span> <span class='ocrx_word' id='word_1_553' title='bbox 2921 689 3065 737; x_wconf 87' lang='lat' dir='ltr'><strong>recte</strong></span> <span class='ocrx_word' id='word_1_554' title='bbox 3094 681 3241 738; x_wconf 81' lang='lat' dir='ltr'><strong>facit.</strong></span> <span class='ocrx_word' id='word_1_555' title='bbox 3283 683 3393 739; x_wconf 89' lang='lat' dir='ltr'><strong>Sed</strong></span> <span class='ocrx_word' id='word_1_556' title='bbox 3434 686 3599 755; x_wconf 86' lang='lat' dir='ltr'><strong>dicat,</strong></span> <span class='ocrx_word' id='word_1_557' title='bbox 3624 690 3801 768; x_wconf 77' lang='lat' dir='ltr'><strong>Egoquj.</strong></span> 
     </span>
    </p>
   </div>
   <div class='ocr_carea' id='block_1_69' title="bbox 2312 762 3798 846">
    <p class='ocr_par' dir='ltr' id='par_1_69' title="bbox 2312 762 3798 846">
     <span class='ocr_line' id='line_1_69' title="bbox 2312 762 3798 846; baseline 0.013 -22"><span class='ocrx_word' id='word_1_558' title='bbox 2312 762 2348 824; x_wconf 82' lang='lat' dir='ltr'><strong>d</strong></span> <span class='ocrx_word' id='word_1_559' title='bbox 2365 781 2439 823; x_wconf 82' lang='lat' dir='ltr'><strong>:m</strong></span> <span class='ocrx_word' id='word_1_560' title='bbox 2471 781 2578 823; x_wconf 92' lang='lat' dir='ltr'><strong>non</strong></span> <span class='ocrx_word' id='word_1_561' title='bbox 2604 784 2722 825; x_wconf 91' lang='lat' dir='ltr'><strong>sum</strong></span> <span class='ocrx_word' id='word_1_562' title='bbox 2749 770 2945 828; x_wconf 90' lang='lat' dir='ltr'><strong>melior</strong></span> <span class='ocrx_word' id='word_1_563' title='bbox 2969 788 3127 844; x_wconf 84' lang='lat' dir='ltr'><strong>quam</strong></span> <span class='ocrx_word' id='word_1_564' title='bbox 3153 773 3447 841; x_wconf 84' lang='lat' dir='ltr'><strong>Abraham.</strong></span> <span class='ocrx_word' id='word_1_565' title='bbox 3474 779 3562 836; x_wconf 89' lang='lat' dir='ltr'><strong>sed</strong></span> <span class='ocrx_word' id='word_1_566' title='bbox 3584 762 3798 846; x_wconf 36' lang='lat' dir='ltr'><strong>melior-est</strong></span> 
     </span>
    </p>
   </div>
   <div class='ocr_carea' id='block_1_70' title="bbox 2318 859 3801 948">
    <p class='ocr_par' dir='ltr' id='par_1_70' title="bbox 2318 859 3801 948">
     <span class='ocr_line' id='line_1_70' title="bbox 2318 859 3801 948; baseline 0.012 -30"><span class='ocrx_word' id='word_1_567' title='bbox 2318 859 2536 918; x_wconf 70' lang='lat' dir='ltr'><strong>castitas</strong></span> <span class='ocrx_word' id='word_1_568' title='bbox 2560 862 2806 919; x_wconf 61' lang='lat' dir='ltr'><strong>caelibum</strong></span> <span class='ocrx_word' id='word_1_569' title='bbox 2843 879 3003 935; x_wconf 87' lang='lat' dir='ltr'><strong>quam</strong></span> <span class='ocrx_word' id='word_1_570' title='bbox 3044 870 3263 924; x_wconf 89' lang='lat' dir='ltr'><strong>castitas</strong></span> <span class='ocrx_word' id='word_1_571' title='bbox 3302 872 3591 942; x_wconf 86' lang='lat' dir='ltr'><strong>nuptiarum</strong></span> <span class='ocrx_word' id='word_1_572' title='bbox 3616 895 3628 931; x_wconf 91' lang='lat'><strong>:</strong></span> <span class='ocrx_word' id='word_1_573' title='bbox 3651 894 3801 948; x_wconf 68' lang='lat' dir='ltr'><strong>quamn</strong></span> 
     </span>
    </p>
   </div>
   <div class='ocr_carea' id='block_1_71' title="bbox 2317 950 3803 1032">
    <p class='ocr_par' dir='ltr' id='par_1_71' title="bbox 2317 950 3803 1032">
     <span class='ocr_line' id='line_1_71' title="bbox 2317 950 3803 1032; baseline 0.017 -26"><span class='ocrx_word' id='word_1_574' title='bbox 2317 950 2588 1010; x_wconf 80' lang='lat' dir='ltr'><strong>Abraham</strong></span> <span class='ocrx_word' id='word_1_575' title='bbox 2634 970 2797 1012; x_wconf 90' lang='lat' dir='ltr'><strong>unam</strong></span> <span class='ocrx_word' id='word_1_576' title='bbox 2836 955 3064 1014; x_wconf 83' lang='lat' dir='ltr'><strong>habebat</strong></span> <span class='ocrx_word' id='word_1_577' title='bbox 3107 959 3162 1016; x_wconf 90' lang='lat' dir='ltr'><strong>in</strong></span> <span class='ocrx_word' id='word_1_578' title='bbox 3191 975 3326 1028; x_wconf 90' lang='lat' dir='ltr'><strong>usu,</strong></span> <span class='ocrx_word' id='word_1_579' title='bbox 3376 965 3551 1022; x_wconf 82' lang='lat' dir='ltr'><strong>ambas</strong></span> <span class='ocrx_word' id='word_1_580' title='bbox 3585 967 3631 1024; x_wconf 88' lang='lat' dir='ltr'><strong>in</strong></span> <span class='ocrx_word' id='word_1_581' title='bbox 3668 971 3803 1032; x_wconf 81' lang='lat' dir='ltr'><strong>habitu.</strong></span> 
     </span>
    </p>
   </div>
   <div class='ocr_carea' id='block_1_72' title="bbox 2317 1047 3805 1129">
    <p class='ocr_par' dir='ltr' id='par_1_72' title="bbox 2317 1047 3805 1129">
     <span class='ocr_line' id='line_1_72' title="bbox 2317 1047 3805 1129; baseline 0.015 -24"><span class='ocrx_word' id='word_1_582' title='bbox 2317 1047 2477 1106; x_wconf 90' lang='lat' dir='ltr'><strong>Caste</strong></span> <span class='ocrx_word' id='word_1_583' title='bbox 2514 1050 2712 1122; x_wconf 91' lang='lat' dir='ltr'><strong>quippe</strong></span> <span class='ocrx_word' id='word_1_584' title='bbox 2748 1054 3101 1124; x_wconf 89' lang='lat' dir='ltr'><strong>conjugaliter</strong></span> <span class='ocrx_word' id='word_1_585' title='bbox 3124 1055 3252 1112; x_wconf 88' lang='lat' dir='ltr'><strong>vixit</strong></span> <span class='ocrx_word' id='word_1_586' title='bbox 3302 1072 3318 1112; x_wconf 88' lang='lat'><strong>:</strong></span> <span class='ocrx_word' id='word_1_587' title='bbox 3358 1073 3476 1116; x_wconf 87' lang='lat' dir='ltr'><strong>esse</strong></span> <span class='ocrx_word' id='word_1_588' title='bbox 3509 1073 3662 1120; x_wconf 88' lang='lat' dir='ltr'><strong>autem</strong></span> <span class='ocrx_word' id='word_1_589' title='bbox 3690 1083 3805 1129; x_wconf 77' lang='lat' dir='ltr'><strong>castus</strong></span> 
     </span>
    </p>
   </div>
   <div class='ocr_carea' id='block_1_73' title="bbox 2317 1144 3806 1230">
    <p class='ocr_par' dir='ltr' id='par_1_73' title="bbox 2317 1144 3806 1230">
     <span class='ocr_line' id='line_1_73' title="bbox 2317 1144 3806 1230; baseline 0.015 -32"><span class='ocrx_word' id='word_1_590' title='bbox 2317 1144 2436 1200; x_wconf 88' lang='lat' dir='ltr'><strong>sine</strong></span> <span class='ocrx_word' id='word_1_591' title='bbox 2460 1145 2708 1218; x_wconf 89' lang='lat' dir='ltr'><strong>conjugio</strong></span> <span class='ocrx_word' id='word_1_592' title='bbox 2730 1147 2919 1218; x_wconf 92' lang='lat' dir='ltr'><strong>potuit,</strong></span> <span class='ocrx_word' id='word_1_593' title='bbox 2947 1148 3041 1204; x_wconf 90' lang='lat' dir='ltr'><strong>sed</strong></span> <span class='ocrx_word' id='word_1_594' title='bbox 3071 1157 3197 1205; x_wconf 90' lang='lat' dir='ltr'><strong>tunc</strong></span> <span class='ocrx_word' id='word_1_595' title='bbox 3222 1165 3333 1207; x_wconf 91' lang='lat' dir='ltr'><strong>non</strong></span> <span class='ocrx_word' id='word_1_596' title='bbox 3361 1156 3600 1224; x_wconf 89' lang='lat' dir='ltr'><strong>oportuit.</strong></span> <span class='ocrx_word' id='word_1_597' title='bbox 3622 1158 3710 1230; x_wconf 80' lang='lat' dir='ltr'><strong>Ego</strong></span> <span class='ocrx_word' id='word_1_598' title='bbox 3727 1178 3806 1221; x_wconf 71' lang='lat' dir='ltr'><strong>vero</strong></span> 
     </span>
    </p>
   </div>
   <div class='ocr_carea' id='block_1_74' title="bbox 2318 1235 3805 1322">
    <p class='ocr_par' dir='ltr' id='par_1_74' title="bbox 2318 1235 3805 1322">
     <span class='ocr_line' id='line_1_74' title="bbox 2318 1235 3805 1322; baseline 0.01 -29"><span class='ocrx_word' id='word_1_599' title='bbox 2318 1235 2526 1294; x_wconf 87' lang='lat' dir='ltr'><strong>facilius</strong></span> <span class='ocrx_word' id='word_1_600' title='bbox 2552 1255 2659 1296; x_wconf 92' lang='lat' dir='ltr'><strong>non</strong></span> <span class='ocrx_word' id='word_1_601' title='bbox 2689 1248 2811 1296; x_wconf 92' lang='lat' dir='ltr'><strong>utor</strong></span> <span class='ocrx_word' id='word_1_602' title='bbox 2839 1242 3037 1313; x_wconf 91' lang='lat' dir='ltr'><strong>nuptiis</strong></span> <span class='ocrx_word' id='word_1_603' title='bbox 3076 1243 3270 1315; x_wconf 89' lang='lat' dir='ltr'><strong>quibus</strong></span> <span class='ocrx_word' id='word_1_604' title='bbox 3318 1255 3408 1302; x_wconf 91' lang='lat' dir='ltr'><strong>est</strong></span> <span class='ocrx_word' id='word_1_605' title='bbox 3443 1262 3564 1304; x_wconf 89' lang='lat' dir='ltr'><strong>usus</strong></span> <span class='ocrx_word' id='word_1_606' title='bbox 3599 1251 3805 1322; x_wconf 81' lang='lat' dir='ltr'><strong>Abraham,</strong></span> 
     </span>
    </p>
   </div>
   <div class='ocr_carea' id='block_1_75' title="bbox 2318 1330 3806 1404">
    <p class='ocr_par' dir='ltr' id='par_1_75' title="bbox 2318 1330 3806 1404">
     <span class='ocr_line' id='line_1_75' title="bbox 2318 1330 3806 1404; baseline 0.011 -21"><span class='ocrx_word' id='word_1_607' title='bbox 2318 1344 2478 1400; x_wconf 89' lang='lat' dir='ltr'><strong>quam</strong></span> <span class='ocrx_word' id='word_1_608' title='bbox 2515 1330 2593 1386; x_wconf 92' lang='lat' dir='ltr'><strong>sic</strong></span> <span class='ocrx_word' id='word_1_609' title='bbox 2622 1340 2742 1386; x_wconf 90' lang='lat' dir='ltr'><strong>utar</strong></span> <span class='ocrx_word' id='word_1_610' title='bbox 2769 1333 2968 1402; x_wconf 90' lang='lat' dir='ltr'><strong>nuptiis</strong></span> <span class='ocrx_word' id='word_1_611' title='bbox 2991 1335 3448 1404; x_wconf 89' lang='lat' dir='ltr'><strong>quemadmodum</strong></span> <span class='ocrx_word' id='word_1_612' title='bbox 3474 1349 3553 1396; x_wconf 91' lang='lat' dir='ltr'><strong>est</strong></span> <span class='ocrx_word' id='word_1_613' title='bbox 3575 1357 3682 1399; x_wconf 90' lang='lat' dir='ltr'><strong>usus</strong></span> <span class='ocrx_word' id='word_1_614' title='bbox 3702 1347 3806 1401; x_wconf 69' lang='lat' dir='ltr'><strong>lbra.</strong></span> 
     </span>
    </p>
   </div>
   <div class='ocr_carea' id='block_1_76' title="bbox 2319 1420 3807 1503">
    <p class='ocr_par' dir='ltr' id='par_1_76' title="bbox 2319 1420 3807 1503">
     <span class='ocr_line' id='line_1_76' title="bbox 2319 1420 3807 1503; baseline 0.013 -26"><span class='ocrx_word' id='word_1_615' title='bbox 2319 1420 2444 1478; x_wconf 89' lang='lat' dir='ltr'><strong>ham</strong></span> <span class='ocrx_word' id='word_1_616' title='bbox 2476 1442 2489 1479; x_wconf 91' lang='lat'><strong>:</strong></span> <span class='ocrx_word' id='word_1_617' title='bbox 2519 1435 2575 1480; x_wconf 92' lang='lat' dir='ltr'><strong>et</strong></span> <span class='ocrx_word' id='word_1_618' title='bbox 2599 1424 2721 1480; x_wconf 90' lang='lat' dir='ltr'><strong>ideo</strong></span> <span class='ocrx_word' id='word_1_619' title='bbox 2749 1427 2940 1482; x_wconf 91' lang='lat' dir='ltr'><strong>melior</strong></span> <span class='ocrx_word' id='word_1_620' title='bbox 2967 1443 3089 1484; x_wconf 90' lang='lat' dir='ltr'><strong>sum</strong></span> <span class='ocrx_word' id='word_1_621' title='bbox 3119 1429 3226 1486; x_wconf 91' lang='lat' dir='ltr'><strong>illis</strong></span> <span class='ocrx_word' id='word_1_622' title='bbox 3249 1430 3346 1502; x_wconf 91' lang='lat' dir='ltr'><strong>qui</strong></span> <span class='ocrx_word' id='word_1_623' title='bbox 3374 1447 3466 1503; x_wconf 88' lang='lat' dir='ltr'><strong>per</strong></span> <span class='ocrx_word' id='word_1_624' title='bbox 3491 1436 3636 1492; x_wconf 89' lang='lat' dir='ltr'><strong>animi</strong></span> <span class='ocrx_word' id='word_1_625' title='bbox 3657 1438 3807 1497; x_wconf 85' lang='lat' dir='ltr'><strong>inconti-</strong></span> 
     </span>
    </p>
   </div>
   <div class='ocr_carea' id='block_1_77' title="bbox 2319 1517 3807 1604">
    <p class='ocr_par' dir='ltr' id='par_1_77' title="bbox 2319 1517 3807 1604">
     <span class='ocr_line' id='line_1_77' title="bbox 2319 1517 3807 1604; baseline 0.012 -32"><span class='ocrx_word' id='word_1_626' title='bbox 2319 1517 2559 1573; x_wconf 87' lang='lat' dir='ltr'><strong>nentiam</strong></span> <span class='ocrx_word' id='word_1_627' title='bbox 2603 1533 2712 1574; x_wconf 92' lang='lat' dir='ltr'><strong>non</strong></span> <span class='ocrx_word' id='word_1_628' title='bbox 2741 1529 2966 1590; x_wconf 91' lang='lat' dir='ltr'><strong>possunt</strong></span> <span class='ocrx_word' id='word_1_629' title='bbox 2993 1521 3134 1593; x_wconf 89' lang='lat' dir='ltr'><strong>quod</strong></span> <span class='ocrx_word' id='word_1_630' title='bbox 3163 1538 3286 1596; x_wconf 90' lang='lat' dir='ltr'><strong>ego,</strong></span> <span class='ocrx_word' id='word_1_631' title='bbox 3318 1541 3426 1581; x_wconf 91' lang='lat' dir='ltr'><strong>non</strong></span> <span class='ocrx_word' id='word_1_632' title='bbox 3451 1527 3549 1584; x_wconf 91' lang='lat' dir='ltr'><strong>illis</strong></span> <span class='ocrx_word' id='word_1_633' title='bbox 3571 1531 3650 1602; x_wconf 90' lang='lat' dir='ltr'><strong>qui</strong></span> <span class='ocrx_word' id='word_1_634' title='bbox 3668 1546 3807 1604; x_wconf 77' lang='lat' dir='ltr'><strong>propter</strong></span> 
     </span>
    </p>
   </div>
   <div class='ocr_carea' id='block_1_78' title="bbox 2320 1608 3806 1695">
    <p class='ocr_par' dir='ltr' id='par_1_78' title="bbox 2320 1608 3806 1695">
     <span class='ocr_line' id='line_1_78' title="bbox 2320 1608 3806 1695; baseline 0.013 -33"><span class='ocrx_word' id='word_1_635' title='bbox 2320 1608 2578 1680; x_wconf 88' lang='lat' dir='ltr'><strong>temporis</strong></span> <span class='ocrx_word' id='word_1_636' title='bbox 2618 1609 2974 1668; x_wconf 80' lang='lat' dir='ltr'><strong>differentiam</strong></span> <span class='ocrx_word' id='word_1_637' title='bbox 3019 1630 3128 1670; x_wconf 91' lang='lat' dir='ltr'><strong>non</strong></span> <span class='ocrx_word' id='word_1_638' title='bbox 3157 1617 3402 1673; x_wconf 88' lang='lat' dir='ltr'><strong>fecerunt</strong></span> <span class='ocrx_word' id='word_1_639' title='bbox 3439 1621 3572 1690; x_wconf 89' lang='lat' dir='ltr'><strong>quod</strong></span> <span class='ocrx_word' id='word_1_640' title='bbox 3597 1637 3694 1693; x_wconf 83' lang='lat' dir='ltr'><strong>ego.</strong></span> <span class='ocrx_word' id='word_1_641' title='bbox 3714 1627 3806 1695; x_wconf 78' lang='lat' dir='ltr'><strong>Quod</strong></span> 
     </span>
    </p>
   </div>
   <div class='ocr_carea' id='block_1_79' title="bbox 2321 1701 3806 1789">
    <p class='ocr_par' dir='ltr' id='par_1_79' title="bbox 2321 1701 3806 1789">
     <span class='ocr_line' id='line_1_79' title="bbox 2321 1701 3806 1789; baseline 0.01 -31"><span class='ocrx_word' id='word_1_642' title='bbox 2321 1701 2464 1758; x_wconf 89' lang='lat' dir='ltr'><strong>enim</strong></span> <span class='ocrx_word' id='word_1_643' title='bbox 2491 1717 2593 1773; x_wconf 89' lang='lat' dir='ltr'><strong>ego</strong></span> <span class='ocrx_word' id='word_1_644' title='bbox 2619 1719 2760 1760; x_wconf 89' lang='lat' dir='ltr'><strong>nunc</strong></span> <span class='ocrx_word' id='word_1_645' title='bbox 2785 1719 2907 1775; x_wconf 88' lang='lat' dir='ltr'><strong>ago,</strong></span> <span class='ocrx_word' id='word_1_646' title='bbox 2930 1706 3127 1764; x_wconf 91' lang='lat' dir='ltr'><strong>melius</strong></span> <span class='ocrx_word' id='word_1_647' title='bbox 3146 1707 3223 1764; x_wconf 92' lang='lat' dir='ltr'><strong>illi</strong></span> <span class='ocrx_word' id='word_1_648' title='bbox 3249 1709 3505 1781; x_wconf 84' lang='lat' dir='ltr'><strong>egissent,</strong></span> <span class='ocrx_word' id='word_1_649' title='bbox 3526 1714 3566 1768; x_wconf 90' lang='lat' dir='ltr'><strong>si</strong></span> <span class='ocrx_word' id='word_1_650' title='bbox 3587 1723 3689 1772; x_wconf 86' lang='lat' dir='ltr'><strong>tunc</strong></span> <span class='ocrx_word' id='word_1_651' title='bbox 3708 1733 3806 1789; x_wconf 79' lang='lat' dir='ltr'><strong>agen-</strong></span> 
     </span>
    </p>
   </div>
   <div class='ocr_carea' id='block_1_80' title="bbox 2320 1791 3806 1879">
    <p class='ocr_par' dir='ltr' id='par_1_80' title="bbox 2320 1791 3806 1879">
     <span class='ocr_line' id='line_1_80' title="bbox 2320 1791 3806 1879; baseline 0.011 -31"><span class='ocrx_word' id='word_1_652' title='bbox 2320 1791 2446 1848; x_wconf 91' lang='lat' dir='ltr'><strong>dum</strong></span> <span class='ocrx_word' id='word_1_653' title='bbox 2476 1802 2620 1850; x_wconf 86' lang='lat' dir='ltr'><strong>esset</strong></span> <span class='ocrx_word' id='word_1_654' title='bbox 2651 1811 2665 1848; x_wconf 89' lang='lat'><strong>:</strong></span> <span class='ocrx_word' id='word_1_655' title='bbox 2713 1795 2857 1866; x_wconf 90' lang='lat' dir='ltr'><strong>quod</strong></span> <span class='ocrx_word' id='word_1_656' title='bbox 2897 1806 3078 1854; x_wconf 89' lang='lat' dir='ltr'><strong>autem</strong></span> <span class='ocrx_word' id='word_1_657' title='bbox 3131 1799 3209 1855; x_wconf 89' lang='lat' dir='ltr'><strong>illi</strong></span> <span class='ocrx_word' id='word_1_658' title='bbox 3251 1812 3511 1873; x_wconf 88' lang='lat' dir='ltr'><strong>egerunt,</strong></span> <span class='ocrx_word' id='word_1_659' title='bbox 3543 1805 3612 1861; x_wconf 88' lang='lat' dir='ltr'><strong>sic</strong></span> <span class='ocrx_word' id='word_1_660' title='bbox 3641 1823 3716 1879; x_wconf 82' lang='lat' dir='ltr'><strong>ego</strong></span> <span class='ocrx_word' id='word_1_661' title='bbox 3745 1826 3806 1866; x_wconf 83' lang='lat' dir='ltr'><strong>non</strong></span> 
     </span>
    </p>
   </div>
   <div class='ocr_carea' id='block_1_81' title="bbox 2319 1886 3806 1961">
    <p class='ocr_par' dir='ltr' id='par_1_81' title="bbox 2319 1886 3806 1961">
     <span class='ocr_line' id='line_1_81' title="bbox 2319 1886 3806 1961; baseline 0.012 -23"><span class='ocrx_word' id='word_1_662' title='bbox 2319 1897 2557 1954; x_wconf 84' lang='lat' dir='ltr'><strong>agerem,</strong></span> <span class='ocrx_word' id='word_1_663' title='bbox 2587 1893 2642 1941; x_wconf 92' lang='lat' dir='ltr'><strong>et</strong></span> <span class='ocrx_word' id='word_1_664' title='bbox 2684 1886 2729 1941; x_wconf 88' lang='lat' dir='ltr'><strong>si</strong></span> <span class='ocrx_word' id='word_1_665' title='bbox 2770 1901 2913 1944; x_wconf 90' lang='lat' dir='ltr'><strong>nunc</strong></span> <span class='ocrx_word' id='word_1_666' title='bbox 2937 1889 3204 1961; x_wconf 87' lang='lat' dir='ltr'><strong>agendum</strong></span> <span class='ocrx_word' id='word_1_667' title='bbox 3247 1901 3415 1948; x_wconf 88' lang='lat' dir='ltr'><strong>esset.</strong></span> <span class='ocrx_word' id='word_1_668' title='bbox 3446 1894 3545 1951; x_wconf 84' lang='lat' dir='ltr'><strong>Aut</strong></span> <span class='ocrx_word' id='word_1_669' title='bbox 3569 1896 3610 1953; x_wconf 91' lang='lat' dir='ltr'><strong>si</strong></span> <span class='ocrx_word' id='word_1_670' title='bbox 3643 1899 3757 1955; x_wconf 83' lang='lat' dir='ltr'><strong>talem</strong></span> <span class='ocrx_word' id='word_1_671' title='bbox 3776 1917 3806 1958; x_wconf 74' lang='lat' dir='ltr'><strong>se</strong></span> 
     </span>
    </p>
   </div>
   <div class='ocr_carea' id='block_1_82' title="bbox 2320 1972 3806 2056">
    <p class='ocr_par' dir='ltr' id='par_1_82' title="bbox 2320 1972 3806 2056">
     <span class='ocr_line' id='line_1_82' title="bbox 2320 1972 3806 2056; baseline 0.013 -28"><span class='ocrx_word' id='word_1_672' title='bbox 2320 1972 2424 2030; x_wconf 92' lang='lat' dir='ltr'><strong>iste</strong></span> <span class='ocrx_word' id='word_1_673' title='bbox 2474 1975 2637 2031; x_wconf 89' lang='lat' dir='ltr'><strong>sentit</strong></span> <span class='ocrx_word' id='word_1_674' title='bbox 2680 1984 2736 2032; x_wconf 90' lang='lat' dir='ltr'><strong>et</strong></span> <span class='ocrx_word' id='word_1_675' title='bbox 2785 1978 2966 2046; x_wconf 88' lang='lat' dir='ltr'><strong>novit,</strong></span> <span class='ocrx_word' id='word_1_676' title='bbox 2995 1988 3054 2036; x_wconf 95' lang='lat' dir='ltr'><strong>ut</strong></span> <span class='ocrx_word' id='word_1_677' title='bbox 3079 1981 3228 2038; x_wconf 89' lang='lat' dir='ltr'><strong>salva</strong></span> <span class='ocrx_word' id='word_1_678' title='bbox 3258 1992 3315 2040; x_wconf 92' lang='lat' dir='ltr'><strong>et</strong></span> <span class='ocrx_word' id='word_1_679' title='bbox 3341 1997 3662 2056; x_wconf 86' lang='lat' dir='ltr'><strong>permanente</strong></span> <span class='ocrx_word' id='word_1_680' title='bbox 3694 1990 3733 2046; x_wconf 88' lang='lat' dir='ltr'><strong>in</strong></span> <span class='ocrx_word' id='word_1_681' title='bbox 3751 1991 3806 2046; x_wconf 77' lang='lat' dir='ltr'><strong>ln-</strong></span> 
     </span>
    </p>
   </div>
   <div class='ocr_carea' id='block_1_83' title="bbox 2321 2065 3807 2153">
    <p class='ocr_par' dir='ltr' id='par_1_83' title="bbox 2321 2065 3807 2153">
     <span class='ocr_line' id='line_1_83' title="bbox 2321 2065 3807 2153; baseline 0.011 -32"><span class='ocrx_word' id='word_1_682' title='bbox 2321 2065 2434 2121; x_wconf 90' lang='lat' dir='ltr'><strong>bitu</strong></span> <span class='ocrx_word' id='word_1_683' title='bbox 2460 2067 2623 2123; x_wconf 90' lang='lat' dir='ltr'><strong>animi</strong></span> <span class='ocrx_word' id='word_1_684' title='bbox 2652 2068 2736 2124; x_wconf 87' lang='lat' dir='ltr'><strong>sui</strong></span> <span class='ocrx_word' id='word_1_685' title='bbox 2760 2069 2957 2126; x_wconf 91' lang='lat' dir='ltr'><strong>virtute</strong></span> <span class='ocrx_word' id='word_1_686' title='bbox 2980 2072 3350 2144; x_wconf 71' lang='lat' dir='ltr'><strong>continentim,</strong></span> <span class='ocrx_word' id='word_1_687' title='bbox 3374 2079 3419 2132; x_wconf 91' lang='lat' dir='ltr'><strong>si</strong></span> <span class='ocrx_word' id='word_1_688' title='bbox 3437 2077 3500 2133; x_wconf 90' lang='lat' dir='ltr'><strong>ad</strong></span> <span class='ocrx_word' id='word_1_689' title='bbox 3521 2094 3652 2136; x_wconf 87' lang='lat' dir='ltr'><strong>usum</strong></span> <span class='ocrx_word' id='word_1_690' title='bbox 3674 2085 3807 2153; x_wconf 72' lang='lat' dir='ltr'><strong>nuptia-</strong></span> 
     </span>
    </p>
   </div>
   <div class='ocr_carea' id='block_1_84' title="bbox 2321 2161 3806 2240">
    <p class='ocr_par' dir='ltr' id='par_1_84' title="bbox 2321 2161 3806 2240">
     <span class='ocr_line' id='line_1_84' title="bbox 2321 2161 3806 2240; baseline 0.011 -26"><span class='ocrx_word' id='word_1_691' title='bbox 2321 2173 2442 2214; x_wconf 91' lang='lat' dir='ltr'><strong>rum</strong></span> <span class='ocrx_word' id='word_1_692' title='bbox 2481 2175 2547 2216; x_wconf 93' lang='lat' dir='ltr'><strong>ex</strong></span> <span class='ocrx_word' id='word_1_693' title='bbox 2593 2161 2771 2234; x_wconf 90' lang='lat' dir='ltr'><strong>aliquo</strong></span> <span class='ocrx_word' id='word_1_694' title='bbox 2814 2163 3089 2236; x_wconf 88' lang='lat' dir='ltr'><strong>religionis</strong></span> <span class='ocrx_word' id='word_1_695' title='bbox 3117 2167 3301 2225; x_wconf 86' lang='lat' dir='ltr'><strong>ofﬁcio</strong></span> <span class='ocrx_word' id='word_1_696' title='bbox 3344 2169 3703 2240; x_wconf 84' lang='lat' dir='ltr'><strong>descendisset,</strong></span> <span class='ocrx_word' id='word_1_697' title='bbox 3735 2178 3806 2232; x_wconf 79' lang='lat' dir='ltr'><strong>talis</strong></span> 
     </span>
    </p>
   </div>
   <div class='ocr_carea' id='block_1_85' title="bbox 2321 2253 3805 2335">
    <p class='ocr_par' dir='ltr' id='par_1_85' title="bbox 2321 2253 3805 2335">
     <span class='ocr_line' id='line_1_85' title="bbox 2321 2253 3805 2335; baseline 0.012 -27"><span class='ocrx_word' id='word_1_698' title='bbox 2321 2253 2547 2310; x_wconf 88' lang='lat' dir='ltr'><strong>maritus</strong></span> <span class='ocrx_word' id='word_1_699' title='bbox 2588 2263 2642 2310; x_wconf 89' lang='lat' dir='ltr'><strong>et</strong></span> <span class='ocrx_word' id='word_1_700' title='bbox 2686 2255 2808 2312; x_wconf 86' lang='lat' dir='ltr'><strong>talis</strong></span> <span class='ocrx_word' id='word_1_701' title='bbox 2850 2266 3002 2328; x_wconf 89' lang='lat' dir='ltr'><strong>pater</strong></span> <span class='ocrx_word' id='word_1_702' title='bbox 3029 2270 3208 2330; x_wconf 91' lang='lat' dir='ltr'><strong>esset,</strong></span> <span class='ocrx_word' id='word_1_703' title='bbox 3247 2264 3425 2335; x_wconf 89' lang='lat' dir='ltr'><strong>qualis</strong></span> <span class='ocrx_word' id='word_1_704' title='bbox 3468 2264 3561 2322; x_wconf 88' lang='lat' dir='ltr'><strong>fuit</strong></span> <span class='ocrx_word' id='word_1_705' title='bbox 3591 2267 3805 2332; x_wconf 79' lang='lat' dir='ltr'><strong>Abraham;</strong></span> 
     </span>
    </p>
   </div>
   <div class='ocr_carea' id='block_1_86' title="bbox 2321 2343 3845 2431">
    <p class='ocr_par' dir='ltr' id='par_1_86' title="bbox 2321 2343 3845 2431">
     <span class='ocr_line' id='line_1_86' title="bbox 2321 2343 3845 2431; baseline 0.013 -33"><span class='ocrx_word' id='word_1_706' title='bbox 2321 2343 2517 2401; x_wconf 85' lang='lat' dir='ltr'><strong>audeat</strong></span> <span class='ocrx_word' id='word_1_707' title='bbox 2547 2347 2702 2417; x_wconf 89' lang='lat' dir='ltr'><strong>plane</strong></span> <span class='ocrx_word' id='word_1_708' title='bbox 2729 2349 3059 2419; x_wconf 82' lang='lat' dir='ltr'><strong>respondere</strong></span> <span class='ocrx_word' id='word_1_709' title='bbox 3105 2353 3184 2409; x_wconf 91' lang='lat' dir='ltr'><strong>illi</strong></span> <span class='ocrx_word' id='word_1_710' title='bbox 3229 2356 3472 2428; x_wconf 87' lang='lat' dir='ltr'><strong>captioso</strong></span> <span class='ocrx_word' id='word_1_711' title='bbox 3513 2359 3805 2431; x_wconf 83' lang='lat' dir='ltr'><strong>interrogatori,</strong></span> 
     </span>
    </p>
   </div>
   <div class='ocr_carea' id='block_1_87' title="bbox 2321 2429 3845 2520">
    <p class='ocr_par' dir='ltr' id='par_1_87' title="bbox 2321 2429 3845 2520">
     <span class='ocr_line' id='line_1_87' title="bbox 2321 2429 3845 2520; baseline 0.009 -30"><span class='ocrx_word' id='word_1_712' title='bbox 2321 2444 2376 2490; x_wconf 90' lang='lat' dir='ltr'><strong>et</strong></span> <span class='ocrx_word' id='word_1_713' title='bbox 2395 2434 2593 2503; x_wconf 90' lang='lat' dir='ltr'><strong>dicere,</strong></span> <span class='ocrx_word' id='word_1_714' title='bbox 2611 2435 2727 2493; x_wconf 89' lang='lat' dir='ltr'><strong>Non</strong></span> <span class='ocrx_word' id='word_1_715' title='bbox 2753 2453 2873 2496; x_wconf 91' lang='lat' dir='ltr'><strong>sum</strong></span> <span class='ocrx_word' id='word_1_716' title='bbox 2902 2441 3117 2512; x_wconf 92' lang='lat' dir='ltr'><strong>quidem</strong></span> <span class='ocrx_word' id='word_1_717' title='bbox 3143 2445 3341 2503; x_wconf 78' lang='lat' dir='ltr'><strong>metiar</strong></span> <span class='ocrx_word' id='word_1_718' title='bbox 3356 2463 3514 2520; x_wconf 86' lang='lat' dir='ltr'><strong>quam</strong></span> <span class='ocrx_word' id='word_1_719' title='bbox 3533 2429 3756 2518; x_wconf 69' lang='lat' dir='ltr'><strong>Abraham,</strong></span> <span class='ocrx_word' id='word_1_720' title='bbox 3775 2452 3806 2507; x_wconf 85' lang='lat' dir='ltr'><strong>in</strong></span> <span class='ocrx_word' id='word_1_721' title='bbox 3839 2429 3845 2504; x_wconf 76' lang='grc' dir='ltr'><em>ῗ</em></span> 
     </span>
    </p>
   </div>
   <div class='ocr_carea' id='block_1_88' title="bbox 2322 2526 3805 2612">
    <p class='ocr_par' dir='ltr' id='par_1_88' title="bbox 2322 2526 3805 2612">
     <span class='ocr_line' id='line_1_88' title="bbox 2322 2526 3805 2612; baseline 0.011 -30"><span class='ocrx_word' id='word_1_722' title='bbox 2322 2526 2427 2582; x_wconf 85' lang='lat' dir='ltr'><strong>hoc</strong></span> <span class='ocrx_word' id='word_1_723' title='bbox 2455 2527 2715 2586; x_wconf 83' lang='lat' dir='ltr'><strong>duntaxat</strong></span> <span class='ocrx_word' id='word_1_724' title='bbox 2740 2546 2938 2602; x_wconf 91' lang='lat' dir='ltr'><strong>genere</strong></span> <span class='ocrx_word' id='word_1_725' title='bbox 2959 2535 3309 2594; x_wconf 86' lang='lat' dir='ltr'><strong>continentia:</strong></span> <span class='ocrx_word' id='word_1_726' title='bbox 3333 2579 3349 2605; x_wconf 94' lang='lat'><strong>,</strong></span> <span class='ocrx_word' id='word_1_727' title='bbox 3377 2555 3481 2612; x_wconf 86' lang='lat' dir='ltr'><strong>qua</strong></span> <span class='ocrx_word' id='word_1_728' title='bbox 3507 2541 3588 2598; x_wconf 90' lang='lat' dir='ltr'><strong>ille</strong></span> <span class='ocrx_word' id='word_1_729' title='bbox 3608 2557 3690 2598; x_wconf 86' lang='lat' dir='ltr'><strong>non</strong></span> <span class='ocrx_word' id='word_1_730' title='bbox 3708 2559 3805 2599; x_wconf 37' lang='lat' dir='ltr'><strong>cam:</strong></span> 
     </span>
    </p>
   </div>
   <div class='ocr_carea' id='block_1_89' title="bbox 2321 2611 3844 2698">
    <p class='ocr_par' dir='ltr' id='par_1_89' title="bbox 2321 2611 3844 2698">
     <span class='ocr_line' id='line_1_89' title="bbox 2321 2611 3844 2698; baseline 0.012 -26"><span class='ocrx_word' id='word_1_731' title='bbox 2321 2615 2431 2684; x_wconf 87' lang='lat' dir='ltr'><strong>bat,</strong></span> <span class='ocrx_word' id='word_1_732' title='bbox 2461 2619 2561 2675; x_wconf 90' lang='lat' dir='ltr'><strong>etsi</strong></span> <span class='ocrx_word' id='word_1_733' title='bbox 2590 2634 2697 2676; x_wconf 90' lang='lat' dir='ltr'><strong>non</strong></span> <span class='ocrx_word' id='word_1_734' title='bbox 2732 2623 3058 2694; x_wconf 86' lang='lat' dir='ltr'><strong>apparebat;</strong></span> <span class='ocrx_word' id='word_1_735' title='bbox 3107 2627 3204 2683; x_wconf 88' lang='lat' dir='ltr'><strong>sed</strong></span> <span class='ocrx_word' id='word_1_736' title='bbox 3249 2643 3371 2685; x_wconf 90' lang='lat' dir='ltr'><strong>sum</strong></span> <span class='ocrx_word' id='word_1_737' title='bbox 3401 2611 3565 2698; x_wconf 87' lang='lat' dir='ltr'><strong>talis,</strong></span> <span class='ocrx_word' id='word_1_738' title='bbox 3607 2648 3690 2689; x_wconf 88' lang='lat' dir='ltr'><strong>non</strong></span> <span class='ocrx_word' id='word_1_739' title='bbox 3717 2633 3804 2688; x_wconf 70' lang='lat' dir='ltr'><strong>aliud</strong></span> <span class='ocrx_word' id='word_1_740' title='bbox 3835 2611 3844 2690; x_wconf 45' lang='grc' dir='ltr'><strong>τ’</strong></span> 
     </span>
    </p>
   </div>
   <div class='ocr_carea' id='block_1_90' title="bbox 2321 2705 3841 2795">
    <p class='ocr_par' dir='ltr' id='par_1_90' title="bbox 2321 2705 3841 2795">
     <span class='ocr_line' id='line_1_90' title="bbox 2321 2705 3841 2795; baseline 0.01 -31"><span class='ocrx_word' id='word_1_741' title='bbox 2321 2705 2527 2766; x_wconf 87' lang='lat' dir='ltr'><strong>habens</strong></span> <span class='ocrx_word' id='word_1_742' title='bbox 2549 2752 2566 2778; x_wconf 94' lang='lat'><strong>,</strong></span> <span class='ocrx_word' id='word_1_743' title='bbox 2595 2711 2690 2767; x_wconf 91' lang='lat' dir='ltr'><strong>sed</strong></span> <span class='ocrx_word' id='word_1_744' title='bbox 2716 2713 2860 2770; x_wconf 89' lang='lat' dir='ltr'><strong>aliud</strong></span> <span class='ocrx_word' id='word_1_745' title='bbox 2885 2729 3071 2786; x_wconf 85' lang='lat' dir='ltr'><strong>agens.</strong></span> <span class='ocrx_word' id='word_1_746' title='bbox 3102 2717 3257 2774; x_wconf 86' lang='lat' dir='ltr'><strong>Dicat</strong></span> <span class='ocrx_word' id='word_1_747' title='bbox 3283 2720 3441 2791; x_wconf 89' lang='lat' dir='ltr'><strong>plane</strong></span> <span class='ocrx_word' id='word_1_748' title='bbox 3465 2723 3558 2778; x_wconf 87' lang='lat' dir='ltr'><strong>ista</strong></span> <span class='ocrx_word' id='word_1_749' title='bbox 3583 2741 3596 2778; x_wconf 91' lang='lat'><strong>:</strong></span> <span class='ocrx_word' id='word_1_750' title='bbox 3621 2724 3712 2795; x_wconf 80' lang='lat' dir='ltr'><strong>quia</strong></span> <span class='ocrx_word' id='word_1_751' title='bbox 3729 2725 3804 2780; x_wconf 81' lang='lat' dir='ltr'><strong>etsi</strong></span> <span class='ocrx_word' id='word_1_752' title='bbox 3839 2713 3841 2728; x_wconf 75' lang='grc'>¹</span> 
     </span>
    </p>
   </div>
   <div class='ocr_carea' id='block_1_91' title="bbox 2321 2800 3841 2882">
    <p class='ocr_par' dir='ltr' id='par_1_91' title="bbox 2321 2800 3841 2882">
     <span class='ocr_line' id='line_1_91' title="bbox 2321 2800 3841 2882; baseline 0.01 -27"><span class='ocrx_word' id='word_1_753' title='bbox 2321 2800 2550 2857; x_wconf 85' lang='lat' dir='ltr'><strong>voluerit</strong></span> <span class='ocrx_word' id='word_1_754' title='bbox 2573 2803 2825 2874; x_wconf 88' lang='lat' dir='ltr'><strong>gloriari,</strong></span> <span class='ocrx_word' id='word_1_755' title='bbox 2851 2820 2958 2861; x_wconf 93' lang='lat' dir='ltr'><strong>non</strong></span> <span class='ocrx_word' id='word_1_756' title='bbox 2992 2807 3097 2864; x_wconf 90' lang='lat' dir='ltr'><strong>erit</strong></span> <span class='ocrx_word' id='word_1_757' title='bbox 3139 2809 3435 2882; x_wconf 89' lang='lat' dir='ltr'><strong>insipiens;</strong></span> <span class='ocrx_word' id='word_1_758' title='bbox 3462 2815 3696 2872; x_wconf 84' lang='lat' dir='ltr'><strong>veritatem</strong></span> <span class='ocrx_word' id='word_1_759' title='bbox 3716 2817 3801 2872; x_wconf 90' lang='lat' dir='ltr'><strong>enim</strong></span> <span class='ocrx_word' id='word_1_760' title='bbox 3837 2821 3841 2828; x_wconf 78' lang='lat'><em>‘</em></span> 
     </span>
    </p>
   </div>
   <div class='ocr_carea' id='block_1_92' title="bbox 2321 2892 3803 2978">
    <p class='ocr_par' dir='ltr' id='par_1_92' title="bbox 2321 2892 3803 2978">
     <span class='ocr_line' id='line_1_92' title="bbox 2321 2892 3803 2978; baseline 0.008 -28"><span class='ocrx_word' id='word_1_761' title='bbox 2321 2892 2470 2950; x_wconf 89' lang='lat' dir='ltr'><strong>dicit.</strong></span> <span class='ocrx_word' id='word_1_762' title='bbox 2495 2893 2553 2950; x_wconf 91' lang='lat' dir='ltr'><strong>Si</strong></span> <span class='ocrx_word' id='word_1_763' title='bbox 2573 2904 2752 2953; x_wconf 91' lang='lat' dir='ltr'><strong>autem</strong></span> <span class='ocrx_word' id='word_1_764' title='bbox 2777 2898 2967 2968; x_wconf 89' lang='lat' dir='ltr'><strong>parcit,</strong></span> <span class='ocrx_word' id='word_1_765' title='bbox 2996 2915 3066 2957; x_wconf 90' lang='lat' dir='ltr'><strong>ne</strong></span> <span class='ocrx_word' id='word_1_766' title='bbox 3089 2902 3210 2972; x_wconf 88' lang='lat' dir='ltr'><strong>quis</strong></span> <span class='ocrx_word' id='word_1_767' title='bbox 3234 2919 3360 2960; x_wconf 89' lang='lat' dir='ltr'><strong>eum</strong></span> <span class='ocrx_word' id='word_1_768' title='bbox 3387 2906 3635 2962; x_wconf 81' lang='lat' dir='ltr'><strong>existimet</strong></span> <span class='ocrx_word' id='word_1_769' title='bbox 3653 2907 3803 2978; x_wconf 76' lang='lat' dir='ltr'><strong>superitl</strong></span> 
     </span>
    </p>
   </div>
   <div class='ocr_carea' id='block_1_93' title="bbox 2320 2975 3842 3071">
    <p class='ocr_par' dir='ltr' id='par_1_93' title="bbox 2320 2975 3842 3071">
     <span class='ocr_line' id='line_1_93' title="bbox 2320 2975 3842 3071; baseline 0.008 -31"><span class='ocrx_word' id='word_1_770' title='bbox 2320 2984 2464 3054; x_wconf 91' lang='lat' dir='ltr'><strong>quod</strong></span> <span class='ocrx_word' id='word_1_771' title='bbox 2505 2999 2628 3041; x_wconf 91' lang='lat' dir='ltr'><strong>eum</strong></span> <span class='ocrx_word' id='word_1_772' title='bbox 2665 2986 2830 3056; x_wconf 89' lang='lat' dir='ltr'><strong>videt,</strong></span> <span class='ocrx_word' id='word_1_773' title='bbox 2858 2997 2950 3045; x_wconf 90' lang='lat' dir='ltr'><strong>aut</strong></span> <span class='ocrx_word' id='word_1_774' title='bbox 2973 2991 3121 3047; x_wconf 89' lang='lat' dir='ltr'><strong>audit</strong></span> <span class='ocrx_word' id='word_1_775' title='bbox 3145 2993 3348 3066; x_wconf 88' lang='lat' dir='ltr'><strong>aliquid</strong></span> <span class='ocrx_word' id='word_1_776' title='bbox 3374 3012 3438 3053; x_wconf 90' lang='lat' dir='ltr'><strong>ex</strong></span> <span class='ocrx_word' id='word_1_777' title='bbox 3464 2997 3547 3054; x_wconf 93' lang='lat' dir='ltr'><strong>illo</strong></span> <span class='ocrx_word' id='word_1_778' title='bbox 3575 2975 3799 3071; x_wconf 66' lang='lat' dir='ltr'><strong>(nam,</strong></span> 
     </span>
    </p>
   </div>
   <div class='ocr_carea' id='block_1_94' title="bbox 2321 3069 3844 3182">
    <p class='ocr_par' dir='ltr' id='par_1_94' title="bbox 2321 3069 3844 3182">
     <span class='ocr_line' id='line_1_94' title="bbox 2321 3069 3844 3182; baseline 0.01 -52"><span class='ocrx_word' id='word_1_779' title='bbox 2321 3075 2378 3182; x_wconf 58' lang='grc' dir='ltr'><strong>ρ)</strong></span> <span class='ocrx_word' id='word_1_780' title='bbox 2400 3093 2414 3144; x_wconf 91' lang='grc'>;</span> <span class='ocrx_word' id='word_1_781' title='bbox 2441 3078 2646 3182; x_wconf 76' lang='lat' dir='ltr'><strong>auferat</strong></span> <span class='ocrx_word' id='word_1_782' title='bbox 2663 3095 2699 3182; x_wconf 75' lang='lat' dir='ltr'><strong>a</strong></span> <span class='ocrx_word' id='word_1_783' title='bbox 2719 3096 2946 3182; x_wconf 75' lang='lat' dir='ltr'><strong>persona</strong></span> <span class='ocrx_word' id='word_1_784' title='bbox 2966 3099 3060 3140; x_wconf 88' lang='lat' dir='ltr'><strong>sua</strong></span> <span class='ocrx_word' id='word_1_785' title='bbox 3078 3086 3282 3182; x_wconf 83' lang='lat' dir='ltr'><strong>nodum</strong></span> <span class='ocrx_word' id='word_1_786' title='bbox 3295 3069 3614 3162; x_wconf 72' lang='lat' dir='ltr'><strong>qua:stionis,</strong></span> <span class='ocrx_word' id='word_1_787' title='bbox 3627 3101 3672 3149; x_wconf 90' lang='lat' dir='ltr'><strong>et</strong></span> <span class='ocrx_word' id='word_1_788' title='bbox 3686 3091 3803 3147; x_wconf 81' lang='lat' dir='ltr'><strong>nonde</strong></span> 
     </span>
    </p>
   </div>
   <div class='ocr_carea' id='block_1_95' title="bbox 2321 3168 3844 3280">
    <p class='ocr_par' dir='ltr' id='par_1_95' title="bbox 2321 3168 3844 3280">
     <span class='ocr_line' id='line_1_95' title="bbox 2321 3168 3844 3280; baseline 0.008 -56"><span class='ocrx_word' id='word_1_789' title='bbox 2321 3168 2539 3226; x_wconf 90' lang='lat' dir='ltr'><strong>homine</strong></span> <span class='ocrx_word' id='word_1_790' title='bbox 2556 3211 2572 3239; x_wconf 93' lang='lat'><strong>,</strong></span> <span class='ocrx_word' id='word_1_791' title='bbox 2605 3171 2700 3230; x_wconf 92' lang='lat' dir='ltr'><strong>sed</strong></span> <span class='ocrx_word' id='word_1_792' title='bbox 2727 3173 2795 3280; x_wconf 72' lang='lat' dir='ltr'><strong>de</strong></span> <span class='ocrx_word' id='word_1_793' title='bbox 2815 3191 2876 3231; x_wconf 92' lang='lat' dir='ltr'><strong>re</strong></span> <span class='ocrx_word' id='word_1_794' title='bbox 2897 3175 3010 3248; x_wconf 91' lang='lat' dir='ltr'><strong>ipsa</strong></span> <span class='ocrx_word' id='word_1_795' title='bbox 3035 3180 3385 3250; x_wconf 77' lang='lat' dir='ltr'><strong>respondeat,</strong></span> <span class='ocrx_word' id='word_1_796' title='bbox 3413 3192 3466 3240; x_wconf 92' lang='lat' dir='ltr'><strong>et</strong></span> <span class='ocrx_word' id='word_1_797' title='bbox 3488 3183 3630 3252; x_wconf 86' lang='lat' dir='ltr'><strong>dicat,</strong></span> <span class='ocrx_word' id='word_1_798' title='bbox 3651 3184 3718 3255; x_wconf 86' lang='lat' dir='ltr'><strong>qui</strong></span> <span class='ocrx_word' id='word_1_799' title='bbox 3736 3192 3803 3236; x_wconf 83' lang='lat' dir='ltr'><strong>tan-</strong></span> 
     </span>
    </p>
   </div>
   <div class='ocr_carea' id='block_1_96' title="bbox 2321 3265 3802 3341">
    <p class='ocr_par' dir='ltr' id='par_1_96' title="bbox 2321 3265 3802 3341">
     <span class='ocr_line' id='line_1_96' title="bbox 2321 3265 3802 3341; baseline 0.007 -23"><span class='ocrx_word' id='word_1_800' title='bbox 2321 3270 2431 3318; x_wconf 92' lang='lat' dir='ltr'><strong>tum</strong></span> <span class='ocrx_word' id='word_1_801' title='bbox 2454 3273 2650 3335; x_wconf 89' lang='lat' dir='ltr'><strong>potest,</strong></span> <span class='ocrx_word' id='word_1_802' title='bbox 2670 3265 2793 3323; x_wconf 87' lang='lat' dir='ltr'><strong>talis</strong></span> <span class='ocrx_word' id='word_1_803' title='bbox 2809 3277 2891 3324; x_wconf 88' lang='lat' dir='ltr'><strong>est</strong></span> <span class='ocrx_word' id='word_1_804' title='bbox 2911 3269 3084 3341; x_wconf 89' lang='lat' dir='ltr'><strong>qualis</strong></span> <span class='ocrx_word' id='word_1_805' title='bbox 3105 3270 3202 3328; x_wconf 85' lang='lat' dir='ltr'><strong>fuit</strong></span> <span class='ocrx_word' id='word_1_806' title='bbox 3221 3274 3264 3329; x_wconf 84' lang='lat' dir='ltr'><strong>A</strong></span> <span class='ocrx_word' id='word_1_807' title='bbox 3276 3275 3516 3332; x_wconf 89' lang='lat' dir='ltr'><strong>braham.</strong></span> <span class='ocrx_word' id='word_1_808' title='bbox 3531 3277 3682 3333; x_wconf 87' lang='lat' dir='ltr'><strong>Potest</strong></span> <span class='ocrx_word' id='word_1_809' title='bbox 3695 3287 3802 3330; x_wconf 78' lang='lat' dir='ltr'><strong>autem</strong></span> 
     </span>
    </p>
   </div>
   <div class='ocr_carea' id='block_1_97' title="bbox 2319 3281 3846 3448">
    <p class='ocr_par' dir='ltr' id='par_1_97' title="bbox 2319 3281 3846 3448">
     <span class='ocr_line' id='line_1_97' title="bbox 2321 3281 3802 3341; baseline 0.007 -23"><span class='ocrx_word' id='word_1_810' title='bbox 2321 3281 2431 3318; x_wconf 82' lang='lat' dir='ltr'><strong>tum</strong></span> <span class='ocrx_word' id='word_1_811' title='bbox 2454 3281 2650 3335; x_wconf 83' lang='lat' dir='ltr'><strong>p0test,</strong></span> <span class='ocrx_word' id='word_1_812' title='bbox 2670 3281 2793 3323; x_wconf 77' lang='lat' dir='ltr'><strong>latis</strong></span> <span class='ocrx_word' id='word_1_813' title='bbox 2809 3281 2891 3324; x_wconf 88' lang='lat' dir='ltr'><strong>est</strong></span> <span class='ocrx_word' id='word_1_814' title='bbox 2911 3281 3084 3341; x_wconf 77' lang='lat' dir='ltr'><strong>qualis</strong></span> <span class='ocrx_word' id='word_1_815' title='bbox 3105 3281 3202 3328; x_wconf 73' lang='lat' dir='ltr'><strong>fuit</strong></span> <span class='ocrx_word' id='word_1_816' title='bbox 3221 3281 3264 3329; x_wconf 83' lang='lat' dir='ltr'><strong>A</strong></span> <span class='ocrx_word' id='word_1_817' title='bbox 3277 3281 3516 3332; x_wconf 89' lang='lat' dir='ltr'><strong>braham.</strong></span> <span class='ocrx_word' id='word_1_818' title='bbox 3531 3281 3682 3333; x_wconf 87' lang='lat' dir='ltr'><strong>Potest</strong></span> <span class='ocrx_word' id='word_1_819' title='bbox 3695 3287 3802 3330; x_wconf 78' lang='lat' dir='ltr'><strong>autem</strong></span> 
     </span>
     <span class='ocr_line' id='line_1_98' title="bbox 2319 3281 3846 3448; baseline 0.006 -35"><span class='ocrx_word' id='word_1_820' title='bbox 2319 3357 2436 3415; x_wconf 88' lang='lat' dir='ltr'><strong>ﬁeri</strong></span> <span class='ocrx_word' id='word_1_821' title='bbox 2477 3367 2534 3416; x_wconf 91' lang='lat' dir='ltr'><strong>ut</strong></span> <span class='ocrx_word' id='word_1_822' title='bbox 2562 3361 2740 3417; x_wconf 90' lang='lat' dir='ltr'><strong>minor</strong></span> <span class='ocrx_word' id='word_1_823' title='bbox 2773 3362 2844 3418; x_wconf 89' lang='lat' dir='ltr'><strong>sit</strong></span> <span class='ocrx_word' id='word_1_824' title='bbox 2889 3364 3230 3422; x_wconf 88' lang='lat' dir='ltr'><strong>continentia:</strong></span> <span class='ocrx_word' id='word_1_825' title='bbox 3257 3368 3434 3425; x_wconf 78' lang='lat' dir='ltr'><strong>virtus</strong></span> <span class='ocrx_word' id='word_1_826' title='bbox 3476 3371 3525 3426; x_wconf 92' lang='lat' dir='ltr'><strong>in</strong></span> <span class='ocrx_word' id='word_1_827' title='bbox 3569 3371 3712 3426; x_wconf 89' lang='lat' dir='ltr'><strong>animo</strong></span> <span class='ocrx_word' id='word_1_828' title='bbox 3738 3369 3804 3438; x_wconf 77' lang='lat' dir='ltr'><strong>ejus</strong></span> 
     </span>
    </p>
   </div>
   <div class='ocr_carea' id='block_1_98' title="bbox 2317 3452 3846 3529">
    <p class='ocr_par' dir='ltr' id='par_1_98' title="bbox 2317 3452 3846 3529">
     <span class='ocr_line' id='line_1_99' title="bbox 2317 3452 3846 3529; baseline 0.004 -22"><span class='ocrx_word' id='word_1_829' title='bbox 2317 3452 2409 3524; x_wconf 91' lang='lat' dir='ltr'><strong>qui</strong></span> <span class='ocrx_word' id='word_1_830' title='bbox 2427 3468 2532 3508; x_wconf 92' lang='lat' dir='ltr'><strong>non</strong></span> <span class='ocrx_word' id='word_1_831' title='bbox 2559 3454 2727 3511; x_wconf 90' lang='lat' dir='ltr'><strong>utitur</strong></span> <span class='ocrx_word' id='word_1_832' title='bbox 2745 3456 2966 3527; x_wconf 90' lang='lat' dir='ltr'><strong>nuptiis,</strong></span> <span class='ocrx_word' id='word_1_833' title='bbox 2991 3458 3188 3529; x_wconf 90' lang='lat' dir='ltr'><strong>quibus</strong></span> <span class='ocrx_word' id='word_1_834' title='bbox 3215 3470 3305 3517; x_wconf 89' lang='lat' dir='ltr'><strong>est</strong></span> <span class='ocrx_word' id='word_1_835' title='bbox 3333 3477 3460 3519; x_wconf 90' lang='lat' dir='ltr'><strong>usus</strong></span> <span class='ocrx_word' id='word_1_836' title='bbox 3485 3463 3708 3520; x_wconf 86' lang='lat' dir='ltr'><strong>Abraham</strong></span> <span class='ocrx_word' id='word_1_837' title='bbox 3725 3457 3802 3514; x_wconf 70' lang='lat' dir='ltr'><strong>:sol</strong></span> <span class='ocrx_word' id='word_1_838' title='bbox 3835 3459 3846 3528; x_wconf 72' lang='grc' dir='ltr'><em>έ</em></span> 
     </span>
    </p>
   </div>
   <div class='ocr_carea' id='block_1_99' title="bbox 2318 3535 3855 3627">
    <p class='ocr_par' dir='ltr' id='par_1_99' title="bbox 2318 3535 3855 3627">
     <span class='ocr_line' id='line_1_100' title="bbox 2318 3535 3855 3627; baseline 0.006 -29"><span class='ocrx_word' id='word_1_839' title='bbox 2318 3551 2498 3601; x_wconf 89' lang='lat' dir='ltr'><strong>tamen</strong></span> <span class='ocrx_word' id='word_1_840' title='bbox 2526 3546 2696 3617; x_wconf 88' lang='lat' dir='ltr'><strong>major</strong></span> <span class='ocrx_word' id='word_1_841' title='bbox 2723 3558 2806 3604; x_wconf 89' lang='lat' dir='ltr'><strong>est</strong></span> <span class='ocrx_word' id='word_1_842' title='bbox 2826 3549 2866 3617; x_wconf 77' lang='grc'><strong>⁸,</strong></span> <span class='ocrx_word' id='word_1_843' title='bbox 2897 3564 3055 3620; x_wconf 91' lang='lat' dir='ltr'><strong>quam</strong></span> <span class='ocrx_word' id='word_1_844' title='bbox 3079 3551 3133 3606; x_wconf 91' lang='lat' dir='ltr'><strong>in</strong></span> <span class='ocrx_word' id='word_1_845' title='bbox 3158 3553 3344 3610; x_wconf 89' lang='lat' dir='ltr'><strong>animo</strong></span> <span class='ocrx_word' id='word_1_846' title='bbox 3369 3555 3483 3627; x_wconf 89' lang='lat' dir='ltr'><strong>ejus</strong></span> <span class='ocrx_word' id='word_1_847' title='bbox 3506 3556 3588 3627; x_wconf 88' lang='lat' dir='ltr'><strong>qui</strong></span> <span class='ocrx_word' id='word_1_848' title='bbox 3611 3563 3800 3627; x_wconf 75' lang='lat' dir='ltr'><strong>propterea</strong></span> 
     </span>
    </p>
   </div>
   <div class='ocr_carea' id='block_1_100' title="bbox 2319 3636 3800 3718">
    <p class='ocr_par' dir='ltr' id='par_1_100' title="bbox 2319 3636 3800 3718">
     <span class='ocr_line' id='line_1_101' title="bbox 2319 3636 3800 3718; baseline 0.001 -26"><span class='ocrx_word' id='word_1_849' title='bbox 2319 3636 2490 3693; x_wconf 90' lang='lat' dir='ltr'><strong>tenuit</strong></span> <span class='ocrx_word' id='word_1_850' title='bbox 2535 3638 2766 3710; x_wconf 90' lang='lat' dir='ltr'><strong>conjugii</strong></span> <span class='ocrx_word' id='word_1_851' title='bbox 2807 3642 3130 3711; x_wconf 85' lang='lat' dir='ltr'><strong>castitatem,</strong></span> <span class='ocrx_word' id='word_1_852' title='bbox 3157 3644 3286 3715; x_wconf 89' lang='lat' dir='ltr'><strong>quia</strong></span> <span class='ocrx_word' id='word_1_853' title='bbox 3317 3661 3422 3701; x_wconf 90' lang='lat' dir='ltr'><strong>non</strong></span> <span class='ocrx_word' id='word_1_854' title='bbox 3469 3646 3625 3718; x_wconf 92' lang='lat' dir='ltr'><strong>potuit</strong></span> <span class='ocrx_word' id='word_1_855' title='bbox 3652 3644 3800 3713; x_wconf 85' lang='lat' dir='ltr'><strong>amplio-</strong></span> 
     </span>
    </p>
   </div>
   <div class='ocr_carea' id='block_1_101' title="bbox 2317 3730 3855 3809">
    <p class='ocr_par' dir='ltr' id='par_1_101' title="bbox 2317 3730 3855 3809">
     <span class='ocr_line' id='line_1_102' title="bbox 2317 3730 3855 3809; baseline -0.001 -23"><span class='ocrx_word' id='word_1_856' title='bbox 2317 3745 2453 3787; x_wconf 88' lang='lat' dir='ltr'><strong>rem.</strong></span> <span class='ocrx_word' id='word_1_857' title='bbox 2480 3730 2571 3787; x_wconf 88' lang='lat' dir='ltr'><strong>Sic</strong></span> <span class='ocrx_word' id='word_1_858' title='bbox 2594 3739 2650 3787; x_wconf 89' lang='lat' dir='ltr'><strong>et</strong></span> <span class='ocrx_word' id='word_1_859' title='bbox 2674 3730 2872 3788; x_wconf 89' lang='lat' dir='ltr'><strong>femina</strong></span> <span class='ocrx_word' id='word_1_860' title='bbox 2900 3733 3138 3805; x_wconf 87' lang='lat' dir='ltr'><strong>innupta,</strong></span> <span class='ocrx_word' id='word_1_861' title='bbox 3161 3751 3285 3807; x_wconf 83' lang='lat' dir='ltr'><strong>qua:</strong></span> <span class='ocrx_word' id='word_1_862' title='bbox 3309 3738 3504 3809; x_wconf 85' lang='lat' dir='ltr'><strong>cogitat</strong></span> <span class='ocrx_word' id='word_1_863' title='bbox 3535 3754 3592 3794; x_wconf 88' lang='lat' dir='ltr'><strong>ea</strong></span> <span class='ocrx_word' id='word_1_864' title='bbox 3619 3750 3710 3809; x_wconf 78' lang='lat' dir='ltr'><strong>qua:</strong></span> <span class='ocrx_word' id='word_1_865' title='bbox 3728 3741 3800 3788; x_wconf 82' lang='lat' dir='ltr'><strong>sunt</strong></span> <span class='ocrx_word' id='word_1_866' title='bbox 3835 3730 3855 3809; x_wconf 33' lang='lat' dir='ltr'><strong>ji</strong></span> 
     </span>
    </p>
   </div>
   <div class='ocr_carea' id='block_1_102' title="bbox 2317 3823 3797 3903">
    <p class='ocr_par' dir='ltr' id='par_1_102' title="bbox 2317 3823 3797 3903">
     <span class='ocr_line' id='line_1_103' title="bbox 2317 3823 3797 3903; baseline 0.007 -23"><span class='ocrx_word' id='word_1_867' title='bbox 2317 3823 2551 3892; x_wconf 92' lang='lat' dir='ltr'><strong>Domini,</strong></span> <span class='ocrx_word' id='word_1_868' title='bbox 2591 3833 2649 3881; x_wconf 94' lang='lat' dir='ltr'><strong>ut</strong></span> <span class='ocrx_word' id='word_1_869' title='bbox 2673 3826 2742 3880; x_wconf 89' lang='lat' dir='ltr'><strong>sit</strong></span> <span class='ocrx_word' id='word_1_870' title='bbox 2767 3837 2952 3884; x_wconf 86' lang='lat' dir='ltr'><strong>sancta</strong></span> <span class='ocrx_word' id='word_1_871' title='bbox 2972 3835 3028 3884; x_wconf 88' lang='lat' dir='ltr'><strong>et</strong></span> <span class='ocrx_word' id='word_1_872' title='bbox 3045 3843 3275 3901; x_wconf 89' lang='lat' dir='ltr'><strong>corpore</strong></span> <span class='ocrx_word' id='word_1_873' title='bbox 3297 3839 3354 3888; x_wconf 88' lang='lat' dir='ltr'><strong>et</strong></span> <span class='ocrx_word' id='word_1_874' title='bbox 3377 3832 3556 3903; x_wconf 90' lang='lat' dir='ltr'><strong>spiritu</strong></span> <span class='ocrx_word' id='word_1_875' title='bbox 3578 3832 3615 3902; x_wconf 90' lang='grc' dir='ltr'><strong>(ι</strong></span> <span class='ocrx_word' id='word_1_876' title='bbox 3639 3830 3724 3886; x_wconf 85' lang='lat' dir='ltr'><strong>Cor.</strong></span> <span class='ocrx_word' id='word_1_877' title='bbox 3745 3841 3797 3890; x_wconf 66' lang='lat' dir='ltr'><strong>nt.</strong></span> 
     </span>
    </p>
   </div>
   <div class='ocr_carea' id='block_1_103' title="bbox 2318 3915 3796 3995">
    <p class='ocr_par' dir='ltr' id='par_1_103' title="bbox 2318 3915 3796 3995">
     <span class='ocr_line' id='line_1_104' title="bbox 2318 3915 3796 3995; baseline -0.001 -23"><span class='ocrx_word' id='word_1_878' title='bbox 2318 3915 2411 3987; x_wconf 67' lang='grc'><strong>54)</strong></span> <span class='ocrx_word' id='word_1_879' title='bbox 2432 3957 2447 3983; x_wconf 89' lang='grc'><strong>,</strong></span> <span class='ocrx_word' id='word_1_880' title='bbox 2478 3931 2602 3973; x_wconf 89' lang='lat' dir='ltr'><strong>cum</strong></span> <span class='ocrx_word' id='word_1_881' title='bbox 2640 3917 2872 3974; x_wconf 90' lang='lat' dir='ltr'><strong>audierit</strong></span> <span class='ocrx_word' id='word_1_882' title='bbox 2910 3919 3276 3990; x_wconf 87' lang='lat' dir='ltr'><strong>impudentem</strong></span> <span class='ocrx_word' id='word_1_883' title='bbox 3305 3923 3450 3979; x_wconf 90' lang='lat' dir='ltr'><strong>illum</strong></span> <span class='ocrx_word' id='word_1_884' title='bbox 3476 3928 3796 3995; x_wconf 67' lang='lat' dir='ltr'><strong>percontatorem</strong></span> 
     </span>
    </p>
   </div>
   <div class='ocr_carea' id='block_1_104' title="bbox 2317 4009 3797 4086">
    <p class='ocr_par' dir='ltr' id='par_1_104' title="bbox 2317 4009 3797 4086">
     <span class='ocr_line' id='line_1_105' title="bbox 2317 4009 3797 4086; baseline 0.003 -20"><span class='ocrx_word' id='word_1_885' title='bbox 2317 4009 2581 4068; x_wconf 90' lang='lat' dir='ltr'><strong>dicentem</strong></span> <span class='ocrx_word' id='word_1_886' title='bbox 2605 4051 2621 4079; x_wconf 95' lang='lat'><strong>,</strong></span> <span class='ocrx_word' id='word_1_887' title='bbox 2647 4011 2731 4067; x_wconf 88' lang='lat' dir='ltr'><strong>Tu</strong></span> <span class='ocrx_word' id='word_1_888' title='bbox 2759 4027 2887 4084; x_wconf 90' lang='lat' dir='ltr'><strong>ergo</strong></span> <span class='ocrx_word' id='word_1_889' title='bbox 2925 4013 3116 4070; x_wconf 92' lang='lat' dir='ltr'><strong>melior</strong></span> <span class='ocrx_word' id='word_1_890' title='bbox 3142 4031 3306 4086; x_wconf 89' lang='lat' dir='ltr'><strong>quam</strong></span> <span class='ocrx_word' id='word_1_891' title='bbox 3348 4018 3513 4075; x_wconf 79' lang='lat' dir='ltr'><strong>Sara?</strong></span> <span class='ocrx_word' id='word_1_892' title='bbox 3549 4013 3797 4086; x_wconf 69' lang='lat' dir='ltr'><strong>respondeat.</strong></span> 
     </span>
    </p>
   </div>
   <div class='ocr_carea' id='block_1_105' title="bbox 2319 4102 3794 4181">
    <p class='ocr_par' dir='ltr' id='par_1_105' title="bbox 2319 4102 3794 4181">
     <span class='ocr_line' id='line_1_106' title="bbox 2319 4102 3794 4181; baseline -0.001 -24"><span class='ocrx_word' id='word_1_893' title='bbox 2319 4102 2431 4173; x_wconf 86' lang='lat' dir='ltr'><strong>Ego</strong></span> <span class='ocrx_word' id='word_1_894' title='bbox 2459 4103 2648 4158; x_wconf 92' lang='lat' dir='ltr'><strong>melior</strong></span> <span class='ocrx_word' id='word_1_895' title='bbox 2675 4119 2816 4171; x_wconf 90' lang='lat' dir='ltr'><strong>sum,</strong></span> <span class='ocrx_word' id='word_1_896' title='bbox 2849 4104 2947 4161; x_wconf 91' lang='lat' dir='ltr'><strong>sed</strong></span> <span class='ocrx_word' id='word_1_897' title='bbox 2975 4105 3041 4161; x_wconf 91' lang='lat' dir='ltr'><strong>iis</strong></span> <span class='ocrx_word' id='word_1_898' title='bbox 3069 4122 3189 4178; x_wconf 86' lang='lat' dir='ltr'><strong>qua:</strong></span> <span class='ocrx_word' id='word_1_899' title='bbox 3218 4109 3416 4166; x_wconf 89' lang='lat' dir='ltr'><strong>virtute</strong></span> <span class='ocrx_word' id='word_1_900' title='bbox 3443 4107 3586 4181; x_wconf 80' lang='lat' dir='ltr'><strong>hujus</strong></span> <span class='ocrx_word' id='word_1_901' title='bbox 3606 4105 3794 4162; x_wconf 79' lang='lat' dir='ltr'><strong>continen-</strong></span> 
     </span>
    </p>
   </div>
   <div class='ocr_carea' id='block_1_106' title="bbox 2318 4194 3793 4270">
    <p class='ocr_par' dir='ltr' id='par_1_106' title="bbox 2318 4194 3793 4270">
     <span class='ocr_line' id='line_1_107' title="bbox 2318 4194 3793 4270; baseline 0 -18"><span class='ocrx_word' id='word_1_902' title='bbox 2318 4198 2404 4254; x_wconf 76' lang='lat' dir='ltr'><strong>tize</strong></span> <span class='ocrx_word' id='word_1_903' title='bbox 2429 4206 2633 4268; x_wconf 90' lang='lat' dir='ltr'><strong>carent,</strong></span> <span class='ocrx_word' id='word_1_904' title='bbox 2664 4198 2806 4270; x_wconf 91' lang='lat' dir='ltr'><strong>quod</strong></span> <span class='ocrx_word' id='word_1_905' title='bbox 2836 4199 2905 4256; x_wconf 91' lang='lat' dir='ltr'><strong>de</strong></span> <span class='ocrx_word' id='word_1_906' title='bbox 2943 4199 3074 4256; x_wconf 84' lang='lat' dir='ltr'><strong>Sara</strong></span> <span class='ocrx_word' id='word_1_907' title='bbox 3120 4217 3226 4258; x_wconf 91' lang='lat' dir='ltr'><strong>non</strong></span> <span class='ocrx_word' id='word_1_908' title='bbox 3269 4203 3432 4260; x_wconf 90' lang='lat' dir='ltr'><strong>credo</strong></span> <span class='ocrx_word' id='word_1_909' title='bbox 3459 4221 3471 4258; x_wconf 92' lang='lat'><strong>:</strong></span> <span class='ocrx_word' id='word_1_910' title='bbox 3500 4203 3610 4258; x_wconf 89' lang='lat' dir='ltr'><strong>fecit</strong></span> <span class='ocrx_word' id='word_1_911' title='bbox 3630 4213 3726 4269; x_wconf 80' lang='lat' dir='ltr'><strong>ergo</strong></span> <span class='ocrx_word' id='word_1_912' title='bbox 3743 4194 3793 4247; x_wconf 70' lang='lat' dir='ltr'><strong>illa</strong></span> 
     </span>
    </p>
   </div>
   <div class='ocr_carea' id='block_1_107' title="bbox 2315 4291 3796 4368">
    <p class='ocr_par' dir='ltr' id='par_1_107' title="bbox 2315 4291 3796 4368">
     <span class='ocr_line' id='line_1_108' title="bbox 2315 4291 3796 4368; baseline -0.001 -22"><span class='ocrx_word' id='word_1_913' title='bbox 2315 4305 2438 4347; x_wconf 92' lang='lat' dir='ltr'><strong>cum</strong></span> <span class='ocrx_word' id='word_1_914' title='bbox 2466 4291 2565 4346; x_wconf 87' lang='lat' dir='ltr'><strong>ista</strong></span> <span class='ocrx_word' id='word_1_915' title='bbox 2591 4291 2788 4348; x_wconf 90' lang='lat' dir='ltr'><strong>virtute</strong></span> <span class='ocrx_word' id='word_1_916' title='bbox 2806 4292 2950 4364; x_wconf 91' lang='lat' dir='ltr'><strong>quod</strong></span> <span class='ocrx_word' id='word_1_917' title='bbox 2990 4294 3068 4349; x_wconf 89' lang='lat' dir='ltr'><strong>illi</strong></span> <span class='ocrx_word' id='word_1_918' title='bbox 3109 4297 3338 4367; x_wconf 88' lang='lat' dir='ltr'><strong>tempori</strong></span> <span class='ocrx_word' id='word_1_919' title='bbox 3364 4295 3712 4368; x_wconf 84' lang='lat' dir='ltr'><strong>congruebat,a</strong></span> <span class='ocrx_word' id='word_1_920' title='bbox 3732 4299 3796 4356; x_wconf 83' lang='lat' dir='ltr'><strong>quo</strong></span> 
     </span>
    </p>
   </div>
   <div class='ocr_carea' id='block_1_108' title="bbox 2315 4380 3796 4459">
    <p class='ocr_par' dir='ltr' id='par_1_108' title="bbox 2315 4380 3796 4459">
     <span class='ocr_line' id='line_1_109' title="bbox 2315 4380 3796 4459; baseline 0.002 -22"><span class='ocrx_word' id='word_1_921' title='bbox 2315 4397 2416 4453; x_wconf 88' lang='lat' dir='ltr'><strong>ego</strong></span> <span class='ocrx_word' id='word_1_922' title='bbox 2439 4397 2560 4439; x_wconf 90' lang='lat' dir='ltr'><strong>sum</strong></span> <span class='ocrx_word' id='word_1_923' title='bbox 2591 4383 2865 4452; x_wconf 91' lang='lat' dir='ltr'><strong>immunis,</strong></span> <span class='ocrx_word' id='word_1_924' title='bbox 2895 4393 2955 4440; x_wconf 92' lang='lat' dir='ltr'><strong>ut</strong></span> <span class='ocrx_word' id='word_1_925' title='bbox 2985 4385 3037 4441; x_wconf 91' lang='lat' dir='ltr'><strong>in</strong></span> <span class='ocrx_word' id='word_1_926' title='bbox 3068 4401 3190 4442; x_wconf 90' lang='lat' dir='ltr'><strong>meo</strong></span> <span class='ocrx_word' id='word_1_927' title='bbox 3215 4387 3376 4444; x_wconf 88' lang='lat' dir='ltr'><strong>etiam</strong></span> <span class='ocrx_word' id='word_1_928' title='bbox 3402 4380 3608 4459; x_wconf 84' lang='lat' dir='ltr'><strong>cerpore</strong></span> <span class='ocrx_word' id='word_1_929' title='bbox 3627 4384 3796 4454; x_wconf 62' lang='lat' dir='ltr'><strong>appareat</strong></span> 
     </span>
    </p>
   </div>
   <div class='ocr_carea' id='block_1_109' title="bbox 2315 4474 3260 4546">
    <p class='ocr_par' dir='ltr' id='par_1_109' title="bbox 2315 4474 3260 4546">
     <span class='ocr_line' id='line_1_110' title="bbox 2315 4474 3260 4546; baseline 0.005 -17"><span class='ocrx_word' id='word_1_930' title='bbox 2315 4474 2456 4546; x_wconf 89' lang='lat' dir='ltr'><strong>quod</strong></span> <span class='ocrx_word' id='word_1_931' title='bbox 2488 4475 2580 4530; x_wconf 89' lang='lat' dir='ltr'><strong>illa</strong></span> <span class='ocrx_word' id='word_1_932' title='bbox 2610 4476 2662 4531; x_wconf 91' lang='lat' dir='ltr'><strong>in</strong></span> <span class='ocrx_word' id='word_1_933' title='bbox 2688 4477 2869 4533; x_wconf 89' lang='lat' dir='ltr'><strong>animo</strong></span> <span class='ocrx_word' id='word_1_934' title='bbox 2888 4479 3260 4536; x_wconf 89' lang='lat' dir='ltr'><strong>conservabat.</strong></span> 
     </span>
    </p>
   </div>
   <div class='ocr_carea' id='block_1_110' title="bbox 2386 4565 3794 4628">
    <p class='ocr_par' dir='ltr' id='par_1_110' title="bbox 2386 4565 3794 4628">
     <span class='ocr_line' id='line_1_111' title="bbox 2386 4565 3794 4628; baseline -0.002 -8"><span class='ocrx_word' id='word_1_935' title='bbox 2386 4565 2612 4622; x_wconf 87' lang='lat' dir='ltr'><strong>CAPUT</strong></span> <span class='ocrx_word' id='word_1_936' title='bbox 2628 4567 2982 4626; x_wconf 73' lang='lat' dir='ltr'><strong>XXlll.—28.</strong></span> <span class='ocrx_word' id='word_1_937' title='bbox 3001 4569 3324 4627; x_wconf 86' lang='lat' dir='ltr'><strong>Continentia</strong></span> <span class='ocrx_word' id='word_1_938' title='bbox 3344 4573 3514 4628; x_wconf 82' lang='lat' dir='ltr'><strong>melior</strong></span> <span class='ocrx_word' id='word_1_939' title='bbox 3525 4570 3711 4626; x_wconf 78' lang='lat' dir='ltr'><strong>castitate</strong></span> <span class='ocrx_word' id='word_1_940' title='bbox 3720 4578 3794 4617; x_wconf 76' lang='lat' dir='ltr'><strong>cot-</strong></span> 
     </span>
    </p>
   </div>
   <div class='ocr_carea' id='block_1_111' title="bbox 2305 4653 3794 4734">
    <p class='ocr_par' dir='ltr' id='par_1_111' title="bbox 2305 4653 3794 4734">
     <span class='ocr_line' id='line_1_112' title="bbox 2305 4653 3794 4734; baseline -0.004 -22"><span class='ocrx_word' id='word_1_941' title='bbox 2305 4657 2478 4729; x_wconf 86' lang='lat' dir='ltr'><strong>jugali</strong></span> <span class='ocrx_word' id='word_1_942' title='bbox 2499 4673 2517 4712; x_wconf 91' lang='lat'><strong><em>:</em></strong></span> <span class='ocrx_word' id='word_1_943' title='bbox 2537 4658 2624 4712; x_wconf 82' lang='lat' dir='ltr'><strong>sed</strong></span> <span class='ocrx_word' id='word_1_944' title='bbox 2667 4670 2876 4730; x_wconf 85' lang='lat' dir='ltr'><strong>possunt</strong></span> <span class='ocrx_word' id='word_1_945' title='bbox 2912 4663 3170 4734; x_wconf 87' lang='lat' dir='ltr'><strong>conjugati</strong></span> <span class='ocrx_word' id='word_1_946' title='bbox 3197 4679 3305 4718; x_wconf 83' lang='lat' dir='ltr'><strong>esse</strong></span> <span class='ocrx_word' id='word_1_947' title='bbox 3331 4660 3663 4719; x_wconf 83' lang='lat' dir='ltr'><strong>continentibus</strong></span> <span class='ocrx_word' id='word_1_948' title='bbox 3681 4653 3794 4709; x_wconf 75' lang='lat' dir='ltr'><strong>mlio-</strong></span> 
     </span>
    </p>
   </div>
   <div class='ocr_carea' id='block_1_112' title="bbox 2315 4741 3794 4824">
    <p class='ocr_par' dir='ltr' id='par_1_112' title="bbox 2315 4741 3794 4824">
     <span class='ocr_line' id='line_1_113' title="bbox 2315 4741 3794 4824; baseline -0.002 -22"><span class='ocrx_word' id='word_1_949' title='bbox 2315 4764 2414 4804; x_wconf 86' lang='lat' dir='ltr'><strong>res.</strong></span> <span class='ocrx_word' id='word_1_950' title='bbox 2451 4747 2760 4804; x_wconf 77' lang='lat' dir='ltr'><strong>Obedienlia:</strong></span> <span class='ocrx_word' id='word_1_951' title='bbox 2795 4749 2980 4804; x_wconf 84' lang='lat' dir='ltr'><strong>bonum</strong></span> <span class='ocrx_word' id='word_1_952' title='bbox 3012 4753 3179 4822; x_wconf 85' lang='lat' dir='ltr'><strong>majus</strong></span> <span class='ocrx_word' id='word_1_953' title='bbox 3212 4770 3363 4824; x_wconf 87' lang='lat' dir='ltr'><strong>quam</strong></span> <span class='ocrx_word' id='word_1_954' title='bbox 3397 4741 3794 4808; x_wconf 62' lang='lat' dir='ltr'><strong>continentia..0k-</strong></span> 
     </span>
    </p>
   </div>
   <div class='ocr_carea' id='block_1_113' title="bbox 2315 4833 3793 4918">
    <p class='ocr_par' dir='ltr' id='par_1_113' title="bbox 2315 4833 3793 4918">
     <span class='ocr_line' id='line_1_114' title="bbox 2315 4833 3793 4918; baseline 0.001 -21"><span class='ocrx_word' id='word_1_955' title='bbox 2315 4843 2533 4898; x_wconf 84' lang='lat' dir='ltr'><strong>dientior</strong></span> <span class='ocrx_word' id='word_1_956' title='bbox 2567 4845 2839 4916; x_wconf 87' lang='lat' dir='ltr'><strong>conjugata</strong></span> <span class='ocrx_word' id='word_1_957' title='bbox 2868 4845 3034 4900; x_wconf 87' lang='lat' dir='ltr'><strong>minus</strong></span> <span class='ocrx_word' id='word_1_958' title='bbox 3060 4846 3310 4902; x_wconf 84' lang='lat' dir='ltr'><strong>obedienti</strong></span> <span class='ocrx_word' id='word_1_959' title='bbox 3334 4847 3505 4918; x_wconf 78' lang='lat' dir='ltr'><strong>virgini</strong></span> <span class='ocrx_word' id='word_1_960' title='bbox 3526 4833 3793 4916; x_wconf 70' lang='grc' dir='ltr'><strong>ρνωροπεηάασ</strong></span> 
     </span>
    </p>
   </div>
   <div class='ocr_carea' id='block_1_114' title="bbox 2319 4918 3794 5006">
    <p class='ocr_par' dir='ltr' id='par_1_114' title="bbox 2319 4918 3794 5006">
     <span class='ocr_line' id='line_1_115' title="bbox 2319 4918 3794 5006; baseline -0.003 -16"><span class='ocrx_word' id='word_1_961' title='bbox 2319 4934 2614 4990; x_wconf 86' lang='lat' dir='ltr'><strong>Obedientia</strong></span> <span class='ocrx_word' id='word_1_962' title='bbox 2642 4946 2802 4990; x_wconf 88' lang='lat' dir='ltr'><strong>mater</strong></span> <span class='ocrx_word' id='word_1_963' title='bbox 2825 4936 3049 4990; x_wconf 87' lang='lat' dir='ltr'><strong>omnium</strong></span> <span class='ocrx_word' id='word_1_964' title='bbox 3075 4939 3328 4993; x_wconf 83' lang='lat' dir='ltr'><strong>virtutum.</strong></span> <span class='ocrx_word' id='word_1_965' title='bbox 3356 4939 3461 4994; x_wconf 82' lang='lat' dir='ltr'><strong>Res</strong></span> <span class='ocrx_word' id='word_1_966' title='bbox 3499 4949 3612 5006; x_wconf 83' lang='lat' dir='ltr'><strong>ergo</strong></span> <span class='ocrx_word' id='word_1_967' title='bbox 3638 4932 3743 5002; x_wconf 73' lang='lat' dir='ltr'><strong>ipsas</strong></span> <span class='ocrx_word' id='word_1_968' title='bbox 3767 4918 3794 4974; x_wconf 73' lang='grc' dir='ltr'>εί</span> 
     </span>
    </p>
   </div>
   <div class='ocr_carea' id='block_1_115' title="bbox 2313 5020 3792 5098">
    <p class='ocr_par' dir='ltr' id='par_1_115' title="bbox 2313 5020 3792 5098">
     <span class='ocr_line' id='line_1_116' title="bbox 2313 5020 3792 5098; baseline -0.007 -16"><span class='ocrx_word' id='word_1_969' title='bbox 2313 5040 2684 5098; x_wconf 88' lang='lat' dir='ltr'><strong>comparemus</strong></span> <span class='ocrx_word' id='word_1_970' title='bbox 2707 5067 2722 5094; x_wconf 94' lang='lat'><strong>,</strong></span> <span class='ocrx_word' id='word_1_971' title='bbox 2759 5027 2907 5083; x_wconf 90' lang='lat' dir='ltr'><strong>nullo</strong></span> <span class='ocrx_word' id='word_1_972' title='bbox 2935 5027 3097 5084; x_wconf 92' lang='lat' dir='ltr'><strong>modo</strong></span> <span class='ocrx_word' id='word_1_973' title='bbox 3121 5028 3462 5086; x_wconf 89' lang='lat' dir='ltr'><strong>dubitandum</strong></span> <span class='ocrx_word' id='word_1_974' title='bbox 3489 5036 3565 5084; x_wconf 89' lang='lat' dir='ltr'><strong>est</strong></span> <span class='ocrx_word' id='word_1_975' title='bbox 3599 5020 3792 5081; x_wconf 74' lang='lat' dir='ltr'><strong>meliorem</strong></span> 
     </span>
    </p>
   </div>
   <div class='ocr_carea' id='block_1_116' title="bbox 2315 5107 3791 5195">
    <p class='ocr_par' dir='ltr' id='par_1_116' title="bbox 2315 5107 3791 5195">
     <span class='ocr_line' id='line_1_117' title="bbox 2315 5107 3791 5195; baseline -0.003 -19"><span class='ocrx_word' id='word_1_976' title='bbox 2315 5134 2434 5176; x_wconf 91' lang='lat' dir='ltr'><strong>esse</strong></span> <span class='ocrx_word' id='word_1_977' title='bbox 2460 5121 2758 5177; x_wconf 90' lang='lat' dir='ltr'><strong>castitatem</strong></span> <span class='ocrx_word' id='word_1_978' title='bbox 2783 5121 3125 5179; x_wconf 87' lang='lat' dir='ltr'><strong>continentia:</strong></span> <span class='ocrx_word' id='word_1_979' title='bbox 3154 5139 3313 5195; x_wconf 85' lang='lat' dir='ltr'><strong>quam</strong></span> <span class='ocrx_word' id='word_1_980' title='bbox 3337 5123 3610 5180; x_wconf 86' lang='lat' dir='ltr'><strong>castitatem</strong></span> <span class='ocrx_word' id='word_1_981' title='bbox 3649 5107 3791 5181; x_wconf 44' lang='lat' dir='ltr'><strong>nupti?</strong></span> 
     </span>
    </p>
   </div>
   <div class='ocr_carea' id='block_1_117' title="bbox 2313 5209 3791 5286">
    <p class='ocr_par' dir='ltr' id='par_1_117' title="bbox 2313 5209 3791 5286">
     <span class='ocr_line' id='line_1_118' title="bbox 2313 5209 3791 5286; baseline -0.005 -18"><span class='ocrx_word' id='word_1_982' title='bbox 2313 5211 2440 5280; x_wconf 87' lang='lat' dir='ltr'><strong>lem,</strong></span> <span class='ocrx_word' id='word_1_983' title='bbox 2473 5227 2595 5268; x_wconf 91' lang='lat' dir='ltr'><strong>cum</strong></span> <span class='ocrx_word' id='word_1_984' title='bbox 2621 5219 2801 5270; x_wconf 91' lang='lat' dir='ltr'><strong>tamen</strong></span> <span class='ocrx_word' id='word_1_985' title='bbox 2823 5222 3108 5286; x_wconf 88' lang='lat' dir='ltr'><strong>utrumque</strong></span> <span class='ocrx_word' id='word_1_986' title='bbox 3132 5217 3205 5271; x_wconf 87' lang='lat' dir='ltr'><strong>sit</strong></span> <span class='ocrx_word' id='word_1_987' title='bbox 3231 5216 3424 5272; x_wconf 91' lang='lat' dir='ltr'><strong>bonum</strong></span> <span class='ocrx_word' id='word_1_988' title='bbox 3453 5233 3467 5269; x_wconf 88' lang='lat'><strong>:</strong></span> <span class='ocrx_word' id='word_1_989' title='bbox 3496 5210 3696 5268; x_wconf 87' lang='lat' dir='ltr'><strong>homines</strong></span> <span class='ocrx_word' id='word_1_990' title='bbox 3713 5209 3791 5253; x_wconf 64' lang='lat' dir='ltr'><strong>vero</strong></span> 
     </span>
    </p>
   </div>
   <div class='ocr_carea' id='block_1_118' title="bbox 2313 5291 3790 5381">
    <p class='ocr_par' dir='ltr' id='par_1_118' title="bbox 2313 5291 3790 5381">
     <span class='ocr_line' id='line_1_119' title="bbox 2313 5291 3790 5381; baseline 0.002 -19"><span class='ocrx_word' id='word_1_991' title='bbox 2313 5319 2434 5362; x_wconf 88' lang='lat' dir='ltr'><strong>cum</strong></span> <span class='ocrx_word' id='word_1_992' title='bbox 2459 5320 2832 5378; x_wconf 86' lang='lat' dir='ltr'><strong>comparamus</strong></span> <span class='ocrx_word' id='word_1_993' title='bbox 2855 5349 2871 5376; x_wconf 92' lang='lat'><strong>,</strong></span> <span class='ocrx_word' id='word_1_994' title='bbox 2905 5309 2992 5365; x_wconf 88' lang='lat' dir='ltr'><strong>ille</strong></span> <span class='ocrx_word' id='word_1_995' title='bbox 3013 5318 3096 5366; x_wconf 90' lang='lat' dir='ltr'><strong>est</strong></span> <span class='ocrx_word' id='word_1_996' title='bbox 3118 5310 3306 5366; x_wconf 90' lang='lat' dir='ltr'><strong>melior</strong></span> <span class='ocrx_word' id='word_1_997' title='bbox 3327 5310 3414 5381; x_wconf 90' lang='lat' dir='ltr'><strong>qui</strong></span> <span class='ocrx_word' id='word_1_998' title='bbox 3433 5309 3609 5364; x_wconf 88' lang='lat' dir='ltr'><strong>bonum</strong></span> <span class='ocrx_word' id='word_1_999' title='bbox 3632 5291 3790 5365; x_wconf 66' lang='lat' dir='ltr'><strong>ampli“</strong></span> 
     </span>
    </p>
   </div>
   <div class='ocr_carea' id='block_1_119' title="bbox 2312 5394 3788 5473">
    <p class='ocr_par' dir='ltr' id='par_1_119' title="bbox 2312 5394 3788 5473">
     <span class='ocr_line' id='line_1_120' title="bbox 2312 5394 3788 5473; baseline -0.003 -20"><span class='ocrx_word' id='word_1_1000' title='bbox 2312 5414 2470 5471; x_wconf 87' lang='lat' dir='ltr'><strong>quam</strong></span> <span class='ocrx_word' id='word_1_1001' title='bbox 2496 5398 2631 5454; x_wconf 90' lang='lat' dir='ltr'><strong>alius</strong></span> <span class='ocrx_word' id='word_1_1002' title='bbox 2659 5397 2839 5456; x_wconf 89' lang='lat' dir='ltr'><strong>habet.</strong></span> <span class='ocrx_word' id='word_1_1003' title='bbox 2879 5400 3048 5457; x_wconf 87' lang='lat' dir='ltr'><strong>Porro</strong></span> <span class='ocrx_word' id='word_1_1004' title='bbox 3074 5402 3163 5473; x_wconf 89' lang='lat' dir='ltr'><strong>qui</strong></span> <span class='ocrx_word' id='word_1_1005' title='bbox 3188 5402 3411 5473; x_wconf 89' lang='lat' dir='ltr'><strong>amplius</strong></span> <span class='ocrx_word' id='word_1_1006' title='bbox 3443 5395 3650 5469; x_wconf 88' lang='lat' dir='ltr'><strong>ejusdem</strong></span> <span class='ocrx_word' id='word_1_1007' title='bbox 3683 5394 3788 5457; x_wconf 73' lang='grc' dir='ltr'><strong>εθηε·</strong></span> 
     </span>
    </p>
   </div>
   <div class='ocr_carea' id='block_1_120' title="bbox 2313 5485 3787 5566">
    <p class='ocr_par' dir='ltr' id='par_1_120' title="bbox 2313 5485 3787 5566">
     <span class='ocr_line' id='line_1_121' title="bbox 2313 5485 3787 5566; baseline -0.004 -18"><span class='ocrx_word' id='word_1_1008' title='bbox 2313 5493 2388 5548; x_wconf 93' lang='lat' dir='ltr'><strong>ris</strong></span> <span class='ocrx_word' id='word_1_1009' title='bbox 2433 5491 2631 5560; x_wconf 89' lang='lat' dir='ltr'><strong>habet,</strong></span> <span class='ocrx_word' id='word_1_1010' title='bbox 2675 5504 2730 5550; x_wconf 92' lang='lat' dir='ltr'><strong>et</strong></span> <span class='ocrx_word' id='word_1_1011' title='bbox 2760 5493 2811 5549; x_wconf 92' lang='lat' dir='ltr'><strong>id</strong></span> <span class='ocrx_word' id='word_1_1012' title='bbox 2855 5494 2998 5566; x_wconf 92' lang='lat' dir='ltr'><strong>quod</strong></span> <span class='ocrx_word' id='word_1_1013' title='bbox 3027 5496 3203 5550; x_wconf 91' lang='lat' dir='ltr'><strong>minus</strong></span> <span class='ocrx_word' id='word_1_1014' title='bbox 3228 5503 3309 5550; x_wconf 89' lang='lat' dir='ltr'><strong>est</strong></span> <span class='ocrx_word' id='word_1_1015' title='bbox 3346 5493 3532 5548; x_wconf 87' lang='lat' dir='ltr'><strong>habet:</strong></span> <span class='ocrx_word' id='word_1_1016' title='bbox 3558 5485 3632 5558; x_wconf 88' lang='lat' dir='ltr'><strong>qui</strong></span> <span class='ocrx_word' id='word_1_1017' title='bbox 3669 5485 3787 5533; x_wconf 67' lang='grc' dir='ltr'><strong>ιυιαη</strong></span> 
     </span>
    </p>
   </div>
   <div class='ocr_carea' id='block_1_121' title="bbox 2316 5575 3786 5656">
    <p class='ocr_par' dir='ltr' id='par_1_121' title="bbox 2316 5575 3786 5656">
     <span class='ocr_line' id='line_1_122' title="bbox 2316 5575 3786 5656; baseline -0.011 -16"><span class='ocrx_word' id='word_1_1018' title='bbox 2316 5584 2683 5641; x_wconf 89' lang='lat' dir='ltr'><strong>tantummodo</strong></span> <span class='ocrx_word' id='word_1_1019' title='bbox 2721 5585 2864 5656; x_wconf 91' lang='lat' dir='ltr'><strong>quod</strong></span> <span class='ocrx_word' id='word_1_1020' title='bbox 2889 5587 3065 5643; x_wconf 89' lang='lat' dir='ltr'><strong>minus</strong></span> <span class='ocrx_word' id='word_1_1021' title='bbox 3089 5595 3171 5643; x_wconf 90' lang='lat' dir='ltr'><strong>est</strong></span> <span class='ocrx_word' id='word_1_1022' title='bbox 3194 5585 3382 5655; x_wconf 89' lang='lat' dir='ltr'><strong>habet,</strong></span> <span class='ocrx_word' id='word_1_1023' title='bbox 3413 5583 3460 5639; x_wconf 89' lang='lat' dir='ltr'><strong>id</strong></span> <span class='ocrx_word' id='word_1_1024' title='bbox 3487 5575 3609 5652; x_wconf 91' lang='lat' dir='ltr'><strong>quod</strong></span> <span class='ocrx_word' id='word_1_1025' title='bbox 3629 5576 3692 5629; x_wconf 87' lang='lat' dir='ltr'><strong>est</strong></span> <span class='ocrx_word' id='word_1_1026' title='bbox 3709 5576 3786 5619; x_wconf 70' lang='grc' dir='ltr'><strong>οω-</strong></span> 
     </span>
    </p>
   </div>
   <div class='ocr_carea' id='block_1_122' title="bbox 2315 5698 3786 5837">
    <p class='ocr_par' dir='ltr' id='par_1_122' title="bbox 2315 5698 3786 5837">
     <span class='ocr_line' id='line_1_123' title="bbox 2315 5698 3786 5837; baseline 0.001 -65"><span class='ocrx_word' id='word_1_1027' title='bbox 2315 5724 2405 5836; x_wconf 64' lang='lat' dir='ltr'><strong>Msis</strong></span> <span class='ocrx_word' id='word_1_1028' title='bbox 2419 5723 2506 5836; x_wconf 55' lang='lat'><strong>[2(1),</strong></span> <span class='ocrx_word' id='word_1_1029' title='bbox 2507 5722 2648 5837; x_wconf 48' lang='grc' dir='ltr'><strong>ἕξιιά</strong></span> <span class='ocrx_word' id='word_1_1030' title='bbox 2677 5729 2789 5775; x_wconf 84' lang='lat' dir='ltr'><strong>Lov.</strong></span> <span class='ocrx_word' id='word_1_1031' title='bbox 2820 5722 3028 5791; x_wconf 80' lang='lat' dir='ltr'><strong>additur,</strong></span> <span class='ocrx_word' id='word_1_1032' title='bbox 3043 5722 3095 5795; x_wconf 86' lang='lat' dir='ltr'><strong>in</strong></span> <span class='ocrx_word' id='word_1_1033' title='bbox 3127 5737 3268 5790; x_wconf 85' lang='lat' dir='ltr'><strong>opere</strong></span> <span class='ocrx_word' id='word_1_1034' title='bbox 3302 5721 3429 5786; x_wconf 80' lang='lat' dir='ltr'><strong>ejus;</strong></span> <span class='ocrx_word' id='word_1_1035' title='bbox 3466 5713 3581 5785; x_wconf 71' lang='lat' dir='ltr'><strong>Quod</strong></span> <span class='ocrx_word' id='word_1_1036' title='bbox 3605 5709 3656 5762; x_wconf 65' lang='lat' dir='ltr'><strong>ab</strong></span> <span class='ocrx_word' id='word_1_1037' title='bbox 3677 5710 3732 5754; x_wconf 57' lang='grc' dir='ltr'><strong>Β·</strong></span> <span class='ocrx_word' id='word_1_1038' title='bbox 3753 5698 3786 5754; x_wconf 55' lang='grc' dir='ltr'><strong>θλ</strong></span> 
     </span>
    </p>
   </div>
  </div>
