3882 6286
123 372 209 431 395

1492 336 1697 392 LIBER
1733 333 1933 391 UNUS.

3252 333 3359 392 394

122 481 233 554 plius
256 485 349 528 non
381 466 556 535 utique
585 460 757 517 habet.
782 456 841 512 In
868 453 1143 524 sexaginta
1168 451 1310 507 enim
1336 455 1457 503 sunt
1481 454 1535 502 et
1559 446 1655 500 tri-
1759 443 2036 515 juberetur
2058 480 2074 507 ,
2103 438 2345 495 audiret?
2373 438 2524 495 Unde
2550 452 2654 494 non
2684 439 2877 495 frustra
2911 453 3055 511 saepe
3094 441 3354 500 miramur

120 537 236 644 ginta
254 606 267 630 ,
290 576 385 621 non
412 558 463 612 in
494 554 705 624 triginta
743 556 864 605 sunt
890 555 945 602 et
972 544 1268 644 sexaginta.
1296 537 1654 644 Nonnoperari

121 630 264 719 autem
295 670 354 710 ex
381 665 444 707 eo
471 646 612 719 quod
639 644 830 709 habet,
870 641 923 696 in
952 635 1327 694 distributione
1356 630 1654 687 ofﬁciorum

120 751 307 825 positum
332 748 427 805 εει,
453 755 559 794 non
590 738 642 791 in
671 739 908 805 egestate
927 730 1183 785 virtutum
1215 724 1371 825 :quia
1392 736 1492 777 nec
1514 721 1657 825 bono

120 812 446 899 misericordiae
484 838 661 893 caret,
690 826 779 896 qui
809 838 915 878 non
953 818 1157 876 invenit
1195 815 1422 872 miseros
1464 812 1658 883 quibus

119 931 253 1006 possit
276 920 677 983 misericorditer
710 913 1012 973 subvenire.

173 1021 246 1075 29.
273 1017 377 1072 Huc
398 1011 602 1069 accedit
622 1009 744 1080 quia
771 1022 876 1061 non
901 1012 1047 1059 recte
1076 1006 1454 1071 comparantur
1481 994 1659 1051 homi-

120 1129 194 1170 nes
211 1107 491 1166 hominibus
517 1118 586 1158 ex
615 1116 720 1157 uno
749 1099 926 1168 aliquo
957 1096 1119 1150 bono.
1146 1092 1288 1147 Fieri
1313 1091 1455 1147 enim
1484 1094 1662 1159 potest

120 1218 165 1263 ut
192 1204 307 1259 alius
346 1214 449 1255 non
494 1195 689 1249 habeat
729 1188 928 1261 aliquid
968 1185 1110 1258 quod
1149 1185 1286 1239 alius
1331 1182 1525 1245 habet,
1567 1177 1662 1235 sed

121 1295 232 1354 aliud
256 1292 432 1349 habeat
457 1287 602 1359 quod
624 1284 791 1356 pluris
811 1278 1191 1337 aestimandum
1209 1283 1310 1331 est.
1330 1273 1497 1344 Majas
1518 1271 1661 1326 enim
1702 1315 1707 1319 .

124 1392 277 1447 bonum
298 1392 374 1440 est
390 1378 713 1437 obedientia:
733 1388 890 1445 quam
914 1368 1277 1427 continentiae.
1297 1365 1428 1420 Nam
1453 1378 1661 1419 connu-

130 1483 240 1539 bium
270 1488 519 1545 nusquam
568 1478 873 1525 nostrarum
911 1462 1306 1532 Scripturarum
1346 1456 1663 1545 auctoritate

131 1544 391 1635 damnatur,
416 1561 781 1621 inobedientia
811 1571 939 1612 vero
969 1568 1229 1624 nusquam
1262 1548 1573 1605 absolvitur.
1606 1544 1663 1601 Si

125 1681 223 1739 ergo
252 1668 567 1736 proponatur
595 1657 742 1725 virgo
792 1661 1175 1723 permansura,
1215 1642 1310 1699 sed
1354 1650 1529 1695 tamen
1584 1638 1665 1692 in-

123 1756 330 1816 obediens
347 1794 363 1821 ,
390 1760 443 1808 et
464 1748 715 1805 maritata
740 1758 857 1815 quae
887 1742 1034 1811 virgo
1062 1747 1382 1808 permanere
1404 1747 1510 1786 non
1543 1743 1668 1801 pos-

123 1859 212 1917 set,
234 1846 317 1903 sed
343 1854 522 1900 tamen
553 1839 843 1901 obediens,
875 1847 1031 1903 quam
1060 1829 1339 1884 meliorem
1384 1821 1667 1879 dicamus?

124 1916 260 1999 Minus
282 1936 602 1995 laudabilem
627 1946 787 2003 quam
829 1927 875 1983 si
912 1927 1061 1996 virgo
1085 1930 1265 1989 esset,
1299 1935 1365 1973 an
1392 1916 1672 1973 damnabi-

122 2037 202 2091 lem
219 2035 341 2089 sicut
365 2031 516 2100 virgo
537 2026 663 2082 est?
689 2025 763 2079 lta
786 2021 832 2075 si
852 2018 1099 2075 conferas
1119 2015 1387 2071 ebriosam
1409 2010 1667 2080 virginem

123 2125 277 2182 sobria:
300 2121 617 2190 coujugatee,
649 2114 767 2184 quis
792 2110 1001 2165 dubitet
1024 2105 1267 2162 eamdem
1290 2103 1432 2157 ferre
1451 2108 1670 2154 senten-

122 2216 253 2275 tiam?
286 2213 488 2285 Nuptia:
520 2211 721 2280 quippe
758 2214 813 2259 et
851 2201 1122 2272 virginitas
1165 2197 1274 2251 duo
1321 2196 1459 2249 bona
1504 2200 1669 2285 sunt,

123 2324 309 2381 quorum
349 2284 580 2359 alterum
608 2300 776 2368 majus
807 2314 818 2350 :
853 2293 1111 2349 sobrietas
1150 2297 1326 2344 autem
1354 2294 1409 2342 et
1446 2284 1671 2341 ebriosi-

122 2416 213 2473 tas,
236 2403 359 2459 sicut
381 2394 687 2454 obedientia
718 2399 771 2447 et
796 2386 1129 2445 contumacia
1149 2423 1164 2449 ,
1197 2382 1287 2437 illa
1325 2381 1463 2436 bona
1505 2384 1670 2473 sunt,

125 2468 214 2552 hac
240 2494 385 2550 mala.
431 2489 623 2545 Melius
654 2494 733 2540 est
762 2492 938 2537 autem
979 2477 1176 2532 habere
1204 2474 1380 2529 omnia
1423 2473 1558 2525 bona
1587 2468 1673 2523 vel

126 2589 327 2651 minora,
368 2595 525 2652 quam
573 2590 822 2646 magnum
858 2573 1057 2627 bonum
1101 2582 1222 2622 cum
1265 2578 1459 2634 magno
1487 2561 1626 2616 malo
1659 2578 1672 2614 :

126 2681 221 2751 quia
259 2687 310 2733 et
348 2651 400 2730 in
442 2672 690 2742 corporis
731 2667 883 2722 bouis
911 2663 1104 2718 melius
1127 2670 1210 2715 est
1239 2658 1436 2712 habere
1464 2651 1676 2708 Zachaei

128 2748 344 2829 staturam
370 2784 490 2824 cum
518 2764 772 2827 sanitate,
804 2773 963 2829 quam
994 2755 1161 2812 Goliae
1188 2765 1309 2806 cum
1331 2748 1497 2803 febre.

181 2865 257 2920 50.
284 2863 439 2917 Recte
466 2858 628 2929 plane
654 2852 944 2924 quaeritur,
990 2861 1098 2901 non
1143 2852 1318 2898 utrum
1358 2836 1680 2929 omnimodis

128 2956 401 3012 inobedicns
426 2927 583 3020 virgo
602 2946 897 3014 conjugatze
923 2935 1213 3000 obedienti,
1242 2932 1336 2988 sed
1357 2931 1533 2985 minus
1553 2927 1680 2982 obe-

131 3050 253 3103 diens
279 3041 625 3100 obedientiori
653 3032 1008 3105 comparanda
1033 3032 1121 3094 sit;
1149 3027 1271 3097 quia
1292 3034 1345 3080 et
1361 3024 1450 3077 illa
1473 3021 1683 3090 nuptia-

132 3140 181 3193 lis
204 3138 400 3193 castitas
428 3142 511 3189 est
533 3175 547 3196 ,
579 3140 633 3185 ct
662 3129 783 3183 ideo
807 3126 1006 3180 bonum
1031 3131 1147 3188 est,
1178 3118 1271 3174 sed
1314 3117 1487 3169 minor
1524 3126 1682 3183 quam

136 3231 391 3304 virginalis.
429 3228 606 3282 Tanto
647 3236 774 3292 ergo
822 3219 997 3273 minor
1037 3215 1090 3269 in
1136 3214 1278 3267 bono
1326 3208 1681 3274 obedientim,

137 3302 299 3398 quanto
318 3323 482 3394 major
510 3322 568 3375 in
593 3319 734 3373 bono
761 3312 1019 3369 castitatis
1036 3349 1053 3377 ,
1089 3308 1134 3362 si
1162 3308 1326 3361 altera
1353 3302 1509 3358 alteri
1534 3316 1685 3356 com-

138 3396 354 3490 paretur,
402 3431 521 3488 qua:
582 3407 934 3483 praeponenda
977 3405 1048 3460 sit
1086 3401 1322 3473 judicat,
1374 3398 1461 3467 qui
1517 3396 1687 3490 primo

140 3487 277 3582 ipsam
317 3487 612 3565 castitatem
658 3513 712 3560 et
755 3500 1111 3558 obedientiam
1152 3506 1466 3561 comparans
1490 3530 1504 3556 ,
1544 3487 1689 3543 videt

140 3609 341 3664 omnium
369 3606 627 3661 virtutum
655 3599 882 3672 quodam
930 3593 1091 3649 modo
1135 3600 1359 3646 matrem
1398 3601 1518 3643 esse
1555 3583 1687 3638 obe-

142 3704 379 3761 dientiam.
409 3702 487 3756 Ac
516 3712 612 3770 per
635 3698 736 3749 hoc
756 3693 875 3748 ideo
906 3695 1081 3762 potest
1097 3700 1217 3741 esse
1242 3681 1542 3739 obedientia
1573 3680 1688 3733 sine

144 3795 407 3865 virginitate
432 3835 446 3858 ,
478 3789 605 3862 quia
636 3784 907 3857 virginitas
936 3797 1001 3836 ex
1045 3777 1271 3833 consilio
1310 3782 1429 3842 est,
1474 3786 1577 3827 non
1624 3785 1691 3826 ex

148 3894 399 3955 praecepto.
428 3878 798 3938 Ohedientiam
830 3887 955 3928 vero
985 3870 1129 3925 illam
1170 3867 1321 3932 dico,
1352 3879 1457 3935 qua
1491 3876 1694 3934 praece-

148 3978 232 4048 ptis
265 3978 671 4046 obtemperatur.
712 3968 938 4037 Ideoque
980 3961 1278 4018 obedientia
1309 3964 1694 4028 praeceptorum

150 4070 244 4129 sine
260 4069 551 4140 virginitate
580 4062 791 4135 quidem
821 4068 1016 4131 potest,
1042 4055 1136 4111 sed
1166 4055 1281 4109 sine
1305 4051 1547 4107 castitate
1574 4063 1694 4104 esse

153 4175 239 4216 non
259 4168 437 4231 potest.
460 4158 544 4215 Ad
576 4156 871 4211 castitatem
898 4163 1127 4219 namque
1151 4145 1381 4217 pertinet
1404 4160 1508 4198 non
1531 4142 1696 4198 forni-

154 4254 261 4319 cari,
288 4267 388 4307 non
415 4248 694 4313 mcechari,
717 4244 862 4300 nullo
892 4242 1075 4296 illicito
1094 4237 1377 4295 concubitu
1398 4234 1652 4289 maculari
1680 4249 1695 4287 :

156 4361 252 4415 qua:
274 4346 354 4417 qui
378 4360 481 4401 non
507 4342 824 4403 observant,
847 4344 1029 4391 contra
1054 4340 1320 4405 praecepta
1350 4329 1440 4383 Dei
1471 4326 1695 4390 faciunt,

158 4447 202 4491 et
231 4437 291 4493 ob
316 4437 412 4493 hoc
430 4438 681 4493 extorres
709 4437 833 4486 sunt
858 4442 888 4482 a
929 4428 1126 4481 virtute
1164 4421 1499 4479 obedientiae.
1528 4417 1697 4488 Virgi.

160 4530 274 4586 nitas
307 4538 474 4586 autem
518 4533 797 4597 propterea
838 4527 1013 4592 potest
1054 4530 1173 4573 esse
1212 4515 1328 4570 sine
1356 4511 1658 4568 obedientia
1683 4549 1698 4576 ,

163 4624 261 4693 quia
282 4632 447 4694 poteSt
489 4620 685 4675 femina
730 4614 953 4671 consilio
984 4607 1302 4680 virginitatis
1341 4612 1559 4674 accepto
1582 4643 1598 4671 ,
1650 4609 1705 4657 et

166 4713 390 4768 custodita
422 4710 754 4782 virginitate,
806 4709 1069 4775 praecepta
1115 4707 1459 4754 contemnere
1506 4710 1519 4746 :
1567 4694 1707 4746 sicut

169 4804 330 4858 multas
356 4818 525 4861 sacras
565 4800 799 4871 virgines
823 4796 1070 4853 novimus
1107 4790 1393 4854 verbosas,
1431 4786 1704 4853 curiosas,

172 4896 406 4963 cbriosas,
439 4897 728 4968 litigiosas,
768 4904 987 4954 avaras,
1031 4883 1320 4955 superbas:
1370 4894 1489 4948 quae
1531 4877 1709 4932 omnia

174 4999 328 5044 contra
348 4998 604 5061 praecepta
632 4993 786 5051 sunt,
831 4992 885 5037 ct
928 4981 1065 5035 sicut
1106 4978 1274 5047 ipsam
1318 4972 1483 5027 Evam
1522 4969 1710 5023 inobe-

178 5079 355 5137 dientiaa
400 5083 616 5138 crimine
664 5075 931 5132 occidunt.
987 5072 1323 5140 Quapropter
1375 5078 1479 5119 nou
1539 5061 1711 5116 solum

180 5171 397 5229 obediens
423 5170 761 5235 inobedienti,
805 5165 897 5221 sed
926 5160 1258 5219 obedientior
1298 5156 1575 5225 conjugata
1614 5149 1715 5205 mi-

184 5278 266 5320 nus
282 5265 525 5322 obedienti
550 5261 741 5334 virgini
768 5254 1121 5329 prmponenda
1152 5258 1253 5306 est.

242 5357 322 5413 3|.
346 5359 417 5412 Ex
442 5357 534 5414 hac
560 5352 860 5412 obedientia
881 5360 1029 5420 pater
1054 5345 1141 5400 ille
1168 5343 1258 5413 qui
1279 5342 1393 5395 sine
1418 5353 1584 5394 uxore
1609 5350 1715 5391 non

189 5448 283 5515 fuit,
299 5467 403 5507 esse
422 5454 525 5509 sine
550 5451 709 5507 unico
730 5446 838 5501 ﬁlio
862 5452 915 5499 et
939 5458 969 5497 a
993 5456 1053 5496 se
1076 5439 1253 5494 occiso
1269 5443 1481 5507 paratus
1503 5431 1600 5485 fuit
1615 5427 1716 5501 (a).

193 5541 384 5601 Unicum
402 5547 530 5601 enim
569 5560 676 5599 non
704 5537 970 5595 immerito
996 5531 1220 5588 dixerim
1243 5572 1255 5595 ,
1297 5528 1363 5582 de
1392 5540 1495 5595 quo
1522 5521 1722 5577 audivit

197 5649 223 5691 a
238 5636 454 5705 Domino,
474 5638 533 5692 In
553 5636 701 5692 Isaac
718 5631 973 5688 vocabitur
998 5626 1085 5679 tibi
1107 5640 1271 5679 semen
1294 5619 1443 5693 (Gen.
1471 5634 1578 5681 XXI,
1604 5613 1718 5683 12).

200 5728 377 5795 Quanto
399 5747 511 5803 ergo
532 5730 683 5787 citius
708 5771 724 5793 ,
753 5734 809 5779 ut
835 5724 995 5778 etiam
1023 5721 1137 5775 sine
1165 5731 1325 5771 uxore
1355 5721 1494 5767 esset
1514 5752 1529 5771 .
1556 5710 1600 5765 si
1622 5708 1722 5765 hoc

254 5824 314 5881 (η)
345 5830 371 5870 ||
394 5830 578 5872 “vitaet.
603 5818 799 5883 L'ap.22,
825 5830 875 5864 ιι.
900 5813 945 5863 2.

412 5908 616 5967 δοκεῖ.
657 5910 927 5965 Aunusr.
975 5899 1075 5956 Vl.

1765 534 2049 590 nonnullos
2078 533 2355 603 utriusque
2380 547 2539 587 sexus
2565 533 2631 587 ah
2674 533 2817 588 omni
2859 536 3141 590 concubitu
3173 540 3351 594 couti-

1765 634 1953 681 nentes
1974 667 1988 691 ,
2020 625 2346 695 negligenter
2371 623 2589 678 obedire
2616 625 2897 695 praeceptis
2920 666 2936 692 ,
2966 640 3086 680 eum
3115 636 3219 681 tam
3262 643 3354 683 ar-

1765 719 1953 775 denter
1978 718 2300 788 arripuerint
2322 732 2426 771 non
2459 718 2531 771 uti
2558 718 2845 772 concessis.
2878 717 3031 773 Unde
3058 720 3176 788 quis
3201 719 3361 776 dubi-

1765 818 1844 866 tat
1886 819 1940 867 et
1988 810 2317 865 excellentia:
2362 817 2664 864 sanctorum
2697 809 2907 863 illorum
2949 819 3155 879 patrum
3201 820 3363 883 atque

1765 913 1997 959 matrum
2026 903 2162 958 ﬁlios
2178 903 2541 973 generautium
2565 917 2669 957 non
2696 912 2838 958 recte
2865 905 3161 973 comparari
3184 922 3362 963 mares

1765 1003 1822 1050 et
1845 994 2068 1049 feminas
2098 994 2266 1048 nostri
2295 994 2582 1063 temporis,
2610 997 2853 1064 quamvis
2895 995 2962 1050 ab
2991 997 3133 1051 omni
3165 1013 3361 1055 concu-

1766 1085 1879 1139 bitu
1904 1085 2189 1151 immunes,
2214 1086 2265 1139 in
2292 1085 2487 1140 virtute
2514 1086 2830 1141 obedientiae
2851 1088 3118 1153 minores;
3149 1090 3359 1146 etiamsi

1768 1176 1872 1232 illis
1924 1176 2227 1231 hominibus
2276 1185 2331 1232 et
2369 1178 2421 1231 in
2468 1178 2651 1232 habitu
2696 1178 2857 1232 animi
2895 1178 3185 1247 defuisset,
3216 1182 3359 1251 quod

1770 1269 1822 1323 in
1855 1268 2078 1324 istorum
2129 1283 2293 1339 opere
2331 1270 2669 1324 manifestum
2723 1270 2842 1324 est?
2888 1269 3190 1340 Sequautur
3231 1286 3364 1343 ergo

1768 1363 1975 1433 Agnum
2013 1364 2163 1433 pueri
2204 1371 2479 1418 cantantes
2529 1363 2794 1417 canticum
2845 1378 3040 1417 novum
3066 1406 3081 1430 ,
3124 1364 3262 1420 sicut
3308 1368 3363 1420 in

1769 1456 2088 1527 Apocalypsi
2132 1458 2387 1526 scriptum
2419 1465 2534 1523 est,
2565 1457 2649 1526 qui
2692 1472 2807 1508 cum
2836 1456 3129 1511 mulieribus
3171 1475 3224 1512 se
3262 1474 3365 1513 non

1769 1552 2234 1606 contaminaverunt
2266 1550 2447 1622 (Apoc.
2476 1567 2585 1617 xw,
2612 1552 2691 1622 4);
2718 1567 2822 1606 non
2850 1552 2917 1606 ob
2943 1553 3084 1607 aliud
3112 1554 3212 1608 nisi
3240 1557 3365 1624 quia

1769 1644 2001 1714 virgines
2029 1654 2457 1715 permanserunt.
2497 1644 2608 1699 Nec
2650 1645 2769 1699 ideo
2797 1660 2857 1699 se
2891 1644 3216 1700 arbitrentur
3246 1661 3362 1701 me-

1771 1735 1932 1791 liores
1960 1751 2079 1791 rsse
2107 1737 2292 1806 primis
2319 1737 2557 1806 patribus
2584 1738 2804 1804 sanctis,
2828 1737 2917 1807 qui
2941 1738 3165 1807 imptiis,
3208 1747 3266 1792 ut
3293 1739 3365 1793 ita

1772 1829 1979 1898 dicam,
2012 1832 2317 1901 nuptialiter
2351 1832 2431 1886 usi
2458 1840 2579 1885 sunt
2603 1833 2642 1884 ι.
2671 1832 2865 1886 Earum
2897 1832 3090 1901 quippe
3119 1845 3247 1886 usus
3292 1832 3365 1887 ita

1774 1936 1832 1977 se
1856 1922 2043 1989 habet,
2076 1932 2135 1975 ut
2160 1921 2204 1976 si
2230 1921 2355 1991 quid
2384 1922 2435 1975 iu
2459 1922 2536 1977 eis
2563 1937 2659 1992 per
2686 1921 2862 1975 carnis
2890 1922 3325 1977 commixtiouem
3346 1962 3363 1987 ,

1773 2015 1916 2086 quod
1945 2014 2167 2071 excedat
2210 2014 2502 2085 generandi
2551 2014 2921 2069 necessitatem
2943 2056 2957 2080 ,
2999 2014 3240 2083 quamvis
3274 2028 3367 2067 vc-

1776 2108 1989 2162 nialiter
2011 2107 2208 2161 factum
2231 2106 2409 2172 fuerit,
2440 2106 2821 2161 contaminatio
2850 2105 2938 2160 sit.
2969 2106 3101 2160 Nam
3128 2105 3251 2175 quid
3275 2121 3368 2160 ex-

1775 2197 2089 2277 piagvenia,
2122 2198 2168 2252 si
2197 2197 2413 2252 omnino
2436 2213 2543 2251 non
2569 2198 2897 2252 contaminat
2923 2197 3012 2251 illa
3041 2198 3370 2267 progressio?

1778 2292 1819 2346 A
1842 2307 1943 2362 qua
1961 2290 2413 2346 eontaminationc
2434 2291 2627 2345 mirum
2657 2291 2703 2345 si
2730 2291 2994 2345 immunes
3012 2298 3191 2344 essent
3221 2290 3370 2359 pueri

1778 2392 2063 2453 sequentes
2085 2384 2314 2454 Agnum,
2343 2383 2445 2437 nisi
2471 2383 2704 2452 virgines
2734 2390 3129 2452 permanerent.

1849 2474 2072 2533 CAPUT
2094 2475 2284 2531 XXIV.
2311 2506 2383 2516 —
2406 2477 2494 2531 52.
2520 2474 2833 2546 Nuptiarum
2855 2476 3039 2529 bonum
3059 2473 3199 2544 apud
3227 2473 3373 2529 Chri-

1780 2568 1970 2622 stianos
2001 2568 2202 2637 triplex.
2232 2565 2501 2637 Conjugati
2530 2566 2722 2637 antiqui
2743 2565 3077 2619 obedientiam
3107 2566 3159 2617 in
3185 2581 3372 2635 opere,

1782 2660 2137 2712 continentiam
2184 2659 2237 2711 in
2289 2657 2463 2710 habitu
2510 2666 2792 2712 tenuerunt.
2826 2658 3032 2711 Bonum
3078 2658 3237 2727 igitur
3276 2673 3374 2711 nu-

1783 2750 2011 2819 ptiarum
2043 2763 2138 2819 per
2168 2762 2355 2803 omnes
2379 2757 2563 2819 gentes
2606 2757 2765 2818 atque
2807 2762 2994 2803 omnes
3036 2748 3281 2804 homines
3318 2751 3376 2805 in

1784 2856 1940 2897 causa
1969 2841 2257 2913 generandi
2299 2850 2381 2896 est
2401 2883 2415 2909 ,
2446 2850 2500 2897 et
2541 2842 2594 2896 in
2638 2840 2741 2896 ﬁde
2771 2842 3030 2897 castitatis
3060 2859 3073 2894 :
3104 2842 3245 2912 quod
3281 2858 3377 2898 au-

1785 2942 1892 2989 tem
1917 2933 1982 2987 ad
2007 2933 2257 3004 p0pulum
2286 2932 2379 2987 Dei
2404 2932 2670 3002 pertinet,
2696 2932 2857 2985 etiam
2898 2932 2950 2986 in
2979 2934 3258 2988 sanctitate
3280 2932 3377 2989 Sa-

1786 3026 2043 3080 cramenti
2068 3065 2081 3090 ,
2112 3039 2208 3094 per
2233 3039 2389 3093 quam
2432 3022 2579 3079 nefas
2616 3030 2699 3077 est
2739 3024 2899 3077 etiam
2938 3024 3159 3092 repudio
3198 3024 3376 3080 disce-

1787 3118 2001 3172 dentem
2022 3117 2174 3171 alteri
2196 3116 2409 3170 nubere
2428 3157 2443 3183 ,
2470 3114 2598 3170 dum
2624 3116 2706 3169 vir
2732 3115 2847 3186 ejus
2872 3116 3037 3183 vivit,
3068 3131 3166 3171 nec
3190 3118 3377 3173 saltem

1788 3211 1902 3279 ipsa
1946 3223 2103 3263 causa
2156 3207 2426 3278 pariendi;
2482 3223 2599 3278 quae
2629 3222 2746 3262 cum
2775 3208 2886 3261 sola
2929 3208 2998 3261 sit
3038 3224 3141 3278 qua
3181 3210 3379 3279 nuptia:

1791 3300 1957 3368 ﬁunt,
1985 3315 2083 3354 nec
2109 3314 2171 3354 ea
2198 3314 2256 3354 re
2282 3314 2387 3353 non
2410 3299 2771 3369 subsequente
2791 3310 3009 3368 propter
3030 3315 3185 3369 quam
3208 3300 3343 3355 ﬁunt

1791 3400 2013 3455 solvitur
2029 3398 2296 3452 vinculum
2322 3396 2558 3468 nuptiale
2579 3396 2681 3450 nisi
2702 3394 2942 3466 conjugis
2964 3405 3157 3451 morte.
3183 3395 3382 3464 Quem-

1790 3490 2076 3545 admodum
2097 3489 2140 3543 si
2167 3489 2261 3542 ﬁat
2286 3487 2550 3542 ordinatio
2579 3487 2704 3541 cleri
2725 3487 2790 3541 ad
2818 3488 3024 3556 plebem
3056 3503 3383 3559 congregan-

1793 3582 1949 3649 dam,
1992 3580 2199 3635 etiamsi
2228 3579 2403 3651 plebis
2442 3579 2780 3649 congregatio
2829 3593 2933 3632 non
2979 3579 3338 3649 subsequatur
3363 3622 3381 3649 ,

1794 3681 1973 3728 manet
2010 3679 2190 3727 tamen
2219 3670 2270 3724 in
2302 3670 2405 3724 illis
2447 3669 2705 3725 ordinatis
2729 3670 3130 3725 Sacramentum
3160 3672 3381 3726 ordina-

1796 3764 1993 3831 tionis;
2035 3773 2088 3818 et
2114 3762 2159 3817 si
2202 3762 2378 3832 aliqua
2402 3762 2557 3831 culpa
2584 3762 2863 3832 quisquam
2894 3762 2960 3816 ab
2988 3762 3163 3817 ofﬁcio
3201 3778 3382 3818 remu-

1797 3863 2004 3921 veatur,
2032 3852 2378 3909 Sacramento
2408 3852 2621 3908 Domini
2643 3853 2809 3908 semel
2830 3853 3079 3923 imposito
3104 3869 3210 3908 non
3231 3869 3384 3910 care-

1796 3950 1903 4018 bit,
1936 3949 2176 4020 quamvis
2204 3947 2269 4001 ad
2306 3946 2565 4017 judicium
2611 3956 2975 4016 permanente.
3014 3947 3386 4004 Generationis

1800 4043 1976 4112 itaque
2010 4054 2171 4096 causa
2200 4039 2313 4095 ﬁeri
2344 4041 2586 4108 nuptias,
2622 4040 2906 4108 Apostolus
2950 4040 3022 4094 ita
3066 4042 3212 4096 testis
3256 4053 3340 4097 est
3369 4059 3384 4097 :

1814 4132 1937 4186 Volo
1959 4172 1976 4199 ,
2005 4130 2212 4200 inquit,
2251 4130 2485 4200 juniores
2523 4128 2723 4183 nubere.
2750 4130 2815 4182 Et
2841 4130 2991 4198 quasi
3018 4132 3067 4185 ei
3095 4131 3385 4198 diceretur,

1801 4224 2038 4294 thuid‘l
2076 4224 2330 4278 continuo
2353 4222 2607 4291 subjecit,
2636 4222 2774 4290 ﬁlios
2803 4237 3084 4291 procreare,
3114 4228 3389 4296 matresfa~

1802 4318 1969 4373 mitias
1997 4333 2103 4372 esse
2136 4315 2178 4388 (l
2204 4314 2333 4370 Tim.
2374 4330 2441 4381 v,
2473 4315 2582 4386 14).
2624 4313 2703 4368 Ad
2733 4314 2889 4369 ﬁdem
2927 4320 3102 4371 autem
3131 4317 3390 4371 castitatis

1804 4413 1935 4471 illud
1962 4412 2192 4484 pertinet
2224 4429 2238 4465 :
2274 4409 2416 4466 Uxor
2435 4424 2537 4462 non
2556 4407 2700 4462 habet
2729 4417 3018 4479 potestatem
3038 4411 3264 4481 corporis
3286 4428 3386 4479 sui,

1805 4506 1894 4562 sed
1914 4506 1989 4560 uir
2023 4521 2041 4561 :
2070 4505 2300 4560 similiter
2338 4512 2382 4557 et
2414 4501 2491 4557 vir
2529 4519 2629 4556 non
2665 4501 2811 4555 habet
2850 4511 3140 4572 potestatem
3164 4506 3391 4573 corporis

1807 4600 1928 4668 sui,
1976 4598 2065 4654 sed
2108 4598 2305 4651 mulier.
2352 4594 2435 4650 Ad
2463 4593 2789 4650 Sacramenti
2838 4595 3169 4649 sanctitatem
3198 4596 3325 4651 illud
3374 4615 3387 4651 :

1814 4696 2038 4752 Uxorem
2076 4712 2108 4748 a
2135 4694 2239 4748 uiro
2268 4709 2369 4747 non
2395 4690 2689 4755 discedere;
2714 4688 2847 4761 quod
2870 4675 2920 4744 si
2947 4690 3257 4758 discesserit,
3285 4708 3395 4745 ma-

1811 4806 1929 4845 nere
1952 4789 2251 4858 innuptam,
2281 4793 2369 4838 aut
2389 4784 2494 4837 viro
2515 4798 2605 4835 suo
2628 4781 2942 4834 reconciliari
2968 4797 2986 4835 :
3010 4791 3057 4836 et
3085 4784 3158 4836 vir
3186 4800 3396 4838 uxorem

1812 4899 1916 4936 non
1935 4881 2169 4935 dimittat.
2198 4879 2324 4932 Haec
2350 4876 2525 4929 omnia
2546 4873 2683 4927 bona
2714 4882 2869 4940 sunt,
2899 4882 3118 4945 pr0pter
3149 4892 3267 4946 qua:
3296 4893 3397 4931 nu-

1814 4976 1938 5047 ptiae
1959 4975 2112 5029 bonae
2136 4979 2259 5025 sunt
2286 4970 2341 5034 ’;
2367 4966 2545 5039 proles
2565 5007 2578 5032 ,
2624 4964 2756 5020 ﬁdes
2775 5006 2791 5033 ,
2832 4964 3256 5023 Sacramentum.
3286 4967 3399 5024 Nec

1816 5069 2021 5140 prolem
2052 5074 2227 5120 autem
2252 5062 2518 5118 carnalem
2546 5060 2653 5131 jam
2698 5060 2799 5115 hoc
2844 5068 3081 5133 tempore
3120 5077 3396 5133 quaerere,

1818 5177 1880 5217 ac
1898 5176 1994 5232 per
2012 5159 2113 5215 hoc
2131 5158 2197 5214 ab
2225 5156 2372 5211 omni
2401 5156 2491 5211 tali
2520 5170 2679 5226 opere
2704 5156 3089 5212 immunitatem
3115 5157 3400 5228 quamdam

1821 5263 2129 5325 perpetuam
2153 5252 2387 5307 retinere
2406 5292 2421 5315 ,
2451 5258 2608 5319 atque
2635 5249 2723 5304 uni
2752 5249 2867 5304 viro
2885 5248 3095 5305 Christo
3116 5251 3403 5321 spirituali-

1823 5358 1903 5405 ter
1927 5346 2112 5413 subdi,
2145 5345 2335 5400 melius
2363 5352 2445 5398 est
2470 5344 2655 5412 utique
2681 5350 2734 5397 et
2758 5343 2992 5397 sanctius
3022 5360 3035 5395 :
3068 5343 3113 5395 si
3140 5351 3314 5396 tamen
3340 5358 3400 5396 ea

1824 5445 2098 5501 vacatione
2144 5444 2221 5498 sic
2273 5450 2486 5497 utantur
2516 5439 2757 5493 homines
2782 5479 2796 5503 ,
2837 5435 3102 5507 quomodo
3145 5435 3401 5504 scriptum

1825 5547 1933 5606 est,
1966 5546 2025 5593 ut
2055 5535 2287 5607 cogitent
2310 5548 2427 5604 quae
2452 5541 2575 5586 sunt
2597 5529 2839 5595 Domini,
2867 5525 3133 5595 quomodo
3161 5526 3402 5595 placeant

1892 5680 1908 5709 ί
1934 5674 2059 5735 νίᾱ.,
2076 5684 2171 5724 non
2191 5667 2467 5735 nuptialiter
2492 5666 2566 5717 usi
2588 5670 2694 5716 sunt
2716 5661 3099 5715 :reluctantibus
3131 5659 3274 5711 editis
3299 5660 3404 5711 aliis

1831 5749 1881 5791 et
1894 5749 2001 5790 Mss.

1894 5807 1911 5834 ³
1938 5812 1986 5850 ιιι
2003 5807 2128 5856 Mss,
2156 5797 2323 5845 bonum
2342 5798 2463 5842 sunt.

2736 5868 3058 5945 [Triuia]
