3882 6286
453 361 468 377 ’
520 366 626 424 595

514 483 628 539 Deo
655 479 697 553 (l
723 478 841 538 Cor.
863 494 957 542 vu,
985 478 1040 545 4,
1065 475 1151 541 10,
1180 476 1268 543 ll,
1301 473 1413 547 5'2);
1447 474 1497 529 id
1525 484 1622 539 est,
1649 482 1706 527 ut
1731 479 1984 542 perpetuo
2008 482 2102 523 co-

511 577 644 648 gitet
682 573 1006 631 continentia
1025 613 1040 638 ,
1080 587 1147 626 nc
1177 569 1301 641 quid
1331 570 1506 624 minus
1535 567 1726 622 habeat
1756 563 2056 620 obedientia
2083 580 2096 616 :

510 684 671 740 quam
701 667 950 722 virtutem
980 673 1229 735 tanquam
1262 661 1545 716 radicalem
1567 701 1581 726 ,
1609 668 1767 728 atque
1791 665 1849 712 ut
1887 655 1990 710 dici
2013 669 2100 709 so-

509 761 605 826 let,
634 761 928 823 matricem,
960 765 1016 812 et
1043 756 1198 826 plane
1222 753 1552 825 generalem,
1583 749 1748 806 sancti
1777 745 1977 817 antiqui
2003 761 2096 816 pa-

509 864 620 912 tres
653 853 706 908 in
745 866 910 922 opere
945 855 1336 911 exercuerunt;
1377 845 1518 899 illam
1550 857 1679 897 vero
1715 839 2094 896 continentiam

507 946 563 1002 in
588 943 751 1001 animi
778 942 955 996 habitu
995 947 1297 994 tenuerunt.
1329 936 1430 1003 Qui
1457 932 1697 1004 profecto
1722 948 1818 1002 per
1843 930 2098 987 obedien~

507 1036 634 1091 tiam
661 1049 763 1106 qua
783 1033 909 1104 justi
939 1039 993 1086 et
1028 1029 1196 1086 sancti
1226 1037 1418 1095 erant,
1459 1034 1514 1082 et
1539 1025 1606 1081 ad
1652 1040 1811 1080 omne
1835 1038 1970 1095 opus
2001 1023 2096 1078 bo-

504 1143 632 1184 num
653 1141 866 1196 semper
889 1123 1086 1194 parati,
1117 1121 1325 1178 etiamsi
1355 1121 1424 1176 ab
1446 1120 1590 1180 omni
1616 1118 1895 1175 concubitu
1924 1117 2092 1172 absti-

502 1234 636 1278 nere
657 1218 990 1288 iuberentur,
1015 1214 1308 1271 eﬂicerent.
1337 1214 1547 1280 Quanto
1571 1211 1714 1268 enim
1737 1210 1942 1265 facilius
1973 1224 2095 1279 pos-

499 1319 621 1370 sent
644 1310 728 1368 vel
749 1308 1024 1381 iussione,
1055 1308 1138 1365 vel
1178 1307 1551 1364 exhortatione
1580 1305 1674 1360 Dei
1703 1320 1809 1361 non
1839 1318 2092 1360 concum-

496 1401 661 1471 bere,
701 1401 790 1474 qui
820 1401 1026 1473 prolem
1065 1400 1149 1456 cui
1178 1400 1269 1455 uni
1300 1397 1655 1470 propagandae
1683 1395 2090 1454 concumbendo

496 1493 834 1558 serviebant,
859 1491 1159 1548 obediendo
1185 1499 1432 1561 poterant
1470 1489 1768 1544 immolare.

565 1583 792 1643 CAPUT
829 1581 997 1639 XXV.
1040 1611 1114 1623 —
1159 1582 1248 1637 53.
1293 1580 1691 1635 Manichreorum
1740 1580 1802 1633 de
1848 1577 2088 1634 Patribus

501 1677 695 1733 Veteris
737 1675 1042 1732 Testamenti
1081 1674 1348 1730 calumniae
1382 1677 1632 1746 refutataz.
1678 1672 1807 1742 Quae
1849 1688 1968 1727 cum
2015 1673 2088 1730 ita

491 1770 633 1834 sint,
669 1769 935 1825 haereticis
962 1767 1177 1838 quidem
1204 1770 1315 1821 sive
1337 1765 1667 1832 Manichaeis,
1699 1763 1810 1820 sive
1839 1764 2084 1835 quicum-

494 1878 602 1934 que
635 1862 725 1917 alii
752 1861 990 1932 patribus
1010 1859 1221 1914 Veteris
1247 1857 1572 1912 Testamenti
1613 1855 1679 1912 de
1721 1856 1958 1926 pluribus
1997 1871 2084 1911 ca-

490 1953 822 2010 lumniantur
851 1951 1102 2008 uxoribus
1121 1992 1137 2017 ,
1170 1950 1271 2006 hoc
1290 1965 1409 2006 esse
1429 1955 1798 2020 argumentum
1820 1947 2082 2019 deputan-

490 2054 576 2102 tes
593 2085 608 2113 ,
634 2061 739 2116 quo
764 2060 946 2101 eorum
975 2042 1293 2098 convincam
1332 2040 1768 2097 incontinentiam
1794 2082 1810 2109 ,
1839 2041 1970 2096 satis
1992 2056 2083 2096 su-

488 2151 694 2209 perque
735 2150 1051 2206 responsum
1093 2142 1216 2190 est:
1249 2133 1294 2188 si
1343 2142 1516 2188 tamen
1563 2133 1781 2202 capiunt
1825 2147 1930 2187 non
1962 2146 2081 2188 esse

486 2235 796 2300 peccatum,
826 2225 966 2297 quod
997 2240 1170 2296 neque
1208 2232 1393 2279 contra
1420 2232 1664 2278 naturam
1693 2214 2076 2292 committithr,

485 2319 609 2389 quia
639 2334 744 2373 non
767 2317 1071 2373 lasciviendi
1098 2359 1112 2383 ,
1136 2317 1230 2372 sed
1259 2316 1508 2387 gignendi
1542 2331 1701 2372 causa
1730 2317 1838 2372 illis
1870 2316 2079 2373 feminis

485 2411 812 2476 utebantur;
847 2425 1018 2480 neque
1047 2417 1231 2464 contra
1269 2425 1471 2464 morem
1492 2451 1507 2477 ,
1543 2409 1663 2480 quia
1691 2410 1796 2464 illis
1827 2407 2079 2479 tempori-

484 2503 585 2559 bus
620 2517 683 2558 ea
707 2499 1116 2567 factitabantur;
1145 2517 1319 2573 neque
1346 2510 1532 2557 contra
1561 2510 1920 2572 praeceptum,
1954 2500 2078 2571 quia

483 2593 626 2652 nulla
656 2594 773 2665 lege
802 2593 1237 2665 prohibebantur.
1271 2595 1393 2650 lllos
1422 2609 1552 2652 vero
1577 2595 1666 2666 qui
1694 2594 1876 2651 illicite
1920 2593 2075 2650 ferui-

483 2685 570 2742 nis
595 2685 676 2741 usi
700 2693 860 2751 sunt,
891 2686 976 2742 vel
1001 2687 1172 2757 arguit
1211 2687 1261 2740 in
1288 2685 1579 2756 Scripturis
1606 2687 1710 2742 illis
1737 2686 1920 2741 divina
1947 2702 2075 2742 sen-

483 2777 648 2834 tentia
675 2818 689 2844 ,
719 2775 805 2833 vel
851 2777 1004 2832 nobis
1050 2778 1206 2834 lectio
1229 2777 1544 2848 iudicandos
1585 2789 1742 2848 atque
1787 2777 2072 2844 vitandos,

481 2885 591 2927 non
616 2869 989 2942 approbandos
1012 2869 1368 2925 imitandosve
1389 2871 1662 2941 proponit.

552 2960 778 3018 CAPUT
818 2961 1007 3016 XXVI.
1045 2993 1117 3003 —
1162 2963 1251 3018 54.
1281 2962 1599 3018 Continentes
1638 2965 1789 3033 hujus
1835 2965 2074 3034 temporis

482 3069 586 3109 non
631 3052 822 3122 abjecte
866 3051 1082 3106 sentiant
1131 3052 1194 3106 de
1235 3054 1423 3107 sanctis
1466 3052 1704 3108 Patribus
1767 3056 2070 3126 conjugatis.

489 3143 767 3217 Virginitas
791 3145 1069 3200 humilitate
1089 3146 1295 3200 tuenda.
1327 3146 1547 3202 Nostros
1571 3157 1747 3203 autem
1775 3150 1864 3218 qui
1889 3149 2073 3220 coniu-

481 3253 576 3308 ges
615 3235 848 3304 habent,
895 3246 1150 3308 quantum
1192 3253 1512 3309 possumus,
1561 3240 1952 3311 admonemus,
2002 3260 2073 3302 ne

483 3329 779 3384 secundum
804 3345 954 3385 suam
981 3330 1348 3387 inﬁrmitatem
1369 3331 1436 3387 de
1459 3332 1568 3388 illis
1607 3335 1806 3390 sanctis
1832 3335 2071 3405 patribus

482 3418 714 3474 audeant
738 3419 1011 3491 judicare;
1039 3433 1430 3492 comparantes,
1463 3432 1521 3478 ut
1548 3423 1623 3478 ait
1643 3427 1948 3496 Apostolus,
1980 3443 2071 3484 se-

481 3511 740 3583 metipsos
786 3513 1130 3583 sibimetipsis
1169 3513 1237 3585 (ll
1274 3514 1393 3570 Cor.
1427 3533 1493 3580 χ,
1531 3517 1660 3590 12);
1708 3526 1762 3572 et
1802 3519 1919 3575 ideo
1965 3537 2072 3577 non

482 3601 842 3674 intelligentes
886 3616 1111 3675 quantas
1155 3608 1296 3664 vires
1347 3609 1538 3666 habeat
1585 3613 1794 3668 animus
1844 3615 2067 3684 iustitiae

482 3705 668 3753 contra
691 3697 942 3754 libidines
968 3699 1227 3768 serviens,
1258 3718 1327 3758 ne
1354 3704 1660 3760 carnalibus
1699 3705 2071 3777 hujuscemodi

481 3789 714 3846 motibus
756 3792 1093 3862 acquiescat,
1135 3809 1335 3865 eosque
1362 3797 1415 3851 in
1443 3799 1781 3855 concubitum
1823 3803 1957 3858 ultra
1979 3820 2073 3875 ge-

483 3882 707 3938 nerandi
759 3884 1132 3942 necessitatem
1183 3887 1388 3958 prolabi
1438 3899 1527 3945 aut
1579 3892 1826 3963 progredi
1891 3895 2068 3966 sinat,

483 3985 738 4046 quantum
767 3976 900 4033 ordo
921 3988 1146 4047 natura),
1189 3993 1442 4052 quantum
1474 3999 1683 4041 morum
1714 3987 2066 4058 consuetudo,

481 4082 738 4139 quantum
771 4069 948 4142 legum
991 4074 1125 4128 scita
1152 4076 1520 4144 praescribunt.
1571 4079 1684 4135 Hoc
1719 4081 1914 4154 quippe
1938 4081 2061 4139 ideo

484 4207 2600 4258 Μ

1488 359 1574 414 DE
1601 355 1866 415 SANCTA
1907 345 2368 419 VIRGINITATE,
2409 352 2465 409 S.
2494 353 2860 413 AUGUSTINI
3670 357 3754 419 390

2208 467 2276 524 de
2319 469 2421 525 illis
2452 469 2689 541 patrihus
2731 470 2977 528 homines
3002 471 3373 543 suspicantur,
3413 471 3538 544 quia
3565 473 3657 543 ipsi
3680 489 3754 545 per

2207 561 2644 620 incontinentiam
2668 563 2752 620 vel
2776 564 2987 637 nuptias
3012 565 3325 638 elegerunt,
3365 564 3451 620 vel
3476 565 3755 636 coniugibus

2204 653 2624 726 intemperanter
2653 666 2895 718 utuntur.
2942 658 3013 713 At
3038 673 3166 714 vero
3193 655 3531 714 continentes
3559 655 3637 714 vel
3669 674 3756 714 ma-

2202 761 2289 802 res
2313 748 2404 818 qui
2433 745 2694 814 defunctis
2715 747 2998 820 uxoribus,
3032 749 3113 804 vel
3137 747 3350 804 feminze
3377 763 3499 818 qua:
3527 745 3758 804 defunctis

2201 839 2331 894 viris
2347 880 2362 905 ,
2392 839 2477 895 vel
2500 842 2709 911 utrique
2729 841 2817 912 qui
2843 839 2957 912 pari
2977 855 3244 896 consensu
3268 839 3648 896 continentiam
3673 839 3759 896 Deo

2199 941 2493 998 voverunt,
2540 932 2714 988 sciant
2755 932 2856 988 sibi
2901 931 3114 1004 quidem
3144 931 3410 989 mercedis
3438 929 3664 1003 amplius
3682 931 3757 988 de‘

2198 1023 2334 1094 beri,
2369 1040 2527 1095 quam
2551 1025 2847 1097 coniugalis
2873 1025 3091 1083 castitas
3120 1025 3290 1096 poscit
3319 1042 3333 1079 :
3359 1023 3454 1081 sed
3478 1031 3757 1081 sanctarum

2197 1126 2407 1189 patrum
2443 1121 2656 1191 nuptias
2675 1160 2691 1187 ,
2733 1120 2822 1192 qui
2849 1119 3162 1192 prophetice
3186 1118 3661 1192 coniungebantur,
3685 1121 3758 1190 qui

2196 1229 2368 1286 neque
2393 1213 2447 1269 in
2471 1214 2757 1272 concubitu
2781 1213 2882 1268 nisi
2908 1213 3114 1284 prolem
3137 1254 3154 1281 ,
3182 1227 3358 1284 neque
3397 1212 3452 1269 in
3481 1212 3594 1282 ipsa
3632 1213 3758 1282 prole

2195 1305 2296 1362 nisi
2323 1304 2465 1378 quod
2508 1307 2559 1362 in
2601 1321 2763 1362 carne
2799 1315 3025 1361 venturo
3050 1303 3262 1360 Christo
3286 1304 3573 1376 proliceret
3601 1305 3757 1373 requi-

2193 1401 2423 1466 rebant,
2476 1415 2584 1456 non
2620 1400 2793 1456 solum
2837 1415 2948 1471 prae
2989 1413 3090 1454 suo
3119 1397 3403 1470 proposito
3447 1411 3555 1453 non
3601 1403 3758 1453 conte-

2193 1499 2376 1548 mnant
2400 1533 2413 1556 ,
2459 1506 2645 1558 verum
2673 1489 2834 1548 etiam
2865 1504 2964 1548 suo
2994 1490 3268 1562 proposito
3305 1489 3425 1566 sine
3449 1487 3758 1556 dubitatione

2191 1591 2526 1655 praeponam.

2261 1678 2348 1733 35.
2382 1677 2584 1744 Pueros
2609 1691 2822 1750 quoque
2851 1690 2915 1731 ac
2957 1674 3191 1748 virgines
3219 1673 3575 1746 integritatem
3609 1673 3755 1746 ipsam

2188 1768 2300 1826 Deo
2328 1768 2568 1825 dicantes
2593 1809 2608 1834 ,
2651 1768 2819 1824 multo
2846 1767 3078 1824 maxime
3116 1781 3524 1824 commonemus
3545 1773 3606 1822 ut
3633 1773 3754 1821 tanta

2186 1860 2368 1918 norint
2396 1859 2692 1916 humilitate
2719 1856 2971 1930 tuendum
3000 1872 3120 1913 esse
3145 1856 3286 1930 quod
3312 1857 3367 1912 in
3398 1866 3540 1912 terra
3564 1856 3754 1914 interim

2185 1951 2393 2021 vivunt,
2422 1960 2621 2023 quanto
2651 1951 2819 2022 magis
2844 1949 2966 2006 coeli
2995 1959 3077 2006 est
3103 1948 3243 2020 quod
3266 1959 3548 2004 voverunt.
3575 1947 3754 2019 Nempe

2185 2045 2443 2114 scriptum
2472 2054 2555 2108 est.
2585 2062 2598 2098 :
2629 2043 2831 2111 Quanto
2869 2059 3084 2114 magnus
3105 2058 3156 2096 es
3175 2083 3191 2110 ,
3236 2051 3374 2095 tanta
3411 2040 3625 2094 humilia
3650 2053 3691 2094 te
3711 2041 3751 2095 in

2184 2135 2414 2196 omnibus
2440 2135 2625 2206 (Eccti.
2655 2150 2753 2202 ιιι,
2780 2132 2898 2203 20).
2928 2132 3179 2189 Nostrum
3205 2147 3334 2204 ergo
3361 2131 3536 2188 estde
3564 2135 3747 2203 magni-

2186 2229 2372 2298 tudine
2400 2244 2585 2286 eorum
2615 2227 2813 2299 aliquid
2839 2227 3017 2284 dicere
3041 2267 3058 2294 ,
3104 2227 3314 2282 illorum
3346 2227 3417 2282 de
3448 2241 3637 2298 magna
3667 2227 3748 2282 hu-

2182 2323 2407 2378 militate
2427 2323 2683 2394 cogitare.
2712 2319 2962 2393 Exceptis
2988 2320 3146 2392 igitur
3171 2318 3488 2391 quibusdam
3513 2319 3614 2374 illis
3641 2334 3747 2373 con-

2176 2413 2376 2486 iugatis
2403 2413 2642 2484 patribus
2669 2421 2724 2468 et
2749 2413 3009 2468 matribus
3039 2411 3236 2466 sanctis
3254 2453 3268 2478 ,
3311 2410 3506 2482 quibus
3532 2410 3648 2467 ideo
3675 2411 3745 2466 isti

2180 2506 2432 2562 meliores
2464 2520 2572 2561 non
2603 2515 2759 2574 sunt,
2791 2504 3035 2577 quamvis
3059 2502 3323 2575 coniugati
3350 2519 3458 2558 non
3488 2503 3613 2571 sint,
3643 2503 3742 2574 quia

2182 2598 2228 2654 si
2249 2597 2515 2669 coniugati
2535 2606 2734 2665 essent,
2760 2612 2915 2668 pares
2933 2612 3040 2652 non
3056 2604 3237 2652 essent
3259 2611 3273 2660 ;
3303 2602 3530 2650 caeteros
3551 2595 3742 2649 omnino

2181 2689 2341 2762 huius
2387 2691 2643 2760 temporis
2687 2689 3031 2761 coniugatos,
3057 2688 3156 2758 vel
3184 2696 3303 2758 post
3327 2695 3606 2758 expertum
3631 2702 3740 2742 con-

2179 2783 2417 2840 cubitum
2444 2783 2859 2848 continentes,.a
2875 2797 2934 2837 se
2955 2778 3196 2851 superari
3221 2795 3326 2835 non
3345 2779 3584 2835 dubitent
3614 2797 3630 2833 :
3657 2791 3740 2834 non

2180 2885 2436 2948 quantum
2465 2875 2530 2930 ab
2561 2877 2711 2930 Anna
2735 2917 2750 2942 ,
2791 2873 3066 2939 Susanna;
3114 2871 3213 2928 sed
3242 2879 3500 2944 quantum
3539 2868 3696 2926 amba:
3715 2884 3740 2924 a

2178 2968 2342 3023 Maria
2379 2977 2718 3038 superantur.
2773 2965 2926 3034 Quod
2955 2965 3023 3021 ad
3061 2965 3230 3036 ipsam
3262 2964 3499 3035 pertinet
3529 2973 3739 3017 sanctam

2178 3062 2357 3118 carnis
2379 3061 2757 3132 integritatem,
2783 3060 2972 3130 loquor
3005 3076 3019 3114 :
3051 3073 3173 3114 nam
3197 3073 3317 3130 quae
3334 3057 3438 3113 alia
3460 3057 3565 3112 sint
3587 3054 3739 3110 Maria:

2178 3153 2369 3210 merita
2393 3194 2408 3218 ,
2453 3153 2571 3224 quis
2620 3150 2866 3224 ignorat?
2907 3150 3080 3207 Mores
3118 3150 3296 3221 itaque
3336 3162 3598 3219 congruos
3637 3146 3738 3200 huic

2178 3252 2332 3299 tanto
2359 3241 2632 3315 preposito
2658 3241 2978 3313 adiungant,
3011 3249 3067 3295 ut
3095 3239 3163 3295 de
3187 3239 3521 3310 praepollenti
3547 3236 3739 3308 praemio

2178 3346 2380 3394 certam
2406 3336 2747 3392 securitatem
2773 3342 2962 3406 gerant
2993 3350 3006 3387 :
3040 3331 3270 3388 scientes
3309 3347 3441 3387 sane
3469 3330 3570 3386 sibi
3595 3339 3729 3400 atque

2179 3430 2428 3488 omnibus
2469 3428 2715 3484 ﬁdelibus
2750 3427 2959 3483 dilectis
2988 3435 3042 3482 et
3068 3425 3252 3484 electis
3279 3423 3477 3480 Christi
3506 3422 3732 3478 membris

2178 3524 2360 3579 multis
2383 3523 2450 3577 ab
2477 3523 2682 3578 oriente
2708 3530 2760 3576 et
2786 3519 3062 3575 occidente
3087 3518 3455 3584 venientibus,
3487 3515 3586 3571 etsi
3621 3514 3738 3568 inter

2180 3631 2240 3672 se
2267 3615 2498 3671 distante
2538 3629 2636 3685 pro
2665 3614 2867 3670 meritis
2908 3612 3090 3684 gloria:
3130 3612 3255 3667 luce
3279 3609 3626 3681 fulgentibus,
3650 3605 3735 3661 hoc

2179 3717 2360 3764 tamen
2389 3723 2638 3779 magnum
2669 3706 2722 3761 in
2749 3720 3034 3761 commune
3064 3703 3328 3774 praestari,
3360 3710 3420 3757 ut
3443 3717 3561 3757 cum
3591 3699 3732 3754 Abra-

2179 3801 2306 3858 ham
2327 3809 2382 3858 et
2406 3801 2554 3857 lsaac
2573 3807 2626 3855 et
2649 3797 2813 3855 Jacob
2841 3795 3152 3854 recumbant
3167 3797 3218 3851 in
3247 3807 3410 3866 regno
3432 3792 3526 3849 Dei
3551 3787 3731 3857 (Matth.

2179 3911 2305 3961 vni,
2337 3893 2462 3964 ll),
2519 3893 2609 3965 qui
2648 3907 2754 3948 non
2791 3899 3013 3964 prepter
3042 3890 3147 3945 hoc
3181 3888 3431 3944 saeculum
3453 3927 3468 3953 ,
3519 3884 3607 3942 sed
3631 3895 3731 3954 pro-

2183 3996 2300 4057 pter
2341 3984 2610 4041 Christum
2659 3983 2952 4055 coniuges,
3003 3992 3220 4054 propter
3264 3981 3537 4038 Christum
3586 3984 3730 4051 patres

2181 4081 2417 4138 fuerunt.

2603 4188 3707 4250 ﬁ

559 4293 642 4353 Ιη
663 4293 1121 4386 subsequentem}
1146 4295 1382 4386 ﬁbram
1409 4299 1487 4361 de
1520 4299 1753 4366 Sancta
1784 4303 2194 4386 Yirginitate,
2250 4304 2391 4386 uide
2419 4303 2530 4386 (ib.
2550 4303 2609 4386 β
2629 4347 2646 4378 ,
2680 4319 2816 4383 cap.
2846 4301 2967 4386 ἓξ,
2997 4300 3567 4386 Retractationum,
3609 4303 3726 4357 tom-

483 4373 544 4442 1,
579 4372 699 4434 col.
726 4371 869 4442 δίιοζ
918 4393 960 4434 a
984 4374 1209 4445 verbis,
1242 4379 1670 4458 Posteaquam
1699 4371 1954 4461 scripsi,
1980 4371 2281 4466 usquead
2308 4385 2516 4459 verba,
2546 4371 2768 4463 Nuper
2793 4371 3130 4446 edidimus.
3212 4380 3298 4442 M.

555 4473 1140 4564 Egiuf‘libri‘ugemilnit
1166 4488 1426 4564 praeterea
1471 4485 2052 4564 sanctum-Augustinus
2096 4488 2159 4564 in_
2181 4487 2428 4564 proxime
2467 4493 2722 4564 secuturo
2744 4486 2882 4541 libro
2903 4485 2976 4541 de
2997 4485 3146 4541 Bono
3175 4483 3482 4552 Viduitatis,
3507 4496 3645 4552 capp-
3673 4474 3727 4531 15

482 4553 536 4599 ct
559 4543 662 4609 ‘25;
691 4559 896 4601 necnon
923 4545 976 4600 in
1009 4546 1144 4602 libro
1168 4543 1199 4602 ἱ
1234 4548 1300 4604 de
1331 4559 1666 4620 peccatorum
1699 4543 1900 4610 Meritis
1927 4565 1982 4611 et
2007 4543 2365 4623 Remissione,
2385 4573 2506 4629 cap.
2532 4555 2624 4612 29.

503 4665 698 4676 ..-

493 4665 3719 4734 W

1101 4811 1245 4928 S.
1329 4814 2093 4928 AURELII
2151 4809 3158 4932 AUGUSTINI

1675 4985 2194 5049 HIPPONENSIS
2225 4985 2573 5050 EPISCOPI

1029 5209 1810 5360 SANCTA
1901 5105 3237 5363 VﬁiGINlTATE

1575 5415 2051 5524 LIBER
2141 5412 2387 5522 ΠΝ
2399 5414 2570 5523 US
2598 5414 2710 5524 (α).

1915 5585 2338 5642 ο›>>>»δ›ηιε«<‹‹ο

545 5664 666 5727 Dicit
684 5663 890 5727 mimum
909 5661 974 5714 de
997 5667 1272 5727 praestantia
1293 5671 1441 5727 sacra:
1457 5675 1513 5712 ac
1531 5669 1630 5711 Deo
1653 5661 1829 5727 dicatae
1847 5661 2148 5727 virginitatis,
2173 5661 2251 5727 cui
2279 5657 2624 5727 fecunditatem
2647 5661 2953 5727 coniugalem
2977 5663 3067 5727 iam
3093 5674 3186 5712 non
3210 5671 3353 5727 posse
3383 5655 3516 5727 ullam

483 5725 580 5785 rari
601 5715 917 5778 detinnstrat.
942 5715 1133 5776 Duobus
1153 5724 1360 5777 subinde
1383 5727 1591 5775 occurrit
1609 5725 1861 5772 contrariis
1885 5715 2158 5785 erroribus;
2184 5721 2327 5772 alteri
2347 5722 2640 5784 culpantium
2660 5715 2867 5785 nuptias,
2889 5715 3029 5773 alteri
3049 5736 3133 5773 eas
3146 5715 3433 5785 aquantium
3453 5715 3698 5785 ιῖιεὶιζὶιξξιξ

486 5783 678 5838 illorum
700 5776 1172 5850 scilicetiputantium
1193 5789 1386 5851 nuptias
1407 5802 1470 5837 ex
1495 5786 1692 5848 obliquo
1717 5793 1761 5833 et
1789 5788 1930 5834 tacito
1955 5776 2200 5835 rlmnnat'as
2232 5787 2293 5834 ab
2319 5776 2537 5847 Apostola
2560 5776 2754 5837 dicente
2780 5787 2838 5835 ad
2855 5776 3132 5836 'Corinthios
3152 5819 3166 5847 ,
3207 5776 3556 5836 ‘I‘ribulationettt
3573 5776 3700 5825 tam

548 5872 622 5936 (α)
645 5871 853 5934 Scriptus
871 5869 1062 5923 circiter
1079 5881 1258 5922 annum
1277 5869 1385 5920 401.
