3866 6408
66 418 156 478 597

1450 416 1652 484 LIBER
1693 420 1890 480 UNUS.

3211 451 3321 511 598

63 533 201 584 carnis
216 529 785 625 Meebzoztvhujusmodi;
808 542 898 625 eg?
918 537 1074 625 putem
1095 533 1221 625 voltis
1242 547 1422 625 parco;
1460 537 1662 625 istorum
1687 549 1806 625 vero
1819 571 1833 594 ,
1855 539 2310 625 qgianadﬂeosdcm‘
2325 546 2531 625 ascribit.
2541 551 2806 625 IOEgrtstimo
2826 553 2990 625 itaque
3028 557 3118 612 hoc
3139 565 3316 619 bonum

63 607 144 625 σω,
174 606 282 625 ,.,.,.,.
303 606 353 625 .,..
375 607 429 625 η,
482 607 561 625 ροη
587 608 660 625 ο...
682 607 867 625 "om...
889 609 915 625 ,,
937 609 1006 625 ο...
1031 609 1042 620 .
1067 609 1152 625 nm.
1180 610 1254 625 ηπ,
1279 611 1337 625 ιη,
1363 611 1460 625 ...τη
1485 610 1637 625 mm...
1659 611 1689 625 ..
1725 612 1768 625 η.
1795 613 1849 625 ηη

60 607 144 645 esse
172 599 353 660 propter
371 593 662 656 prtesentem
681 593 1042 687 necessitatem;
1066 593 1771 687 conteu'glentip’m‘perpetuarn
1793 593 2142 687 continen‘tiiam
2176 593 2571 669 prepterﬂsiaiculi
2609 593 3318 687 Hujd's'ixt'iiﬁ'ﬂém'é'é'ﬁg;

60 657 234 687 ins-mm
255 657 582 687 manando-ni
632 662 795 687 nmmo
816 657 984 687 Punico:
1010 659 1226 687 υἱιιη-ὶηοο
1280 671 1376 687 nm.
1404 674 1412 687 .
1438 672 1463 687 η
1491 673 1568 687 nun
1635 671 1729 687 mm
1773 673 1849 687 nm
1891 675 2012 687 ηνιιη
2059 677 2144 687 η..-
2177 676 2487 687 ----,..-.,.---
2519 684 2560 687 η-

60 631 140 645 tm...
172 631 339 660 μυμυ.
371 631 2147 714 ν.ιννν..τν-.ν,ηννυᾶἱὶιτῖμρτ’ινδ...ν..ἰυη..εΰῶὶὲἶὲιινυυιέιίθῖιιὲἓὲἔῆιὲἕὲ
2609 631 2754 677 uujus
2775 631 2920 667 Vitam
2933 634 3086 733 halitu;
3117 637 3318 738 ρςοὲιοιι

1279 671 1485 754 Sintia-igni
1509 671 1732 754 m’tigr‘lln
1752 724 2035 754 Mhmlnlnn
2509 686 2537 723 ε
2593 687 2677 724 um
2717 689 2918 744 munus,
3040 696 3126 736 ere
3143 701 3197 749 λυ
3236 697 3318 754 et!

57 728 180 783 atque
200 719 258 768 ad
275 730 383 769 eam
403 731 552 782 (illam
574 720 790 769 nmime
812 719 1258 772 sectandam'multa
1279 729 1332 772 et
1349 722 1488 785 gravi
1509 719 1733 772 oratione
1751 724 2056 777 ωιιωωιω,
2366 719 2394 720 "
2421 719 2480 720 "’
2516 719 2585 723 '“
2600 719 2677 724 _
2718 719 2918 778 ’πή-*Ἴ
2941 719 2954 781 ξ

112 845 317 902 CAPUT
354 845 649 903 PRIMUM.
680 877 754 887 —
780 847 831 901 -l.
870 847 1101 919 Virgines
1144 851 1442 921 conjugatos
1490 865 1612 905 san-

55 951 140 993 ctos
167 948 320 1008 patres
346 956 448 994 non
471 950 817 996 contemnant.
846 942 1060 998 Librum
1084 943 1150 999 de
1166 943 1316 1000 Bono
1338 943 1616 1017 Conjugali

56 1048 194 1102 nuper
218 1031 500 1100 edidimus,
535 1033 591 1088 in
627 1050 729 1104 quo
752 1036 911 1091 etiam
940 1034 1137 1092 Christi
1163 1038 1395 1109 virgines
1425 1039 1614 1096 admo-

53 1123 233 1177 nuimus
268 1129 424 1193 atque
467 1125 787 1190 manemus,
847 1143 912 1182 ne
967 1140 1186 1201 prepter
1239 1131 1610 1186 excellentiam

55 1213 253 1270 muneris
270 1215 548 1284 amplioris
568 1216 711 1288 quod
753 1218 1004 1275 divinitus
1053 1232 1394 1292 acceperunt,
1433 1232 1617 1279 conte-

55 1315 205 1359 mnant
249 1306 299 1360 in
327 1307 409 1361 sui
461 1309 868 1378 comparatione
897 1319 1078 1382 patres
1106 1321 1161 1368 et
1190 1322 1390 1369 matres
1430 1315 1612 1384 pepuli

58 1399 161 1462 Dei;
182 1387 524 1469 hominesQue
549 1399 671 1455 illos
693 1417 826 1472 quos
849 1410 1097 1474 tauquam
1119 1403 1312 1459 olivam
1337 1420 1614 1461 commen-

62 1492 135 1546 dat
158 1494 431 1563 Apostolus,
487 1511 561 1550 ne
591 1497 863 1566 superbiat
903 1499 1135 1554 insertus
1163 1500 1396 1555 oleaster
1426 1498 1605 1574 (Rom.

67 1600 124 1647 ιι,
153 1586 218 1652 l7,
247 1583 348 1657 l8),
376 1587 470 1656 qui
503 1597 735 1644 venturo
761 1587 974 1645 Christo
1018 1591 1179 1646 etiam
1210 1591 1440 1647 filiorum
1489 1607 1611 1664 pro-

59 1679 288 1747 pagatione
312 1681 652 1749 serviebant,
687 1683 806 1739 ideo
834 1686 1010 1741 meriti
1038 1684 1307 1742 inferioris
1328 1703 1447 1744 esse
1468 1689 1611 1744 arbi-

57 1771 245 1841 trentur,
274 1773 390 1843 quia
431 1773 565 1844 jure
620 1776 801 1832 divino
841 1780 1166 1852 continentia
1212 1781 1499 1849 connubio,
1557 1791 1610 1839 et

55 1859 211 1932 nuptiis
229 1866 304 1935 pia
340 1867 626 1936 virginitas
655 1871 1014 1941 anteponitur.
1048 1871 1106 1926 In
1148 1873 1252 1928 illis
1278 1874 1474 1945 quippe
1507 1889 1604 1945 pa-

53 1956 261 2011 rabantur
282 1967 332 2012 et
354 1958 796 2028 parturiebantur
825 1962 1022 2030 futura,
1068 1979 1187 2035 qua:
1216 1980 1359 2020 nunc
1397 1966 1607 2037 impleri

56 2045 314 2123 mirabiliter
335 2057 388 2105 et
412 2047 714 2107 efﬁcaciter
742 2055 1033 2121 cernimus,
1061 2073 1286 2126 quorum
1309 2058 1468 2112 etiam
1499 2059 1608 2114 vita

57 2120 294 2211 conjugalis
331 2143 654 2213 prophetica
699 2135 999 2202 fuitzuude
1062 2163 1166 2202 non
1223 2149 1607 2206 consuetudine

61 2233 353 2288 humanorum
403 2246 664 2290 votorum
709 2247 868 2308 atque
916 2239 1282 2312 gaudiorum,
1318 2242 1412 2296 sed
1449 2242 1606 2298 valde

64 2324 266 2390 profundo
285 2329 508 2383 consilio
561 2329 685 2395 Dei,
717 2332 768 2385 in
801 2323 1120 2402 quibusdam
1149 2323 1341 2388 eorum‘
1365 2335 1604 2391 fecundi-

70 2424 127 2468 tas
146 2416 376 2486 boum-ari,
405 2421 454 2474 in
485 2419 822 2492 quibusdam
855 2425 1014 2478 etiam
1043 2419 1316 2480 fecundari
1345 2427 1601 2484 sterilitas

76 2511 229 2565 meruit.
254 2513 349 2568 Hoc
376 2529 510 2569 vero
578 2523 821 2587 tempore
875 2517 1066 2588 quibus
1091 2517 1290 2574 dictum
1328 2530 1432 2588 est,
1464 2520 1526 2575 Si
1550 2538 1605 2576 se

84 2617 153 2652 non
181 2603 417 2673 continent,
454 2608 664 2662 nubant
687 2607 729 2682 (l
757 2606 875 2664 Cor.
903 2626 999 2674 vn,
1028 2609 1122 2682 9);
1156 2627 1262 2667 non
1298 2612 1600 2670 adhibenda

89 2697 149 2745 est
167 2693 417 2767 exhortatio,
453 2700 562 2755 sed
590 2703 905 2758 consolatio.
947 2703 1150 2772 Quibus
1189 2713 1364 2761 autem
1399 2707 1598 2762 dictum

91 2793 163 2852 εει,
186 2781 402 2866 (θαῖρριεδι
431 2811 631 2865 capere
657 2797 827 2867 capiat
859 2795 1071 2870 (Matth.
1097 2793 1205 2867 XIX,
1234 2799 1369 2872 12);
1401 2801 1596 2856 exhoro

87 2863 376 2940 tatirﬁsuntne
402 2863 756 2954 terreantur,
792 2898 844 2943 et
865 2863 1108 2946 terrendi
1159 2909 1224 2947 ne
1251 2894 1592 2950 extollantur.

79 2965 156 3022 Non
177 2971 311 3030 solum
330 2991 454 3049 ergo
481 2981 830 3050 praedicanda
848 2991 930 3038 est
954 2984 1246 3056 virginitas,
1270 2995 1328 3040 ut
1353 2996 1592 3057 ametur;

76 3071 202 3114 verum
219 3065 354 3120 etiam
383 3072 688 3137 monendo,
712 3088 778 3126 ne
810 3073 1045 3128 infletur.

119 3149 292 3210 CAPUT
324 3158 382 3212 Il.
403 3192 473 3202 —
500 3161 568 3215 2.
603 3160 828 3231 Virginis
855 3161 994 3232 ﬁlius
1026 3174 1072 3220 et
1102 3167 1351 3239 virginum
1381 3188 1594 3243 sponsus

65 3238 250 3301 Clanius.
302 3247 534 3308 Ecclesia
577 3255 706 3308 sicut
735 3253 924 3323 Maria,
971 3268 1019 3312 et
1067 3238 1227 3315 mater
1248 3272 1293 3316 et
1324 3238 1462 3335 virgo
1498 3277 1589 3321 est.

63 3333 141 3388 lloc
165 3337 248 3393 isto
271 3356 512 3401 sermone
545 3348 883 3417 suscepimus
913 3367 926 3402 :
959 3350 1172 3420 adjuvet
1192 3333 1439 3410 Christus
1472 3357 1590 3412 Vir-

58 3424 156 3490 ginis
175 3427 310 3498 illius,
330 3443 381 3489 et
409 3435 688 3508 virginum
714 3452 966 3508 sponsus,
1000 3441 1239 3513 virginali
1282 3456 1430 3502 utero
1472 3464 1591 3504 cor-

60 3519 253 3582 poraliter
282 3536 451 3597 natus,
481 3523 742 3600 virginali
781 3536 1049 3591 connubio
1077 3537 1426 3607 spiritualiter
1456 3559 1588 3598 cun-

54 3607 231 3676 iugatas.
261 3615 382 3672 Cum
409 3619 530 3690 ipsa
560 3621 718 3692 igitur
767 3624 1010 3680 universa
1040 3627 1278 3683 Ecclesia
1327 3633 1474 3703 virgo
1519 3636 1589 3691 sit

55 3699 311 3770 desponsata
350 3714 438 3767 uni
499 3714 624 3768 viro
665 3715 902 3786 Christo,
951 3718 1088 3774 sicut
1140 3720 1270 3776 dicit
1301 3699 1587 3794 Apostolus

57 3791 216 3856 (Πίον.
242 3817 310 3870 xr,
341 3799 432 3876 2');
478 3817 688 3878 quanto
715 3808 872 3880 digna
913 3821 1040 3866 sunt
1085 3813 1292 3871 honore
1344 3791 1586 3876 membra

53 3885 152 3954 ejus,
177 3906 278 3961 qua:
323 3898 420 3953 hoc
448 3900 768 3956 custodiunt
804 3904 963 3958 etiam
1002 3905 1053 3960 in
1087 3907 1199 3977 ipsa
1225 3925 1408 3978 carne,
1439 3914 1581 3984 quod

52 3985 131 4030 luta
149 3987 348 4043 custodit
382 3993 432 4046 iu
458 3993 610 4047 fide?
638 4010 756 4065 quae
781 3996 1019 4052 imitatur
1048 4009 1270 4055 matrem
1303 4003 1399 4057 viri
1423 4007 1506 4060 sui
1532 4015 1586 4062 et

51 4069 203 4131 domini
217 4083 306 4138 sui.
323 4083 449 4141 Nam
469 4088 714 4143 Ecclesia
741 4106 953 4162 quoque
976 4100 1031 4147 et
1055 4104 1224 4150 mater
1244 4097 1456 4168 etvirgo
1478 4109 1579 4168 est,

51 4164 171 4234 Cujus
186 4175 307 4230 enim
331 4179 625 4252 integritati
641 4184 986 4252 consulimus,
1011 4185 1054 4239 si
1075 4188 1222 4258 virgo
1239 4204 1344 4244 non
1364 4192 1478 4246 est?
1494 4202 1584 4247 aut

51 4257 164 4326 mitts
177 4265 354 4332 prolem
376 4273 718 4345 alloquimur,
748 4277 792 4331 si
818 4285 988 4332 mater
1012 4294 1118 4333 non
1147 4281 1436 4337 est?Maria
1461 4300 1581 4340 cor-

53 4359 250 4418 POraliter
267 4376 416 4435 caput
445 4368 610 4438 hujus
634 4372 872 4440 corporis
904 4373 1140 4442 peperit:
1161 4374 1398 4432 Ecclesia
1428 4379 1582 4448 spiri-

54 4448 444 4515 tualitcrmembra
463 4462 610 4516 illius
627 4464 812 4533 capitis
829 4466 985 4535 parit.
1004 4465 1057 4519 In
1077 4477 1297 4539 utraque
1310 4471 1580 4541 virginitas

56 4534 361 4606 fecunditatem
387 4571 491 4609 non
528 4556 746 4626 impedit
772 4573 787 4610 :
819 4534 870 4612 in
902 4568 1124 4631 utraque
1151 4534 1444 4620 fecunditas
1470 4567 1579 4620 vir-

56 4629 268 4695 ginitatem
290 4659 389 4699 non
418 4646 626 4700 adimit.
657 4647 886 4705 Proinde
913 4666 1032 4705 cum
1064 4651 1302 4709 Ecclesia
1336 4657 1580 4712 universa

57 4721 105 4774 sit
123 4741 269 4786 sancta
293 4745 343 4790 et
358 4753 586 4808 corpore
602 4747 655 4794 et
679 4741 888 4810 spiritu,
914 4758 1012 4798 nec
1041 4751 1219 4799 tamen
1244 4746 1488 4803 universa
1513 4749 1582 4804 sit

59 4828 229 4890 corpore
244 4828 400 4902 virgo,
433 4833 528 4888 sed
559 4833 781 4904 spiritu;
813 4846 1012 4907 quanto
1041 4839 1274 4894 sanCIior
1308 4849 1391 4896 est
1422 4841 1474 4897 in
1500 4843 1580 4898 his

62 4915 275 4985 tueuihris,
297 4922 376 4977 ubi
393 4925 542 4995 virgo
567 4935 649 4982 est
673 4931 726 4981 et
747 4943 974 4999 corpore
991 4941 1042 4986 et
1064 4931 1294 5001 spiritu?

111 5003 292 5066 CAPUT
329 5015 409 5071 Ill.
433 5049 502 5058 —
531 5021 584 5088 5.
629 5017 871 5092 Cognatio
910 5024 1193 5094 spiritualis
1238 5042 1349 5080 cum
1379 5025 1578 5083 Christo

66 5101 356 5172 Propinquitati
381 5115 487 5183 ejus
511 5115 709 5188 carnali
735 5119 1094 5184 prteponenda.
1122 5117 1390 5188 Scriptum
1423 5131 1504 5176 est
1527 5123 1579 5178 in

67 5186 309 5269 Evangelia,
332 5207 468 5276 quod
490 5186 660 5263 mater
678 5218 731 5264 et
752 5210 941 5266 fratres
964 5211 1181 5282 Christi,
1221 5212 1321 5269 hoc
1343 5223 1425 5269 est
1443 5230 1577 5271 eon-

69 5290 280 5355 sanguinei
312 5300 479 5355 carnis
507 5301 624 5372 ejus
645 5344 660 5370 ,
701 5318 821 5357 eum
852 5304 926 5358 illi
961 5306 1186 5360 nuntiati
1225 5305 1478 5376 fuissent,
1521 5319 1575 5365 et

70 5370 530 5455 lorisexspectarent.
574 5394 694 5465 quia
726 5410 831 5450 non
876 5407 1236 5467 possenteum
1275 5400 1426 5461 adire
1469 5418 1576 5472 prre

73 5469 196 5538 tum:
219 5475 295 5534 ille
314 5485 577 5554 reSpondit
603 5504 614 5540 :
647 5485 771 5552 Qua:
790 5498 862 5541 est
892 5498 1051 5542 mater
1071 5507 1200 5558 mea,
1226 5501 1312 5544 aut
1345 5493 1430 5563 qui
1458 5469 1575 5548 sunt

1723 849 1906 918 fratres
1969 855 2105 909 mei?
2147 853 2217 911 Et
2261 860 2533 918 extendens
2587 882 2796 924 manum
2838 887 2993 944 super
3039 875 3320 950 discipulos

1719 957 1858 1009 suos,
1883 944 1952 1008 ait
1983 961 2003 999 :
2041 945 2114 1001 Hi
2155 957 2273 1004 sunt
2323 952 2505 1040 fratres
2536 958 2671 1026 mei;
2700 969 2746 1015 et
2793 965 3094 1038 quicumque
3140 973 3319 1044 fecerit

1721 1032 2028 1091 voluntatem
2051 1035 2226 1096 Patris
2252 1045 2368 1112 mei,
2394 1033 2503 1117 ipse
2529 1050 2654 1104 mihi
2681 1032 2857 1122 frater,
2893 1067 2939 1111 et
2962 1032 3150 1129 mater,
3173 1075 3219 1118 et
3239 1084 3324 1122 so-

1719 1137 1807 1178 ror
1825 1127 2134 1220 est(Malth.
2158 1149 2252 1202 xu,
2282 1134 2496 1211 46-50).
2519 1139 2657 1209 Quid
2681 1143 2825 1200 aliud
2848 1164 2945 1204 nos
2967 1127 3185 1220 docens.
3214 1157 3320 1216 nisi

1719 1219 1919 1274 carnali
1949 1226 2250 1294 cognationi
2273 1244 2440 1298 genus
2461 1243 2702 1290 nostrum
2734 1237 3009 1308 spirituale
3031 1259 3317 1318 praepone-

1719 1323 1812 1378 re;
1844 1327 1943 1368 nec
1973 1314 2099 1371 inde
2120 1317 2307 1376 beatos
2344 1337 2461 1379 esse
2493 1323 2756 1396 homines,
2783 1329 2826 1384 sl
2845 1333 3005 1402 juslis
3030 1314 3084 1392 et
3112 1314 3316 1402 sanctis

1716 1404 1892 1459 carnis
1921 1407 2314 1481 prepiuquitate
2343 1405 2660 1488 junguntur,
2693 1421 2786 1478 sed
2813 1425 2856 1479 si
2893 1441 3079 1485 eorum
3107 1430 3312 1490 doctri-

1715 1510 1799 1552 nae
1820 1513 1883 1553 ac
1903 1499 2141 1557 moribus
2158 1503 2456 1563 obediendo
2477 1520 2634 1582 atque
2649 1513 2902 1572 imitando
2917 1519 3311 1584 cohaerescunt?

1715 1587 1932 1646 Beatior
1974 1608 2100 1664 ergo
2143 1595 2305 1651 Maria
2348 1602 2692 1672 percipiendo
2717 1605 2875 1663 fidem
2902 1610 3120 1681 Christi,
3145 1633 3310 1687 quam

1716 1683 2068 1754 concipiendo
2089 1703 2302 1746 carnem
2332 1693 2549 1750 Christi.
2582 1697 2714 1755 Nam
2746 1713 2801 1757 et
2834 1703 3030 1762 dicenti
3068 1683 3302 1784 cuidam,

1713 1765 1900 1832 Beatus
1929 1790 2100 1835 venter
2123 1785 2209 1855 qui
2230 1794 2277 1839 te
2304 1791 2550 1856 portavit;
2572 1792 2685 1862 ipse
2713 1800 3010 1870 respondit,
3031 1801 3146 1859 Ima
3167 1765 3302 1865 beati

1711 1868 1798 1938 qui
1817 1871 2031 1926 audiunt
2055 1876 2258 1931 verbum
2276 1877 2386 1945 Dei,
2419 1892 2464 1935 et
2480 1886 2768 1942 custodiunt
2795 1878 2944 1960 (Luc.
2967 1868 3040 1962 xi,
3060 1897 3149 1966 27,
3175 1899 3294 1972 28).

1711 1958 1952 2032 Denique
1999 1963 2251 2024 fratribus
2317 1971 2464 2041 ejus,
2520 1974 2573 2029 id
2622 1987 2704 2033 est
2751 1981 3041 2040 secundum
3088 1958 3306 2048 carnein

1710 2055 1952 2123 ceguatis
1973 2097 1987 2122 ,
2021 2058 2111 2127 qui
2144 2075 2249 2115 non
2297 2062 2348 2116 in
2377 2080 2499 2119 eum
2548 2068 2922 2144 crediderunt,
2953 2078 3078 2148 quid
3109 2083 3309 2152 profuit

1709 2143 1797 2198 illa
1818 2149 2102 2236 cognatio?
2131 2151 2218 2206 Sic
2239 2161 2294 2209 et
2316 2153 2554 2213 materna
2580 2161 2948 2236 propinquitas
2968 2143 3306 2234 nihil-Mariae

1711 2229 2024 2306 profuisset,
2071 2242 2174 2297 nisi
2215 2242 2422 2303 felicius
2449 2229 2718 2308 Christum
2751 2257 2914 2315 corde
2944 2277 3101 2332 quam
3141 2281 3306 2327 carne

1706 2337 1987 2396 gestasset.

1778 2413 2006 2477 CAPUT
2046 2422 2132 2479 IV.
2155 2455 2227 2465 —
2245 2427 2298 2482 4.
2337 2427 2615 2502 Virginitas
2637 2431 2824 2492 Maria:
2861 2450 2973 2496 voto
3000 2443 3168 2502 dicata
3191 2448 3302 2506 Deo

1705 2518 1974 2582 antequam
1999 2514 2063 2568 de
2082 2517 2414 2590 concipiendo
2451 2520 2652 2579 Christo
2680 2528 2922 2585 audisset.
2952 2532 3069 2605 Ipsa
3092 2553 3303 2613 quoque

1704 2601 1981 2672 virginitas
2009 2606 2125 2676 ejus
2150 2609 2270 2665 ideo
2299 2614 2501 2683 gratior
2519 2625 2574 2670 et
2594 2622 2880 2691 acceptior,
2905 2601 3027 2696 quia
3049 2601 3157 2685 non
3179 2601 3298 2690 eam

1703 2704 1989 2766 conceptus
2025 2697 2272 2757 Christus
2307 2704 2422 2759 viro
2464 2705 2728 2765 violatura
2757 2728 2915 2782 quam
2950 2701 3300 2781 conservaret

1701 2784 1816 2855 ipse
1848 2791 2138 2859 praeripuit,
2169 2793 2263 2848 sed
2289 2796 2600 2868 priusquam
2635 2803 3009 2874 conciperetur
3036 2810 3148 2880 jam
3182 2814 3296 2873 Deo

1700 2875 1928 2960 dicatam
1959 2879 2025 2964 de
2045 2895 2146 2953 qua
2176 2895 2485 2942 nasceretur
2513 2891 2690 2963 elegit.
2724 2895 2838 2953 Hoc
2862 2875 3102 2959 iudicant
3121 2905 3288 2964 verba

1699 2955 1818 3039 quae
1863 2961 1970 3027 sibi
1995 2973 2161 3029 fetum
2207 2981 2540 3036 annuutiauti
2585 2955 2775 3056 angelo
2822 2989 2986 3046 Maria
3033 2995 3290 3055 reddidit.

1702 3061 1990 3132 Quomodo,
2043 3068 2234 3140 inquit,
2268 3072 2356 3141 [iet
2384 3075 2540 3144 istud,
2574 3080 2812 3146 quoniam
2842 3083 3004 3140 virum
3055 3105 3158 3144 non
3199 3107 3293 3147 co-

1696 3173 1885 3227 gnosco
1916 3158 2068 3231 (Luc.
2115 3177 2152 3229 1,
2182 3162 2313 3235 54)?
2342 3167 2495 3233 Quod
2530 3172 2768 3241 profecto
2794 3192 2902 3233 non
2928 3179 3152 3252 diceret,
3186 3186 3291 3244 nisi

1698 3247 1809 3303 Deo
1834 3249 2092 3321 virginem
2113 3269 2171 3308 se
2193 3264 2317 3312 ante
2342 3260 2594 3316 vovisset.
2620 3262 2727 3320 Sed
2748 3269 2870 3337 quia
2898 3269 3002 3327 hoc
3027 3247 3293 3332 Israelita-

1697 3357 1815 3396 rum
1869 3359 2047 3401 mores
2087 3348 2261 3404 adhuc
2298 3351 2652 3424 recusabant,
2699 3359 3019 3431 desponsata
3073 3377 3155 3423 est
3173 3370 3292 3427 viro

1690 3436 1855 3506 justo,
1890 3454 1997 3494 non
2024 3441 2286 3500 violenter
2312 3445 2576 3518 ablaturo,
2624 3453 2718 3508 sed
2746 3455 2921 3524 potius
2949 3468 3133 3515 contra
3163 3462 3280 3519 vio-

1696 3528 1872 3587 lentos
1899 3535 2235 3592 custodituro
2274 3539 2417 3622 quod
2448 3544 2534 3599 illa
2569 3545 2679 3616 jam
2713 3560 2947 3607 voverat.
2971 3553 3290 3628 Quanquam

1693 3621 1904 3678 etiamsi
1930 3623 2032 3681 hoc
2072 3627 2246 3684 solum
2275 3619 2516 3702 dixisset,
2550 3637 2812 3702 Quomodo
2839 3643 2924 3713 ﬁet
2962 3619 3100 3702 istud
3114 3619 3159 3703 γ’
3185 3665 3289 3709 nec

1692 3713 2002 3784 addidisset,
2034 3721 2274 3788 quoniam
2299 3725 2460 3780 virum
2481 3745 2582 3782 non
2607 3746 2892 3802 cognosco;
2921 3751 3029 3792 non
3057 3731 3285 3811 quaesis-

1692 3815 1774 3862 set
1802 3808 2002 3879 utique,
2033 3815 2354 3882 promissum
2378 3820 2476 3875 sibi
2500 3820 2665 3878 ﬁlium
2688 3829 2956 3896 quomodo
2978 3808 3174 3889 femina
3190 3850 3287 3906 pa-

1691 3899 1858 3952 ritura
1908 3910 2070 3971 esset,
2127 3906 2172 3961 si
2226 3910 2572 3968 concubitura
2620 3919 2910 3987 nupsisset.
2960 3899 3286 3986 Poterat-et

1686 3989 1863 4060 juberi
1903 3993 2050 4064 virgo
2097 4012 2438 4070 permanere,
2477 4004 2532 4058 in
2570 4022 2670 4077 qua
2701 4007 2794 4065 Dei
2842 4012 3008 4071 Filius
3053 4016 3281 4078 formam

1688 4086 1828 4138 servi
1880 4090 2194 4157 congruenti
2239 4093 2498 4150 miraculo
2541 4099 2852 4168 acciperet:
2897 4105 2992 4160 sed
3031 4114 3281 4181 exemplo

1687 4179 1886 4232 sanctis
1912 4179 2089 4237 futura
2109 4181 2423 4255 virginibus,
2448 4204 2514 4244 ne
2541 4201 2819 4260 putaretur
2844 4198 2958 4252 sola
2989 4201 3136 4272 virgo
3156 4179 3280 4261 esse

1687 4271 1962 4342 debuisse,
1989 4291 2108 4346 quae
2135 4277 2340 4346 prolem
2367 4280 2526 4334 etiam
2550 4281 2665 4338 sine
2685 4287 2967 4344 concubitu
2994 4271 3280 4364 concipere

1687 4363 1996 4435 meruisset,
2023 4366 2382 4438 virginitatem
2428 4371 2537 4428 Deo
2561 4373 2775 4444 dicavit,
2805 4394 2926 4434 cum
2957 4382 3132 4441 adhuc
3150 4363 3279 4456 quid

1688 4463 1832 4510 esset
1873 4467 2198 4530 conceptura
2246 4463 2498 4533 nesciret,
2543 4476 2600 4522 ut
2637 4468 2689 4522 in
2714 4478 2926 4529 terreno
2959 4479 3279 4551 mortalique

1686 4561 1916 4618 corpore
1958 4551 2194 4608 caelestis
2227 4555 2348 4610 vitae
2394 4557 2621 4614 imitatio
2647 4571 2771 4617 voto
2803 4565 2976 4635 ﬁeret,
3006 4584 3113 4624 non
3134 4585 3276 4640 prae-

1686 4649 1872 4711 cepto;
1897 4660 2080 4701 amore
2121 4643 2375 4718 eligendi,
2409 4666 2515 4705 non
2546 4654 2862 4711 necessitate
2883 4661 3169 4716 serviendi.
3199 4663 3278 4721 lta

1685 4731 1933 4792 Christus
1971 4738 2242 4795 nascendo
2271 4740 2340 4795 de
2374 4741 2598 4812 virgine,
2639 4761 2757 4815 qua:
2794 4757 3077 4820 antequam
3117 4756 3281 4814 sciret

1685 4825 1808 4894 quis
1834 4827 1902 4884 de
1931 4829 2015 4882 illa
2043 4827 2216 4884 fuerat
2242 4832 2564 4898 nasciturus,
2601 4835 2749 4906 virgo
2786 4847 3044 4898 statuerat
3064 4861 3278 4915 perma-

1686 4931 1842 4986 nere,
1867 4920 2222 4990 virgiuitatem
2256 4933 2495 4977 sanctam
2541 4927 2840 4995 approbare
2869 4934 3084 5000 maluit,
3115 4953 3276 5008 quam

1685 5009 1976 5084 imperare.
2007 5014 2087 5068 Ac
2112 5015 2189 5068 sic
2213 5016 2371 5069 etiam
2403 5017 2454 5070 in
2486 5018 2598 5088 ipsa
2623 5018 2819 5080 femina
2841 5026 2891 5081 in
2913 5044 3019 5099 qua
3048 5030 3275 5093 formam

1684 5106 1827 5161 servi
1848 5105 2074 5176 accepit,
2099 5107 2453 5178 virginitatem
2474 5126 2592 5167 esse
2620 5113 2841 5173 liberam
2870 5123 3057 5178 voluit.

1753 5219 1983 5277 CAPUT
2023 5220 2088 5276 ν.
2116 5250 2188 5262 --
2208 5223 2261 5278 5.
2304 5221 2567 5296 Virginum
2591 5232 2813 5285 omnium
2845 5235 2996 5290 decus
3026 5248 3096 5294 est
3123 5243 3274 5297 unius

1691 5306 1918 5388 Virginis
1938 5325 2135 5387 partus.
2173 5317 2403 5390 Virgines
2431 5331 2480 5374 et
2505 5322 2632 5393 ipsae
2655 5326 2836 5396 spiritu
2862 5341 3046 5386 matres
3066 5332 3272 5389 Christi.

1680 5403 1805 5464 Non
1844 5416 1927 5464 est
1965 5423 2093 5480 ergo
2122 5424 2218 5465 cur
2260 5409 2353 5466 Dei
2395 5413 2626 5484 virgines
2667 5419 3078 5488 contristentur,
3129 5426 3273 5494 quod

1683 5501 1846 5557 etiam
1876 5501 2005 5571 ipsae
2031 5501 2332 5573 virginitate
2355 5516 2562 5561 servata
2593 5516 2790 5565 matres
2816 5511 2990 5565 carnis
3019 5527 3141 5570 esse
3163 5529 3271 5572 non

1170 5621 1458 5663 ADHONITIO
1495 5625 1574 5663 PP.
1615 5627 2100 5673 BEREDICTINORUI.

118 5674 268 5740 Librum
286 5682 512 5740 desancta
534 5691 583 5739 vi

571 5691 1223 5777 irgiuitalteke‘m'eudavim'us-
1243 5697 1302 5746 ad
1319 5697 1871 5777 .Oolbertinqsveteres
1891 5707 2086 5777 codices
2114 5708 2258 5777 duos,
2305 5709 2373 5777 ad
2399 5710 2763 5777 corbeiensem
2791 5711 3187 5777 vetustissimum,
3212 5718 3274 5769 ad

101 5730 108 5739 '
173 5737 183 5748 ⁸
293 5730 339 5734 V'
355 5730 512 5740 '—""'
547 5730 820 5754 '“D'mu'v
846 5730 1210 5746 νψν⁸⁴υ⁹⁸¹¹³¹⁸¹¹³⁰
1243 5730 1302 5746 ⁸³⁸³
1338 5730 1498 5747 νυ⁸υυ¹
1515 5730 1640 5752 ι¹¹¹υδ
1666 5730 1742 5755 νει
1754 5730 1871 5757 δι’ὕδ
1891 5730 2086 5758 conloca
2119 5730 2258 5769 υυυδ,
2305 5730 2367 5758 au
2399 5730 2763 5781 υυΐυΰιθηδυυι.
2792 5730 3187 5777 νυιυδιιδδιωιιω,

78 5732 320 5807 hominum,
340 5751 678 5802 Mtellensem
697 5788 712 5810 9
734 5753 1092 5816 Μίθιιθθιίῐιιιηι,
1133 5760 1530 5820 Cistel‘cienscm,
1559 5763 1618 5813 ad
1639 5771 1724 5815 Ms.
1751 5770 2005 5818 Remensis
2028 5769 2278 5830 Ecclesia,
2315 5770 2376 5818 ad
2409 5770 2557 5820 alium
2588 5769 3193 5846 Ecclesne‘taudunensis,
3215 5782 3274 5831 ad

82 5796 264 5853 ‘m
280 5817 494 5853 (malum:
518 5815 576 5853 ad
601 5812 842 5853 Imtinnps
865 5816 1104 5853 variantnc
1126 5823 1487 5853 Inuoninnuilun
1515 5839 1573 5853 ην
1602 5827 1762 5853 suum...
1790 5831 1992 5853 n..l..:..:..
2016 5839 2105 5853 un...
2177 5840 2218 5853 η.
2248 5831 2440 5853 ,ιη-ιη...
2463 5833 2519 5853 ,Α
2543 5833 2775 5853 ,υιηυηηω
2804 5838 2858 5853 ι..
2906 5839 2948 5853 ..ι
2971 5839 2986 5853 Ι
3004 5847 3062 5853 --

309 5796 319 5807 1
375 5796 678 5802 γήνν,-ν-ν--
699 5796 712 5810 ⁷
735 5796 1092 5816 __'__,,______.,
1135 5796 1276 5808 νηην.
1289 5796 1530 5820 “vuum”,
1559 5796 1618 5813 μυ
1639 5796 1724 5815 μισ.
1751 5796 2005 5818 "crucum;
2029 5796 2278 5830 mulcatus,
2315 5796 2376 5818 au
2409 5796 2557 5820 ωιιιιιι
2588 5796 2811 5819 ιἰυυιυδιαῖ
2834 5796 3079 5822 ιΑυυυυῧι·

82 5796 264 5855 mimos
280 5817 495 5875 quatuor;
518 5815 579 5864 ad
601 5812 842 5864 lectiones
865 5816 1105 5869 variantes
1126 5823 1488 5873 Levauiensiuut
1515 5839 1574 5872 ex
1602 5827 1762 5877 tribus
1789 5831 1995 5893 Belgicis
2016 5839 2144 5892 Mss,
2172 5840 2221 5882 et
2245 5831 2441 5880 demum
2462 5833 2519 5880 ad
2540 5833 2779 5881 editiones
2901 5839 2954 5881 et
2970 5839 3079 5885 ων.

136 5883 572 5973 Cmperavimus
600 5909 896 5982 prwterea
931 5923 1027 5964 eas
1081 5925 1281 5968 omnes
1318 5907 1594 5970 editione.

1702 5912 1836 5976 titio
1870 5883 2038 5977 ltetr.
2062 5883 2430 5978 et'Confess.
2469 5926 2512 5976 t.
2546 5917 2602 5991 1,
2631 5922 3013 5977 memoratas.
3104 5924 3189 5986 Μ,
