3880 6284
549 394 656 455 399

546 493 793 581 possunt.
818 504 970 561 Illum
996 502 1141 561 enim
1168 502 1338 558 solum
1365 501 1644 572 virginitas
1670 501 1926 557 decenter
1950 514 2138 571 parere

505 619 515 636 ν
546 607 751 670 posset,
773 597 866 670 qui
889 597 942 651 in
964 610 1058 651 sua
1085 595 1364 650 nativitate
1387 608 1567 664 parem
1588 592 1788 668 habere
1809 607 1914 646 non
1939 599 2138 662 posset.

546 689 932 746 Verumtamen
956 688 1044 743 ille
1059 688 1215 742 unius
1233 693 1432 741 sancta:
1449 684 1680 756 Virginis
1701 692 1884 754 partus
1902 683 2140 737 omnium

545 790 853 836 sanctarum
901 778 1179 848 virginum,
1205 785 1288 833 est
1313 775 1498 832 decus.
1542 776 1612 830 Et
1637 775 1768 844 ipsae
1809 789 1931 828 cum
1979 773 2141 827 Maria

545 882 748 929 matres
776 870 972 928 Christi
1014 880 1164 935 sunt,
1206 869 1251 923 si
1281 866 1457 922 Patris
1494 866 1609 936 ejus
1656 866 1856 921 faciunt
1894 865 2141 919 volunta-

547 975 677 1023 tem.
723 965 858 1020 Hinc
891 962 1036 1019 enim
1078 970 1131 1017 et
1174 959 1336 1015 Maria
1376 957 1690 1014 laudabilius
1730 966 1890 1028 atque
1935 956 2141 1012 beatius

544 1058 745 1117 Christi
774 1065 945 1112 mater
978 1064 1089 1122 est,
1135 1052 1426 1110 secundum
1456 1067 1620 1124 supra
1649 1060 1997 1108 memoratam
2023 1052 2142 1121 ejus

545 1148 866 1206 sententiam
896 1164 910 1200 :
961 1145 1275 1216 Quicumque
1313 1143 1437 1214 facit
1476 1143 1783 1198 uoluntatem
1827 1141 2002 1196 Patris
2043 1141 2143 1194 mei

544 1242 632 1312 qui
656 1241 710 1294 in
736 1239 873 1294 caelis
900 1247 996 1303 est,
1028 1238 1136 1310 ipse
1161 1236 1288 1290 mihi
1317 1241 1499 1309 frater,
1526 1246 1573 1291 et
1598 1254 1760 1304 soror,
1789 1245 1834 1290 et
1860 1246 2021 1291 mater
2047 1246 2138 1290 est.

545 1335 652 1389 llas
678 1333 777 1388 sibi
801 1345 992 1388 omnes
1019 1330 1462 1402 propinquitates,
1495 1329 1548 1385 in
1577 1331 1776 1401 populo
1800 1344 1958 1400 quem
1986 1328 2144 1384 rede-

545 1429 673 1494 mit,
703 1425 1052 1498 spiritualiter
1090 1424 1350 1480 exhibet:
1396 1424 1588 1479 fratres
1626 1433 1681 1477 et
1721 1437 1940 1478 sorores
1983 1421 2144 1476 habet

545 1528 762 1576 sanctos
787 1519 935 1573 viros
965 1524 1019 1573 et
1045 1526 1255 1572 sanctas
1284 1516 1508 1572 feminas
1528 1557 1543 1582 ,
1564 1515 1816 1587 quoniam
1839 1523 1964 1570 sunt
1984 1514 2058 1569 illi
2087 1514 2141 1568 in

543 1610 749 1667 caelesti
793 1607 1108 1664 lmreditate
1148 1607 1480 1663 cohaeredes.
1529 1608 1697 1663 Mater
1735 1607 1853 1678 ejus
1896 1617 1979 1662 est
2031 1613 2141 1662 tota

544 1702 818 1770 Ecclesia,
849 1701 972 1772 quia
1001 1701 1242 1755 membra
1272 1701 1422 1770 ejus,
1457 1699 1508 1754 id
1534 1708 1651 1766 est,
1697 1699 1879 1753 ﬁdeles
1906 1699 2021 1768 ejus
2046 1712 2144 1769 per

544 1795 641 1850 Dei
671 1794 896 1865 gratiam
939 1793 1054 1864 ipsa
1103 1794 1288 1864 utique
1325 1793 1482 1862 parit.
1524 1792 1655 1847 Item
1687 1801 1860 1848 mater
1897 1791 2015 1861 ejus
2062 1799 2146 1846 est

543 1887 722 1942 omnis
749 1886 925 1940 anima
954 1886 1040 1954 pia
1059 1926 1073 1950 ,
1105 1883 1305 1940 faciens
1335 1884 1658 1940 voluntatem
1703 1883 1875 1939 Patris
1904 1883 2020 1953 ejus
2061 1882 2142 1938 fe-

546 1979 876 2038 cundissima
921 1976 1182 2033 charitate
1202 2018 1217 2044 ,
1251 1977 1304 2031 in
1335 1977 1400 2030 iis
1439 1991 1573 2047 quos
1604 1976 1861 2047 parturit,
1890 1975 2063 2030 donec
2091 1974 2146 2028 in

546 2071 627 2126 eis
654 2070 772 2141 ipse
808 2067 1070 2124 formetur
1097 2064 1292 2142 (Colat.
1326 2081 1380 2121 IV
1400 2107 1415 2134 ,
1450 2066 1562 2139 l9).
1593 2065 1756 2121 Maria
1787 2081 1915 2137 ergo
1941 2065 2146 2121 faciens

547 2163 876 2219 voluntatem
901 2161 1025 2228 Dei,
1048 2160 1397 2230 corporaliter
1417 2159 1617 2214 Christi
1640 2157 2008 2214 tantummodo
2032 2173 2148 2214 ma-

549 2263 637 2311 ter
665 2261 782 2321 est,
813 2251 1163 2324 Spiritualiter
1188 2259 1366 2306 autem
1393 2259 1448 2306 et
1469 2265 1623 2305 soror
1650 2260 1706 2306 et
1735 2259 1922 2306 mater.

620 2343 848 2401 CAPUT
880 2343 1051 2399 VL—
1065 2341 1116 2398 6.
1145 2342 1272 2397 Sola
1293 2341 1465 2396 Maria
1484 2358 1693 2413 corpore
1711 2358 1772 2394 ac
1791 2341 1974 2411 spiritu
1992 2341 2148 2397 simul

549 2439 692 2511 virgo
715 2445 762 2492 et
781 2447 962 2492 mater.
995 2437 1073 2492 Ac
1101 2451 1200 2506 per
1227 2437 1328 2491 hoc
1357 2435 1444 2490 illa
1471 2451 1575 2491 una
1602 2435 1819 2503 femina,
1847 2451 1954 2492 non
1975 2438 2148 2492 solum

550 2530 774 2601 spiritu,
801 2543 993 2585 verum
1023 2528 1183 2583 etiam
1214 2542 1441 2597 corpore
1459 2569 1474 2593 ,
1505 2536 1560 2582 et
1587 2535 1758 2584 mater
1782 2536 1865 2584 est
1891 2536 1944 2584 et
1973 2528 2144 2600 virgo.

555 2622 625 2680 Et
651 2629 824 2678 mater
848 2620 1060 2693 quidem
1087 2619 1299 2691 spiritu,
1331 2635 1438 2676 non
1463 2621 1650 2690 capitis
1677 2622 1869 2688 nostri,
1899 2621 2042 2692 quod
2069 2632 2152 2678 est

550 2715 669 2784 ipse
692 2711 956 2779 Salvator,
979 2727 1045 2768 ex
1071 2725 1178 2783 quo
1204 2712 1373 2782 magis
1403 2711 1490 2766 illa
1517 2712 1863 2782 spiritualiter
1883 2721 2006 2768 nata
2031 2723 2148 2780 est;

551 2805 676 2874 quia
707 2818 897 2860 omnes
924 2803 1014 2874 qui
1044 2803 1097 2858 in
1125 2818 1251 2860 eum
1277 2803 1626 2870 crediderint,
1657 2805 1707 2858 in
1735 2805 1925 2875 quibus
1954 2814 2008 2861 et
2037 2807 2152 2876 ipsa

552 2905 658 2964 est,
681 2904 825 2951 recte
848 2895 943 2950 ﬁlii
968 2895 1151 2964 sponsi
1175 2895 1511 2964 appellantur
1537 2894 1751 2964 (Matth.
1781 2911 1857 2962 ix,
1890 2894 1981 2969 15)
2008 2914 2020 2950 :
2054 2897 2151 2953 sed

555 2986 717 3057 plane
743 2994 916 3040 mater
934 2984 1299 3039 membrorum
1325 2985 1462 3054 ejus,
1493 2985 1638 3056 quod
1664 3001 1764 3040 nos
1787 3002 1998 3053 sumus;
2030 2988 2152 3058 quia

553 3087 838 3149 cooperata
866 3085 948 3132 est
973 3077 1263 3146 charitate,
1296 3087 1353 3131 ut
1379 3076 1565 3133 ﬁdeles
1594 3080 1648 3132 in
1679 3077 1921 3135 Ecclesia
1959 3095 2151 3136 nasce-

552 3179 763 3238 rentur,
791 3185 910 3242 quaa
935 3169 1078 3225 illius
1102 3170 1291 3241 capitis
1320 3171 1562 3227 membra
1589 3181 1747 3227 sunt:
1775 3188 2002 3244 corpore
2024 3190 2153 3232 vero

553 3265 724 3334 ipsius
750 3263 941 3334 capitis
974 3270 1166 3318 mater.
1209 3261 1500 3332 Oportebat
1526 3263 1668 3319 enim
1708 3275 1868 3334 caput
1909 3275 2150 3322 nostrum

553 3364 777 3427 propter
796 3355 1003 3425 insigne
1025 3353 1340 3409 miraculum
1363 3353 1658 3409 secundum
1679 3369 1894 3410 carnem
1919 3356 2061 3410 nasci
2085 3356 2154 3412 de

555 3448 764 3519 virgine
783 3488 798 3514 ,
825 3461 932 3518 quo
956 3445 1284 3516 signiﬁcaret
1318 3446 1557 3502 membra
1587 3461 1680 3502 sua
1712 3447 1777 3502 de
1803 3448 2006 3518 virgine
2048 3448 2153 3503 Ec-

557 3542 723 3599 clesia
753 3540 1046 3596 secundum
1077 3539 1319 3610 spiritum
1347 3540 1640 3594 nascitura.
1682 3540 1804 3595 Sola
1833 3555 1960 3611 ergo
1990 3541 2152 3597 Maria

556 3643 615 3694 et
639 3634 828 3705 spiritu
849 3642 904 3689 et
925 3647 1150 3704 corpore
1170 3642 1342 3689 mater
1366 3641 1422 3688 et
1447 3635 1624 3705 virgo;
1658 3644 1714 3690 et
1736 3643 1910 3691 mater
1934 3635 2152 3704 Christi,

557 3734 614 3782 et
639 3725 788 3796 virgo
813 3721 1012 3779 Christi
1036 3742 1048 3778 :
1081 3724 1316 3780 Ecclesia
1343 3739 1472 3779 vero
1498 3725 1550 3779 in
1582 3725 1780 3780 sanctis
1807 3741 2029 3796 regnum
2060 3727 2155 3782 Dei

555 3816 910 3889 possessuris,
959 3815 1148 3885 spiritu
1193 3814 1406 3884 quidem
1444 3823 1552 3870 tota
1603 3826 1773 3871 mater
1815 3815 2011 3872 Christi
2049 3827 2152 3885 est,

557 3918 671 3965 tota
697 3909 846 3979 virgo
889 3907 1119 3972 Christi;
1148 3922 1374 3977 corpore
1412 3915 1592 3964 autem
1640 3924 1748 3963 non
1786 3917 1894 3964 tota
1917 3951 1931 3974 ,
1978 3910 2070 3966 sed
2101 3910 2154 3965 in

558 3999 876 4070 quibusdam
917 3998 1066 4069 virgo
1106 3997 1332 4066 Christi,
1365 3999 1418 4053 in
1446 3999 1762 4068 quibusdam
1809 4009 2013 4067 mater,
2060 4003 2154 4057 sed

558 4106 664 4147 non
690 4090 909 4145 Christi.
951 4089 1018 4144 Et
1059 4089 1355 4161 conjugata:
1392 4091 1590 4162 quippe
1629 4091 1813 4147 ﬁdeles
1853 4091 2063 4148 feminae
2102 4102 2158 4150 et

557 4183 789 4254 virgines
833 4183 943 4238 Deo
971 4182 1158 4238 dicatae
1176 4225 1189 4249 ,
1223 4183 1421 4238 sanctis
1453 4183 1692 4238 moribus
1719 4193 1773 4240 et
1799 4183 2060 4241 cbaritate
2087 4185 2156 4242 de

556 4276 720 4332 corde
742 4290 873 4347 puro
893 4285 947 4331 et
966 4277 1290 4332 conscientia
1313 4277 1449 4333 bona
1473 4285 1527 4332 et
1546 4276 1652 4332 ﬁde
1673 4291 1779 4332 non
1803 4277 1923 4335 ﬁcta
1951 4279 1995 4351 (l
2019 4279 2152 4336 Tim.

557 4387 576 4426 ι
600 4412 615 4436 ,
643 4370 720 4440 5),
746 4369 870 4440 quia
897 4368 1224 4425 voluntatem
1245 4369 1421 4424 Patris
1441 4368 1662 4437 faciunt,
1685 4371 1886 4427 Christi
1907 4373 2157 4442 spiritua-

558 4461 682 4516 liter
708 4468 908 4516 matres
936 4469 1081 4515 sunt.
1109 4461 1239 4528 Quae
1263 4469 1444 4516 autem
1471 4463 1738 4532 conjugali
1768 4463 1876 4519 vita
1899 4479 2157 4536 corpora-

557 4554 682 4608 liter
709 4550 950 4623 pariunt,
989 4566 1099 4606 non
1143 4549 1450 4618 Christum,
1480 4553 1574 4607 sed
1601 4552 1771 4608 Adam
1806 4556 2054 4625 pariunt,
2103 4565 2157 4614 et

559 4643 683 4699 ideo
705 4651 926 4699 currunt
952 4643 968 4674 ¹
998 4649 1058 4697 ut
1082 4641 1444 4699 Sacramentis
1469 4642 1654 4697 imbuti
1681 4640 1879 4700 Christi
1914 4647 2156 4704 membra

561 4735 695 4790 ﬁant
717 4743 900 4805 partus
924 4750 1110 4792 earum
1129 4778 1143 4805 ,
1173 4734 1422 4807 quoniam
1449 4736 1573 4808 quid
1603 4739 1911 4808 pepererint
1934 4751 2151 4798 norunt.

634 4825 859 4883 CAPUT
897 4827 1010 4883 νη.
1040 4859 1113 4870 -
1139 4831 1189 4884 7.
1232 4829 1523 4901 Virginitati
1551 4830 1695 4886 nulla
1720 4835 2000 4905 fecunditas
2029 4851 2155 4890 con-

542 4919 753 4992 jugalis
783 4921 1145 4990 comparanda.
1176 4921 1290 4978 Hoc
1315 4922 1446 4992 dixi,
1478 4937 1547 4979 ne
1574 4923 1710 4980 forte
1740 4926 1935 4983 audeat
1968 4927 2154 4984 fecun-

565 5011 704 5066 ditas
730 5010 1022 5081 coniugalis
1051 5027 1174 5068 cum
1200 5011 1443 5084 virginali
1466 5014 1770 5087 integritate
1801 5020 2152 5089 contendere,

565 5112 725 5174 atque
751 5103 921 5176 ipsam
948 5104 1164 5159 Mariam
1192 5120 1510 5177 proponere,
1538 5123 1601 5165 ac
1629 5110 1920 5180 virginibus
1949 5113 2042 5168 Dei
2073 5112 2156 5168 di-

564 5210 729 5252 cere:
776 5195 866 5250 llla
910 5195 964 5250 in
1008 5211 1232 5266 corpore
1275 5197 1408 5254 duas
1438 5216 1524 5256 res
1568 5203 1750 5258 habuit
1789 5203 2150 5276 honorandae,

561 5286 918 5358 virginitatem
940 5297 995 5344 et
1020 5287 1418 5358 fecunditatem,
1447 5293 1568 5365 quia
1595 5304 1648 5350 et
1670 5295 1874 5367 integra
1897 5313 2150 5368 perman-

561 5380 633 5436 sit
659 5388 715 5437 et
737 5381 946 5452 peperit
971 5399 985 5436 :
1011 5380 1150 5438 hanc
1180 5382 1485 5442 felicitatem
1513 5388 1762 5458 quoniam
1790 5398 1954 5446 totam
1984 5402 2150 5449 utrae-

561 5491 666 5546 que
686 5475 884 5534 habere
908 5492 1012 5533 non
1043 5478 1329 5549 potuimus,
1361 5483 1567 5554 partitae
1596 5499 1800 5552 sumus,
1833 5495 1891 5541 ut
1913 5501 2009 5542 vos
2034 5489 2150 5543 sitis

561 5567 815 5639 virgines,
859 5585 956 5627 nos
1003 5570 1171 5627 simus
1209 5582 1440 5641 matres;
1485 5574 1637 5630 vobis
1679 5577 1818 5646 quod
1865 5576 1996 5634 deﬁt
2036 5581 2057 5612 ⁸
2095 5581 2148 5636 ἱη

562 5659 730 5730 prole,
759 5664 1061 5721 consoletur
1081 5675 1289 5722 servata
1316 5667 1610 5737 virginitas,
1633 5668 1789 5725 nobis
1820 5671 1982 5741 prolis
2001 5671 2149 5729 lucro

628 5774 645 5837 ξ
671 5773 888 5837 Nonnulli
909 5784 1036 5837 Mss,
1061 5785 1250 5828 curant.

819 5835 960 5886 desit.
1000 5835 1048 5887 At
1073 5847 1202 5897 Mss.,
1239 5838 1354 5903 deﬁt
1385 5854 1400 5889 :
1421 5855 1516 5905 quo
1544 5845 1692 5893 verbo
1725 5859 1855 5907 sche
1879 5849 2030 5896 utitur
2057 5857 2146 5897 Au-

564 5910 801 5958 gusunns.

1476 387 1562 444 DE
1599 385 1864 444 SANCTA
1907 384 2373 454 VIRGINITATE,
2414 386 2474 443 S.
2515 387 2879 446 AUGUSTINI
3700 407 3772 464 400

2247 500 2441 556 amissa
2465 513 2843 574 compensetur
2863 503 3156 575 integritas.
3184 504 3307 561 Haec
3324 522 3426 563 vox
3449 509 3663 570 ﬁdelium
3679 532 3774 576 eon-

2243 591 2542 664 jugatarum
2565 595 2631 650 ad
2659 611 2838 652 sacras
2863 598 3094 669 virgines
3113 609 3400 672 utcumque
3426 602 3632 662 ferenda
3649 625 3774 684 esset,

2249 684 2295 738 si
2343 685 2663 742 christianos
2703 703 2926 759 corpore
2969 700 3254 760 parerent;
3298 702 3358 748 ut
3396 693 3498 751 hoc
3533 699 3639 756 solo
3675 716 3778 763 esset

2248 774 2427 831 Maria:
2457 777 2755 833 fecunditas
2789 781 2967 837 carnis
2998 792 3216 856 excepta
3249 785 3549 856 virginitate
3571 803 3779 860 prestat;-

2249 865 2372 932 tior,
2403 868 2544 937 quod
2576 868 2661 923 illa
2692 869 2864 940 ipsum
2892 879 3053 942 caput
3090 870 3280 929 horum
3322 877 3665 937 membrorum
3685 925 3698 950 ,
3722 885 3781 943 lue

2249 966 2426 1012 autem
2463 961 2702 1016 membra
2727 961 2870 1018 illius
2890 964 3078 1033 capitis
3109 978 3452 1035 procrearent
3483 987 3499 1027 :
3545 987 3667 1030 nunc
3687 993 3782 1034 vero

2248 1050 2456 1105 etiamsi
2485 1051 2618 1107 tales
2641 1051 2742 1109 hac
2763 1068 2895 1110 voce
2914 1057 3256 1125 contendant,
3279 1075 3403 1131 quae
3423 1061 3496 1118 ob
3513 1061 3608 1121 hoc
3624 1073 3782 1126 tantum

2247 1143 2377 1198 viris
2401 1144 2696 1214 junguntur
2732 1155 2893 1217 atque
2930 1148 3256 1217 miscentur,
3302 1161 3364 1208 ut
3391 1153 3531 1210 filios
3570 1155 3781 1229 habeant,

2249 1234 2488 1306 nihilque
2531 1237 2674 1292 aliud
2700 1237 2768 1294 de
2807 1238 2929 1295 ﬁliis
2965 1242 3221 1312 cogitant,
3259 1244 3365 1299 nisi
3402 1255 3464 1301 ut
3499 1262 3589 1303 eos
3621 1250 3785 1309 Christo
3846 1317 3847 1320 η

2250 1325 2542 1394 lucrentur,
2585 1338 2744 1400 atque
2786 1329 2838 1385 id
2880 1346 3004 1386 mox
3050 1342 3108 1387 ut
3140 1336 3414 1402 potuerint
3454 1336 3674 1409 faciunt;
3707 1361 3784 1401 non
3846 1349 3847 1352 ‘

2250 1425 2426 1472 tamen
2448 1418 2721 1476 christiani
2740 1437 2804 1478 ex
2822 1437 3006 1478 earum
3029 1438 3192 1482 carne
3213 1437 3531 1496 nascuntur,
3548 1431 3634 1487 sed
3646 1445 3785 1503 postea

2250 1509 2402 1576 ﬁunt,
2455 1509 2692 1567 Ecclesia
2740 1513 2978 1582 pariente
3014 1529 3112 1586 per
3149 1517 3252 1572 hoc
3292 1519 3437 1589 quod
3485 1523 3784 1582 membrorum
3846 1535 3847 1554 ‘

2249 1599 2442 1657 Christi
2474 1602 2820 1672 spiritualiter
2843 1616 3014 1663 mater
3041 1617 3156 1677 est,
3187 1611 3341 1682 cujus
3366 1613 3525 1670 etiam
3550 1617 3785 1686 spirituali.

2251 1703 2332 1750 ter
2352 1695 2501 1766 virgo
2523 1704 2627 1751 est.
2653 1697 2747 1753 Cui
2773 1707 2960 1755 sancto
2980 1703 3153 1770 partui
3175 1714 3532 1775 cooperantur
3550 1719 3600 1764 et
3617 1720 3783 1778 matres,

2249 1800 2368 1856 quae
2388 1800 2492 1840 non
2515 1786 2836 1843 christianos
2854 1804 3080 1860 corpore
3105 1804 3451 1864 pepererunt,
3478 1807 3535 1852 ut
3558 1797 3784 1871 ﬁantquod

2249 1892 2311 1933 se
2351 1894 2576 1948 corpore
2612 1895 2802 1950 parere
2842 1897 2947 1938 non
2989 1887 3224 1957 potuisse
3263 1900 3570 1946 noverunt:
3599 1907 3681 1962 per
3715 1893 3785 1950 hoc

2252 1977 2430 2024 tamen
2457 1981 2850 2040 cooperantur,
2893 1973 2984 2029 ubi
3019 1982 3074 2029 et
3104 1976 3234 2046 ipsa:
3273 1977 3510 2049 virgines
3543 1989 3785 2054 matresque

2250 2057 2446 2114 Christi
2476 2069 2602 2116 sunt
2629 2060 2707 2133 (a)
2729 2104 2744 2130 ,
2787 2061 2840 2118 in
2873 2063 2977 2120 ﬁde
3003 2065 3209 2122 scilicet
3232 2083 3356 2139 quae
3389 2085 3487 2141 per
3508 2070 3781 2130 dilectionem

2251 2161 2503 2220 Operatur
2527 2151 2724 2223 (Galat.
2752 2169 2803 2219 v,
2840 2153 2921 2225 6).

2323 2241 2550 2300 CAPUT
2590 2243 2724 2300 Vlll.
2751 2274 2824 2288 —-
2849 2247 2904 2304 8.
2956 2247 3228 2320 Virginitas
3261 2252 3384 2308 inde
3414 2254 3670 2322 honorata,
3699 2260 3781 2328 quia

2252 2333 2360 2389 Deo
2387 2335 2575 2391 dicata.
2603 2335 2757 2392 Nulla
2783 2353 2912 2410 ergo
2933 2341 3110 2396 carnis
3137 2341 3438 2402 fecunditas
3467 2356 3647 2404 sancta
3669 2349 3781 2418 virgi-

2252 2426 2408 2482 nitati
2433 2427 2593 2482 etiam
2632 2429 2811 2485 carnis
2849 2435 3150 2502 comparari
3189 2445 3388 2504 potest.
3420 2438 3592 2510 Neque
3615 2440 3780 2496 enimet

2254 2519 2368 2591 ipsa
2393 2520 2516 2590 quia
2545 2520 2821 2591 virginitas
2839 2531 2942 2590 est,
2966 2525 3059 2580 sed
3085 2525 3210 2596 quia
3237 2529 3352 2585 Deo
3373 2529 3543 2588 dicata
3565 2541 3637 2588 est
3655 2532 3777 2588 hono-

2254 2619 2423 2678 ratur,
2446 2627 2564 2683 qute
2594 2613 2718 2669 licet
2746 2614 2799 2669 in
2823 2629 2985 2671 carne
3010 2627 3274 2688 servetur,
3305 2621 3526 2690 spiritus
3554 2633 3698 2680 tamen
3718 2640 3776 2681 re-

2255 2702 2451 2774 ligione
2491 2719 2555 2759 ac
2582 2704 2866 2762 devotione
2909 2718 3171 2765 servatur.
3204 2712 3285 2767 Ac
3310 2729 3408 2784 per
3435 2713 3533 2770 hoc
3557 2716 3778 2786 spiritualis

2255 2804 2339 2849 est
2365 2795 2527 2850 etiam
2552 2796 2825 2866 virginitas
2849 2800 3092 2869 corporis
3110 2843 3126 2869 ,
3158 2817 3321 2873 quam
3350 2815 3505 2861 vovet
3534 2807 3550 2838 ³
3574 2815 3623 2862 et
3653 2817 3776 2863 servat

2255 2888 2582 2944 continentia
2609 2890 2841 2961 pietatis.
2871 2893 3021 2949 Sicut
3045 2896 3187 2950 enim
3209 2912 3372 2954 nemo
3393 2899 3639 2970 impudice
3661 2903 3775 2956 utitur

2256 2992 2500 3050 corpore,
2523 2983 2624 3036 nisi
2646 2984 2832 3053 spiritu
2855 2987 3000 3055 prius
3020 2997 3278 3060 concepta
3302 2994 3532 3063 nequitia
3555 3013 3568 3061 ;
3589 2994 3648 3048 ita
3665 3009 3774 3050 nemo
3839 3017 3844 3054 ε

2256 3071 2563 3140 pudicitiam
2593 3084 2773 3130 servat
2798 3077 2850 3132 in
2888 3093 3146 3149 corpore,
3177 3082 3280 3138 nisi
3308 3085 3497 3154 spiritu
3523 3085 3652 3156 prius
3667 3086 3774 3139 insita

2257 3167 2520 3222 castitate.
2545 3167 2713 3224 Porro
2732 3179 2909 3225 autem
2931 3172 2976 3226 si
2997 3173 3249 3242 pudicitia
3271 3179 3577 3249 conjugalis,
3599 3177 3774 3249 quamvis
3837 3167 3847 3242 ἔ

2257 3257 2589 3314 custodiatur
2612 3259 2665 3314 in
2697 3276 2880 3330 carne,
2911 3263 3091 3319 animo
3121 3273 3324 3335 tamen,
3355 3283 3459 3324 non
3483 3269 3618 3325 carni
3643 3268 3773 3323 trlbui-
3837 3261 3847 3334 ᾗ

2260 3356 2363 3415 tur,
2386 3365 2492 3419 quo
2513 3351 2742 3420 praiside
2764 3361 2924 3424 atque
2948 3364 3176 3422 rectore,
3202 3358 3340 3414 nulli
3363 3369 3553 3430 praeter
3569 3360 3772 3430 proprium

2257 3447 2560 3512 conjugium
2587 3459 2712 3500 caro
2741 3447 2852 3516 ipsa
2880 3447 3167 3517 miscetur;
3196 3461 3402 3522 quanto
3424 3455 3583 3525 magis
3605 3461 3772 3524 quanto-
3837 3447 3847 3525 ξ

2257 3548 2360 3603 que
2388 3533 2697 3592 honoratius
2725 3537 2778 3592 in
2808 3539 2972 3595 animi
2997 3541 3154 3597 bonis
3181 3543 3272 3598 illa
3300 3545 3612 3601 continentia
3638 3556 3772 3598 nume-

2258 3628 2424 3683 randa
2457 3639 2570 3696 est,
2599 3645 2702 3700 qua
2742 3631 3016 3704 integritas
3042 3637 3220 3691 carnis
3257 3637 3361 3708 ipsi
3389 3638 3610 3695 Creatori
3634 3637 3771 3691 anime

2258 3729 2313 3775 et
2335 3721 2514 3776 carnis
2540 3732 2781 3791 vovetur,
2815 3736 3183 3795 consecratur,
3211 3729 3494 3786 servatur?

2330 3811 2554 3868 CAPUT
2592 3813 2685 3868 lX.
2729 3845 2798 3855 —
2837 3815 2889 3871 9.
2943 3815 3216 3889 Virginitas
3259 3823 3449 3877 amissa
3495 3820 3622 3875 nulla
3654 3817 3770 3872 caruit

2260 3903 2563 3974 fecunditate
2597 3919 2973 3978 compensatur.
3021 3910 3131 3966 Nec
3159 3911 3370 3968 illarum
3401 3929 3523 3984 ergo
3549 3909 3770 3968 fecunditas

2260 3997 2455 4061 carnis,
2481 4013 2597 4068 qua:
2622 3997 2722 4054 hoc
2746 4010 2985 4072 tempore
3009 4002 3138 4057 nihil
3166 4003 3314 4060 aliud
3339 4006 3391 4061 in
3417 4005 3640 4076 conjugio
3659 4013 3768 4072 quam

2260 4087 2465 4157 prolem
2518 4091 2828 4160 requirunt,
2884 4109 3043 4162 quam
3093 4097 3402 4168 mancipent
3444 4095 3663 4161 Christo,
3702 4103 3768 4161 pro

2260 4181 2454 4234 amissa
2500 4181 2803 4253 virginitate
2839 4189 3177 4257 compensari
3223 4205 3386 4261 posse
3429 4187 3663 4247 credenda
3697 4190 3764 4240 est.

2260 4272 2534 4329 Prioribus
2560 4275 2758 4347 quippe
2786 4281 3114 4350 temporibus
3152 4291 3379 4340 venturo
3408 4281 3666 4340 secundum
3687 4291 3767 4332 car-

2260 4380 2382 4421 nem
2411 4365 2623 4424 Christo
2651 4369 2822 4439 ipsum
2848 4387 3015 4441 genus
3045 4376 3224 4430 carnis
3252 4376 3310 4432 in
3338 4377 3504 4447 ampla
3529 4372 3710 4445 quadam
3730 4373 3764 4421 et

2260 4457 2569 4528 prophetica
2605 4471 2764 4530 gente
2794 4465 3152 4521 necessarium
3181 4465 3313 4522 fuit:
3345 4484 3478 4523 nunc
3502 4476 3652 4522 autem
3681 4473 3763 4516 cum

2260 4564 2323 4602 ex
2346 4551 2489 4605 omni
2518 4551 2791 4608 hominum
2818 4569 3034 4625 genere,
3063 4567 3221 4629 atque
3247 4561 3487 4616 omnibus
3506 4556 3706 4630 gentibus
3719 4546 3762 4604 ad

2260 4644 2512 4714 populum
2557 4645 2652 4701 Dei
2695 4655 2750 4703 et
2789 4651 3055 4706 civitatem
3104 4653 3253 4724 regni
3299 4654 3544 4712 caelorum
3587 4644 3762 4705 membr:l

2259 4736 2457 4793 Christi
2482 4739 2657 4811 colligi
2684 4743 2908 4812 possint,
2939 4758 3144 4799 sacram
3172 4747 3515 4818 virginitatem
3543 4742 3617 4812 qui
3640 4740 3763 4809 ροῐϐδι

2259 4843 2452 4901 capere
2470 4873 2485 4900 ν
2514 4834 2687 4903 capiat
2717 4833 2930 4904 (ΜαιιΙι.
2962 4853 3073 4905 xxx,
3101 4838 3222 4908 {2);
3250 4850 3304 4896 et
3328 4856 3386 4896 ea
3408 4847 3590 4894 tantum
3612 4845 3703 4903 qum
3723 4840 3761 4880 se

2261 4938 2368 4979 non
2389 4925 2644 4992 continet,
2669 4927 2834 4982 nubat
2855 4929 2898 5000 (Ι
2920 4927 3038 4985 Cor.
3062 4947 3134 4986 vn
3150 4974 3166 4999 ,
3189 4932 3270 5006 9).
3288 4932 3419 5001 Quid
3439 4930 3565 4986 enim
3583 4926 3620 4980 si
3635 4922 3758 4988 aliqua

2259 5019 2452 5076 mulier
2477 5019 2627 5077 dives
2656 5023 2878 5078 multam
2922 5025 3201 5094 pecuniam
3237 5027 3358 5082 huic
3395 5027 3525 5080 bono
3547 5017 3665 5090 operi
3692 5013 3757 5066 im-

2259 5111 2485 5181 pendat,
2527 5122 2585 5168 ut
2630 5124 2772 5170 emat
2809 5100 2874 5171 ex
2923 5117 3146 5174 diversis
3189 5119 3426 5189 gentibus
3473 5126 3629 5170 servos
3664 5113 3752 5174 qm"!

2259 5201 2417 5259 faciat
2449 5204 2804 5274 christianos;
2842 5223 3020 5264 nonne
3049 5209 3266 5265 uberius
3303 5218 3452 5278 atque
3494 5194 3752 5259 numerosius

2258 5311 2418 5365 quam
2449 5299 2583 5352 uteri
2607 5300 2937 5369 quantalibet
2963 5301 3235 5357 feracitate
3259 5299 3447 5358 Christi
3477 5292 3669 5352 membra
3695 5283 3748 5353 gi;

2255 5390 2465 5462 gnenda
2486 5393 2725 5448 curabit?
2745 5393 2855 5450 Nec
2877 5395 2996 5450 idco
3019 5405 3194 5451 tamen
3218 5395 3481 5467 pecuniam
3503 5401 3628 5446 suam
3647 5391 3749 5436 colll-

2257 5499 2446 5555 parare
2462 5486 2670 5543 muneri
2691 5502 2858 5544 sacra:
2877 5489 3194 5560 virginitatis
3215 5489 3436 5546 audebit.
3457 5486 3518 5539 At
3534 5481 3571 5537 si
3591 5478 3747 5550 ριόρίθτ

2255 5577 2531 5637 faciendos
2559 5581 2649 5652 qui
2680 5581 2791 5636 nati
2817 5579 3014 5638 fuerint
3038 5581 3371 5648 christianos,
3401 5571 3651 5633 fecunditas
3667 5574 3746 5616 w-

2253 5670 2337 5726 nis
2383 5686 2482 5741 pro
2527 5672 2723 5727 amissa
2775 5673 3079 5744 virginitate
3128 5674 3318 5730 merito
3363 5655 3742 5736 compensabilur.

2317 5783 2461 5856 ἕξοιᾳ
2487 5785 2952 5856 εξμὶιίῳιονηίουεῖι.
3103 5846 3174 5856 ,,
3224 5848 3235 5856 _
3380 5852 3387 5856 _
3454 5835 3742 5856 ηπ,

2280 5912 2286 5920 ,
2313 5846 2385 5959 (al)
2420 5845 2587 5896 Melius
2621 5835 2995 5905 fort.c,".-tmtrcs
3059 5846 3235 5900 (‘Itrt'stt'
3290 5852 3417 5904 sunt;
3447 5838 3642 5900 exnunc“
3664 5835 3726 5889 βπ

2256 5917 2352 5960 ttcu
2373 5924 2415 5972 a,
2442 5922 2547 5972 que.

2403 5945 2415 5973 ,
2442 5944 2547 5972 φιν.
