3880 6284
122 410 203 468 an
1494 385 1689 440 LIBEH

1798 385 1931 439 WUS.

120 518 402 580 lmetuosius
428 515 531 571 erit
576 514 677 567 hoc
714 509 1012 579 negotium,
1057 506 1117 559 si
1143 518 1335 573 magno
1366 500 1669 571 pecuniario

120 614 264 687 pretio
297 607 570 678 virginitas
600 603 901 665 amittatur,
940 612 1045 668 quo
1078 595 1231 667 pueri
1270 591 1494 648 faciendi
1530 589 1674 646 chri-

118 686 249 762 stiani
269 699 427 755 multo
452 696 638 767 plures
659 700 924 758 amantur,
952 702 1113 759 quam
1133 686 1289 742 unius
1312 693 1464 741 utero
1488 696 1674 753 quam-

118 797 224 852 libet
245 789 395 847 fertili
418 793 794 842 nascerentur.

173 882 375 942 CAPUT
412 880 481 935 X.
511 910 584 920 —
618 878 726 933 Nec
768 873 1045 947 uirginitati
1089 870 1451 942 conferendum
1489 868 1673 938 conju-

116 986 227 1053 gium
261 979 373 1049 quia
399 976 619 1045 uirgines
648 971 800 1042 parit.
841 967 993 1037 Quod
1032 966 1076 1022 si
1116 963 1430 1020 stultissime
1456 960 1672 1027 dicitur,

118 1051 312 1131 babeant
344 1069 531 1125 ﬁdeles
576 1075 755 1135 nuptae
796 1063 991 1118 bonum
1022 1074 1198 1124 suum,
1236 1056 1304 1112 de
1346 1069 1451 1126 quo
1478 1054 1531 1108 in
1568 1051 1675 1107 alio

118 1163 349 1220 volumine
384 1167 649 1230 quantum
676 1154 847 1209 visum
884 1159 968 1206 est
991 1146 1378 1210 disseruimus;
1420 1150 1475 1199 et
1499 1143 1674 1197 hono-

119 1264 215 1311 rent
239 1250 458 1320 amplius
478 1248 621 1303 sicut
648 1243 946 1300 rectissime
975 1242 1393 1302 consueverunt,
1422 1235 1479 1288 in
1505 1231 1674 1288 sacris

121 1344 372 1417 virginibus
396 1341 597 1397 melius
627 1351 810 1394 earum
832 1374 850 1403 ,
881 1334 948 1391 de
967 1346 1073 1403 quo
1099 1332 1201 1387 isto
1230 1340 1478 1385 sermone
1503 1324 1677 1380 disse-

127 1442 272 1496 rimus.

186 1528 253 1584 l0.
281 1524 410 1581 Nam
436 1538 509 1576 ne
546 1522 640 1576 illo
665 1518 880 1590 quidem
916 1515 1113 1571 debent
1147 1508 1532 1568 continentium
1561 1520 1676 1561 me-

126 1624 214 1677 ritis
238 1634 289 1674 se
322 1616 578 1673 conferre
604 1612 846 1683 conjugis
866 1651 881 1677 ,
909 1608 1050 1679 quod
1080 1622 1147 1661 ex
1182 1605 1261 1662 eis
1290 1603 1522 1673 virgines
1545 1614 1677 1671 pro-

120 1721 363 1768 creantur:
408 1708 514 1762 hoc
563 1704 710 1760 enim
755 1717 863 1757 non
904 1699 1135 1769 conjugii
1183 1697 1380 1752 bonum
1429 1702 1530 1759 est,
1583 1690 1678 1747 sed

119 1789 317 1867 natura};
339 1815 459 1870 qua:
486 1798 568 1852 sic
598 1796 847 1851 divinitus
876 1791 1113 1847 instituta
1138 1796 1243 1852 est,
1272 1796 1329 1841 ut
1348 1801 1412 1841 ex
1443 1784 1681 1854 quolibet

120 1898 320 1949 humano
352 1891 643 1958 utriusque
677 1902 836 1943 sexus
863 1882 1148 1939 concubitu
1168 1920 1183 1947 ,
1215 1881 1327 1933 sive
1354 1877 1599 1932 ordinato
1625 1882 1681 1930 et

118 1988 327 2048 honesto,
355 1984 471 2038 sive
497 1982 647 2049 turpi
677 1991 732 2034 et
756 1978 938 2033 illicito
957 2016 972 2042 ,
1007 1975 1147 2029 nulla
1176 1973 1369 2028 femina
1402 1970 1504 2025 nisi
1532 1969 1679 2038 virgo

117 2085 350 2142 nascatur,
384 2074 533 2129 nulla
568 2080 747 2126 tamen
778 2082 929 2124 sacra
959 2067 1111 2136 virgo
1137 2064 1409 2119 nascitur:
1442 2062 1512 2115 ita
1538 2060 1597 2114 lit
1627 2066 1683 2115 ut

116 2170 238 2238 virgo
256 2176 503 2223 nascatur
526 2164 696 2221 etiam
721 2161 789 2217 de
813 2168 1018 2230 stupro,
1043 2172 1196 2213 sacra
1215 2162 1393 2210 autem
1416 2153 1563 2222 virgo
1584 2164 1682 2206 nec

117 2266 170 2319 de
189 2263 441 2333 coniugio.

170 2350 376 2408 CAPUT
414 2349 514 2405 X1.
542 2376 621 2389 ——
644 2348 732 2402 ll.
774 2345 1001 2415 Virgines
1024 2344 1137 2397 ideo
1160 2342 1401 2408 laudatw,
1430 2341 1549 2413 quia
1574 2340 1683 2395 Deo

115 2446 282 2499 dicata.
312 2443 421 2499 Nec
448 2456 552 2497 nos
585 2441 688 2495 hoc
723 2440 779 2494 in
806 2437 1096 2508 virginibus
1123 2436 1475 2507 praedicamus
1494 2477 1509 2503 ,
1540 2434 1684 2505 quod

117 2536 315 2606 virgines
334 2544 489 2599 sunt;
512 2532 614 2588 sed
634 2530 775 2601 quod
798 2531 905 2586 Deo
925 2529 1111 2583 dicatae
1132 2527 1218 2597 pia
1238 2526 1559 2582 continentia
1579 2526 1685 2579 vir-

117 2630 257 2699 gines.
284 2626 414 2683 Nam
437 2668 453 2694 ,
485 2624 638 2696 quod
667 2638 776 2679 non
804 2630 1006 2683 temere
1032 2619 1287 2684 dixerim,
1322 2616 1526 2673 felicior
1554 2616 1685 2672 mihi

118 2700 301 2775 videtur
342 2727 509 2789 nupta
555 2717 752 2771 mulier
800 2729 960 2785 quam
1009 2714 1157 2783 virgo
1208 2720 1478 2781 nuptura:
1526 2712 1688 2766 habet

118 2814 236 2867 enim
275 2813 383 2883 jam
411 2812 505 2866 illa
554 2809 698 2881 quod
728 2808 827 2863 ista
874 2806 1048 2862 adhuc
1093 2805 1259 2875 cupit,
1302 2804 1595 2874 praesertim
1640 2802 1685 2858 si

118 2903 321 2958 nondum
346 2902 430 2958 vel
456 2914 659 2972 sponsa
686 2899 997 2969 cujusquam
1027 2897 1113 2952 sit.
1142 2896 1231 2950 llla
1258 2895 1350 2951 uni
1371 2896 1546 2949 studet
1572 2893 1685 2963 pla-

118 3010 238 3061 cere,
261 2996 343 3050 cui
363 2993 489 3051 data
514 3001 641 3048 est:
674 2991 788 3046 haec
810 2991 1008 3055 multis,
1033 2990 1230 3044 incerta
1260 2988 1345 3043 cui
1370 2987 1543 3042 danda
1564 2995 1684 3053 est;

121 3086 206 3141 hoc
245 3102 346 3141 uno
397 3084 715 3155 pudicitiam
768 3081 1105 3152 cogitationis
1147 3077 1385 3135 defendit
1428 3094 1460 3133 a
1512 3077 1683 3143 turba,

121 3180 239 3249 quod
262 3196 362 3235 non
400 3180 711 3235 adulterum
731 3218 747 3245 ,
780 3177 876 3233 sed
912 3177 1161 3232 maritum
1208 3176 1399 3245 quaerit
1428 3176 1481 3229 in
1515 3175 1685 3229 turba.

122 3274 198 3328 illa
225 3274 372 3344 igitur
400 3275 559 3345 virgo
589 3271 887 3341 conjug'ata:
930 3270 1126 3325 merito
1166 3267 1525 3339 praeponitur,
1569 3282 1690 3337 qua:

123 3379 205 3419 nec
229 3363 549 3419 multitudini
583 3376 644 3416 se
671 3360 955 3415 amandam
985 3359 1270 3429 proponit,
1299 3373 1422 3412 cum
1452 3372 1690 3413 amorem

127 3458 255 3512 unius
278 3474 342 3513 ex
366 3456 715 3513 multitudine
738 3454 982 3525 inquirit;
1015 3468 1115 3508 nec
1138 3467 1199 3508 se
1230 3453 1317 3507 uni
1342 3452 1452 3521 jam
1474 3465 1692 3520 compo-

126 3550 190 3603 nit
211 3551 436 3616 invento,
467 3548 717 3618 cogitans
742 3562 862 3617 qua:
893 3554 1020 3601 sunt
1046 3545 1253 3612 mundi,
1284 3544 1552 3614 quomodo
1580 3545 1694 3613 pla-

126 3650 223 3694 ceat
236 3641 343 3694 viro
360 3639 401 3712 (l
419 3639 545 3697 Cor.
570 3655 659 3703 vn,
680 3638 772 3708 54)
789 3654 803 3703 ;
821 3636 915 3692 sed
944 3636 1244 3706 speciosum
1261 3634 1431 3690 forma
1449 3652 1558 3705 prae
1574 3635 1693 3691 ﬁliis

130 3726 369 3784 hominum
403 3728 584 3803 (Psal.
623 3744 780 3792 xuv,
812 3726 867 3797 5)
913 3727 991 3781 sic
1028 3727 1259 3790 amavit,
1305 3734 1361 3779 ut
1403 3727 1526 3795 quia
1568 3739 1693 3780 eum

128 3821 244 3875 sicut
268 3822 426 3877 Maria
446 3822 739 3890 concipere
764 3834 925 3875 carne
944 3834 1050 3873 non
1078 3826 1278 3888 posset,
1304 3817 1352 3873 ei
1379 3817 1542 3873 corde
1565 3832 1696 3873 con-

130 3922 261 3982 cepto
282 3915 436 3968 etiam
462 3928 686 3970 carnem
717 3913 973 3982 integram
1004 3911 1312 3967 custodiret.

188 4006 396 4063 CAPUT
426 4006 551 4061 ΧΠ.
578 4035 651 4047 -ι-
686 4002 916 4074 Virgines
943 4020 1103 4059 sacra:
1131 4020 1233 4057 non
1274 4002 1561 4071 corporali,
1608 4003 1697 4057 sed

134 4100 354 4167 spirituali
396 4100 708 4171 fecunditate
735 4097 975 4152 Ecclesia:
1004 4106 1300 4151 nascuntur.
1338 4094 1538 4150 Bonum
1575 4112 1696 4149 con-

130 4191 239 4260 jugii
264 4209 407 4262 quam
428 4193 646 4264 inferius
671 4190 801 4245 bono
831 4199 1021 4244 sancta:
1043 4189 1359 4259 virginitatis.
1390 4188 1502 4242 Hoc
1530 4202 1698 4257 genus

141 4284 367 4353 virginum
388 4286 535 4340 nulla
561 4284 855 4353 corporalis
878 4281 1174 4338 fecunditas
1197 4282 1415 4352 protulit
1443 4299 1456 4336 :
1484 4297 1590 4336 non
1617 4289 1700 4336 est

142 4372 235 4427 haec
268 4376 438 4443 proles
473 4376 654 4431 carnis
693 4382 747 4430 et
786 4374 1076 4445 sanguinis.
1118 4373 1174 4429 Si
1215 4373 1402 4428 harum
1446 4373 1700 4442 quzeritur

142 4473 304 4531 mater,
348 4466 587 4522 Ecclesia
630 4474 730 4520 est.
770 4464 888 4520 Non
931 4464 1067 4533 parit
1113 4464 1345 4533 virgines
1380 4476 1561 4518 sacras
1598 4462 1699 4517 nisi

144 4557 269 4627 virgo
304 4574 489 4627 sacra,
524 4559 611 4614 illa
640 4573 761 4629 quae
798 4557 1118 4628 desponsata
1147 4564 1231 4612 est
1271 4556 1360 4611 uni
1393 4556 1510 4611 viro
1553 4563 1699 4611 casta

146 4649 353 4706 exhiberi
381 4651 598 4707 Christo
626 4650 691 4724 (ll
715 4649 833 4707 Cor.
866 4666 921 4706 χι
938 4691 953 4716 ,
983 4649 1064 4719 2).
1086 4650 1167 4705 Ex
1191 4649 1280 4704 illa
1307 4664 1410 4704 non
1444 4658 1550 4704 tota
1576 4664 1700 4703 cor-

150 4752 274 4807 pore,
301 4742 389 4798 sed
430 4752 538 4799 tota
568 4743 768 4812 virgine
794 4742 982 4813 spiritu
999 4781 1014 4808 ,
1046 4749 1340 4797 nascuntur
1365 4747 1565 4797 sanctae
1590 4740 1700 4796 vir-

150 4829 272 4896 gines
295 4840 345 4887 et
370 4848 594 4904 corpore
620 4841 673 4888 ct
700 4832 908 4902 spiritu.

208 4920 285 4975 12.
312 4923 548 4980 Habeant
574 4923 821 4993 conjugia
846 4922 1045 4979 bonum
1067 4939 1245 4991 suum,
1277 4938 1383 4979 non
1409 4904 1532 4997 quia
1562 4923 1700 4979 ﬁlios

156 5022 418 5083 procreant,
442 5014 537 5070 sed
562 5017 684 5085 quia
701 5015 948 5083 honeste,
980 5016 1103 5086 quia
1131 5016 1295 5081 licite,
1329 5016 1452 5085 quia
1472 5014 1661 5086 pudice
1681 5057 1697 5084 ,

156 5101 255 5167 quia
276 5105 551 5171 socialiter,
582 5115 885 5175 procreant,
919 5115 975 5161 et
1016 5114 1321 5176 procreatos
1372 5107 1589 5176 pariter,
1617 5121 1703 5161 sa-

160 5187 369 5262 lubriter,
395 5197 655 5252 instanter
682 5196 931 5264 educant,
959 5199 1079 5269 quia
1111 5198 1249 5253 thori
1278 5198 1437 5253 ﬁdem
1476 5198 1704 5254 invicem

159 5294 361 5354 servant,
390 5291 507 5359 quia
530 5298 922 5345 sacramentum
952 5291 1202 5346 connubii
1233 5307 1339 5346 non
1362 5290 1582 5346 violant.

217 5372 420 5435 CAPUT
447 5379 585 5436 Xlll.
606 5409 679 5421 —-
705 5379 771 5434 In
808 5396 892 5435 eos
915 5382 1002 5452 qui
1022 5390 1201 5451 putant
1220 5382 1577 5436 continentiam
1603 5398 1705 5435 non

164 5465 368 5530 prodesse
391 5471 485 5525 nisi
506 5472 573 5525 ad
600 5480 897 5541 praesentem
932 5474 1103 5527 vitam.
1149 5473 1276 5529 llaec
1305 5482 1483 5529 tamen
1526 5474 1705 5527 omnia

158 5550 351 5615 humani
377 5560 532 5620 ofﬁcii
556 5574 685 5620 sunt
708 5580 930 5621 munera
956 5583 968 5619 :
999 5567 1272 5636 virginalis
1303 5577 1478 5623 autem
1500 5568 1710 5636 integri-

169 5652 255 5716 tas,
275 5658 326 5705 et
347 5668 434 5722 per
454 5656 592 5725 piam
612 5656 999 5713 continentiam
1037 5658 1104 5712 ab
1130 5660 1274 5713 omni
1304 5659 1587 5713 concubitu
1608 5660 1708 5714 im-

170 5740 370 5799 munitas
393 5748 626 5818 angelica
650 5748 824 5819 portio
863 5758 963 5814 est,
995 5758 1048 5804 et
1077 5749 1129 5803 in
1169 5764 1329 5804 carne
1377 5751 1707 5818 corruptibili

173 5826 543 5907 iucorruptionis
567 5849 838 5913 perpetuac
867 5840 1158 5899 meditatio.
1188 5842 1351 5899 Cedat
1388 5841 1509 5901 huic
1535 5844 1710 5904 omnis

3262 388 3369 445 409

1782 496 2077 550 fecunditas
2127 498 2338 562 carnis,
2390 498 2565 551 omnis
2616 496 2862 564 pudicitia
2910 498 3200 567 conjugalis
3229 514 3242 550 :
3270 500 3361 554 illa

1780 602 1886 642 non
1906 588 2056 642 estin
2088 595 2373 656 potestate,
2426 586 2511 640 illa
2560 601 2664 640 non
2705 596 2786 641 est
2824 587 2876 640 in
2924 587 3249 643 aeternitate:
3288 588 3366 645 fe-

1778 677 2103 733 cunditatem
2132 678 2399 733 carnalem
2427 692 2531 732 non
2559 677 2718 731 habet
2762 677 2988 732 liberum
3038 678 3315 734 arbitrium
3344 720 3365 748 ,

1782 768 2088 839 pudicitiam
2116 768 2452 838 conjugalem
2482 784 2589 823 non
2636 767 2799 823 habet
2853 768 3067 824 calum.
3119 768 3369 827 Profecto

1781 861 2052 917 habebunt
2116 876 2365 932 magnum
2420 860 2617 931 aliquid
2664 869 2861 930 praeter
2898 872 3123 918 caeteros
3167 864 3220 917 in
3278 865 3369 923 illa

1780 953 2047 1007 communi
2075 952 2473 1008 immortalitate
2492 992 2509 1020 ,
2531 952 2619 1022 qui
2668 950 2867 1008 habent
2894 952 3094 1024 aliquid
3120 953 3233 1025 jam
3256 970 3370 1012 non

1780 1059 1956 1100 carnis
1983 1060 2035 1098 ιη
2057 1059 2239 1101 carne.

1857 1136 2115 1193 15.Unde
2153 1136 2465 1192 mirabiliter
2501 1136 2790 1206 desipiunt,
2838 1139 2928 1208 qui
2971 1146 3162 1207 putant
3210 1139 3369 1209 hujus

1781 1229 2123 1284 continentiae
2171 1229 2368 1284 bonum
2410 1244 2517 1283 non
2571 1242 2694 1283 esse
2737 1230 3100 1284 necessarium
3151 1239 3371 1300 propter

1782 1334 2003 1390 regnum
2029 1320 2322 1386 caelorum,
2371 1319 2465 1375 sed
2511 1329 2726 1389 propter
2773 1335 3009 1390 praesens
3063 1324 3365 1390 saeculum;

1781 1410 1924 1481 quod
1955 1410 2157 1466 scilicet
2182 1411 2430 1480 conjugia
2451 1411 2682 1467 terrenis
2728 1411 2871 1465 curis
2920 1409 3158 1481 pluribus
3206 1421 3371 1482 atque

1782 1502 2099 1557 arctioribus
2144 1501 2540 1569 distenduntur,
2599 1517 2701 1571 qua
2752 1502 2998 1558 molestia
3042 1504 3274 1573 virgines
3314 1514 3371 1561 et

1785 1592 2122 1646 continentes
2149 1592 2544 1661 carentzquasi
2570 1592 2638 1647 ob
2678 1591 2780 1647 hoc
2819 1600 3025 1647 tantum
3075 1594 3265 1649 melius
3300 1596 3371 1650 sit

1786 1698 1894 1737 non
1914 1682 2208 1751 coniugari,
2238 1690 2296 1735 ut
2338 1681 2498 1751 hujus
2546 1682 2800 1752 temporis
2846 1682 3153 1738 relaxentur
3198 1700 3370 1755 angue

1786 1775 1922 1841 stiae,
1966 1789 2070 1828 non
2089 1774 2230 1842 quod
2278 1774 2331 1828 in
2360 1772 2596 1828 futurum
2636 1773 2889 1828 saeculum
2944 1774 3141 1844 aliquid
3178 1777 3368 1845 prosit.

1787 1864 1932 1920 Hanc
1956 1880 2145 1920 vanam
2187 1865 2506 1919 sententiam
2532 1880 2599 1919 ne
2625 1864 2802 1920 cordis
2852 1866 3054 1936 proprii
3083 1868 3100 1898 ί
3134 1868 3370 1923 vanitate

1788 1958 2075 2028 protulisse
2098 1956 2405 2022 videantur,
2439 1956 2696 2010 adhibent
2724 1971 2789 2010 ex
2825 1957 3081 2026 Apostolo
3133 1959 3374 2015 testimo-

1787 2052 1931 2106 ninm
1959 2051 2047 2106 ubi
2078 2051 2153 2105 ait
2186 2049 2296 2105 :De
2318 2049 2599 2121 virginibus
2630 2058 2799 2103 autem
2829 2060 3133 2120 prteceptum
3163 2050 3374 2105 Domini

1788 2160 1890 2197 non
1918 2143 2095 2210 habeo,
2126 2142 2392 2196 consilium
2446 2150 2613 2194 autent
2665 2140 2752 2206 do,
2813 2148 3055 2210 tanquam
3082 2142 3373 2196 misericor-

1789 2237 1925 2291 diam
1945 2245 2239 2290 consecutus
2259 2253 2290 2288 a
2316 2235 2446 2301 Deo,
2469 2245 2524 2289 ut
2547 2235 2714 2305 ﬁdelis
2742 2251 2920 2289 essent.
2970 2234 3222 2290 Existimo
3271 2236 3375 2289 ita-

1790 2348 1888 2402 que
1916 2332 2011 2385 Itoc
2042 2331 2225 2384 bonum
2254 2346 2360 2384 esse
2409 2338 2612 2400 prapter
2648 2337 2945 2399 praesentem
2994 2328 3374 2395 necessitatem,

1789 2424 1909 2493 quia
1935 2420 2122 2475 bonum
2146 2428 2219 2473 est
2245 2420 2435 2473 homini
2461 2419 2532 2473 sic
2562 2435 2665 2473 esse
2717 2419 2773 2488 (Ι
2800 2417 2919 2471 Cor.
2942 2432 3014 2472 vn
3038 2458 3054 2484 ,
3100 2418 3189 2485 25,
3245 2414 3373 2490 26).

1790 2514 1949 2580 Ecce,
1969 2513 2232 2583 inquiunt,
2258 2511 2347 2566 ubi
2370 2512 2672 2567 manifestat
2701 2510 2988 2579 Apostolus
3033 2509 3136 2565 hoc
3156 2518 3377 2579 propter

1790 2614 2109 2676 praesentem
2151 2604 2523 2659 necessitatem
2572 2604 2770 2657 bonum
2811 2617 2950 2669 esse,
3008 2617 3119 2656 non
3158 2611 3379 2672 propter

1790 2696 2021 2752 futuram
2050 2696 2424 2750 aeternitatem.
2448 2694 2609 2762 Quasi
2633 2695 2910 2764 praesentis
2944 2694 3274 2750 necessitatis
3295 2709 3381 2748 ra-

1792 2790 1991 2844 tionem
2018 2786 2562 2857 haberetApostolus,
2595 2786 2696 2841 nisi
2730 2786 3013 2856 providens
3034 2788 3054 2817 ¹
3081 2794 3135 2842 et
3175 2801 3374 2841 consu-

1791 2885 1907 2938 lens
1933 2883 1985 2937 in
2012 2882 2268 2948 futurum;
2297 2896 2421 2938 cum
2447 2881 2621 2936 omnis
2644 2880 2760 2950 ejus
2785 2879 3114 2950 dispensatio
3142 2894 3249 2936 non
3276 2880 3383 2937 nisi

1793 2975 1858 3031 ad
1879 2977 2038 3031 vitam
2057 2984 2312 3029 aeternam
2338 2982 2510 3030 vocet.

1862 3068 2088 3125 CAPUT
2108 3064 2699 3137 XlV.—-M.Virginitas
2722 3082 2823 3119 non
2851 3075 3120 3136 prtecepto,
3137 3066 3225 3120 sed
3255 3083 3380 3120 con-

1792 3163 1906 3216 silio
1954 3162 2299 3216 commendata
2334 3161 2400 3214 ad
2430 3160 2810 3231 promerendam
2833 3159 3141 3229 singularem
3166 3159 3382 3231 gloriam

1795 3257 1847 3309 in
1874 3257 1974 3308 vita
2012 3256 2203 3323 futura.
2254 3254 2498 3308 Praesens
2555 3267 2683 3321 ergo
2730 3260 2813 3305 est
2865 3251 3081 3306 vitanda
3137 3251 3382 3308 necessi-

1798 3354 1898 3412 tas,
1930 3344 2024 3400 scd
2052 3354 2226 3400 tamen
2249 3359 2367 3413 quae
2394 3342 2593 3413 aliquid
2620 3343 2881 3397 bonorum
2921 3342 3144 3411 impedit
3171 3342 3380 3397 futuro-

1798 3453 1915 3492 rum
1946 3455 1959 3491 :
1988 3452 2090 3505 qua
2120 3436 2439 3491 necessitate
2455 3436 2559 3489 vita
2584 3434 2792 3504 cogitur
2829 3433 3121 3502 conjugalis
3147 3434 3385 3502 cogitare

1798 3544 1916 3599 quae
1946 3528 2129 3583 mundi
2145 3536 2285 3593 sunt,
2308 3525 2576 3596 quomodo
2606 3527 2810 3595 placeat
2838 3525 2917 3578 vir
2933 3524 3108 3591 uxori,
3140 3524 3223 3578 vel
3251 3539 3388 3579 uxor

1798 3621 1933 3676 viro.
1964 3620 2078 3675 Non
2109 3618 2251 3689 quod
2281 3634 2343 3674 ea
2372 3627 2622 3690 separent
2648 3634 2678 3673 a
2710 3633 2875 3686 regno
2918 3618 3048 3684 Dei,
3080 3618 3218 3673 sicut
3263 3625 3389 3672 sunt

1802 3722 2039 3785 peccata,
2072 3730 2191 3783 quae
2209 3712 2329 3767 ideo
2366 3720 2776 3781 praeceptomon
2797 3710 3022 3765 consilio
3046 3709 3385 3776 cohibentur,

1801 3807 1924 3876 quia
1942 3806 2168 3861 Domino
2204 3803 2536 3875 praicipienti
2565 3820 2670 3859 non
2697 3802 2913 3857 obedire
2939 3801 3238 3857 damnabile
3257 3811 3339 3856 cst
3371 3819 3386 3855 :

1801 3898 1897 3953 sed
1926 3896 2057 3952 illud
2083 3896 2226 3967 quod
2256 3896 2308 3950 in
2340 3896 2457 3965 ipso
2480 3896 2576 3950 Dei
2606 3910 2769 3965 regno
2794 3894 3020 3963 amplius
3040 3892 3227 3948 haberi
3259 3907 3389 3961 pos-

1803 3994 1884 4044 set
1908 3988 1954 4043 si
1974 3987 2202 4057 amplius
2222 3986 2545 4056 cogitaretur
2573 3984 2840 4055 quomodo
2887 3981 3201 4052 placendum
3248 3990 3394 4038 esset

1804 4082 1934 4143 Deo.
1966 4080 2143 4135 minus
2169 4079 2272 4134 erit
2302 4079 2482 4147 utique
2514 4093 2637 4131 cum
2670 4077 2771 4131 hoc
2798 4077 2969 4145 ipsum
2997 4075 3174 4130 minus
3201 4074 3392 4142 conju-

1803 4174 1873 4243 gii
1899 4171 2220 4228 necessitate
2247 4170 2527 4239 cogitatur.
2556 4167 2703 4234 Ideo,
2734 4166 2811 4221 De
2836 4167 3111 4236 virginibus
3135 4205 3148 4227 ,
3182 4165 3390 4233 inquit,

1805 4275 2111 4337 praeceptum
2148 4262 2353 4317 Domini
2399 4277 2499 4315 non
2544 4259 2719 4314 habeo.
2755 4258 3027 4327 Praecepto
3054 4256 3197 4311 enim
3242 4256 3394 4325 quis-

1804 4357 1922 4428 quis
1951 4372 2055 4411 non
2108 4354 2484 4424 obtemperat,
2542 4366 2664 4407 rcus
2714 4358 2797 4406 est
2849 4358 2903 4404 ct
2951 4348 3158 4404 debitor
3187 4362 3390 4418 paenae.

1805 4449 2037 4507 Proinde
2060 4448 2180 4518 quia
2223 4460 2444 4502 uxorem
2496 4446 2693 4500 ducere
2734 4443 2821 4499 vel
2865 4442 3065 4497 nubere
3116 4447 3392 4511 peccatum

1808 4560 1914 4599 non
1939 4554 2041 4611 est,
2074 4543 2120 4597 si
2145 4549 2323 4596 autem
2351 4548 2623 4611 peccatum
2679 4548 2842 4602 esset,
2874 4546 3139 4607 praecepto
3186 4542 3395 4590 vetare-

1810 4648 1924 4705 tur;
1954 4644 2234 4707 propterea
2260 4641 2585 4704 praeceptum
2620 4630 2827 4685 Domini
2851 4630 2917 4683 de
2942 4626 3235 4698 virginibus
3271 4626 3395 4681 nul-

1808 4730 1919 4784 lum
1946 4735 2048 4784 est.
2080 4726 2187 4781 Sed
2210 4724 2458 4795 quoniam
2478 4720 2724 4778 devitatis
2766 4718 3073 4775 rcmissisve
3114 4716 3348 4789 peccatis
3377 4759 3394 4785 ,

1810 4821 2054 4877 adeunda
2083 4829 2165 4876 est
2188 4820 2291 4873 vita
2320 4828 2541 4882 aeterna,
2570 4816 2621 4870 in
2652 4830 2753 4885 qua
2784 4825 2865 4869 est
2890 4814 3133 4884 quaedam
3182 4814 3397 4884 egregia

1808 4914 1994 4986 gloria,
2025 4927 2127 4967 non
2154 4910 2400 4965 omnibus
2428 4910 2479 4962 in
2509 4918 2771 4962 aeternum
2788 4906 3027 4971 victuris,
3049 4906 3142 4960 sed
3167 4906 3398 4975 quibus-

1810 5008 1933 5062 dam
1961 5005 2032 5060 ibi
2063 5002 2357 5066 tribuenda,
2385 5001 2470 5056 cui
2518 4998 2905 5068 consequendze
2937 5015 3122 5068 parum
3152 5005 3236 5053 est
3262 4997 3399 5053 libe-

1810 5108 1981 5152 ratum
2007 5110 2125 5153 esse
2149 5110 2179 5148 a
2205 5093 2454 5164 peccatis,
2484 5092 2582 5146 nisi
2609 5090 2806 5161 aliquid
2840 5091 2937 5160 ipsi
2972 5088 3246 5144 liberatori
3294 5103 3391 5143 vo-

1809 5201 2015 5256 veatur,
2041 5190 2181 5261 quod
2208 5204 2315 5244 non
2334 5189 2404 5243 sit
2422 5187 2658 5241 criminis
2690 5202 2795 5241 non
2821 5182 3163 5247 vovisse,sed
3186 5182 3399 5237 vovisse

1812 5302 1874 5344 ac
1899 5285 2194 5341 reddidisse
2218 5286 2288 5338 sit
2316 5281 2484 5337 laudis
2517 5298 2530 5334 :
2560 5280 2837 5334 Consilium
2868 5320 2882 5345 ,
2906 5278 3095 5345 inquit,
3125 5275 3189 5328 do
3216 5315 3231 5340 ,
3282 5283 3398 5327 tan-

1811 5398 1962 5453 quant
1976 5377 2367 5433 misericordiam
2385 5382 2676 5429 consecutus
2704 5390 2735 5425 a
2761 5371 2888 5437 Deo,
2927 5380 2979 5423 ut
3010 5366 3176 5437 ﬁdelis
3210 5379 3401 5419 essem.

1812 5474 1993 5543 Neque
2018 5471 2158 5527 enim
2191 5468 2423 5523 invidere
2444 5467 2615 5522 debeo
2640 5464 2796 5519 fidele
2823 5460 3105 5516 consilium
3130 5498 3145 5521 ,
3177 5458 3266 5526 qui
3290 5471 3401 5512 non

1815 5567 1950 5620 meis
1974 5563 2195 5625 meritis,
2228 5560 2323 5615 sed
2362 5559 2453 5614 Dei
2493 5554 2855 5612 misericordia
2907 5566 3023 5605 sum
3050 5547 3238 5602 ﬁdelis.
3273 5546 3405 5601 Emi—

1814 5658 1961 5712 stimo
1988 5656 2155 5725 itaque
2184 5654 2277 5706 hoc
2307 5652 2488 5705 bonum
2511 5664 2616 5703 esse
2635 5654 2839 5717 propter
2866 5637 3399 5712 praesentemneceui-

1882 5792 1898 5823 ³
1924 5790 1996 5837 sic
2015 5786 2197 5849 aliquot
2216 5791 2326 5849 Mss.
2344 5781 2463 5849 Editi
2488 5792 2625 5849 vero,
2645 5771 2946 5849 propqialu:

1883 5855 1902 5884 ²
1925 5834 2170 5908 ἱῖὶὶίιῖζῆοη
2194 5843 2462 5910 providens.
2482 5848 2535 5890 At
2559 5834 2685 5899 nasi,
2813 5834 3089 5896 providens.
