3880 6284
596 341 703 401 403

595 470 766 518 tatem.
795 461 931 530 Hoc,
954 461 1145 533 inquit,
1179 460 1319 517 unde
1349 469 1673 533 praeceptum
1709 459 1921 518 Domini
1953 474 2058 537 non
2088 458 2183 514 ha-

590 552 719 622 beo,
738 553 832 611 sed
859 553 1140 609 consilium
1165 553 1255 619 do,
1280 552 1382 611 hoc
1410 562 1492 609 est
1537 554 1603 609 de
1643 553 1965 625 virginibus,
1999 551 2182 607 existi-

591 662 687 705 mo
732 647 931 704 bonum
974 661 1096 704 esse
1142 657 1361 719 propter
1414 656 1733 719 praesentem
1784 648 2177 704 necessitatem.

1543 339 1632 397 ne
1666 337 1931 397 sanan
1970 334 2432 410 VlRGlNlTA'l‘E,
2472 340 2531 399 s.
2569 343 2940 407 AUGUSTINI
3365 318 3372 324 ’
3723 386 3795 445 ,0,

2296 459 2506 535 aperire
2535 470 2587 519 et
2613 465 2884 537 explicare
2908 471 3084 530 verbis
3110 477 3351 538 eamdem
3380 482 3542 556 ipsam
3566 496 3711 554 carnis
3726 505 3789 560 ni.

2289 549 2634 658 balationem,
2683 574 2844 630 quam
2882 569 3256 635 prtenuntiavit
3290 573 3373 631 eis
3401 549 3496 648 qui

2289 646 2448 746 ptias,
2477 649 2530 709 in
2548 652 2940 723 suspicionibus
2965 661 3066 719 zeli
3090 664 3403 739 conjugalis,
3424 646 3495 729 in
3517 646 3787 746 maenaa—dis

590 740 728 798 Novi
749 741 890 796 enim
920 739 1045 812 quid
1073 741 1351 811 praesentis
1377 740 1653 809 temporis,
1681 739 1766 799 cui
1798 738 2041 809 coniugia
2067 752 2182 793 ser-
2287 736 2411 795 ﬁliis
2435 748 2595 813 atque
2623 746 2941 818 nutriendis,
2970 750 3025 807 in
3053 736 3336 816 timoribus
3364 736 3418 817 et
3442 736 3789 835 meroribus;

590 831 759 897 vlunt,
788 831 1077 888 necessitas
1104 839 1278 902 cogat,
1312 840 1369 885 ut
1414 845 1479 887 ea
1520 846 1638 900 qua:
1693 829 1786 887 Dei
1836 837 1960 884 sunt
2002 828 2179 885 minus

589 927 911 999 cogitentur,
933 941 1090 997 quam
1114 924 1310 980 sufﬁcit
1329 924 1689 995 adipiscendae
1717 924 1792 979 illi
1813 924 1997 995 gloria:
2015 966 2030 990 ,
2058 939 2177 994 quce

587 1033 698 1074 non
724 1018 825 1074 erit
847 1018 1107 1084 omnium,
1133 1016 1375 1086 quamvis
1414 1016 1466 1070 in
1511 1024 1712 1071 aeterna
1750 1016 1858 1071 vita
1898 1030 1962 1071 ac
2005 1015 2177 1073 salute

585 1110 937 1168 manentium.
967 1108 1131 1165 Stella
1155 1108 1289 1162 enim
1314 1107 1376 1161 ab
1400 1108 1547 1163 stella
1584 1106 1756 1176 differt
1805 1108 1859 1161 in
1900 1108 2128 1163 claritate
2155 1124 2170 1174 ;

581 1202 657 1258 sic
676 1211 722 1257 et
749 1200 1043 1256 resurrectio
1067 1208 1381 1254 mortuorum
1402 1200 1447 1272 (l
1465 1200 1582 1257 Cor.
1611 1216 1703 1268 xv,
1720 1200 1811 1268 41,
1840 1198 1950 1271 42).
1972 1198 2173 1254 Bonum

578 1303 655 1349 est
678 1308 808 1363 ergo
837 1293 1028 1348 homini
1057 1292 1130 1347 sic
1154 1308 1281 1348 esse.

651 1384 878 1442 CAPUT
906 1384 1127 1440 XV.—l
1138 1384 1190 1441 5.
1208 1384 1487 1439 Consilium
1509 1384 1660 1441 datur
1679 1402 1781 1442 non
1807 1384 2045 1454 nubendi,
2068 1403 2170 1442 non

576 1491 908 1555 prtuceptum.
952 1479 1157 1535 Deinde
1210 1479 1452 1552 adjungit
1502 1479 1643 1536 idem
1689 1480 1962 1551 apostolus
1988 1488 2044 1537 et
2086 1479 2171 1536 di-

579 1576 656 1631 cit
683 1592 697 1628 :
728 1574 983 1645 Alligatus
1009 1590 1063 1629 es
1089 1573 1261 1641 uxori,
1294 1590 1357 1628 ne
1379 1574 1635 1644 qutesieris
1657 1573 1999 1640 solutionem;
2029 1573 2169 1629 solu-

574 1678 658 1724 tus
682 1666 823 1723 es'ab
851 1682 1032 1736 uxore,
1050 1682 1113 1721 ne
1141 1667 1399 1737 quasieris
1434 1683 1664 1722 uxorem.
1696 1666 1894 1723 Horum
1939 1665 2166 1725 duorum

571 1761 720 1833 quod
750 1760 899 1832 prius
924 1760 1123 1831 posuit,
1174 1761 1240 1816 ad
1297 1771 1624 1832 praeceptum
1659 1762 1935 1833 pertinet,
1980 1771 2164 1819 contra

572 1852 717 1923 quod
744 1868 853 1908 non
869 1852 996 1907 licet
1018 1850 1352 1906 facere.Non
1382 1852 1527 1907 enim
1547 1852 1673 1909 licet
1718 1852 1988 1910 dimittere
2029 1868 2163 1910 uxo-

571 1962 713 2014 rem,
742 1946 844 2001 nisi
870 1960 1113 2002 excausa
1141 1944 1548 2013 fornicationis,
1595 1947 1732 2003 sicut
1775 1948 1829 2002 in
1874 1948 2164 2019 Evangelio

570 2041 689 2110 ipse
719 2038 974 2094 Dominus
1002 2037 1130 2115 dicit
1158 2038 1379 2109 (Matth.
1411 2054 1523 2105 XIX,
1551 2037 1629 2112 9).
1659 2039 1797 2094 lllud
1819 2050 1996 2096 autem
2020 2042 2161 2113 quod

569 2131 797 2195 addidit,
826 2129 1041 2185 Solutus
1067 2146 1120 2184 es
1148 2131 1209 2184 ab
1229 2146 1407 2199 tutore,
1436 2147 1499 2185 ne
1516 2132 1773 2203 quasieris
1789 2148 2014 2199 uxorem,
2033 2149 2161 2190 con-

569 2224 676 2280 silii
706 2222 969 2277 sententia
998 2230 1102 2286 est,
1133 2237 1240 2277 non
1269 2223 1521 2293 praecepti
1542 2240 1555 2276 :
1575 2222 1701 2278 licet
1740 2223 1917 2295 itaque
1944 2224 2123 2281 facere
2142 2268 2157 2293 ,

567 2315 666 2374 sed
687 2316 881 2373 melius
909 2323 1112 2371 estnon
1142 2314 1336 2370 facere.
1363 2315 1602 2386 Denique
1626 2317 1880 2372 continuo
1908 2318 2155 2389 subjecit:

566 2408 639 2465 Et
658 2410 704 2464 si
732 2409 990 2479 acceperis
1037 2423 1268 2475 uxorem,
1326 2424 1427 2462 non
1456 2410 1710 2480 peccasti;
1758 2419 1805 2463 et
1850 2410 1896 2464 si
1933 2411 2160 2480 nupserit

566 2503 730 2575 uirgo,
760 2517 861 2556 non
879 2509 1071 2573 peccat.
1096 2500 1232 2555 Illud
1257 2509 1436 2555 autem
1460 2501 1610 2571 prius
1632 2515 1754 2556 cum
1779 2501 2036 2570 dixisset,
2061 2501 2157 2557 Al-

566 2595 754 2666 ligatus
773 2609 826 2648 es
846 2593 1022 2658 uxori;
1043 2609 1107 2648 ne
1130 2593 1388 2663 quwsieris
1410 2593 1749 2660 solutionem;
1780 2593 2039 2666 numquid
2063 2594 2159 2651 ad-

562 2687 719 2754 didit,
743 2686 811 2742 Et
835 2687 881 2742 si
902 2686 1151 2751 solveris,
1180 2701 1288 2742 non
1320 2687 1585 2757 peccasti?
1634 2686 1752 2743 Jam
1795 2689 1938 2744 enim
1994 2704 2156 2761 supra

562 2778 798 2844 dixerat,
831 2776 930 2834 His
955 2787 1123 2833 autem
1147 2778 1234 2849 qui
1256 2787 1374 2833 sunt
1398 2779 1454 2833 in
1479 2780 1719 2851 conjugio
1745 2780 1985 2851 principio
2007 2821 2023 2849 ,
2051 2798 2156 2837 non

562 2888 675 2945 ego,
698 2871 787 2927 sed
805 2869 1075 2936 Dominus,
1103 2887 1314 2926 uxorem
1337 2887 1369 2924 α
1392 2870 1499 2926 viro
1540 2888 1643 2926 non
1672 2872 1926 2928 discedere
1952 2889 1975 2941 ,'
2017 2875 2155 2946 quod

559 2967 606 3019 si
636 2965 950 3030 discesserit,
982 2981 1185 3018 manere
1209 2966 1476 3035 innuptam
1497 3006 1513 3033 ,
1544 2975 1632 3020 aut
1656 2967 1764 3021 viro
1790 2984 1885 3023 suo
1921 2970 2152 3024 reconci-

560 3056 681 3111 liari
708 3072 727 3109 :
758 3055 871 3110 fieri
902 3056 1043 3111 enim
1070 3064 1249 3125 potest
1267 3065 1449 3113 utnon
1491 3071 1589 3113 sua
1616 3058 1795 3129 culpa,
1826 3060 1922 3116 sed
1974 3063 2150 3118 mariti

559 3146 819 3204 discedat.
850 3146 1053 3205 Deinde
1076 3147 1173 3213 ait,
1202 3147 1270 3201 Et
1294 3148 1371 3203 vir
1391 3165 1601 3206 mrem
1624 3166 1689 3206 ne
1710 3151 1929 3207 dimittat
1960 3153 2003 3225 (Ι
2026 3152 2147 3210 Cor.

558 3255 653 3307 vn,
683 3238 887 3307 27,98,
920 3238 1159 3311 10,“);
1187 3240 1330 3310 quod
1381 3241 1728 3300 nihilominus
1773 3259 1840 3300 ex
1878 3254 2148 3318 praecepto

557 3329 776 3386 Domini
797 3330 993 3400 posuit,
1028 3345 1129 3386 nec
1153 3330 1226 3387 ibi
1255 3331 1479 3401 addidit,
1525 3334 1597 3390 Et
1643 3334 1692 3390 si
1729 3335 2011 3405 dimiserit,
2039 3354 2146 3395 non

555 3429 762 3493 peccat.
780 3421 1115 3492 Praeceptum
1139 3432 1224 3480 est
1260 3424 1403 3480 enim
1444 3424 1548 3483 hoc
1573 3466 1591 3492 ,
1648 3427 1737 3483 cui
1782 3443 1889 3484 non
1929 3430 2147 3490 obedire

553 3522 834 3585 peccatum
859 3524 972 3582 est;
995 3529 1101 3572 non
1131 3516 1411 3573 consilium
1437 3559 1454 3587 ,
1499 3533 1606 3590 quo
1651 3521 1698 3576 si
1748 3521 1825 3577 uti
1864 3523 2103 3581 nolueris
2124 3566 2142 3595 ,

552 3606 734 3661 minus
761 3605 888 3664 boni
911 3606 1246 3678 adipisceris,
1265 3625 1374 3666 nou
1401 3611 1529 3667 mali
1561 3612 1763 3684 aliquid
1786 3616 2139 3687 perpetrabis.

554 3699 846 3769 Propterea
873 3714 995 3756 cum
1012 3698 1254 3773 dixisset,
1286 3702 1501 3760 Solutus
1524 3721 1577 3760 es
1613 3705 1679 3761 ab
1702 3722 1881 3773 uxore,
1907 3724 1971 3763 ne
1996 3725 2140 3781 qum-

554 3790 703 3846 sieris
721 3807 968 3861 uxorem;
995 3792 1116 3865 quia
1142 3810 1248 3850 non
1277 3795 1619 3867 praecipiebat
1641 3813 1709 3854 ne
1737 3797 1938 3855 malum
1966 3800 2138 3869 ﬁeret,

553 3883 653 3943 sed
678 3885 989 3942 consulebat
1012 3894 1073 3942 ut
1095 3887 1288 3943 melius
1307 3886 1479 3955 fieret;
1494 3890 1748 3947 continuo
1762 3892 2054 3962 subiunxit,
2072 3891 2142 3949 Et

537 3966 601 4053 Esi
625 3977 882 4050 acceperis
909 3993 1121 4035 uxorem
1138 4019 1154 4047 ,
1185 3996 1287 4036 non
1311 3982 1569 4053 peccasti;
1596 3983 1698 4040 etsi
1721 3988 1948 4055 nupserit
1974 3985 2135 4059 virgo.

535 4085 656 4127 .non
683 4080 878 4143 peccat.

618 4162 846 4222 CAPUT
866 4160 985 4223 XVI
992 4165 1172 4224 .-—16.
1186 4166 1471 4225 Tribnlatio
1486 4171 1654 4226 carnis
1667 4171 1721 4227 in
1741 4174 2003 4245 confugio,
2025 4189 2139 4245 quae

533 4253 633 4317 'sit.
659 4258 880 4315 Addidit
907 4268 1106 4328 tamen,
1153 4259 1550 4317 Tribulationem
1593 4273 1761 4319 autem
1785 4268 1954 4323 carnis
1979 4266 2138 4323 halte-

531 4346 670 4406 'bunt
695 4350 990 4421 hujusmodi
1016 4390 1032 4415 ,
1081 4366 1173 4421 ego
1210 4360 1380 4406 autem
1428 4353 1566 4408 vobis
1596 4371 1750 4422 parco
1780 4372 1800 4411 :
1824 4357 1926 4414 hoc
1976 4357 2136 4415 modo

529 4443 839 4501 Iexhortans
848 4443 916 4499 ad
931 4443 1288 4515 virginitatem
1302 4447 1790 4520 continentiamque
1801 4460 2132 4521 perpetuam,

546 4546 608 4592 ut
629 4537 1024 4609 aliquantulum
1048 4552 1080 4592 a
1105 4537 1304 4608 nuptiis
1318 4539 1480 4594 etiam
1507 4540 1845 4610 deterreret,
1891 4544 2134 4603 modeste

545 4641 697 4697 sane,
715 4645 822 4686 non
843 4638 1095 4703 tanquam
1120 4644 1153 4686 a
1176 4645 1238 4688 re
1266 4632 1406 4687 mala
1427 4641 1481 4689 et
1507 4633 1706 4702 illicita,
1739 4634 1834 4691 sed
1881 4645 2130 4709 tanquam

544 4720 616 4775 ab
642 4734 869 4778 onerosa
895 4737 960 4778 ac
1016 4722 1263 4779 molesta.
1316 4723 1473 4780 Aliud
1516 4733 1600 4781 est
1645 4725 1789 4782 enim
1846 4727 2130 4786 admittere

541 4814 722 4870 carnis
754 4814 1155 4886 turpitudinem,
1184 4816 1329 4874 aliud
1369 4817 1569 4875 habere
1614 4820 1793 4878 carnis
1825 4818 2130 4879 tribulatio-

544 4919 673 4960 nem
699 4902 863 4960 :illud
883 4915 965 4962 est
990 4908 1229 4966 criminis
1258 4910 1454 4978 facere,
1487 4910 1589 4967 hoc
1627 4911 1826 4969 laboris
1866 4922 1950 4970 est
1974 4915 2080 4986 pati
2109 4959 2124 4985 ,

540 5010 702 5067 quem
718 4995 1031 5068 plerumque
1055 4995 1298 5059 homines
1320 5003 1479 5058 etiam
1509 5018 1607 5075 pro
1634 5000 1828 5063 ofﬁciis
1857 5006 2125 5066 honestis-

539 5089 694 5145 simis
718 5102 825 5146 nun
851 5102 1118 5176 recusant.
1154 5095 1260 5152 Sed
1308 5110 1407 5167 pro
1446 5096 1693 5157 habendo
1716 5101 1962 5173 coniugio
2014 5103 2123 5176 jam

536 5182 646 5239 hoc
669 5188 929 5253 tempore,
957 5167 1064 5255 quo
1088 5200 1197 5242 non
1213 5201 1309 5257 per
1326 5189 1506 5244 carnis
1522 5167 2123 5264 propaginem'vent'uro

535 5274 753 5333 Christo
779 5274 946 5347 ipsius
965 5277 1130 5347 prolis
1146 5281 1538 5351 propagatione
1562 5285 1810 5355 servitur,
1843 5288 1999 5345 istam
2023 5291 2121 5348 tri-

535 5368 866 5425 bulationem
896 5369 1095 5439 carnis,
1115 5386 1276 5442 quam
1292 5376 1536 5445 nupturis
1554 5378 1792 5448 praedicit
1808 5383 2117 5458 Apostolus,

533 5460 812 5532 suscipere
836 5459 1163 5519 tolerandam
1193 5464 1510 5537 perstultum
1537 5481 1701 5543 esset,
1723 5472 1824 5533 nisi
1854 5489 2121 5539 metuere‘

484 5548 489 5553 ’
533 5558 624 5606 tur
669 5551 1145 5624 incontinentibus,
1174 5571 1244 5614 ne
1273 5565 1512 5617 tentante
1561 5571 1747 5622 satana
1797 5567 1853 5624 in
1902 5581 2118 5642 peccata

524 5642 853 5721 [damnabilis
871 5645 1192 5706 laberentur.
1219 5649 1373 5720 Quod
1402 5663 1580 5712 autem
1619 5659 1827 5716 sedicit
1868 5663 1947 5720 eis
1994 5676 2119 5738 par-

532 5749 679 5804 cere,
706 5751 842 5807 quos
873 5739 948 5796 ait
971 5741 1367 5803 tribulationem
1394 5747 1572 5806 carnis
1617 5749 1895 5811 habituros
1914 5796 1931 5824 ,
1981 5757 2115 5815 nihil

531 5826 667 5885 mihi
709 5828 922 5887 interim
954 5836 1135 5892 sanius
1175 5841 1444 5908 occurrit,
1503 5853 1663 5915 quam
1705 5862 1826 5903 eum
1878 5850 2115 5910 noluisse

2284 829 2487 926 bitatis.
2516 835 2722 911 Quotus
2747 841 2890 899 enim
2907 845 3153 919 quisque,
3179 865 3298 908 cum
3327 869 3387 911 se
3408 861 3638 918 connubii
3658 868 3791 926 vincu.

2282 921 2350 978 lis
2375 924 2688 998 alligaverit,
2709 946 2815 987 non
2844 933 2963 991 istis
2984 937 3224 997 trahatur
3240 952 3402 1018 atque
3420 921 3788 1021 agiteturaliecti-

2280 1014 2563 1087 busiQuos
2586 1037 2761 1094 neque
2779 1042 2877 1084 nos
2898 1044 3220 1104 exaggerare
3236 1034 3510 1111 debemus,
3529 1060 3591 1102 ne
3606 1048 3787 1120 ipsisnon

2279 1117 2816 1212 parcam-ustguibus
2843 1124 3169 1191 parcendum
3202 1130 3523 1194 existimavit
3545 1117 3784 1212 Apostolus.

2348 1199 2576 1259 CAPUT
2598 1205 2925 1268 πίνη-17.
2943 1212 3013 1270 1η
3035 1232 3120 1272 eos
3147 1220 3236 1292 qui
3256 1222 3319 1276 ab
3334 1225 3568 1296 Apostolo
3586 1199 3787 1297 uti;

2275 1293 2348 1389 ibi
2370 1298 2573 1368 nuptias
2597 1310 2796 1372 putant.
2828 1306 3113 1379 Scriptum
3160 1293 3391 1388 aliquod-
3413 1324 3696 1385 mendacium

2276 1384 2427 1489 liuere
2466 1404 2618 1489 quam
2665 1395 3023 1460 perniciosum.
3050 1384 3277 1461 Tantum
3323 1424 3420 1479 per
3450 1412 3545 1471 hoc
3569 1422 3687 1489 quod
3704 1384 3788 1482 bre-

2273 1477 2414 1535 viter
2458 1483 2633 1553 posui,
2661 1497 2876 1544 cautum
2924 1491 3039 1550 ﬁeri
3083 1477 3341 1557 lectorem
3389 1477 3612 1576 oportuit
3647 1477 3784 1573 adru-

2273 1584 2367 1629 sus
2395 1587 2488 1629 eos
2521 1577 2687 1647 quiin
2715 1579 2819 1637 hoc
2839 1585 2984 1653 quod
3004 1587 3262 1660 scriptum
3315 1605 3401 1652 est
3419 1639 3434 1666 ,
3464 1598 3783 1664 Tribulationcm

2272 1672 2439 1718 autem
2461 1669 2631 1770 carnis
2659 1670 2909 1772 habebunt
2934 1677 3249 1752 hujusmodi,
3278 1701 3370 1758 ego
3394 1700 3551 1749 autem
3574 1696 3688 1755 voltis
3704 1719 3781 1772 par-

2270 1770 2350 1825 co,
2381 1759 2580 1857 nuptiis
2604 1763 3018 1838 calumniantur,
3047 1773 3190 1843 quod
3232 1790 3326 1834 eas
3351 1794 3417 1837 ex
3465 1783 3658 1857 obliquo
3697 1759 3781 1849 sen-

2271 1847 2437 1939 tentia
2465 1848 2565 1905 ista
2594 1851 2945 1927 damnaverit;
2975 1862 3119 1920 velut
3147 1866 3318 1937 ipsam
3344 1847 3704 1938 damnationem
3718 1847 3780 1939 uo

2269 1936 2431 2038 luerit
2453 1941 2652 2012 dicere,
2679 1962 2801 2004 cum
2831 1951 2923 2019 ait,
2952 1952 3067 2026 Ego
3091 1936 3261 2015 autem
3285 1963 3424 2019 vobis
3462 1983 3605 2038 parco

2268 2027 2463 2088 delicet
2486 2049 2608 2091 cum
2636 2036 2752 2096 istis
2769 2044 2957 2112 parcit,
2988 2047 3184 2105 animae
3212 2066 3330 2109 suae
3374 2027 3478 2112 non
3514 2027 3776 2133 pepercerit,

2266 2122 2314 2177 si
2339 2126 2648 2183 mentiendo
2667 2129 2802 2188 dixit
2827 2174 2844 2203 ,
2876 2134 2945 2190 Et
2972 2138 3018 2194 si
3043 2143 3302 2212 acceperis
3332 2122 3677 2219 uxorem,-non
3698 2122 3777 2225 per:

2266 2217 2431 2286 casti;
2459 2228 2506 2274 et
2530 2221 2577 2275 si
2619 2227 2847 2295 nupserit
2893 2231 3062 2302 virgo,
3098 2250 3201 2290 non
3242 2250 3435 2308 peccat.
3481 2217 3618 2311 Quod
3647 2217 3775 2318 qu'ide

2265 2320 2447 2411 sancta
2464 2314 2751 2411 .Scriptura
2780 2322 3008 2381 credunt
3050 2328 3132 2384 vel
3161 2330 3311 2387 credi
3354 2335 3564 2406 volunt,
3590 2314 3773 2411 unquam

2266 2401 2404 2498 viam
2433 2400 2534 2460 sibi
2566 2410 2813 2467 muniunt
2849 2414 2917 2470 ad
2964 2420 3256 2478 mentiendi
3302 2400 3590 2498 licentiam,
3632 2400 3694 2489 vel
3728 2435 3771 2489 ad

2262 2491 2631 2554 defensionem
2684 2515 2795 2558 sua:
2842 2520 3113 2577 perversa:
3177 2514 3447 2584 opinionis
3468 2559 3486 2588 ,
3527 2491 3771 2595 ubicumque

2260 2586 2407 2691 aliud
2433 2593 2672 2691 sentiunt
2694 2613 2851 2668 quam
2877 2616 3009 2660 sana
3047 2607 3296 2667 doctrina
3353 2586 3592 2685 postulat.
3616 2586 3768 2691 Si

2262 2682 2404 2739 enim
2430 2686 2771 2749 manifestum
2797 2692 2867 2751 de
2903 2694 3099 2755 divinis
3125 2700 3305 2761 Libris
3356 2682 3603 2779 prolatum
3626 2682 3766 2780 fuerit,

2259 2786 2368 2843 quo
2420 2790 2607 2834 eorum
2645 2781 2989 2842 confutentur
3010 2804 3243 2861 errores,
3276 2794 3381 2853 hoc
3409 2799 3475 2855 ad
3501 2812 3683 2857 manum
3701 2803 3766 2857 hs-

2258 2862 2388 2920 bent
2408 2869 2553 2925 velut
2583 2881 2941 2948 scutum,quo
2977 2894 3037 2935 se
3075 2882 3339 2943 adversus
3372 2890 3628 2948 veritatem
3662 2894 3764 2964 quasi

2258 2963 2471 3015 tuentes
2519 2963 2725 3021 nudent
2747 2982 2778 3023 a
2799 2967 3014 3028 diabolo
3051 2975 3432 3049 vulnerandos,
3459 2994 3513 3038 ut
3533 2963 3684 3041 dicant
3700 2986 3765 3041 hoc

2256 3059 2531 3108 auctorem
2560 3053 2681 3112 libri
2710 3072 2818 3114 non
2860 3075 3045 3119 verum
3088 3065 3291 3125 dixisse
3310 3112 3327 3139 ,
3366 3072 3494 3129 alias
3520 3085 3571 3131 ut
3602 3075 3763 3131 inﬁrmis

2255 3150 2520 3211 parceret,
2549 3147 2682 3204 alias
2704 3158 2764 3206 ut
2780 3163 3181 3226 contemptores
3208 3167 3467 3232 terreret;
3487 3166 3608 3222 sicut
3627 3183 3761 3223 occur-

2254 3233 2387 3289 rerit
2414 3249 2595 3306 causa,
2620 3255 2723 3311 qua
2752 3256 2936 3300 eorum
2971 3262 3222 3317 perversa
3266 3259 3526 3314 sententia
3565 3259 3759 3316 defenda-

2253 3334 2376 3383 tur:
2409 3339 2570 3403 atque
2618 3335 2692 3391 ita
2730 3336 2856 3393 dum
2904 3356 2967 3396 ca
3010 3360 3130 3415 quae
3181 3349 3504 3421 opinantur,
3544 3354 3760 3411 defendere

2251 3436 2409 3491 quam
2438 3428 2707 3499 corrigere
2737 3432 2960 3501 malunt,
2985 3435 3280 3509 Scriptura:
3319 3455 3512 3502 sanctae
3541 3446 3758 3503 auctorita»

2250 3522 2358 3571 tem
2384 3516 2629 3591 frangere
2668 3536 2945 3597 conantur,
2973 3547 3075 3602 qua
3104 3550 3208 3591 una
3245 3554 3437 3598 omnes
3480 3543 3678 3599 cervices
3698 3556 3756 3596 δυο

2247 3608 2427 3678 perbaa
2452 3610 2708 3685 duraeque
2728 3614 3061 3690 franguntur.

2318 3708 2547 3806 CﬁPU'l‘
2566 3712 2917 3776 XVlll.-—i8.
2933 3719 3209 3795 Virginitas
3219 3728 3296 3784 sic
3320 3726 3669 3806 prafkfatttrmt
3684 3746 3751 3786 non

2246 3802 2439 3871 nuptiae
2486 3802 2806 3863 damnentur.
2860 3811 3011 3869 Unde
3080 3802 3376 3879 sectatores
3424 3802 3476 3881 et
3514 3825 3749 3882 sectatrioes

2245 3902 2516 3963 perpetuae
2535 3899 2878 3958 continentiae
2905 3914 2959 3960 et
2987 3921 3153 3965 sacra:
3174 3912 3487 3984 virginitatis
3508 3917 3748 3979 admoneo.

2244 3993 2304 4079 ut
2327 3986 2526 4045 bonum
2554 4005 2711 4049 suum
2738 3995 2811 4052 ita
2835 4000 3123 4068 praeferant
3146 4010 3366 4079 nuptiis,
3397 4024 3463 4067 ne
3509 4010 3674 4067 malum
3692 4010 3748 4079 ju-

2244 4076 2423 4174 dicent
2449 4085 2663 4154 nuptias
2692 4104 2705 4139 :
2734 4104 2910 4161 neque
2933 4076 3513 4174 lhllaciter,sedplane
3553 4076 3748 4159 veraciter

2242 4171 2312 4268 ab
2339 4172 2598 4243 Apostolo
2618 4177 2818 4236 dictum
2840 4186 3105 4254 noverint,
3155 4190 3257 4259 Qui
3307 4171 3393 4250 dat
3440 4204 3641 4268 nupltttlt,
3665 4194 3747 4249 im

2242 4266 2399 4363 facit;
2425 4278 2473 4323 et
2490 4271 2578 4340 qui
2601 4288 2703 4328 non
2722 4276 2809 4330 dat
2838 4289 3070 4351 nuptum,
3118 4288 3301 4344 melius
3320 4288 3458 4363 facit.
3504 4266 3566 4345 Et
3586 4290 3624 4345 si
3644 4302 3744 4343 etce-

2242 4372 2376 4425 perts
2398 4375 2608 4417 uxorem
2630 4402 2646 4430 ,
2672 4381 2776 4421 non
2814 4373 3031 4439 peccasti
3046 4390 3068 4441 ;
3098 4383 3145 4430 et
3172 4378 3218 4432 si
3239 4383 3461 4452 nupserit
3501 4383 3634 4453 virgo,
3675 4393 3741 4431 twn

2240 4461 2435 4519 peccat.
2467 4454 2534 4508 Et
2558 4457 2717 4526 paulo
2743 4468 2899 4530 post:
2923 4463 3130 4523 Beatior
3158 4480 3326 4527 autem
3377 4474 3482 4540 erit,
3507 4475 3548 4529 si
3583 4472 3642 4529 sic
3659 4486 3741 4543 ptr-

2238 4546 2501 4613 mnnserit,
2525 4552 2802 4607 secundum
2829 4570 2992 4611 meam
3036 4564 3354 4620 sententiam.
3395 4567 3460 4622 Et
3485 4576 3548 4622 ne
3568 4564 3738 4620 hulilattl

2238 4639 2505 4695 sententia
2554 4646 2850 4714 putateuir,
2899 4649 3175 4724 adiungit:
3207 4650 3342 4713 Puto
3386 4668 3560 4723 autem,
3606 4666 3641 4710 et
3675 4669 3737 4723 τσο

2236 4727 2490 4820 Spiritum
2519 4732 2615 4789 Dei
2634 4734 2813 4795 habeo.
2843 4740 2968 4798 Haec
2991 4744 3277 4817 dominica,
3328 4752 3435 4808 haec
3482 4746 3732 4820 apostolici,

2233 4817 2351 4877 haec
2374 4837 2518 4890 vera,
2545 4824 2661 4883 haec
2681 4844 2811 4886 sana
2836 4832 3076 4893 doctrina
3092 4847 3195 4902 est,
3218 4842 3295 4898 sic
3322 4817 3639 4915 eligere—dona
3657 4851 3735 4894 ma-

2227 4912 2369 4985 jora,
2406 4933 2475 4973 ne
2500 4919 2705 4979 minora
2728 4923 3067 4986 damnentur.
3100 4922 3287 4992 Melior
3320 4912 3411 4993 est:
3450 4932 3497 4991 in
3521 4914 3728 5003 Scriptura

2232 5006 2327 5063 Dei
2353 5011 2550 5067 veritas
2581 5014 2694 5084 Dei,
2726 5030 2883 5088 quam
2912 5021 2965 5077 in
2995 5025 3304 5099 cujusquam
3334 5038 3500 5086 mente
3523 5038 3729 5084 auttarne

2227 5301 2453 5361 possunt
2479 5295 2640 5353 etiam
2668 5299 2737 5356 de
2784 5316 2878 5359 sua
2923 5308 3084 5365 carne
3133 5315 3388 5382 cogitare,
3441 5302 3520 5383 lini
3556 5300 3720 5379 credit"!

2224 5385 2572 5453 apostolicam
2604 5390 2836 5464 linguam
2857 5395 2909 5453 in
2939 5402 3005 5455 eo
3026 5399 3143 5472 ipso
3176 5384 3292 5462 ioco
3323 5399 3404 5459 ubi
3440 5386 3717 5475 viiginitaietn

2223 5478 2466 5546 corporis
2479 5484 2907 5557 commendabat,
2941 5505 2970 5546 a
2991 5488 3328 5568 corruptione
3350 5487 3580 5552 mendacii
3598 5476 3716 5569 virgi-

2224 5583 2345 5625 nem
2372 5586 2479 5628 non
2510 5575 2713 5634 fuisse?
2741 5579 2993 5640 Primitus
3022 5598 3150 5658 ergo
3189 5588 3250 5646 ac
3286 5572 3515 5687 maxime,
3541 5570 3715 5687 ιζύῖηξίξ·

2223 5676 2350 5719 num
2382 5666 2699 5738 virginitatis
2727 5673 2969 5746 eligunt,
3001 5676 3298 5754 Scripturas
3322 5666 3509 5737 tuncet
3530 5664 3713 5754 ﬁimﬁif"

2222 5756 2310 5815 ine
2341 5767 2555 5820 teneant
2577 5766 2705 5822 nihil
2733 5784 2853 5826 esse
2880 5736 3161 5843 mentitas;
3190 5793 3252 5835 ac
3293 5772 3384 5849 per
3408 5756 3497 5831 illi:
3520 5769 3646 5847 etiam
3665 5736 3705 5816 ῘΙ·

2224 5852 2311 5907 lud
2336 5870 2516 5911 verum
2544 5874 2663 5914 esse
2695 5861 2835 5930 quod
2866 5863 3067 5922 dictum
3091 5876 3193 5937 est,
3227 5862 3286 5925 Et
3309 5869 3352 5925 si
3382 5859 3594 5934 cresim"
3613 5858 3686 5908 w
