3866 6396
95 400 181 459 ,οδ
1442 371 1632 432 usus

1741 371 1877 431 NUS.

91 509 194 559 rem,
216 505 306 553 non
330 482 575 558 peccasti;
592 488 637 536 et
660 479 707 535 si
730 475 954 549 nupserit
976 474 1139 546 virgo,
1161 488 1264 531 non
1287 478 1479 543 peccat.
1510 468 1622 525 Nec

91 590 246 658 putent
270 564 423 638 minui
446 585 553 633 tam
581 586 832 645 magnum
852 568 1166 641 integritatis
1194 568 1393 622 bonum
1405 564 1487 658 ζεἰ
1519 579 1623 619 nu—

90 648 191 751 ptiae
216 689 308 731 non
334 679 484 729 erunt
524 667 740 724 malum.
786 664 897 720 lino
948 677 1076 719 vero
1130 660 1256 716 hinc
1300 648 1624 729 sibi'potius

89 769 271 842 maioris
293 764 469 838 gloria:
509 761 737 833 palmam
782 766 1133 830 praeparatam
1178 769 1298 811 esse
1348 751 1620 819 conﬁdat,

86 879 179 936 qua:
195 876 289 917 non
308 855 562 924 damnari,
595 855 640 909 si
668 853 913 918 nuberet,
947 849 1161 915 timuit;
1196 846 1290 904 sed
1312 844 1625 902 honoratius

85 953 311 1020 coronari,
336 950 454 1022 quia
494 962 596 1003 non
628 944 876 1010 nuberet,
920 939 1291 1012 concupivit‘.
1348 937 1447 1007 Qui
1496 950 1625 1008 ergo

84 1049 176 1104 sine
195 1041 420 1114 coniugio
447 1050 767 1111 permanere
790 1033 1096 1099 voluerint,
1124 1046 1232 1087 non
1258 1038 1513 1100 tanquam
1539 1026 1623 1082 fo-

85 1154 204 1195 veam
230 1135 421 1209 peccati
474 1132 686 1203 nuptias
730 1129 933 1202 fugiant
964 1144 978 1182 :
1006 1126 1099 1182 sed
1131 1135 1385 1197 tanquam
1431 1122 1623 1180 collem

84 1231 266 1288 minoris
285 1228 402 1283 boni
426 1223 827 1291 transcendant,
853 1230 911 1277 ut
937 1221 990 1277 in
1014 1219 1236 1291 majoris
1279 1216 1623 1275 continentiae

86 1332 230 1379 monte
255 1320 601 1390 requiescant.
623 1316 701 1373 Ea
731 1316 928 1387 quippe
956 1314 1076 1384 lege
1103 1312 1255 1368 collis
1283 1311 1386 1367 iste
1411 1309 1622 1365 inhabi-

88 1429 212 1483 tatur,
234 1426 284 1472 ut
303 1429 542 1470 noncum
569 1411 804 1469 voluerit
826 1411 945 1481 quis
960 1409 1204 1479 emigret.
1251 1406 1440 1462 Mulier
1477 1405 1621 1460 enim

94 1511 255 1582 alligata
276 1517 356 1575 est,
376 1504 623 1578 quamdiu
652 1505 728 1559 vir
752 1505 860 1575 ejus
884 1502 1001 1557 vivit
1024 1502 1042 1573 (
1065 1500 1084 1554 Ι
1110 1498 1229 1555 Cor.
1252 1516 1349 1567 vn,
1376 1497 1550 1556 58-40
1575 1495 1619 1571 ).

98 1605 407 1659 Verumtamen
436 1598 508 1655 ad
539 1597 925 1655 continentiam
955 1594 1222 1650 vidualem
1260 1593 1328 1650 ab
1352 1594 1470 1664 ipso
1500 1600 1622 1647 tan-

88 1711 209 1765 quam
229 1692 377 1764 gradu
422 1689 807 1747 conscenditur
842 1706 855 1742 :
886 1696 1105 1759 propter
1132 1685 1447 1757 virginalem
1494 1698 1625 1740 vero

86 1772 471 1844 veldeclinandus
498 1793 585 1841 est
616 1798 723 1839 non
752 1780 1139 1839 consentiendo
1168 1779 1506 1853 petitoribus,
1537 1779 1623 1835 vel

86 1878 408 1959 tmnsiliendus
437 1875 821 1957 praeveniendo
849 1875 1126 1946 petitores.

136 1963 328 2022 CAPUT
363 1962 505 2019 XIX.
528 1994 603 2004 ——
622 1962 711 2017 19.
742 1961 956 2017 Errores
982 1960 1083 2019 duo
1111 1959 1351 2017 contrarii
1378 1958 1440 2014 de
1464 1958 1621 2031 virgi-

85 2059 205 2111 nitate
220 2066 260 2112 et
276 2058 522 2129 conjugia.
552 2055 631 2112 Ne
655 2055 777 2127 quis
801 2064 978 2111 autem
1009 2063 1219 2125 putaret
1246 2053 1474 2110 duorum
1499 2069 1626 2124 ope-

86 2165 175 2211 rum
196 2148 303 2206 boni
337 2158 494 2221 atque
527 2147 772 2205 melioris
797 2146 1021 2218 azqnalia
1048 2145 1161 2205 fore
1192 2146 1408 2219 prmmia
1432 2186 1447 2212 ,
1496 2161 1624 2217 pro-

89 2262 230 2319 pterea
248 2257 416 2305 contra
438 2263 539 2305 eos
565 2240 940 2304 disserendum
961 2240 1076 2311 init,
1102 2240 1191 2316 qui
1218 2239 1358 2312 quod
1383 2239 1458 2296 ait
1482 2240 1627 2310 Apo-

93 2341 233 2409 stolus,
260 2340 495 2397 Existimo
521 2349 696 2395 autem
717 2340 813 2395 hoc
831 2337 1019 2394 bonum
1041 2352 1150 2393 esse
1176 2346 1383 2409 propter
1402 2349 1626 2408 prteseu-

99 2440 165 2485 tem
185 2434 513 2501 necessitatem,
551 2432 625 2487 ita
656 2428 991 2509 interpretati
1022 2438 1163 2495 sunt,
1194 2437 1255 2484 ut
1274 2443 1383 2483 non
1410 2436 1627 2498 propter

105 2539 264 2597 regnum
286 2526 541 2582 ccelorum
565 2566 581 2593 ,
614 2524 709 2580 sed
736 2530 953 2595 propter
975 2524 1230 2578 saeculum
1255 2537 1491 2593 praesens
1516 2521 1627 2578 vir-

112 2618 304 2685 ginitatem
322 2620 498 2675 utilem
530 2617 812 2681 dicerent;
838 2626 1086 2685 tanquam
1114 2614 1165 2668 in
1192 2613 1281 2668 illa
1302 2614 1407 2668 vita
1428 2620 1629 2669 aeterna

120 2707 211 2763 nihil
230 2712 387 2768 meris
411 2710 654 2781 amplius
678 2708 913 2765 habituri
941 2715 1155 2776 essent,
1187 2707 1277 2777 qui
1307 2706 1408 2761 hoc
1436 2705 1628 2762 melius

119 2799 332 2872 elegissent.
356 2804 411 2860 ln
438 2819 557 2875 qua
599 2800 961 2871 disputatione
997 2814 1121 2855 cum
1164 2798 1231 2854 ad
1258 2797 1390 2853 illud
1417 2798 1627 2854 venire-

110 2905 192 2948 mus
222 2894 331 2965 quod
367 2895 510 2953 idem
565 2892 839 2963 apostolus
864 2892 970 2957 ait,
1014 2887 1416 2945 Tribulationem
1459 2898 1629 2945 autem

104 2986 222 3040 ramis
246 2987 469 3041 habebunt
499 2982 806 3057 hujusmodi
824 3024 840 3049 ,
866 2999 957 3054 ego
988 2990 1159 3036 autem
1183 2979 1317 3035 vobis
1346 2996 1500 3051 parco
1528 2998 1547 3047 ;
1575 2980 1629 3035 in

100 3074 193 3129 alios
215 3075 476 3148 litigatores
521 3074 854 3132 incurrimus
879 3116 895 3142 ,
924 3074 1014 3145 qui
1040 3088 1147 3128 non
1172 3073 1406 3144 aequales
1432 3085 1629 3143 perpe-

97 3177 171 3224 tua:
206 3173 527 3229 continentiae
574 3168 785 3241 nuptias
824 3166 1092 3233 facerent,
1142 3166 1237 3224 sed
1276 3182 1369 3222 eas
1410 3166 1631 3221 omnino

93 3263 360 3321 damnarent.
385 3266 525 3322 Nam
570 3279 692 3319 cum
728 3278 881 3318 error
912 3270 1134 3332 uterque
1161 3261 1266 3329 sit,
1296 3259 1383 3316 vel
1417 3273 1631 3330 aequare

90 3366 243 3415 sancta:
269 3359 557 3434 virginitati
589 3357 801 3428 nuptias
825 3397 839 3419 ,
871 3355 957 3413 vel
980 3353 1236 3409 damnare
1262 3371 1275 3407 :
1305 3352 1463 3407 nimis
1493 3351 1631 3406 invi-

88 3463 175 3504 cem
207 3449 433 3524 fugiendo
456 3455 478 3485 ²
498 3494 516 3520 ,
546 3450 655 3506 duo
680 3449 768 3505 isti
797 3464 1008 3506 errores
1035 3447 1259 3504 adversa
1303 3448 1474 3502 fronte
1504 3462 1633 3503 con-

87 3540 261 3614 ﬂigttnt,
311 3544 429 3619 quia
484 3544 734 3600 veritatis
790 3541 1022 3598 medium
1071 3550 1253 3597 tenere
1298 3540 1629 3609 noluerunt;

86 3650 165 3703 quo
188 3632 233 3691 et
256 3647 392 3694 certa
416 3636 637 3693 ratione
656 3678 671 3701 ,
708 3642 763 3690 et
789 3643 1091 3689 sanctarum
1117 3632 1513 3703 Scripturarum
1535 3646 1633 3686 au-

83 3730 281 3788 ctoritate
301 3773 317 3799 ,
345 3747 443 3788 nec
463 3737 752 3803 peccatum
783 3742 903 3783 esse
931 3726 1143 3798 nuptias
1171 3724 1502 3790 invenimus,
1534 3739 1634 3782 nec

83 3835 153 3875 eas
176 3823 299 3880 bono
320 3824 406 3881 vel
429 3810 718 3894 virginalis
742 3820 1085 3877 continentiae
1104 3858 1120 3887 ,
1149 3819 1233 3876 vel
1263 3819 1423 3875 etiam
1445 3816 1635 3875 vidua-

78 3908 129 3965 lis
156 3928 435 3987 irequamus.

133 3986 331 4063 CAPUT
358 3990 481 4063 xx.
507 4033 584 4047 —-
602 3992 832 4076 Apostoli
868 4003 1091 4081 dictum,
1123 4003 1234 4073 Ego
1267 4010 1445 4058 autem
1484 4001 1637 4057 Vobis

77 4088 225 4159 parco,
246 4107 512 4164 perperam
536 4089 671 4144 trahi
690 4086 759 4143 ad
794 4087 1083 4160 nuptiarum
1106 4087 1497 4141 damnationem.
1534 4086 1636 4141 Alii

77 4178 238 4251 quippe
290 4179 597 4254 appetendo
656 4178 1049 4251 virginitatem,
1108 4180 1319 4249 nuptias
1382 4188 1637 4249 tanquam

76 4256 352 4329 adulterium
399 4269 751 4329 detestandas
796 4283 916 4326 esse
961 4277 1282 4341 putaverunt
1328 4288 1340 4323 :
1377 4269 1466 4324 alii
1508 4284 1637 4325 vero

76 4348 375 4423 defendendo
404 4353 738 4422 connubium
761 4406 776 4434 ,
809 4346 1179 4420 excellentiam
1218 4370 1488 4435 perpetua:
1518 4378 1639 4419 con-

79 4450 283 4513 tinentia:
310 4442 445 4513 nihil
478 4454 676 4513 mereri
706 4442 932 4531 amplius
948 4462 1108 4526 quam
1127 4444 1457 4526 coniugalem
1486 4454 1641 4525 pudi-

78 4545 224 4602 titiam
246 4550 539 4606 voluerunt
569 4566 584 4617 ;
618 4547 769 4619 quasi
799 4546 881 4603 vel
911 4542 1170 4602 Susannm
1196 4545 1393 4602 bonum
1415 4588 1432 4612 ,
1462 4547 1641 4603 Mariae

78 4637 133 4692 sit
174 4638 462 4700 humiliatio
496 4661 513 4711 ;
554 4628 638 4698 vel
681 4624 861 4698 Maria:
889 4641 1062 4715 majus
1095 4641 1292 4698 bonum
1314 4684 1330 4711 ,
1380 4642 1639 4700 Susanna;

79 4726 239 4789 debeat
271 4750 389 4792 esse
418 4728 717 4791 damnatio.

134 4820 212 4879 20.
248 4824 398 4882 Absit
427 4840 561 4897 ergo
591 4818 647 4880 ut
678 4816 746 4879 ita
776 4806 970 4880 dixerit
1001 4824 1287 4894 Apostolus
1318 4825 1499 4895 nuptis
1530 4824 1642 4881 sive

80 4914 322 4987 nupturis,
368 4908 487 4991 Ego
518 4928 686 4973 autem
728 4917 862 4973 vobis
893 4934 1046 4988 parco
1080 4934 1099 4984 ;
1131 4926 1381 4987 tanquam
1412 4916 1644 4973 noluerit

82 5003 231 5063 dicere
253 5027 368 5081 qum
406 5026 563 5082 pmna
604 5008 897 5081 coniugatis
932 5010 984 5063 in
1018 5007 1193 5062 futuro
1219 5009 1417 5063 saeculo
1443 5007 1642 5064 debea-

84 5102 166 5149 tur.
191 5094 335 5155 Absit
356 5111 415 5157 ut
439 5117 469 5156 a
499 5094 719 5155 Daniele
743 5096 809 5154 de
837 5090 1115 5170 temporali
1138 5098 1339 5169 judicio
1364 5100 1642 5155 liberatam

84 5184 249 5245 Paulus
274 5178 451 5248 mittat
490 5193 541 5248 in
588 5190 911 5263 gehennam.
942 5190 1095 5245 Absit
1121 5199 1181 5245 ut
1221 5191 1479 5245 maritalis
1523 5193 1644 5247 tho-

87 5291 159 5332 rus
184 5279 227 5335 ei
259 5280 413 5353 pana
439 5280 510 5339 Sit
544 5291 669 5338 ante
712 5279 940 5336 tribunal
974 5280 1194 5349 Christi,
1222 5282 1306 5337 cui
1337 5282 1493 5337 ﬁdem
1530 5298 1647 5338 ser-

89 5371 233 5453 vando
258 5360 419 5448 elegit
456 5375 555 5453 sub
582 5374 713 5431 falsa
738 5374 1079 5430 accusatione
1105 5374 1352 5430 adulterii
1382 5375 1468 5429 vel
1508 5375 1650 5446 peri-

92 5462 265 5535 ditari,
288 5468 369 5524 vel
404 5452 561 5525 mori.
604 5454 743 5537 Quid
780 5468 887 5540 egit
931 5484 1031 5524 vox
1064 5466 1152 5523 illa
1177 5509 1191 5536 ,
1221 5456 1406 5523 Melius
1430 5477 1500 5523 est
1526 5468 1651 5523 mihi

142 5632 437 5719 iisiisdiﬁa
463 5636 1013 5719 ἱοῑοιιοηίῖᾴριιηιιυφ
1047 5662 1140 5719 nan
1170 5649 1394 5719 ιξαηυιανί
1428 5651 1473 5719 si
1494 5649 1654 5719 inube-

146 5662 270 5695 ιω
289 5662 437 5697 eutuo
465 5662 571 5700 nov.
624 5662 883 5715 conﬁdant,
904 5662 967 5715 qu
1047 5662 1140 5700 non
1170 5662 1391 5701 aamnart
1506 5662 1654 5701 nube-

95 5704 551 5811 ζαωηωα
574 5684 851 5763 instantius
863 5662 1101 5775 c‘oroﬁari,
1125 5712 1341 5775 quianon
1363 5664 1541 5764 nub‘ere
1550 5718 1657 5765 con-

150 5780 714 5906 Wmanie‘nsiu‘m
735 5837 951 5906 _om_i_ttit_,_
980 5836 1124 5906 nimis
1155 5849 1172 5887 :
1208 5844 1261 5887 et
1294 5833 1423 5906 loco,
1463 5839 1654 5906 fugim—

105 5886 170 5953 ⁴οι
194 5892 335 5948 lubet
363 5890 473 5949 eain
498 5894 575 5952 Er.
594 5933 612 5963 ,
638 5886 885 5964 Mundi.
913 5886 1204 5950 anesum
1238 5912 1303 5950 ex
1326 5886 1432 5951 tuss'.

3226 379 3329 441 ‘06

1735 469 1956 524 incidere
1981 469 2034 524 in
2072 484 2254 526 manus
2280 477 2469 527 vestras
2488 511 2504 540 ,
2530 485 2682 543 quam
2722 486 2926 543 peccare
2961 474 3015 530 in
3059 486 3326 550 conspectu

1735 560 1830 615 Dei
1855 560 2024 633 (Dan.
2052 578 2144 617 xm
2165 605 2179 631 ,
2208 561 2317 633 Q5)
2343 605 2359 631 ,
2390 564 2437 619 si
2467 563 2610 621 Deus
2638 579 2756 621 eam
2806 564 2975 621 fuerat
2996 606 3014 634 ,
3052 581 3158 624 non
3200 571 3326 640 quia

1735 654 2041 726 pudicitiam
2084 656 2376 727 nuptialem
2406 658 2652 715 servabat
2678 658 3034 729 liberaturus,
3075 660 3171 718 sed
3198 666 3325 733 quia

1732 760 1986 819 nupserat
2011 750 2357 808 damnaturus
2382 753 2406 808 ?
2429 753 2495 808 Et
2525 769 2667 810 nunc
2708 755 2918 825 quoties
2948 757 3165 813 castitas
3190 771 3325 815 con-

1727 841 1920 914 iugalis
1949 843 2205 901 adversus
2253 845 2674 902 calumniatores
2716 847 3197 920 criminatoresque
3232 866 3328 907 nu-

1732 934 1965 1005 ptiarum
1987 935 2277 1007 Scripturte
2307 946 2508 994 sancta:
2544 939 2769 999 veritate
2804 942 3080 1009 munitur;
3108 943 3267 999 toties
3297 960 3328 1003 a

1732 1028 1930 1099 Spiritu
1968 1039 2153 1085 sancto
2192 1038 2377 1086 contra
2409 1030 2570 1087 falsos
2601 1040 2766 1088 testes
2795 1031 3042 1089 Susanna
3080 1034 3327 1092 defendi-

1732 1131 1853 1192 tur,
1884 1124 2042 1180 toties
2066 1140 2095 1178 a
2125 1122 2258 1180 falso
2285 1124 2512 1181 crimine
2536 1126 2814 1193 liberatur,
2845 1135 2898 1182 et
2928 1128 3097 1184 multo
3125 1128 3328 1199 maiore

1731 1216 1966 1287 negotio.
1992 1216 2140 1273 Tunc
2183 1219 2324 1272 enim
2366 1218 2457 1273 uni
2501 1218 2831 1289 coniugata,
2862 1234 3005 1276 nunc
3033 1220 3324 1289 omnibus;

1733 1316 1858 1365 tunc
1891 1307 1957 1363 de
1985 1308 2193 1364 occulto
2230 1318 2284 1364 et
2329 1306 2464 1363 falso
2501 1308 2797 1379 adulterio,
2841 1325 2983 1366 nunc
3017 1310 3085 1368 de
3109 1327 3239 1367 vero
3272 1320 3327 1368 et

1732 1399 2013 1456 manifesto
2035 1402 2300 1457 connubio
2322 1401 2527 1456 crimen
2552 1402 2864 1459 intenditur.
2892 1402 3045 1459 Tunc
3072 1419 3174 1459 una
3201 1420 3321 1459 mu-

1730 1500 1829 1555 lier
1858 1514 1921 1554 ex
1952 1514 2018 1555 co
2042 1499 2183 1570 quod
2229 1498 2393 1570 iniqui
2422 1499 2665 1555 seniores
2705 1499 2983 1569 dicebant,
3019 1515 3163 1557 nunc
3202 1515 3322 1555 om-

1732 1608 1828 1649 nes
1865 1593 2040 1648 mariti
2086 1603 2140 1649 et
2177 1608 2372 1649 uxores
2410 1608 2478 1649 ex
2520 1609 2587 1649 eo
2624 1593 2768 1665 quod
2816 1595 3107 1665 Apostolus
3143 1595 3323 1653 dicere

1733 1684 1922 1751 noluit,
1952 1694 2289 1741 accusantur.
2316 1686 2717 1743 Damnationem
2741 1687 2936 1760 quippe
2959 1698 3214 1757 vestram,
3242 1689 3323 1745 in-

1732 1778 1921 1848 quiunt
1941 1818 1957 1843 ,
1978 1778 2143 1833 tacuit
2168 1818 2183 1844 ,
2214 1792 2337 1833 cum
2356 1778 2463 1844 ait,
2496 1777 2609 1850 Ego
2634 1787 2799 1834 autem
2832 1779 2968 1836 vobis
2989 1796 3164 1853 parco.
3192 1780 3323 1850 Quis

1732 1869 1836 1925 hoc
1860 1870 1882 1923 ?
1906 1868 2109 1940 Nempe
2133 1869 2223 1926 ille
2251 1870 2341 1941 qui
2370 1871 2615 1941 superius
2643 1870 2850 1928 dixerat
2877 1886 2897 1927 :
2917 1871 2984 1926 Et
3003 1872 3048 1928 si
3066 1873 3325 1945 acceperis

1732 1978 1960 2028 umorem,
1990 1978 2089 2017 non
2112 1963 2326 2034 peccasti
2351 1979 2368 2026 ;
2391 1971 2439 2016 et
2460 1962 2505 2016 si
2541 1963 2767 2033 nupserit
2785 1962 2959 2035 virgo,
2998 1979 3100 2018 non
3131 1974 3323 2034 peccat.

1732 2054 1841 2112 Cur
1869 2056 2028 2127 igitur
2066 2056 2118 2111 in
2162 2070 2227 2111 eo
2256 2055 2398 2127 quod
2423 2055 2663 2112 modeste
2709 2056 2912 2124 tacuit,
2952 2055 3326 2127 coniugiorum

1734 2150 2080 2221 suspicamini
2132 2150 2383 2217 crimen;
2430 2157 2485 2205 et
2533 2149 2588 2204 in
2627 2164 2694 2205 eo
2745 2148 2889 2220 quod
2930 2157 3114 2221 aperte
3152 2148 3321 2218 dixit,

1733 2244 2104 2315 coniugiorum
2141 2257 2247 2297 non
2300 2241 2590 2313 agnoscitis
2636 2240 3001 2298 defensionem
3036 2242 3061 2296 ‘i
3101 2242 3185 2298 An
3231 2256 3327 2300 eos

1734 2337 1952 2398 damnat
1988 2336 2212 2406 tacitus,
2244 2349 2379 2410 quos
2419 2333 2626 2389 locutus
2672 2332 2949 2389 absolvit?
2990 2330 3181 2391 Nonne
3212 2331 3327 2404 iam

1735 2433 1916 2489 mitius
1942 2438 2225 2487 accusatur
2253 2428 2520 2497 Susanna,
2566 2441 2673 2484 non
2716 2424 2785 2484 de
2810 2424 3080 2500 coniugio,
3120 2423 3217 2487 Sed
3258 2424 3329 2495 de

1735 2524 1855 2595 ipso
1892 2521 2186 2590 adulterio,
2219 2536 2378 2593 quam
2406 2520 2647 2576 doctrina
2682 2519 2976 2590 apostolica
3004 2519 3073 2576 de
3100 2518 3328 2578 menda-

1736 2616 1821 2671 cio
1846 2615 1869 2669 ἵ
1895 2614 2032 2682 Quid
2057 2615 2112 2669 in
2139 2621 2287 2668 tanto
2312 2612 2550 2683 periculo
2578 2611 2880 2668 faceremus
2898 2652 2915 2679 ,
2940 2612 3045 2669 nisi
3076 2621 3184 2668 tam
3202 2626 3328 2687 eer-

1736 2716 1849 2763 tum
1890 2715 2241 2777 apertumque
2277 2714 2421 2759 esset
2466 2704 2685 2774 pudicas
2730 2704 2942 2773 nuptias
2984 2717 3092 2759 non
3129 2703 3330 2761 debere

1735 2799 2000 2865 daumari,
2024 2812 2183 2869 quam
2205 2805 2407 2852 certum
2429 2805 2781 2867 apertumque
2806 2804 2888 2852 est
2913 2804 3154 2851 sanctam
3180 2794 3328 2852 Scri-

1735 2901 1943 2965 pturam
1965 2905 2073 2946 non
2102 2904 2261 2960 posse
2286 2887 2501 2944 mentiri
2529 2889 2552 2943 ἵ

1806 2982 2032 3043 CAPUT
2072 2980 2404 3038 XXl.—21.
2444 2979 2759 3053 Virginitatis
2783 2980 2987 3038 laudem
3020 2990 3069 3038 at
3096 2983 3330 3039 meritum

1740 3096 1849 3134 esse
1869 3080 2057 3149 majus,
2079 3094 2196 3133 cum
2230 3076 2424 3148 nuptias
2445 3093 2547 3132 non
2572 3085 2814 3150 tanquam
2846 3077 2997 3133 multa
3023 3076 3328 3134 devitantur.

1740 3172 1838 3228 Hic
1872 3172 2013 3227 dicet
2045 3170 2236 3241 aliquis
2266 3189 2282 3227 :
2305 3170 2433 3241 quid
2455 3169 2560 3226 hoc
2583 3171 2815 3242 pertinet
2841 3171 2909 3227 ad
2936 3186 3145 3228 sacram
3170 3171 3333 3243 virgi-

1738 3266 1994 3331 nitatem,
2027 3264 2111 3320 vel
2149 3272 2465 3336 perpetuam
2493 3264 2875 3322 continentiam
2895 3303 2913 3334 ,
2946 3264 3100 3337 cujus
3132 3264 3328 3336 pradi-

1738 3357 1879 3416 catio
1899 3358 2002 3414 isto
2020 3372 2272 3413 sermone
2286 3368 2531 3429 suscepta
2556 3366 2639 3414 est
2657 3358 2681 3412 7
2700 3358 2795 3414 Cui
2814 3358 3116 3430 respondeo
3134 3360 3328 3432 primo,

1740 3450 1881 3523 quod
1918 3450 2167 3522 superius
2190 3452 2638 3517 commemoravi,
2679 3467 2751 3508 ex
2782 3451 2884 3508 hoc
2906 3453 3131 3524 gloriam
3164 3455 3337 3527 majo-

1739 3544 1818 3601 ris
1859 3543 2002 3599 iilius
2041 3543 2168 3599 boni
2194 3558 2314 3600 esse
2338 3544 2629 3614 majorem,
2660 3544 2801 3615 quod
2826 3545 2945 3617 ejus
2972 3546 3335 3617 adipiscenda

1741 3650 1901 3693 causa
1926 3636 2127 3692 bonum
2155 3638 2434 3708 coniugale
2464 3638 2888 3706 transcenditur,
2921 3654 3026 3695 non
3054 3649 3335 3712 peccatum

1738 3729 1975 3801 coniugii
2016 3729 2305 3785 devitatur.
2352 3729 2604 3801 Alioquin
2636 3739 2908 3802 perpetuae
2947 3733 3332 3789 continentlte‘

1740 3837 1848 3878 non
1896 3822 2164 3894 praecipue
2208 3822 2443 3890 laudari,
2490 3822 2585 3880 sed
2633 3832 2841 3880 tantum
2885 3840 2995 3883 non
3042 3828 3337 3899 vituperari

1740 3916 2013 3974 sufficeret
2045 3932 2061 3983 ;
2108 3917 2154 3972 si
2182 3925 2465 3988 propterea
2498 3926 2802 3985 teneretur,
2850 3919 3102 3989 quoniam
3130 3919 3337 3978 nubere

1742 4010 1945 4067 crimen
1970 4017 2134 4066 esset.
2162 4009 2365 4065 Deinde
2388 4010 2510 4080 quia
2528 4026 2637 4065 non
2664 4011 2893 4068 humana
2923 4015 3208 4084 sententia,
3237 4016 3336 4073 sed

1743 4104 1937 4160 divina:
1987 4102 2275 4172 Scriptura;
2313 4101 2631 4157 auctoritate
2669 4103 2737 4158 ad
2783 4112 2889 4158 tam
2933 4106 3203 4162 excellens
3235 4106 3338 4164 do-

1744 4213 1872 4254 num
1894 4196 2141 4252 homines
2160 4195 2478 4252 exbortandi
2499 4204 2643 4263 sunt,
2673 4210 2778 4251 non
2801 4196 3141 4255 mediocriter
3159 4214 3338 4271 neque

1744 4296 2131 4361 praetereunter
2155 4288 2417 4358 agendum
2457 4296 2577 4355 est,
2606 4302 2675 4344 ne
2703 4287 2949 4358 cuiquam
2994 4290 3108 4361 ipsa
3155 4290 3341 4350 divina

1745 4380 2019 4451 Scriptura
2072 4380 2125 4435 in
2171 4378 2352 4450 aliquo
2405 4379 2629 4435 mentita
2673 4379 2934 4436 videatur.
2976 4379 3341 4441 Dehortantur

1746 4472 1892 4531 enim
1934 4472 2111 4543 potius
2140 4482 2300 4544 quam
2344 4471 2693 4530 exhortantur
2720 4474 2953 4546 virgines
2979 4489 3161 4533 sacras
3182 4517 3199 4544 ,
3244 4479 3340 4550 qui

1746 4581 1839 4622 eas
1855 4566 1935 4621 sic
1952 4576 2271 4637 permanere
2290 4568 2592 4638 nuptiarum
2621 4569 2964 4626 damnatione
2986 4571 3337 4642 compellunt.

1746 4659 1903 4719 Unde
1931 4661 2074 4716 enim
2100 4661 2373 4715 confidant
2406 4676 2591 4716 verum
2618 4676 2736 4717 esse
2765 4661 2905 4733 quod
2933 4661 3188 4734 scriptum
3221 4673 3340 4736 est,

1748 4750 1819 4807 Et
1861 4752 1949 4822 qui
1978 4768 2079 4806 non
2116 4752 2205 4806 dat
2231 4761 2445 4823 nuptum
2466 4794 2482 4820 ,
2512 4753 2690 4807 melius
2731 4754 2854 4825 facit
2884 4768 2900 4820 ;
2930 4754 2973 4810 si
3003 4754 3198 4813 falsum
3244 4770 3344 4829 pu-

1748 4850 1863 4898 tant
1891 4858 2011 4898 esse
2050 4842 2193 4913 quod
2219 4842 2370 4913 juxta
2413 4843 2662 4913 superius
2697 4844 3041 4903 nihilominus
3080 4850 3344 4921 scriptum

1748 4944 1858 5001 est,
1900 4934 1967 4988 Et
2002 4935 2092 5005 qui
2113 4933 2203 4988 dat
2238 4935 2481 5007 virginem
2508 4951 2652 4989 suam
2673 4978 2687 5003 ,
2716 4937 2839 4991 bene
2861 4934 2982 5010 facit
3005 4939 3032 4995 Ρ
3067 4939 3125 4996 Si
3162 4951 3344 5000 autem

1750 5028 1985 5099 loquenti
2020 5027 2309 5097 Scriptura:
2348 5027 2417 5083 de
2452 5028 2756 5098 nuptiarum
2790 5029 2935 5087 bono
2980 5032 3345 5092 indubitanter

1750 5118 2108 5185 crediderint,
2150 5118 2337 5174 eadem
2372 5119 2608 5176 coelestia
2633 5122 2831 5194 eloquii
2864 5125 3205 5182 veracissima
3244 5143 3345 5185 au-

1750 5213 1998 5267 ctoritate
2034 5212 2258 5266 firmatae
2288 5213 2355 5268 ad
2394 5214 2582 5270 melius
2609 5226 2765 5272 suum
2802 5216 3028 5276 ferventi
3067 5234 3132 5276 ac
3160 5220 3346 5277 fidenti

1753 5306 2029 5361 alacritate
2063 5313 2450 5362 transcurrent.
2478 5306 2633 5364 Unde
2667 5309 2779 5379 iam
2817 5312 2948 5368 satis
2970 5327 3068 5382 pro
3097 5322 3347 5382 suscepto

1754 5398 1970 5470 negotio
1995 5397 2228 5453 diximus
2246 5439 2262 5466 ,
2289 5407 2343 5454 et
2366 5409 2621 5470 quantum
2653 5403 2926 5473 potuimus
2952 5403 3347 5459 demonstravi-

1756 5504 1905 5557 mus,
1956 5506 2056 5547 nec
2094 5490 2223 5546 illud
2251 5490 2394 5562 quod
2423 5492 2497 5547 ait
2532 5493 2851 5563 Apostolus,
2898 5494 3149 5549 Existimo
3176 5501 3349 5549 autem

1758 5586 1853 5640 hoc
1897 5585 2081 5640 bonum
2122 5602 2230 5640 esse
2265 5595 2472 5657 prapter
2514 5598 2807 5657 prwsentem
2845 5588 3226 5656 necessitatem,
3270 5586 3349 5644 sic

1759 5692 1882 5733 esse
1919 5677 2287 5747 accipiendum
2310 5719 2325 5745 ,
2356 5686 2607 5749 tanquam
2646 5680 2698 5732 in
2730 5678 2833 5732 hoc
2866 5678 3069 5733 8min
3096 5678 3349 5735 meliores

1760 5770 1868 5826 sint
1896 5784 2064 5824 sacrae
2089 5769 2320 5840 virgines
2352 5769 2593 5824 ﬁdelibus
2622 5766 2949 5838 coniugatis,
2980 5766 3032 5823 in
3062 5785 3228 5842 regno
3256 5785 3351 5825 au-

1832 5907 1849 5938 ι
1870 5903 2007 5967 Editi,
2032 5901 2333 5955 continentia:
2348 5901 2537 5953 bonum.
2562 5902 2725 5965 Abest,
2747 5900 2939 5963 boum,
2960 5913 2991 5954 a
3010 5907 3125 5961 Mss.
