3880 6284
579 371 681 429 407

571 499 679 544 tem
711 485 968 543 caelorum
1009 488 1170 552 atque
1196 480 1248 535 in
1279 479 1457 534 futuro
1488 475 1684 532 saeculo
1707 487 1862 544 pares
1889 471 1990 526 sint
2023 487 2034 520 :
2067 481 2164 521 nec

569 577 702 634 illud
728 576 813 633 ubi
831 574 906 630 ait
923 573 992 630 de
1011 571 1354 638 nubentibus,
1384 567 1779 623 Tribulationem
1805 573 1971 617 autem
1999 558 2165 614 carnis

570 668 822 723 habebunt
851 664 1167 736 hujusmodi,
1197 679 1287 735 ego
1313 669 1481 716 autem
1504 659 1642 715 vobis
1670 673 1823 729 parco
1845 655 1887 725 (I
1912 653 2032 710 Cor.
2065 667 2160 719 vn,

570 763 663 830 58,
692 760 791 826 26,
819 756 912 831 28)
935 799 950 826 ,
993 758 1066 813 ita
1096 755 1530 826 intelligendum,
1576 761 1827 821 tanquam
1859 747 2163 818 nuptiarum

571 863 853 926 peccatum
880 859 935 908 et
974 851 1368 907 damnationem
1399 845 1649 901 maluerit
1674 852 1849 898 tacere
1890 854 2050 911 quam
2077 837 2163 893 di-

571 964 715 1004 cere.
749 946 949 1001 Harum
993 943 1189 1013 quippe
1214 940 1438 996 duarum
1467 936 1852 992 sententiarum
1887 929 2160 1002 singulas,

571 1041 680 1095 duo
723 1051 938 1094 errores
979 1035 1196 1090 sibimet
1237 1029 1495 1087 contrarii
1529 1043 1636 1084 non
1686 1041 1779 1082 eas
1818 1023 2165 1093 intelligendo

570 1139 876 1190 tenuerunt.
904 1128 1048 1183 Illam
1074 1126 1216 1182 enim
1246 1124 1313 1180 de
1337 1122 1585 1194 praesenti
1620 1119 1938 1177 necessitate
1966 1115 2039 1170 illi
2071 1129 2164 1184 pro

570 1239 630 1280 se
684 1225 1143 1291 interpretantur,
1199 1217 1292 1288 qui
1357 1215 1619 1270 nubentes
1679 1226 1784 1266 non
1846 1207 2166 1264 nubentibus

568 1329 784 1386 mquare
812 1311 1147 1368 contendunt
1177 1327 1191 1363 :
1244 1309 1380 1364 hanc
1408 1322 1536 1362 vero
1564 1305 1650 1361 ubi
1681 1303 1880 1360 dictum
1909 1310 2020 1366 est,
2056 1297 2166 1370 Ego

569 1416 742 1463 autem
766 1405 904 1462 vobis
936 1421 1112 1476 parco,
1146 1403 1218 1457 illi
1249 1402 1340 1472 qui
1378 1400 1643 1455 nubentes
1670 1397 1931 1450 damnare
1957 1406 2174 1463 pransus

567 1509 741 1555 munt.
795 1497 905 1553 Nos
944 1505 1125 1551 autem
1169 1493 1462 1549 secundum
1508 1489 1904 1558 Scripturarum
1952 1492 2164 1538 sancta-

568 1607 690 1650 rum
722 1589 881 1646 ﬁdem
920 1602 1212 1656 sanamque
1241 1584 1534 1640 doctrinam
1556 1622 1572 1648 ,
1612 1595 1712 1635 nec
1739 1586 2016 1650 peccatum
2046 1590 2174 1655 esse.

572 1684 801 1740 dicimus
837 1681 1082 1751 nuptias,
1113 1685 1169 1734 et
1196 1692 1382 1733 earum
1412 1684 1588 1730 tamen
1617 1673 1817 1727 bonum
1859 1683 1966 1723 non
1990 1667 2164 1722 solum

567 1773 706 1831 inira
719 1771 1050 1844 virginalem,
1068 1785 1252 1825 verum
1275 1769 1436 1824 etiam
1458 1765 1594 1820 infra
1607 1763 1873 1818 vidualem
1887 1759 2172 1844 eontinenj

568 1866 700 1921 tiam
725 1863 1096 1920 constituimus
1119 1878 1134 1927 ;
1161 1867 1585 1930 praesentemque
1608 1852 1978 1910 necessitatem
1991 1851 2170 1920 coniu-

569 1966 836 2028 gatorum,
863 1969 971 2010 non
996 1952 1210 2023 quidem
1231 1951 1296 2006 ad
1327 1950 1487 2006 vitam
1504 1957 1780 2014 aeternam,
1802 1953 2169 2001 verumtamen

571 2051 640 2108 ad
665 2049 1013 2107 excellentem
1040 2047 1261 2118 gloriam
1286 2053 1341 2099 et
1363 2043 1619 2098 honorem
1639 2041 1727 2111 qui
1747 2048 2017 2111 perpetuae
2036 2052 2167 2093 con-

571 2144 809 2201 tinentia:
824 2149 1146 2206 reservatur,
1164 2135 1421 2208 impedire
1437 2149 1618 2191 eorum
1637 2133 1883 2188 meritum
1900 2129 2126 2185 dicimus
2149 2144 2167 2197 ;

570 2253 748 2310 neque
773 2237 875 2293 hoc
901 2244 1144 2306 tempore
1167 2232 1274 2287 nisi
1313 2231 1390 2285 eis
1419 2228 1510 2299 qui
1537 2243 1595 2283 se
1625 2240 1730 2282 non
1761 2226 2038 2280 continent
2070 2237 2171 2276 nu-

571 2331 716 2405 ptias
754 2327 1006 2399 expedire
1037 2368 1053 2392 ,
1103 2322 1608 2389 tribulationemque
1650 2316 1828 2373 carnis
1868 2331 1932 2370 ex
1976 2313 2170 2368 affectu

571 2404 772 2480 carnali
811 2417 1145 2482 venientem,
1183 2414 1298 2469 sine
1343 2427 1451 2482 quo
1494 2409 1692 2479 nuptiae
1721 2404 2175 2476 ineontinentium,

575 2528 699 2571 esse
742 2527 850 2568 non
895 2514 1156 2581 possunt,
1205 2519 1306 2560 nec
1355 2512 1536 2558 tacere
1574 2499 1805 2556 voluisse
1853 2495 2175 2566 Apostolum,

573 2621 700 2664 vera
729 2609 1146 2675 praemonentem
1171 2639 1186 2662 ,
1227 2611 1326 2653 nec
1362 2593 1571 2666 plenius
1595 2591 1863 2661 explicare
1891 2586 2167 2644 hominum

572 2695 866 2754 inﬁrmitati
893 2702 1222 2764 parcentem.

641 2787 870 2846 CAPUT
907 2781 1272 2840 XXll.—22.
1326 2778 1603 2850 Virginitas
1641 2791 1742 2830 non
1786 2781 1991 2844 propter
2037 2773 2169 2826 hanc

572 2881 746 2946 vitam,
770 2878 859 2933 sed
882 2885 1089 2945 propter
1119 2878 1343 2944 futuram
1368 2869 1626 2941 diligenda
1645 2866 1926 2922 ostenditur
1953 2881 2016 2919 ea:
2037 2864 2168 2934 Apo-

575 2969 728 3025 stolo.
780 2968 931 3022 Nunc
965 2966 1075 3035 iam
1119 2964 1515 3032 Seriplurarum
1554 2959 1856 3015 divinarum
1881 2957 2171 3013 evidentis-

575 3060 730 3118 simis
754 3058 1098 3121 testimoniis,
1133 3071 1252 3126 quae
1293 3070 1393 3125 pro
1420 3063 1619 3108 nostra:
1648 3051 1922 3107 memoriae
1950 3051 2166 3107 modulo

574 3149 845 3208 recordari
877 3147 1228 3211 valuerimus,
1273 3144 1470 3201 clarius
1514 3153 1769 3214 appareat
1802 3157 1908 3198 non
1949 3151 2168 3213 prepter

573 3251 894 3318 praesentem
928 3241 1088 3310 hujus
1124 3238 1308 3295 saeculi
1332 3238 1528 3304 vitam,
1561 3237 1657 3292 sed
1697 3244 1913 3307 propter
1937 3234 2167 3291 futuram

574 3352 696 3408 quae
722 3337 777 3391 in
809 3349 976 3404 regno
1000 3333 1263 3391 caelorum
1291 3331 1618 3399 promittitur
1638 3371 1654 3396 ,
1684 3337 1994 3399 perpetuam
2032 3342 2165 3383 con-

575 3429 855 3486 tinentiam
881 3426 1203 3496 diligendam
1232 3425 1273 3478 ί.
1305 3424 1436 3492 Quis
1462 3430 1643 3478 autem
1667 3422 1770 3477 hoc
1791 3436 1897 3475 non
1927 3420 2166 3475 advertat

571 3523 630 3580 in
667 3535 735 3577 eo
761 3518 904 3591 quod
935 3518 1094 3590 paulo
1132 3525 1254 3588 post
1295 3516 1440 3572 idem
1465 3514 1740 3585 apostolus
1781 3514 1857 3568 ait
1888 3530 1901 3566 :
1933 3513 2034 3579 Qui
2058 3514 2167 3568 sine

573 3630 735 3672 uxore
755 3621 848 3680 est,
874 3613 1056 3683 cogitat
1079 3627 1139 3666 ea
1156 3625 1270 3681 qua:
1295 3618 1408 3664 sunt
1436 3607 1667 3674 Domini,
1691 3606 1944 3678 quomodo
1966 3607 2167 3678 placeat

575 3705 841 3770 Domino;
869 3704 956 3776 qui
984 3711 1156 3758 autem
1180 3700 1503 3756 matrimonio
1527 3701 1739 3771 junctus
1759 3707 1867 3763 est,
1895 3697 2081 3769 cogitat
2106 3714 2167 3752 ea

574 3812 690 3867 qua:
714 3803 832 3851 sunt
867 3793 1073 3860 mundi,
1111 3790 1364 3864 quomodo
1393 3789 1591 3861 placeat
1616 3789 1785 3843 uxori.
1817 3787 1887 3842 Et
1915 3788 2075 3842 divisa
2095 3795 2166 3842 est

575 3889 757 3944 mulier
791 3888 1006 3958 innupta
1045 3895 1092 3941 et
1130 3887 1268 3955 virgo
1303 3900 1323 3939 :
1358 3899 1472 3954 quia
1509 3884 1723 3953 innupta
1755 3891 1829 3936 est
1852 3884 1906 3948 ²,
1946 3882 2166 3936 sollicita

576 3990 650 4037 est
674 3995 789 4054 quae
809 3986 926 4034 sunt
946 3976 1172 4043 Domini,
1200 3985 1255 4031 ut
1278 3975 1344 4030 sit
1361 3983 1539 4030 sancta
1564 3983 1611 4028 et
1633 3989 1846 4042 corpore
1872 3981 1920 4028 et
1946 3973 2164 4043 spiritu;

574 4087 690 4143 qua
712 4078 881 4126 autem
908 4078 1067 4138 nupta
1092 4076 1185 4135 est,
1212 4066 1432 4122 sollicita
1453 4074 1526 4120 est
1551 4080 1666 4135 quw
1689 4074 1806 4119 sunt
1827 4065 2022 4130 mundi,
2050 4081 2166 4134 quo-

573 4163 727 4219 modo
765 4163 960 4234 placeat
986 4163 1093 4216 viro
1122 4158 1166 4230 (l
1183 4158 1302 4215 Cor.
1326 4174 1421 4225 vn,
1444 4157 1608 4214 52-34
1627 4157 1646 4228 )
1667 4157 1690 4212 ἲ
1709 4156 1826 4212 Non
1844 4157 2024 4227 utique
2059 4158 2162 4224 ait,

571 4255 785 4327 Cogitat
805 4269 870 4310 ea
895 4267 1014 4324 quae
1038 4251 1337 4308 securitatis
1370 4257 1494 4306 sunt
1516 4251 1572 4304 in
1597 4249 1699 4304 hoc
1723 4249 1941 4314 saeculo,
1971 4257 2030 4304 ut
2049 4248 2167 4304 sine

571 4345 910 4418 gravioribus
944 4343 1204 4398 molestiis
1252 4351 1464 4412 tempus
1517 4341 1774 4412 transigat
1814 4357 1830 4408 ;
1873 4355 2050 4412 neque
2097 4339 2166 4396 ad

574 4439 678 4494 hoc
716 4437 942 4492 divisam
983 4433 1111 4489 dicit
1138 4433 1413 4502 innuptam
1443 4440 1499 4488 et
1533 4432 1793 4502 virginem
1837 4433 1906 4488 ab
1937 4447 2000 4489 ea
2043 4447 2166 4503 qua:

575 4540 740 4603 nupta
761 4536 877 4596 est,
909 4527 963 4583 id
1002 4535 1085 4582 est
1113 4525 1419 4581 distinctam
1456 4532 1616 4594 atque
1643 4523 1961 4590 discretam,
1995 4531 2053 4579 ut
2079 4526 2166 4578 in-

577 4630 742 4693 nupta
770 4622 824 4677 in
854 4620 954 4676 hac
993 4619 1102 4674 vita
1126 4631 1316 4674 secura
1347 4616 1419 4672 sit
1447 4622 1664 4686 propter
1691 4615 2013 4684 temporales
2050 4631 2166 4670 mo-

577 4715 760 4772 lestias
798 4712 1102 4778 evitandas,
1146 4709 1342 4782 quibus
1371 4717 1534 4779 nupta
1562 4724 1670 4764 non
1697 4717 1847 4764 caret
1875 4726 1888 4764 :
1920 4708 2035 4775 sed,
2064 4708 2166 4765 Cu-

578 4809 722 4879 gitat,
753 4807 959 4876 inquit,
997 4821 1112 4873 quae
1137 4812 1256 4860 sunt
1285 4802 1524 4868 Domini,
1555 4801 1806 4872 quomodo
1833 4802 2029 4873 placeat
2053 4800 2168 4855 Do-

579 4900 738 4966 mino,
771 4907 818 4953 et
854 4898 1072 4953 sollicita
1108 4906 1182 4952 est
1205 4911 1318 4966 qua:
1353 4905 1469 4950 sunt
1503 4893 1709 4949 Domini
1736 4893 1781 4962 ³,
1810 4902 1865 4948 ut
1903 4894 1965 4948 sit
1990 4903 2168 4948 sancta

578 5000 626 5046 et
655 5005 864 5061 corpore
905 4998 950 5044 et
987 4989 1188 5059 spiritu.
1220 4986 1332 5043 Nisi
1371 4987 1508 5042 forte
1551 5000 1720 5056 usque
1765 4984 1900 5041 adeo
1941 4985 2167 5055 quisque

581 5082 896 5152 insipienter
939 5079 1302 5136 contentiosus
1350 5088 1462 5143 est,
1511 5088 1567 5135 ut
1605 5089 1828 5135 conetur
1882 5092 2162 5147 asserere,

579 5187 687 5229 non
729 5180 948 5242 propter
969 5185 1189 5241 regnum
1217 5169 1474 5226 ccelorum
1495 5211 1510 5236 ,
1551 5169 1648 5227 sed
1683 5179 1898 5241 propter
1927 5184 2162 5240 praesens

643 5350 663 5380 ί
685 5349 760 5400 sic
791 5346 1005 5410 editi.__At
1023 5355 1149 5407 Mss,
1174 5345 1484 5410 diligendum.

642 5413 664 5484 ξ
689 5407 1054 5484 Er.,mEt‘divisa
1075 5416 1147 5484 est
1184 5407 1357 5484 mulier
1393 5413 1588 5484 nupta,_
1607 5413 1655 5484 et
1683 5408 1816 5472 virgo
1838 5420 1946 5484 qua!
1967 5408 2165 5484 irati-(pta

578 5477 651 5524 est
680 5485 698 5524 :
721 5470 927 5523 sollicita
947 5479 1018 5523 est
1043 5483 1152 5534 quin
1173 5478 1284 5534 sunt
1319 5470 1525 5521 Domini.
1551 5470 1694 5520 Multo
1716 5470 1996 5534 mendosins
2017 5470 2166 5519 editio

579 5542 698 5598 Lov,_
711 5541 845 5598 post,
882 5529 1070 5598 placeat
1101 5533 1281 5598 uxori,_
1302 5535 1610 5598 prosequitur
1637 5534 1708 5581 sic
1745 5546 1757 5580 :
1791 5537 1836 5581 et
1861 5529 2042 5598 diuisus
2070 5537 2162 5598 est.

579 5590 752 5647 Muliér
939 5595 1139 5660 innupta
1173 5590 1378 5660 sollicita
1398 5590 1478 5644 est'
1491 5607 1601 5657 qua:
1620 5599 1728 5660 sunt
1755 5590 1960 5660 Domini.
1991 5593 2163 5641 Redin-

579 5657 957 5721 tegraturlocus
971 5655 1067 5721 ope
1092 5655 1535 5721 vetustissimorum
1565 5655 1796 5716 codicum,
1823 5655 1902 5705 hic
1926 5661 1978 5706 et
1999 5667 2162 5717 supra,

580 5719 774 5784 inlibro
795 5720 859 5768 de
881 5719 1287 5784 Bono—Conjugali,
1302 5733 1407 5784 cap.
1431 5719 1506 5784 ω.

647 5781 734 5851 ξω
754 5788 858 5830 Mss.
891 5775 1144 5851 ouiittitur',
1170 5775 1405 5845 quomodo
1444 5779 1629 5844 placeat
1655 5777 1870 5840 Domino,
1895 5785 1939 5830 et
1961 5775 2169 5830 sollicita

582 5847 653 5895 est
667 5851 778 5905 quae
798 5848 907 5895 sunt
932 5842 1139 5895 Domini.

1513 362 1599 416 DE
1638 357 1904 417 SANCTA
1949 350 2403 416 VlliGINl'l‘A'I‘E,
2449 352 2507 406 ὃ.
2551 347 2920 406 AUGUS’I‘INI
3714 358 3789 416 ωδ

2272 463 2526 518 saeculum
2581 461 2805 517 Domino
2854 461 3061 530 placere
3113 474 3210 514 nos
3262 461 3401 518 velle
3423 502 3438 529 ,
3497 470 3583 519 aut
3628 478 3789 540 prOplu

2270 555 2443 633 vitam
2462 554 2639 619 istam,
2682 568 2789 608 non
2837 561 3051 624 propter
3078 561 3335 609 aeternam
3390 567 3508 611 esse
3549 567 3726 615 sanctas
3754 573 3792 620 et

2269 660 2494 716 corpore
2521 654 2576 700 et
2593 645 2804 716 spiritu.
2850 643 2964 699 Hoc
3001 644 3221 700 credere
3239 684 3254 710 ,
3285 644 3418 714 quid
3437 654 3518 700 est
3543 647 3693 715 aliud,
3721 654 3792 710 nisi

2271 737 2713 792 miserabiliorem
2754 749 2875 791 esse
2915 735 3163 790 omnibus
3199 733 3504 791 hominibus
3531 734 3554 789 i
3583 737 3658 793 Sic
3688 742 3790 800 enim

2270 829 2556 898 Apostolus
2601 828 2679 883 ait
2708 845 2721 882 :
2752 826 2814 883 Si
2859 827 2913 881 in
2943 827 3037 880 hac
3063 826 3165 880 vita
3202 835 3399 881 tantum
3439 828 3492 882 in
3520 827 3694 885 Christo
3714 851 3794 903 spe-

2269 929 2438 974 rantes
2463 935 2634 975 sumus
2652 960 2668 988 ,
2697 917 3082 974 miserabiliores
3107 933 3282 972 sumus
3318 918 3546 973 omnibus
3573 919 3793 981 hominibus

2273 1011 2330 1083 (I
2383 1010 2503 1066 Cor.
2557 1026 2656 1078 xv,
2712 1008 2834 1081 I9).
2885 1011 2967 1064 An
2995 1023 3123 1066 vero
3150 1009 3242 1080 qui
3266 1007 3468 1080 frangit
3495 1025 3794 1079 panemsuum

2272 1102 2562 1168 esurienti,
2595 1101 2640 1157 si
2669 1109 2874 1156 tantum
2898 1110 3116 1172 propter
3141 1100 3279 1156 hanc
3306 1101 3473 1157 vitam
3496 1100 3627 1170 facit,
3652 1105 3794 1164 stultus

2271 1201 2354 1248 est
2385 1210 2399 1259 ;
2428 1201 2483 1248 et
2522 1193 2611 1248 ille
2639 1193 2742 1248 erit
2780 1191 3050 1262 prudens,
3095 1191 3188 1262 qui
3227 1191 3456 1263 castigat
3482 1207 3661 1264 corpus
3684 1210 3794 1253 suum

2273 1301 2440 1355 usque
2459 1285 2526 1340 ad
2563 1285 2948 1340 continentiam
2970 1326 2985 1351 ,
3013 1299 3116 1354 qua
3143 1298 3242 1339 nec
3267 1283 3518 1355 coniugio
3541 1285 3792 1357 misceatur,

2272 1375 2317 1431 si
2342 1377 2390 1431 ei
2419 1376 2549 1430 nihil
2577 1375 2820 1446 proderit
2847 1376 2903 1430 in
2922 1388 3087 1445 regno
3108 1375 3367 1431 caelorum
3396 1375 3421 1429 ’ἒ

2343 1487 2570 1545 CAPUT
2606 1487 2795 1543 XXIII.
2819 1488 2998 1544 —25.
3047 1487 3286 1558 Idipsum
3331 1487 3570 1559 probatur
3602 1505 3657 1544 es
3685 1494 3794 1546 verbis

2272 1580 2499 1636 Domini.
2523 1581 2803 1637 Postremo
2824 1582 2997 1651 ipsum
3023 1581 3310 1637 Dominum
3340 1580 3610 1638 audiamus
3633 1583 3793 1639 eviden-

2274 1673 2530 1728 tissimum
2553 1673 2690 1727 hanc
2719 1673 3038 1729 sententiam
3063 1673 3447 1744 proferentem.
3473 1673 3596 1731 Nam
3626 1691 3725 1732 cum
3745 1679 3788 1733 de

2272 1762 2585 1834 coniugibus
2633 1777 2740 1818 non
2795 1763 3107 1834 separandis
3156 1764 3258 1818 nisi
3299 1779 3463 1820 causa
3496 1763 3793 1822 fornicationis
3840 1799 3841 1826 i

2273 1855 2452 1912 divine
2489 1871 2553 1911 ac
2595 1855 2906 1911 terribiliter
2949 1857 3293 1928 loqueretur,
3332 1858 3577 1914 dixerunt
3605 1861 3650 1914 ei
3685 1859 3793 1914 disci.
3840 1873 3841 1920 ξ

2276 1948 2428 2018 puli:
2461 1946 2525 2004 Si
2551 1947 2668 2002 talis
2697 1957 2770 2003 est
2812 1965 2969 2003 causa
3011 1965 3126 2003 cum
3159 1965 3354 2017 uxore,
3402 1967 3502 2005 non
3541 1951 3794 2020 expeditus-
3840 1946 3841 2008 ἒ

2274 2038 2405 2093 bere.
2437 2037 2642 2105 Quibus
2670 2039 2759 2094 ille
2791 2057 2805 2093 :
2839 2037 2961 2094 Non
2985 2056 3179 2107 omnes,
3205 2040 3402 2110 inquit,
3434 2041 3627 2111 capiunt
3649 2041 3790 2096 rebus
3840 2045 3841 2111 ἢ

2275 2129 2388 2184 hoc.
2413 2129 2550 2186 Sunt
2576 2130 2709 2184 enim
2727 2129 2977 2201 spadones
2999 2131 3085 2201 qui
3112 2131 3184 2184 ita
3213 2132 3326 2185 nati
3355 2140 3474 2186 sunt
3502 2147 3523 2196 ;
3553 2141 3654 2186 sunt
3676 2143 3790 2186 astas
3840 2129 3841 2201 ᾖ

2274 2223 2366 2278 alii
2401 2223 2488 2294 qui
2520 2223 2583 2276 ab
2612 2223 2896 2278 hominibus
2924 2223 3045 2294 facti
3067 2233 3184 2278 sunt
3210 2240 3228 2289 ;
3270 2233 3318 2278 et
3345 2232 3462 2279 sunt
3497 2224 3711 2294 spadones
3737 2226 3792 2293 qui

2274 2333 2328 2371 se
2349 2316 2485 2387 ipsos
2507 2324 2853 2370 castraverunt
2881 2325 3086 2386 propter
3109 2330 3322 2383 regnum
3351 2315 3620 2372 caelorum:
3643 2317 3711 2388 qui
3732 2333 3790 2385 ρο-

2276 2415 2366 2461 test
2395 2422 2593 2477 capere,
2619 2409 2786 2477 capiat
2815 2405 3026 2479 (Matth.
3055 2422 3162 2472 XIX,
3195 2405 3410 2480 10-12).
3438 2407 3570 2476 Quid
3594 2408 3786 2471 veracius,

2274 2499 2402 2570 quid
2455 2498 2679 2555 lucidius
2727 2499 2830 2555 dici
2893 2498 3122 2569 potuit?
3167 2499 3432 2565 Christus_
3457 2499 3606 2567 dicit,
3641 2497 3788 2554 Veritas

2273 2593 2424 2661 dicit,
2459 2593 2641 2648 Virtus
2664 2602 2716 2649 et
2744 2592 3015 2663 Sapientia
3045 2591 3140 2648 Dei
3167 2591 3336 2660 dicit,
3369 2607 3466 2647 eos
3491 2594 3576 2662 qui
3611 2590 3684 2662 pio
3702 2605 3788 2660 pro-

2273 2687 2449 2756 posito
2477 2686 2545 2742 ab
2583 2701 2749 2741 uxore
2786 2685 3029 2742 ducenda
3071 2700 3132 2740 se
3171 2685 3537 2740 continuerint
3561 2725 3576 2749 ,
3617 2694 3786 2739 castrare

2273 2795 2334 2836 se
2353 2781 2498 2850 ipsos
2521 2788 2738 2850 propter
2763 2793 2982 2850 regnum
3009 2777 3270 2835 caelorum
3303 2795 3318 2845 ;
3348 2785 3407 2834 et
3427 2785 3602 2832 contra
3621 2776 3785 2830 ianuam

2272 2873 2478 2928 vanitas
2524 2872 2684 2941 impia
2739 2871 3037 2927 temeritate
3078 2870 3382 2937 contendit,
3415 2884 3508 2925 eos
3533 2869 3612 2939 qui
3636 2867 3712 2922 hoc
3737 2866 3784 2921 ia-

2273 2965 2449 3032 ciunt,
2494 2971 2814 3035 praesentem
2845 2963 3218 3019 tantummodo
3261 2964 3622 3020 necessitatem
3659 2959 3778 3015 mole-

2273 3059 2495 3114 stiarum
2523 3057 2881 3128 coniugalium
2908 3056 3164 3123 devitarc,
3204 3057 3257 3111 in
3290 3071 3454 3127 regno
3478 3064 3636 3110 autem
3670 3050 3782 3108 calo-

2271 3165 2391 3230 rum
2411 3149 2639 3220 amplius
2663 3147 2949 3218 quidquam
2974 3147 3181 3204 caeteris
3211 3162 3325 3203 non
3355 3145 3585 3202 habere?

2342 3259 2568 3316 CAPUT
2605 3258 2796 3315 XXIV.
2835 3287 2909 3300 -—
2943 3257 3035 3313 24.
3077 3258 3209 3313 Item
3246 3274 3314 3313 ea:
3350 3258 3506 3313 verbis
3541 3255 3686 3311 Isaia.
3708 3250 3782 3305 Ec.

2272 3352 2426 3406 clesia
2454 3367 2665 3421 regnum
2696 3350 2938 3405 caelorum
2981 3365 3075 3403 cur
3112 3349 3395 3420 appellata.
3441 3349 3514 3404 De
3537 3345 3697 3418 quibus
3716 3357 3780 3396 au-

2274 3451 2380 3498 tem
2408 3441 2737 3513 Spadonibns
2758 3441 2993 3511 loquitur
3021 3441 3162 3496 Deus
3181 3455 3283 3511 per
3314 3441 3498 3496 Isaiam
3523 3437 3779 3511 prophetam.

2271 3534 2465 3604 quibus
2493 3549 2552 3589 se
2592 3533 2722 3589 dicit
2749 3533 2998 3588 daturum
3025 3533 3081 3588 in
3105 3533 3269 3588 domo
3297 3547 3396 3588 sua
3423 3540 3478 3588 et
3498 3532 3548 3586 in
3572 3541 3697 3585 muro
3717 3537 3780 3579 suo

2272 3625 2448 3680 locum
2496 3624 2849 3691 nominatum,
2884 3623 3161 3679 meliorem
3208 3624 3382 3680 multo
3425 3637 3573 3694 quam
3613 3618 3779 3673 ﬁliorum

2271 3726 2431 3786 atque
2456 3716 2704 3781 Iiliarum,
2740 3714 2842 3769 nisi
2871 3714 2941 3770 de
2966 3713 3048 3770 his
3073 3715 3164 3785 qui
3194 3729 3255 3771 se
3286 3717 3430 3786 ipsos
3468 3718 3674 3770 castraut
3692 3721 3777 3778 pro-

2253 3805 2393 3877 pter
2420 3821 2642 3876 regnum
2668 3805 2970 3862 cmlorum?
2995 3805 3131 3861 Nam
3158 3806 3262 3862 illis
3292 3806 3481 3877 quibus
3507 3807 3656 3876 ipsum
3674 3798 3778 3855 virile

2271 3897 2570 3953 membrum
2599 3897 2927 3965 debilitatur,
2954 3905 3012 3952 ut
3037 3912 3301 3967 generare
3331 3911 3440 3954 non
3464 3895 3662 3968 possint,
3684 3891 3776 3945 sicut

2271 3995 2396 4043 sunt
2422 3987 2654 4043 eunuchi
2681 3987 2907 4043 divitum
2945 3995 3001 4044 et
3053 4003 3275 4059 regum,
3311 3986 3774 4055 suiﬁcitutiquecum

2273 4080 2549 4135 christiani
2580 4083 2731 4145 ﬁunt,
2760 4090 2814 4135 et
2834 4081 2929 4137 Dei
2952 4089 3219 4151 praecepta
3240 4080 3559 4146 custodiunt,
3579 4091 3634 4134 eo
3654 4085 3775 4130 tamen

2275 4172 2549 4243 proposito
2584 4181 2728 4239 sunt,
2758 4179 2818 4226 nt
2855 4172 3108 4243 coniuges
3155 4173 3203 4228 si
3242 4173 3532 4244 potuissent
3566 4169 3770 4228 haberem.

2271 4263 2482 4320 caeteris
2511 4264 2566 4319 in
2607 4262 2768 4319 domo
2795 4263 2894 4320 Dei
2933 4264 3231 4335 coniugatis
3277 4264 3518 4321 ﬁdelibus
3555 4255 3768 4330 adaquari.

2270 4355 2361 4426 qui
2391 4353 2596 4425 prolem
2621 4353 2766 4410 licite
2791 4338 3089 4426 pudiceque
3111 4365 3414 4427 susceptam
3455 4356 3506 4411 in
3525 4351 3609 4409 Dei
3633 4350 3769 4404 timore

2272 4446 2541 4511 nutriunt,
2573 4444 2832 4501 docentes
2858 4446 2996 4502 ﬁlios
3019 4461 3146 4503 suos
3175 4456 3234 4503 ut
3264 4456 3461 4517 ponant
3486 4447 3535 4501 in
3558 4444 3649 4498 Deo
3668 4451 3770 4508 spem

2270 4551 2451 4602 suam;
2496 4550 2602 4592 non
2640 4544 2817 4592 autem
2867 4537 3113 4607 accipere
3161 4538 3435 4595 meliorem
3481 4537 3632 4592 locum
3661 4541 3766 4600 quam

2271 4637 2354 4683 est
2380 4627 2611 4683 ﬁliorum
2631 4636 2792 4698 atque
2821 4628 3069 4684 ﬁliarum.
3089 4629 3273 4700 Neque
3302 4630 3440 4687 enim
3465 4639 3633 4683 uxores
3653 4616 3766 4675 animi

2272 4719 2488 4788 virtute,
2513 4719 2608 4776 sed
2636 4719 2814 4776 carnis
2837 4720 3157 4777 necessitate
3180 4737 3287 4778 non
3310 4721 3516 4778 ducunt.
3543 4708 3765 4774 Contendal

2272 4826 2400 4867 sane
2427 4811 2519 4882 qui
2546 4811 2776 4867 voluerit
2802 4811 2870 4867 de
2899 4812 2981 4867 his
3022 4811 3347 4883 Prophetam
3388 4807 3670 4884 spadonibus
3699 4800 3766 4854 hoc

2274 4904 2679 4974 praenuntiasse,
2707 4905 2799 4975 qui
2824 4919 3052 4975 corpore
3079 4906 3273 4962 abscisi
3302 4915 3422 4962 sunt
3452 4921 3464 4957 :
3491 4903 3578 4958 iste
3612 4902 3762 4968 (ιιιοιιυε

2272 5011 2424 5052 error
2473 5011 2650 5052 causa:
2696 5012 2855 5068 quam
2909 4997 3239 5068 suscepimus
3281 4998 3592 5066 suffragatur.
3636 4986 3761 5053 Νθίῐυθ

2272 5090 2414 5146 enim
2444 5089 2708 5160 spadones
2737 5089 2868 5145 istos
2897 5091 2978 5146 eis
3003 5090 3094 5161 qui
3118 5091 3172 5146 in
3200 5091 3355 5146 domo
3380 5090 3488 5160 ejus
3514 5083 3677 5142 nullum
3698 5075 3760 5128 ha-

2271 5182 2399 5238 bent
2431 5182 2606 5237 locum
2636 5181 2872 5253 praatulit
2900 5183 3061 5251 Deus,
3095 5183 3190 5240 sed
3219 5185 3296 5240 eis
3325 5184 3495 5253 utique
3515 5177 3592 5250 qui
3612 5174 3653 5229 in
3675 5167 3757 5222 ﬁliis

2271 5275 2587 5346 generandis
2628 5276 2921 5347 coniugalis
2962 5276 3085 5332 vitae
3141 5278 3384 5334 meritum
3427 5275 3629 5330 servant.
3663 5260 3751 5316 Nam

2272 5381 2394 5422 cum
2421 5365 2570 5435 dicit,
2588 5366 2736 5423 Dabo
2753 5368 2824 5423 eis
2852 5369 3016 5422 locum
3043 5369 3202 5424 multo
3225 5368 3492 5430 meliorem;
3521 5353 3702 5418 ostendit
3719 5355 3753 5400 et

2271 5459 2566 5531 coniugatis
2594 5458 2730 5527 dari,
2762 5459 2856 5516 sed
2901 5461 3070 5517 multo
3107 5459 3424 5518 inferiorem.
3461 5454 3520 5512 Ut
3543 5461 3646 5520 ergo
3666 5454 3752 5497 θου-

2271 5551 2524 5608 cedamus
2564 5551 2621 5608 in
2659 5550 2821 5607 domo
2867 5552 2963 5607 Dei
3006 5552 3287 5623 praedictos
3333 5550 3517 5606 futuros
3549 5531 3751 5598 cunni—bl?5

2271 5643 2563 5700 secundum
2591 5658 2832 5711 carnem,
2862 5644 2952 5716 qui
2980 5645 3034 5701 in
3056 5645 3255 5717 p0pulo
3278 5640 3432 5701 Israel
3453 5651 3546 5696 non
3567 5626 3746 5688 fuerunt;

2271 5737 2394 5806 quia
2437 5747 2491 5793 et
2521 5738 2667 5808 ipsos
2696 5736 2937 5794 videmus
2965 5754 3088 5796 eum
3131 5737 3298 5796 Judaei
3338 5750 3434 5792 non
3473 5729 3596 5789 ﬁant,
3621 5725 3746 5808 tamen

2277 5802 2392 5887 ﬁeri
2416 5802 2767 5902 christianos;
2813 5847 2910 5892 nec
2933 5832 3000 5892 de
3029 5833 3134 5892 illis
3157 5833 3355 5892 dixisse
3380 5821 3660 5896 Propher
3681 5802 3742 5877 qui
