3880 6284
70 391 151 449 ως
1086 352 1089 357 ’
1419 368 1618 425 LlBElt

1729 365 1857 422 ωδ.

70 504 294 583 proposito
331 498 670 558 continentiae
715 497 959 568 coniugia
1006 510 1113 551 non
1156 502 1458 566 quaerentes
1477 533 1493 559 ,
1540 506 1600 547 se

68 610 181 678 ipsos
201 605 416 657 castraut
439 604 659 667 propter
693 608 917 665 regnum
946 592 1204 649 caalorum
1234 609 1247 645 :
1278 590 1423 645 itane
1452 595 1598 644 tanta

69 694 287 756 dementia
332 691 613 763 quisquam
666 695 748 743 est
793 685 1095 742 contrarius
1144 683 1384 746 veritati,
1428 689 1485 736 ut
1541 680 1596 736 in

66 804 192 848 carne
207 785 360 841 factos
380 780 655 837 eunuchos
676 780 954 835 meliorem
975 792 1135 848 quam
1155 774 1495 846 conjugatos‘
1520 773 1599 827 lo-

70 895 159 938 cum
190 878 237 933 iu
276 874 431 930 domo
473 872 570 928 Dei
615 871 813 927 habere
856 869 1057 937 credat,
1090 877 1143 927 et
1188 868 1277 938 pio
1326 865 1599 937 proposito

68 972 361 1035 continentes,
386 980 585 1037 corpus
613 980 779 1035 usque
803 963 871 1019 ad
896 972 1227 1039 contemptas
1264 962 1475 1031 nuptias
1511 974 1601 1015 ca-

69 1066 291 1135 stigantes,
316 1074 373 1115 se
408 1058 560 1128 ipsos
607 1072 712 1112 non
750 1057 802 1111 in
843 1069 1087 1125 corpore,
1117 1054 1212 1109 sed
1242 1054 1293 1108 in
1334 1053 1447 1123 ipsa
1473 1067 1603 1107 con-

69 1152 352 1227 cupiscentia:
374 1150 560 1206 radice
590 1157 901 1213 castrantes,
934 1147 1205 1202 caelestem
1230 1154 1284 1200 et
1308 1143 1600 1214 angelicam

70 1252 194 1306 vitam
227 1246 272 1300 in
311 1254 517 1300 terrena
548 1241 873 1297 mortalitate
911 1238 1248 1305 meditantes,
1288 1236 1602 1307 coniugato-

71 1356 161 1396 rum
192 1335 371 1394 meritis
422 1348 590 1405 pares
621 1348 739 1389 esse
765 1331 1086 1397 contendat;
1130 1339 1185 1385 et
1228 1329 1441 1385 Christo
1492 1329 1607 1383 lau-

75 1429 282 1486 dautieos
300 1426 387 1496 qui
416 1439 479 1481 se
506 1425 656 1494 ipsos
677 1429 1064 1486 castraverunt,
1095 1436 1200 1475 non
1243 1431 1459 1490 propter
1503 1420 1606 1475 hoc

81 1521 291 1585 malum,
323 1515 419 1573 sed
462 1524 687 1586 pr0pter
712 1529 937 1584 regnum
978 1513 1257 1578 caelorum,
1285 1512 1607 1567 christianus

81 1609 358 1675 contradicat,
386 1607 671 1662 afﬁrmans
710 1606 811 1661 hoc
845 1606 967 1661 vita:
1015 1606 1262 1674 praesenti
1296 1619 1416 1659 esse
1453 1603 1603 1671 utile,

73 1718 151 1758 non
185 1699 390 1757 futurae?
418 1699 567 1765 Quid
616 1697 758 1753 aliud
808 1697 925 1752 istis
964 1705 1147 1762 restat,
1192 1696 1293 1751 nisi
1339 1703 1397 1750 ut
1436 1697 1609 1765 ipsum

70 1807 246 1863 regnum
270 1790 527 1848 caelorum
559 1789 630 1844 ad
657 1789 796 1844 hanc
821 1788 1170 1859 temporalem
1198 1788 1383 1855 vitam,
1417 1788 1470 1842 in
1506 1802 1609 1857 qua

70 1900 179 1939 nunc
194 1897 380 1947 sumus,
408 1892 661 1937 asseram
693 1879 1000 1951 pertinere?
1023 1879 1133 1935 Cur
1159 1881 1303 1935 enim
1339 1894 1445 1933 non
1475 1888 1529 1935 et
1556 1881 1611 1939 in

69 1977 174 2030 hanc
203 1973 448 2029 insaniam
492 1972 874 2043 progrediatur
922 1987 1061 2026 caeca
1111 1971 1496 2041 praesumptio?
1544 1970 1614 2026 Et

70 2068 167 2139 quid
206 2066 296 2123 hac
349 2067 659 2122 assertione
710 2065 997 2121 furiosius?
1052 2064 1184 2121 Nam
1242 2067 1343 2121 etsi
1390 2081 1610 2136 regnum

69 2161 275 2216 ctelorum
312 2158 608 2230 aliquando
642 2159 882 2214 Ecclesia
910 2159 1069 2213 etiam
1097 2174 1216 2229 quae
1245 2158 1346 2214 hoc
1374 2168 1613 2229 tempore

70 2261 146 2319 est,
168 2251 479 2322 appellatur;
529 2250 601 2305 ad
650 2251 752 2305 hoc
793 2250 975 2319 utique
1018 2252 1097 2305 sic
1143 2252 1459 2321 appellatur,
1492 2254 1614 2322 quia

72 2344 217 2399 futurae
242 2345 357 2398 vitae
395 2344 853 2415 sempiternaeque
890 2343 1174 2413 colligitur.
1208 2344 1461 2411 Quamvis
1487 2360 1615 2415 ergo

72 2439 429 2511 promissionem
451 2438 655 2493 habeat
674 2439 796 2493 vitm
820 2438 1100 2507 praesentis
1120 2447 1173 2492 et
1192 2436 1381 2492 futurae
1400 2437 1449 2504 (Ι
1476 2437 1613 2497 Tim.

74 2549 124 2596 iv,
146 2533 218 2602 8);
249 2532 299 2586 in
342 2532 601 2587 omnibus
644 2540 822 2585 tamen
863 2530 1017 2585 bonis
1061 2531 1313 2601 operibus
1355 2531 1465 2585 suis
1509 2546 1617 2584 non

73 2624 243 2693 respicit
263 2639 371 2693 qum
392 2623 655 2689 videntur,
679 2621 768 2676 sed
791 2637 905 2692 quae
932 2639 1033 2675 non
1052 2622 1301 2675 videntur.
1331 2620 1455 2685 Qum
1484 2622 1617 2676 enim

69 2716 275 2784 ridentur,
315 2716 622 2786 temporalia
668 2723 824 2782 sunt;
865 2729 978 2785 quia
1019 2724 1184 2769 autent
1227 2731 1328 2769 non
1364 2714 1615 2784 videntur,

72 2818 218 2864 eterna
244 2808 317 2881 (ll
346 2808 465 2864 Cor.
497 2824 579 2875 tv,
608 2808 721 2880 18).

122 2902 318 2959 CAPUT
368 2902 539 2957 XXV.
596 2932 667 2942 —
714 2902 806 2957 25.
863 2900 1057 2957 Isaiam
1122 2901 1257 2973 loqui
1305 2903 1368 2956 de
1431 2910 1619 2958 (eterna

74 2993 236 3061 prende
261 2993 575 3064 spadonibus
617 2993 882 3063 promisso.
924 2992 1033 3048 Nec
1076 3008 1207 3047 sane
1243 2993 1470 3064 Spiritus
1496 3009 1622 3048 san-

74 3091 160 3138 ctus
183 3085 329 3139 tacuit
355 3084 501 3155 quod
538 3092 727 3139 contra
770 3084 902 3139 istos
944 3084 1403 3154 impudentissime
1438 3100 1500 3140 ac
1524 3085 1622 3141 de—

76 3176 353 3232 mentissime
400 3176 718 3247 pervicaces
757 3183 1001 3245 apertum
1042 3184 1200 3244 atque
1248 3175 1619 3230 inconcussum

74 3268 254 3333 valeret,
278 3283 579 3340 eorumque
621 3268 911 3324 helluinum
962 3267 1218 3339 impetum
1260 3268 1326 3323 ab
1368 3268 1493 3322 ovili
1524 3284 1622 3324 suo

76 3360 417 3433 inexpugnabili
446 3362 753 3418 munitione
782 3360 1091 3430 repelleret.
1122 3361 1257 3417 Cum
1286 3363 1429 3417 enim
1459 3362 1625 3418 dixis-

76 3463 136 3508 set
153 3456 210 3510 de
237 3456 584 3526 spadonibus,
629 3454 768 3509 Dabo
795 3456 865 3509 eis
892 3457 946 3509 in
972 3454 1121 3509 domo
1160 3472 1272 3509 mea
1301 3465 1346 3509 et
1380 3456 1431 3509 in
1476 3472 1624 3512 muro

78 3563 160 3601 meo
186 3548 337 3603 locum
373 3550 719 3614 nominatum,
752 3547 1009 3601 meliorem
1044 3547 1202 3601 multo
1227 3564 1378 3617 quam
1402 3549 1624 3616 ﬁliorum

78 3648 193 3708 atque
225 3641 475 3709 ﬁliarum;
516 3653 591 3694 ne
615 3638 733 3708 quis
771 3637 995 3692 nimium
1032 3638 1261 3693 carnalis
1295 3639 1625 3694 existimaret

80 3728 234 3800 aliquid
261 3732 309 3786 in
343 3732 427 3787 his
455 3729 645 3787 verbis
675 3731 969 3800 temporale
995 3730 1339 3799 sperandum,
1372 3734 1626 3789 continuo

81 3821 279 3889 subjecit,
300 3822 503 3878 Nomen
530 3830 775 3877 (sternam
809 3822 939 3876 dabo
979 3823 1070 3889 eis,
1096 3840 1185 3877 nec
1223 3841 1443 3894 unquam
1470 3825 1626 3880 deerit

82 3910 197 3980 (luti.
219 3930 313 3979 Lvt,
340 3915 394 3983 4,
425 3914 482 3985 5)
514 3932 531 3969 :
563 3923 812 3984 tanquam
842 3914 1067 3981 diceret,
1096 3914 1233 3981 Quid
1262 3916 1626 3984 tergiversaris

82 4003 205 4073 impia
242 4007 485 4063 accitas?
538 4006 665 4078 quid
716 4008 1121 4077 tergiversaris?
1164 4008 1300 4075 Quid
1350 4010 1628 4065 serenitati

83 4098 275 4154 veritatis
301 4101 525 4156 nebulas
568 4108 672 4154 tua:
711 4100 1073 4170 perversitatis
1099 4099 1368 4154 oti‘undis?
1407 4102 1533 4171 quid
1573 4102 1628 4156 in

86 4196 197 4243 tanta
217 4190 607 4263 Scripturarum
634 4193 752 4247 luce
792 4192 1036 4248 tenebras
1064 4192 1206 4248 unde
1242 4193 1510 4248 insidieris
1545 4195 1627 4249 in-

86 4280 249 4347 quiris?
274 4283 403 4348 Quid
426 4283 781 4351 temporalem
805 4283 1172 4338 tantummodo
1196 4284 1478 4338 utilitatem
1508 4301 1629 4354 pro-

87 4370 217 4425 mittis
252 4374 641 4429 continentibus
687 4374 925 4430 sanctis?
968 4372 1170 4428 Nomen
1210 4385 1453 4430 wternum
1499 4377 1629 4431 dabo

90 4462 157 4516 eis.
180 4463 300 4532 Quid
324 4467 389 4522 ab
424 4467 575 4522 omni
605 4467 888 4521 concubitu
927 4466 1211 4532 immunes,
1245 4478 1297 4522 et
1325 4484 1390 4522 co
1419 4485 1631 4539 quoque

92 4551 180 4620 ipso
198 4572 289 4627 quo
308 4558 426 4615 hinc
449 4573 575 4614 sese
601 4559 886 4623 abstinent,
920 4574 981 4613 ea
1003 4575 1121 4629 quae
1146 4568 1269 4615 sunt
1300 4560 1509 4615 Domini
1535 4576 1628 4616 co-

93 4645 291 4716 Bllames,
333 4652 603 4722 quomodo
658 4654 900 4723 placeant
948 4653 1195 4721 Domino,
1243 4654 1310 4708 ad
1366 4664 1629 4709 terrenam

96 4744 472 4800 commoditatem
505 4744 705 4801 referre
726 4746 975 4800 conaris?
1003 4744 1203 4800 Nomen
1234 4756 1474 4801 aeternum
1501 4748 1631 4803 dabo

98 4828 165 4881 eis.
188 4830 307 4898 Quid
351 4851 574 4907 regnum
613 4836 892 4903 ctelorum,
936 4845 1156 4908 propter
1195 4838 1338 4907 quod
1385 4853 1442 4893 se
1488 4840 1631 4909 ipsos

99 4932 407 4983 castraverunt
454 4930 623 4997 sancti
650 4929 935 4998 spadones,
966 4930 1018 4983 in
1050 4929 1148 4985 hac
1178 4940 1381 4985 tantum
1414 4931 1519 4986 vita
1548 4935 1631 4987 in-

102 5012 385 5083 telligendum
432 5035 554 5075 esse
596 5021 913 5075 contendis?
964 5019 1166 5076 Nomen
1215 5033 1459 5077 teternum
1502 5024 1632 5079 dabo

106 5103 173 5157 eis.
204 5105 263 5161 Et
296 5110 336 5165 si
384 5110 521 5167 forte
573 5112 659 5167 hic
711 5113 885 5182 ipsum
929 5122 1189 5168 aeternum
1236 5130 1334 5184 pro
1380 5115 1631 5171 diuturno

106 5199 272 5254 conaris
311 5205 566 5275 accipere,
597 5205 756 5271 addo,
787 5207 1084 5273 accumulo,
1118 5208 1348 5272 inculco,
1384 5206 1493 5260 Nec
1537 5226 1633 5262 un-

107 5304 221 5353 quam
258 5294 418 5351 deerit.
463 5297 598 5365 Quid
639 5299 834 5369 quaeris
870 5300 1137 5369 amplius?
1165 5299 1290 5369 quid
1336 5300 1467 5355 dicis
1514 5316 1630 5355 am-

111 5379 245 5445 Plius?
290 5386 559 5445 Eternum
618 5390 719 5446 hoc
770 5407 987 5458 nomen,
1035 5393 1289 5462 quidquid
1346 5393 1470 5448 illud
1527 5403 1629 5460 est,

112 5471 378 5537 spadonibus
436 5482 526 5538 Dei
552 5523 567 5546 ,
628 5482 769 5553 quod
834 5484 1013 5555 utique
1076 5485 1299 5555 gloriam
1349 5484 1632 5555 quamdam

114 5570 331 5636 Propriam
371 5579 818 5649 excellentemque
865 5578 1156 5649 significat,
1194 5592 1297 5633 non
1338 5578 1440 5633 erit
1484 5593 1633 5632 com-

116 5667 240 5714 mune
275 5677 383 5720 cum
433 5670 628 5737 multis,
674 5670 913 5739 quamvis
956 5668 1009 5723 in
1053 5668 1241 5724 eodem
1286 5684 1450 5739 regno
1479 5678 1533 5724 et
1578 5669 1631 5722 in

117 5747 263 5806 callem
283 5753 429 5813 domo
463 5762 781 5817 constitutis.
812 5761 944 5817 Nam
989 5761 1109 5817 ideo
1161 5759 1400 5817 fortassis
1439 5769 1493 5817 et
1531 5776 1631 5817 no-

168 5860 361 5931 'lnltss.,
385 5886 517 5935 quam
539 5870 795 5940 conjugali,

3188 378 3295 438 410

1707 505 1828 544 tuen
1866 491 2067 548 dictum
2103 504 2204 563 est,
2241 497 2382 567 quod
2411 514 2504 554 eos
2530 499 2719 571 quibus
2753 500 2929 571 datur,
2958 503 3235 578 distinguit
3259 522 3293 562 a

1705 584 1935 639 caeteris.
2855 624 2864 634 ·

1776 675 2001 733 CAPUT
2042 674 2231 735 XXVI.
2254 711 2326 720 -—
2350 681 2440 736 26.
2476 680 2702 754 Objectio
2731 684 2791 737 de
2819 684 3028 740 denario
3057 688 3291 744 omnibus

1705 770 1982 838 reddendo,
2016 782 2194 826 contra
2235 774 2570 829 diversitatem
2616 778 2961 847 prtemiorum.
3010 778 3147 846 Quid
3192 781 3297 838 sibi

1708 874 1835 932 ergo
1857 863 1990 929 vult,
2011 864 2272 934 inquiunt,
2293 867 2379 921 ille
2394 866 2660 934 denarius,
2682 870 2771 939 qui
2796 885 2960 939 opere
2989 871 3158 927 vineae
3187 881 3299 928 ter-

1711 952 1915 1008 minato
1940 957 2214 1024 aequaliter
2238 958 2483 1013 omnibus
2518 959 2785 1026 redditur;
2828 963 2940 1016 sive
2988 963 3052 1017 iis
3096 965 3185 1033 qui
3230 980 3299 1021 ex

1711 1046 1881 1115 prima
1908 1048 2060 1115 hora,
2080 1050 2191 1105 sive
2215 1051 2280 1106 iis
2301 1052 2391 1121 qui
2418 1068 2519 1106 una
2547 1053 2675 1107 liora
2697 1056 2903 1123 operati
2930 1065 3055 1111 sunt
3080 1056 3298 1129 (Matth.

1711 1151 1801 1202 xx,
1830 1136 1921 1208 9)?
1950 1138 2085 1207 Quid
2114 1142 2315 1211 utique,
2343 1142 2447 1197 nisi
2472 1143 2669 1213 aliquid
2698 1145 2979 1214 significat,
3004 1146 3146 1217 quod
3174 1162 3296 1204 om-

1713 1245 1809 1285 nes
1833 1234 2186 1289 communiter
2208 1235 2499 1305 hahebunt,
2521 1236 2676 1291 sicuti
2698 1247 2780 1292 est
2804 1239 2916 1307 ipsa
2939 1240 3045 1293 vita
3072 1250 3293 1310 aeterna,

1712 1320 1884 1390 ipsum
1914 1339 2141 1393 regnum
2166 1326 2446 1393 ecelorum,
2473 1327 2577 1381 ubi:
2600 1338 2756 1382 erunt
2778 1343 2966 1384 omnes
2993 1344 3127 1399 quos
3160 1331 3302 1388 Deus

1716 1412 2134 1482 praedestinavit,
2155 1418 2384 1483 vocavit,
2403 1417 2737 1487 justiﬁcavit,
2754 1421 3104 1490 glorificavit?
3133 1420 3301 1492 Opor-

1716 1512 1781 1557 tet
1821 1506 1953 1558 enim
1996 1508 2322 1578 corruptibile
2366 1509 2458 1564 hoc
2502 1511 2712 1566 induere
2755 1513 3213 1585 incorruptionem,
3255 1525 3305 1573 et

1715 1598 1928 1652 mortale
1969 1598 2062 1652 hoc
2111 1601 2319 1656 induere
2361 1603 2789 1660 immortalitatem
2814 1622 2831 1660 :
2860 1607 2947 1663 hic
2975 1619 3058 1664 est
3085 1610 3177 1666 ille
3204 1611 3303 1666 de-

1717 1690 1917 1752 narius,
1949 1705 2156 1746 merces
2181 1695 2440 1749 omnium.
2476 1694 2644 1750 Stella
2670 1706 2845 1753 tamen
2868 1698 2930 1753 ab
2961 1702 3105 1755 stella
3131 1702 3303 1770 differt

1717 1780 1769 1833 in
1796 1781 1999 1851 gloria;
2033 1783 2106 1837 sic
2132 1792 2176 1837 et
2198 1787 2495 1841 resurrectio
2520 1799 2833 1843 mortuorum
2850 1806 2869 1845 :
2898 1790 3013 1846 haec
3037 1803 3162 1848 sunt
3191 1810 3305 1851 me-

1718 1874 1817 1928 rita
1843 1875 2053 1931 diversa
2080 1889 2404 1934 sanetorum.
2432 1880 2487 1935 Si
2512 1884 2654 1935 enim
2696 1884 2893 1938 caelum
2918 1886 3308 1955 signiﬁcaretur

1720 1967 1811 2022 illo
1849 1968 2089 2034 denario,
2132 1986 2310 2027 nonne
2350 1973 2404 2026 in
2451 1974 2588 2028 coelo
2624 1989 2744 2030 esse
2771 1978 3018 2032 omnibus
3047 1987 3129 2033 est
3155 1993 3307 2035 com-

1719 2073 1880 2114 mune
1924 2060 2226 2116 sideribus?
2274 2062 2342 2117 Et
2373 2072 2548 2118 tamen
2579 2066 2683 2118 alia
2709 2076 2780 2119 est
2826 2068 2991 2138 gloria
3019 2070 3161 2135 solis,
3204 2071 3309 2127 alia

1719 2151 1883 2218 gloria
1911 2150 2065 2217 lunaz,
2096 2151 2199 2204 alia
2225 2152 2488 2207 stellarum
2519 2154 2569 2224 (Ι
2603 2156 2720 2210 Cor.
2755 2173 2845 2223 xv,
2874 2159 2963 2224 55,
2998 2160 3091 2227 di,
3114 2159 3227 2232 42).
3250 2162 3309 2219 Si

1720 2239 1972 2295 denarius
2000 2242 2089 2298 ille
2122 2259 2219 2312 pro
2248 2244 2475 2300 sanitate
2514 2249 2755 2316 corporis
2798 2261 3103 2318 poneretur,
3135 2268 3312 2311 nonne

1720 2349 1840 2388 cum
1884 2345 2030 2390 recte
2060 2336 2319 2403 valemus,
2344 2338 2592 2393 omnibus
2619 2341 2876 2396 membris
2901 2344 3199 2400 communis
3228 2354 3313 2400 est

1722 2427 1944 2493 sanitas,
1966 2436 2020 2481 et
2043 2427 2155 2497 ipsa
2189 2429 2234 2483 si
2266 2444 2433 2498 usque
2458 2429 2525 2483 ad
2553 2440 2779 2486 mortem
2813 2446 3139 2501 permaneat,
3170 2437 3312 2504 pari-

1726 2527 1806 2572 ter
1827 2527 1881 2572 et
1908 2520 2184 2589 aequaliter
2204 2521 2453 2576 omnibus
2481 2523 2658 2577 inest?
2688 2523 2756 2578 Et
2781 2535 2955 2580 tamen
2979 2529 3145 2596 posuit
3171 2528 3312 2585 Deus

1722 2610 1965 2675 membra,
2012 2610 2270 2680 singulum
2316 2612 2549 2683 quodque
2593 2630 2767 2667 eorum
2809 2617 2863 2668 in
2915 2633 3123 2686 corpore
3164 2629 3315 2686 prout

1722 2698 1877 2752 voluit
1911 2698 2021 2771 (Id.
2050 2717 2145 2766 xu,
2174 2703 2288 2774 18),
2320 2710 2377 2757 ut
2412 2718 2512 2757 nec
2553 2713 2721 2759 totum
2767 2707 2838 2760 sit
2864 2709 3070 2776 oculus,
3103 2725 3202 2765 nec
3233 2720 3316 2766 to-

1725 2799 1835 2845 tum
1875 2792 2106 2859 auditus,
2137 2809 2237 2848 nec
2285 2804 2451 2848 totum
2494 2795 2781 2863 odoratus;
2832 2806 2886 2851 ct
2933 2800 3187 2871 quidquid
3231 2813 3317 2858 est

1723 2883 1889 2952 aliud,
1921 2884 2081 2941 habet
2123 2902 2273 2941 suam
2319 2888 2721 2957 proprietatem,
2762 2891 3004 2959 quamvis
3033 2894 3316 2962 aequaliter

1724 2976 1919 3033 habeat
1959 2994 2079 3033 cum
2122 2980 2370 3034 omnibus
2418 2982 2722 3036 sanitatem.
2772 2981 2847 3036 lla
2895 2984 3014 3052 quia
3066 2985 3176 3053 ipsa
3210 2986 3316 3041 vita

1725 3082 1926 3127 interna
1954 3073 2156 3141 pariter
2175 3073 2278 3126 erit
2303 3072 2551 3128 omnibus
2582 3076 2801 3139 sanctis,
2822 3077 3043 3145 aequalis
3062 3077 3316 3135 denarius

1725 3165 1974 3218 omnibus
1998 3163 2286 3218 attributus
2312 3173 2425 3230 est;
2461 3164 2582 3234 quia
2607 3181 2735 3219 vero
2765 3166 2819 3219 in
2847 3167 2959 3236 ipsa
2983 3168 3085 3221 vita
3114 3178 3318 3225 aeterna

1726 3254 1976 3309 distincte
2005 3253 2283 3324 fulgebunt
2315 3255 2515 3309 lumina
2563 3256 2901 3321 meritorum,
2937 3259 3115 3314 multa:
3160 3276 3317 3315 man-

1726 3346 1906 3401 siones
1931 3354 2055 3400 sunt
2084 3346 2222 3416 apud
2261 3347 2474 3403 Patrem
2505 3347 2685 3421 (Joan.
2718 3365 2831 3418 XIV,
2870 3350 2926 3422 2)
2958 3369 2970 3404 :
3002 3367 3064 3406 ac
3090 3368 3186 3421 per
3214 3354 3319 3409 hoc

1729 3437 1783 3491 in
1815 3436 2035 3491 denario
2058 3437 2270 3506 quidem
2314 3453 2420 3492 non
2471 3440 2682 3509 impari,
2722 3456 2827 3495 non
2873 3442 3000 3496 vivit
3025 3444 3165 3499 alius
3209 3444 3316 3500 alio

1727 3528 2019 3598 prolixius;
2077 3529 2131 3583 in
2181 3530 2364 3585 multis
2407 3538 2588 3586 autem
2632 3532 2996 3589 mansionibus
3026 3534 3319 3591 honoratur

1728 3622 1865 3676 alius
1890 3622 1998 3676 alio
2028 3623 2245 3677 clarius.

1800 3711 2026 3770 CAPUT
2066 3712 2283 3768 XXVII.
2306 3744 2377 3755 —
2400 3715 2491 3769 27.
2530 3714 2795 3787 Virginum
2825 3718 2989 3789 gloria
3010 3721 3182 3789 futura
3208 3736 3319 3773 ma-

1722 3808 1811 3878 jor
1830 3816 1877 3861 et
1915 3808 2121 3877 prapria
2149 3810 2383 3879 quaedam
2414 3811 2468 3863 in
2504 3811 2642 3865 cretis
2680 3811 2886 3880 gaudia.
2934 3811 3091 3881 Sequi
3117 3812 3320 3883 Agnum

1732 3914 2046 3967 quocumque
2071 3900 2183 3953 ierit
2213 3901 2477 3970 proprium
2503 3912 2574 3954 est
2596 3903 2866 3972 virginum.
2889 3902 3100 3972 Pergite
3119 3906 3317 3974 itaque,

1733 3993 1903 4046 sancti
1932 3993 2044 4058 Dei,
2082 3994 2233 4061 pueri
2272 4008 2336 4048 ac
2380 3994 2593 4063 puellm,
2618 4009 2793 4049 mares
2823 4009 2886 4048 ac
2916 3994 3147 4063 feminae,
3176 3998 3323 4053 caeli-

1734 4084 1828 4139 bes
1870 4093 1924 4139 et
1969 4086 2275 4154 innuptae‘;
2327 4086 2529 4156 pergite
2584 4096 2987 4155 perseveranter
3034 4089 3085 4141 in
3136 4088 3318 4144 linem.

1735 4176 1969 4232 Laudate
2014 4178 2294 4231 Dominum
2339 4177 2568 4243 dulcius,
2601 4192 2759 4247 quem
2800 4180 3043 4248 cogitatis
3070 4179 3318 4248 uberius;

1734 4278 1944 4338 sperate
1967 4269 2192 4334 felicius,
2217 4269 2303 4325 cui
2331 4269 2543 4323 servitis
2569 4269 2885 4335 instantius;
2928 4279 3102 4326 amate
3129 4271 3322 4327 arden-

1737 4361 1861 4427 tius,
1903 4362 1987 4416 cui
2021 4362 2236 4430 placetis
2266 4362 2539 4416 attentius.
2592 4362 2811 4418 Lumbis
2862 4364 3114 4418 accinctis
3159 4372 3214 4418 et
3240 4365 3322 4420 lu-

1736 4454 1911 4509 cernis
1957 4453 2268 4508 ardentibus
2296 4461 2600 4522 exspectate
2644 4454 2946 4520 Dominum,
2976 4453 3188 4524 quando
3232 4471 3323 4511 ve-

1738 4547 1847 4600 niat
1885 4562 1915 4601 a
1962 4546 2161 4616 nuptiis
2200 4545 2348 4616 (Luc.
2403 4561 2497 4610 xu,
2544 4546 2632 4612 55,
2674 4545 2787 4615 56).
2821 4545 2930 4600 Vos
2974 4546 3210 4601 aiferetis
3254 4548 3323 4603 ad

1739 4641 1948 4708 nuptias
1998 4639 2134 4709 Agni
2175 4639 2442 4693 canticum
2486 4652 2703 4703 novum,
2745 4637 2886 4707 quod
2937 4638 3217 4693 cantabitis
3270 4640 3322 4693 in

1737 4730 1957 4786 citharis
1996 4732 2244 4785 vestris”.
2289 4729 2405 4784 Non
2444 4730 2624 4799 utique
2655 4729 2757 4784 tale
2802 4730 2957 4798 quale
2982 4739 3161 4785 cantat
3204 4732 3325 4787 uni-

1740 4840 1891 4880 versa
1942 4834 2101 4889 terra,
2151 4825 2233 4879 cui
2285 4824 2499 4890 dicitur,
2550 4822 2761 4877 Cantate
2804 4822 3023 4877 Domino
3071 4826 3326 4879 canticum

1739 4932 1954 4979 novum;
1980 4924 2178 4969 cantate
2206 4913 2446 4978 Domino,
2470 4914 2704 4967 universa
2734 4923 2867 4968 terra
2894 4912 3064 4985 (Psal.
3089 4931 3214 4981 xcv,
3235 4916 3321 4981 l);

1739 5006 1833 5061 sed
1867 5006 1970 5059 tale
1999 5006 2155 5075 quale
2184 5020 2343 5060 nemo
2374 5005 2564 5073 poterit
2593 5005 2772 5061 dicere
2800 5007 2899 5062 nisi
2931 5023 3043 5062 vos.
3069 5006 3158 5063 Sic
3183 5009 3324 5063 enim

1740 5112 1835 5151 vos
1862 5097 1991 5151 vidit
2015 5097 2065 5150 in
2098 5096 2415 5166 Apocalypsi
2445 5096 2659 5167 quidam
2697 5113 2807 5168 prae
2847 5101 3057 5155 caeteris
3099 5100 3325 5157 dilectus

1740 5191 1808 5244 ab
1835 5191 1987 5260 Agno
2017 5189 2109 5258 qui
2155 5189 2491 5245 discumbere
2538 5206 2699 5260 super
2748 5202 2933 5261 pectus
2976 5194 3091 5261 ejus
3139 5193 3328 5247 solitus

1739 5291 1872 5347 erat,
1901 5291 1955 5336 et
1992 5282 2204 5337 bibebat
2232 5290 2286 5337 et
2329 5283 2677 5338 eructuabata
2724 5284 2982 5339 mirabilia
3014 5299 3177 5353 super
3212 5298 3325 5339 cce-

1742 5375 1893 5430 lestia
1921 5374 2153 5430 Verbum
2183 5375 2296 5430 Dei.
2324 5376 2441 5445 lpse
2483 5391 2580 5431 vos
2612 5376 2739 5430 vidit
2766 5376 3052 5431 duodecies
3079 5374 3324 5429 duodena

1742 5468 1905 5522 millia
1948 5478 2249 5524 sanctorum
2290 5468 2714 5525 citharoedorum
2754 5470 2967 5525 illibatae
3004 5467 3325 5537 virginitatis

1742 5560 1795 5615 in
1825 5576 2068 5630 corpore,
2100 5561 2363 5616 inviolatae
2389 5561 2630 5617 veritatis
2661 5562 2714 5615 in
2752 5560 2949 5616 corde:
2988 5568 3041 5613 et
3076 5559 3197 5630 quia
3238 5574 3326 5615 se-

1806 5696 1822 5727 ¹
1843 5694 1948 5744 Sola
1973 5694 2120 5744 editio
2141 5702 2272 5753 Lov.,
2295 5700 2341 5745 et
2359 5700 2535 5753 nuptae.

1805 5760 1825 5788 ²
1851 5766 1951 5806 Duo
1972 5757 2181 5805 Vaticani
2205 5752 2311 5806 Mss.
2351 5752 2546 5815 addunt,
2575 5753 2661 5803 hoc
2696 5760 2765 5803 est
2798 5752 3113 5815 incordibus
3154 5753 3328 5808 dicatis

1746 5818 1984 5870 laudibus.
2009 5820 2258 5867 vaticanus
2277 5818 2414 5872 alius,
2442 5813 2619 5865 hoc'est
2640 5814 2689 5865 in
2713 5813 2934 5864 cordibus
2949 5817 3138 5869 vestris.

1815 5885 1834 5915 ³
1852 5881 1951 5929 sola
1980 5881 2125 5929 editio
2144 5887 2269 5939 Iun,
2298 5887 2339 5929 et
2357 5878 2536 5929 biberat
2559 5884 2602 5927 et
2626 5876 2887 5928 eructabat.
