3880 6284
639 346 741 405 lli

638 458 864 535 quimini
893 459 1104 533 Agnum
1131 471 1470 532 quocumque
1496 457 1640 524 ierit,
1668 456 1882 530 scripsit
1909 455 2001 511 ille
2027 453 2096 510 de
2132 466 2230 508 vo-

639 556 723 613 bis
749 555 933 628 (Apoc.
961 569 1073 623 xxv,
1105 553 1245 627 2-4).
1276 551 1394 622 Quo
1418 552 1497 609 ire
1538 562 1784 624 putamus
1826 551 1966 606 hunc
1995 550 2225 621 Aguum,

640 662 746 729 quo
775 660 934 703 nemo
975 661 1096 703 eum
1126 645 1277 717 sequi
1308 645 1392 701 vel
1417 644 1612 701 audeat
1637 643 1724 700 vel
1756 643 1932 699 valeat
1958 642 2059 696 nisi
2090 640 2221 695 vos?

638 740 757 809 Quo
783 750 1033 816 putamus
1056 757 1178 799 eum
1207 740 1325 797 ire?
1366 740 1419 796 in
1458 755 1592 812 quos
1620 739 1786 795 saltus
1812 745 1867 792 et
1893 736 2080 807 prata?
2122 732 2226 791 Ubi

639 833 802 916 credo
849 841 972 889 sunt
1016 833 1256 907 gramina
1312 832 1570 904 gaudia‘;
1618 846 1723 885 non
1786 827 1977 901 gaudia
2043 826 2227 882 saeculi

641 923 800 995 hujus
824 940 978 993 vana,
993 932 1046 981 et
1058 924 1276 980 insanire
1294 922 1596 989 mendaces,
1627 936 1726 978 nec
1752 920 1942 993 gaudia
1971 920 2147 992 qualia
2174 919 2228 974 in

641 1004 757 1086 ipso
786 1002 954 1087 regno
992 1016 1086 1074 Dei
1128 1016 1336 1073 ueteris
1367 1031 1473 1072 non
1512 1014 1812 1086 virginibus
1849 1023 2030 1080 erunt,
2062 1014 2157 1070 sed
2195 1029 2228 1070 a

639 1116 959 1179 cancrorum
993 1108 1230 1167 omnium
1258 1108 1571 1180 gaudiorum
1609 1117 1755 1165 sorte
1779 1108 2050 1163 distincta.
2088 1106 2231 1164 Gau-

638 1184 784 1253 dium
823 1198 1084 1271 virginum
1114 1196 1341 1269 Christi,
1370 1200 1438 1256 de
1476 1199 1712 1268 Christo,
1752 1199 1805 1255 in
1835 1198 2071 1267 Christo,
2103 1212 2225 1254 cum

637 1274 871 1358 Christo,
902 1299 1024 1363 post
1048 1291 1338 1359 Christum,
1368 1308 1465 1364 per
1507 1290 1799 1360 Christum,
1830 1301 2049 1365 propter
2074 1291 2231 1347 Chri-

636 1370 798 1437 stum.
838 1380 1039 1437 Gaudia
1069 1384 1284 1454 prepria
1315 1384 1576 1456 virginum
1606 1383 1824 1451 Christi,
1854 1399 1959 1439 non
1987 1391 2113 1440 sunt
2135 1399 2229 1440 ea-

636 1460 759 1527 dem
792 1489 897 1528 non
937 1474 1221 1546 virginum,
1250 1476 1493 1546 quamvis
1521 1475 1745 1532 Christi.
1782 1475 1915 1532 Nam
1947 1487 2072 1533 sunt
2106 1476 2226 1533 aliis

635 1562 760 1630 alia,
789 1566 885 1620 sed
926 1566 1088 1623 nullis
1120 1568 1264 1624 talia.
1306 1566 1382 1625 Ite
1410 1569 1464 1625 in
1503 1568 1638 1635 haec,
1668 1568 1951 1641 sequimini
1992 1571 2221 1641 Aguum,

634 1657 756 1727 quia
783 1666 838 1714 et
862 1660 983 1732 agni
1028 1674 1154 1716 caro
1185 1661 1365 1733 utique
1392 1660 1562 1734 virgo.
1597 1660 1710 1718 Hoc
1747 1661 1893 1717 enim
1923 1661 1977 1717 in
2010 1677 2070 1718 se
2093 1662 2224 1718 reti-

634 1747 750 1803 nuit
788 1758 997 1819 auctus,
1047 1752 1189 1822 quod
1228 1753 1385 1808 matri
1425 1768 1532 1810 non
1580 1753 1801 1810 abstulit
1845 1764 2134 1826 conceptus
2172 1764 2228 1811 et

635 1851 812 1898 natus.
864 1843 1050 1902 Merito
1097 1860 1219 1901 eum
1268 1847 1559 1917 sequimini
1604 1848 1907 1919 virginitate
1950 1849 2129 1906 cordis
2170 1859 2227 1906 et

634 1937 830 2001 carnis,
858 1954 1193 2012 quocumque
1231 1940 1372 1997 ierit.
1416 1940 1554 2010 Quid
1593 1949 1677 1997 est
1716 1941 1860 1997 enim
1900 1944 2073 2013 sequi,
2121 1943 2223 2000 nisi

635 2027 871 2090 imitari?
913 2030 1045 2101 Quia
1077 2032 1319 2091 Christus
1363 2050 1459 2105 pro
1498 2034 1654 2091 nobis
1694 2050 1885 2107 passus
1925 2046 2027 2103 est,
2061 2037 2227 2094 relin-

631 2108 804 2191 quens
847 2122 1000 2193 nobis
1027 2125 1354 2199 exemplum,
1387 2128 1524 2183 sicut
1564 2128 1640 2183 ait
1683 2129 1959 2198 apostolus
2011 2130 2222 2200 Petrus,

634 2221 689 2266 ut
707 2229 976 2284 sequamur
1001 2216 1207 2287 uestigia
1232 2218 1342 2288 ejus
1373 2216 1425 2288 (Ι
1456 2217 1600 2274 Patr.
1640 2235 1700 2287 ιι,
1741 2219 1857 2290 2i).
1894 2220 2045 2276 Hunc
2073 2221 2127 2276 in
2156 2236 2223 2278 eo

631 2304 855 2376 quisque
897 2307 1157 2377 sequitur,
1181 2308 1235 2363 in
1263 2324 1369 2380 quo
1410 2309 1650 2366 imitatur
1679 2330 1694 2368 :
1724 2326 1830 2367 non
1876 2312 1930 2367 in
1963 2320 2220 2383 quantum

632 2395 725 2453 ille
756 2396 919 2454 Filius
949 2398 1042 2454 Dei
1072 2410 1156 2456 est
1180 2415 1337 2469 unus,
1367 2416 1462 2472 per
1498 2417 1656 2473 quem
1688 2403 1824 2460 facta
1854 2412 1982 2460 sunt
2007 2404 2218 2473 omnia;

631 2487 727 2545 sed
756 2489 810 2547 in
838 2499 1091 2565 quantum
1135 2492 1275 2548 ﬁlius
1305 2492 1559 2564 hominis,
1586 2510 1706 2566 quae
1733 2497 2036 2567 oportebat,
2079 2499 2133 2553 in
2161 2512 2221 2554 se

631 2581 859 2652 priebuit
904 2582 1201 2642 imitanda:
1243 2595 1300 2643 et
1338 2589 1501 2644 multa
1551 2588 1607 2645 in
1654 2589 1748 2645 illo
1784 2590 1854 2646 ad
1904 2591 2219 2648 imitandum

631 2671 879 2732 omnibus
907 2685 1311 2749 proponuntur;
1358 2681 1636 2753 virginitas
1671 2695 1852 2741 autem
1894 2685 2074 2743 cumis
2109 2700 2219 2742 non

630 2767 909 2835 omnibus;
952 2785 1059 2826 non
1098 2771 1244 2827 enim
1293 2772 1491 2830 habent
1533 2774 1661 2846 quid
1704 2773 1903 2833 faciant
1951 2786 2011 2835 ut
2053 2779 2220 2851 virgi-

629 2871 733 2935 nes
755 2858 881 2927 sint,
921 2859 977 2919 in
1018 2861 1211 2933 quibus
1247 2862 1360 2935 jam
1389 2862 1589 2921 factum
1631 2874 1715 2922 est
1743 2878 1800 2922 ut
1829 2867 2064 2939 virgines
2106 2885 2219 2927 non

628 2948 756 3003 sint.

700 3037 925 3095 CAPUT
955 3038 1193 3099 XXVIII.
1211 3043 1393 3103 —28.
1425 3046 1696 3121 Quousque
1717 3053 1859 3123 sequi
1880 3051 2083 3124 Agnum
2111 3071 2219 3111 oru-

628 3146 716 3186 nes
750 3142 978 3202 possunt.
1009 3133 1313 3207 Sequantur
1353 3139 1532 3211 itaque
1572 3142 1783 3213 Agnum
1822 3147 2008 3204 caeteri
2033 3146 2219 3206 ﬁdeles

626 3222 719 3294 qui
746 3223 1108 3299 virginitatem
1136 3230 1380 3300 corporis
1410 3232 1729 3302 amiserunt,
1748 3251 1855 3293 non
1882 3252 2219 3313 quocumque

626 3313 720 3371 ille
740 3316 880 3386 ierit,
908 3319 1004 3375 sed
1029 3336 1306 3394 quousque
1333 3324 1434 3395 ipsi
1462 3329 1754 3397 potuerint.
1783 3330 2015 3389 Possunt
2038 3344 2217 3391 autem

627 3404 843 3478 ubique,
890 3419 1085 3478 praeter
1122 3430 1244 3470 eum
1286 3415 1343 3471 in
1386 3416 1583 3477 decore
1629 3421 1949 3493 virginitatis
1991 3426 2215 3483 incedit.

626 3495 775 3553 Beati
810 3517 1059 3571 pauperes
1099 3507 1323 3577 spiritu;
1361 3510 1644 3570 imitamini
1682 3530 1829 3584 eum,
1859 3520 1951 3589 qui
1998 3529 2217 3592 prepter

626 3605 724 3646 vos
751 3607 953 3663 pauper
980 3594 1151 3652 factus
1173 3607 1273 3666 est,
1291 3616 1412 3657 cum
1435 3603 1587 3661 dives
1606 3616 1748 3663 esset
1773 3608 1795 3681 (
1806 3608 1847 3664 ll
1864 3607 1984 3665 Cor.
2001 3627 2112 3677 vin,
2134 3613 2213 3685 9).

625 3681 773 3738 Beati
817 3687 999 3755 utiles;
1044 3690 1327 3749 imitamini
1365 3709 1486 3753 eum
1526 3699 1616 3768 qui
1660 3700 1814 3769 dixit,
1858 3701 2052 3759 Discite
2079 3721 2112 3759 a
2138 3681 2217 3761 me

625 3777 865 3871 quoniam
909 3781 1046 3836 mitis
1082 3800 1195 3839 sum
1236 3796 1283 3840 et
1325 3787 1534 3844 humilis
1557 3791 1709 3846 corde
1736 3792 1952 3863 (Matth.
1993 3811 2067 3864 χι,
2096 3796 2211 3871 29).

626 3866 775 3923 Beati
812 3871 1073 3944 lugentes;
1106 3875 1387 3936 imitamini
1429 3896 1551 3938 eum
1574 3884 1666 3955 qui
1695 3884 1843 3942 ﬁevit
1869 3903 2033 3959 super
2059 3866 2216 3948 leru-

622 3958 790 4035 salem
820 3965 971 4038 (Luc.
1008 3985 1118 4037 xu,
1146 3969 1260 4046 ιι).
1301 3974 1449 4030 Beati
1473 3978 1562 4049 qui
1589 3981 1814 4035 esuriant
1843 3990 1889 4036 et
1921 3958 2095 4040 silium
2113 3987 2214 4058 ju-

621 4057 849 4127 stitiam;
893 4059 1175 4119 imitamini
1212 4080 1334 4121 eum
1377 4068 1469 4138 qui
1498 4068 1651 4135 dixit,
1685 4070 1833 4128 Meus
1874 4074 2017 4131 cibus
2045 4057 2121 4132 est
2158 4086 2214 4134 ut

622 4153 810 4225 faciam
848 4155 1151 4213 voluntatem
1182 4159 1294 4230 ejus
1339 4161 1424 4231 qui
1474 4162 1610 4218 misit
1648 4180 1730 4219 me
1767 4164 1947 4236 (Joan.
1982 4183 2060 4237 tv,
2094 4171 2208 4243 54).

618 4244 766 4303 Beati
794 4248 1178 4316 misericordes;
1221 4252 1500 4311 imitamini
1542 4268 1665 4312 eum
1715 4258 1804 4328 qui
1856 4261 2133 4318 vulnerato
2177 4278 2209 4319 a

620 4337 917 4398 latronibus
958 4350 1014 4399 et
1049 4343 1102 4398 in
1132 4344 1215 4400 via
1258 4345 1457 4416 jacenti
1509 4350 1771 4406 semivivo
1821 4352 2209 4427 desperatoque

620 4431 873 4489 subvenit
897 4432 1048 4504 (Luc.
1081 4451 1138 4502 ι,
1176 4436 1391 4509 50-35).
1427 4439 1575 4495 Beati
1611 4445 1998 4513 niuudieordes;
2025 4448 2207 4505 imita-

618 4524 747 4579 mini
765 4540 887 4580 eum
909 4526 997 4596 qui
1015 4535 1275 4596 peccatum
1302 4544 1402 4584 non
1430 4530 1568 4601 fecit,
1592 4548 1684 4588 nec
1706 4535 1937 4592 inventus
1964 4548 2036 4594 est
2056 4540 2206 4599 dolus

614 4619 670 4673 in
696 4635 784 4674 ore
807 4620 918 4693 ejus
949 4620 1004 4692 (Ι
1038 4619 1175 4677 Patr.
1214 4638 1272 4687 tt,
1307 4622 1425 4694 22).
1454 4623 1603 4681 Beati
1639 4628 1880 4698 paciﬁci;
1926 4632 2206 4692 imitamini

617 4724 741 4765 eum
771 4712 862 4781 qui
890 4728 985 4782 pro
1013 4712 1125 4769 suis
1154 4716 1584 4783 persecutoribus
1613 4718 1765 4787 dixit,
1796 4719 1974 4788 Pater,
2003 4725 2205 4795 ignosce

612 4798 739 4867 illis,
774 4802 894 4872 quia
921 4806 1144 4860 nesciunt
1168 4807 1290 4878 quid
1316 4807 1512 4879 faciunt
1537 4807 1687 4880 (Luc.
1721 4808 1874 4882 xxiii,
1907 4814 2023 4887 54).
2056 4816 2204 4875 Beati

615 4893 705 4965 qui
730 4896 1120 4965 persecutionem
1136 4901 1397 4970 patiuntur
1415 4911 1622 4975 propter
1641 4905 1889 4979 justitiam
1908 4908 2119 4982 (Matth.
2144 4929 2199 4982 v,

612 4985 805 5060 3-10);
839 4988 1118 5047 imitamini
1155 5008 1278 5049 eum
1307 4995 1395 5065 qui
1424 5010 1517 5067 pro
1544 4996 1684 5053 vobis
1718 5016 1900 5072 passus
1928 5012 2020 5071 est,
2043 5007 2201 5061 relin-

522 5122 528 5127 .
610 5095 767 5150 quens
785 5080 924 5135 vobis
942 5083 1246 5151 exemplum,
1259 5094 1313 5140 ut
1332 5090 1613 5157 sequamini
1627 5093 1834 5165 uestigia
1854 5094 1965 5167 ejus
1983 5096 2032 5167 (Ι
2054 5096 2198 5155 Petr.

611 5187 669 5238 ll,
696 5171 811 5243 2i).
844 5172 972 5230 Haec
1008 5174 1097 5246 qui
1138 5175 1430 5246 imitantur,
1478 5181 1532 5236 in
1567 5181 1647 5239 his
1702 5183 1910 5255 Agnum
1961 5196 2199 5260 sequun-

611 5274 714 5321 tur.
743 5264 1023 5323 Sedcerte
1051 5268 1209 5325 etiam
1253 5269 1519 5344 conjugati
1561 5287 1783 5345 possunt
1829 5277 1908 5334 ire
1958 5295 2052 5350 per
2096 5282 2197 5339 ista

609 5360 851 5431 vestigia,
882 5360 982 5416 etsi
1012 5375 1116 5417 non
1156 5361 1390 5435 perfecte
1418 5366 1469 5420 in
1501 5366 1689 5423 eadem
1720 5367 1887 5423 forma
1934 5382 2197 5441 ponentes

608 5452 819 5522 pedem,
852 5464 1216 5513 verumtamen
1248 5457 1301 5513 in
1329 5458 1531 5514 eisdem
1563 5461 1769 5516 semitis
1796 5462 2118 5533 gradientes.

678 5546 907 5606 CAPUT
944 5549 1137 5607 XXIX.
1154 5581 1225 5593 —-
1240 5552 1333 5609 29.
1375 5552 1488 5621 Quo
1511 5570 1626 5608 eum
1647 5566 1922 5625 sequuntur
1948 5561 2071 5614 sola:
2095 5562 2197 5617 vir-

605 5639 765 5710 gines.
794 5638 1080 5697 Invidentia
1111 5644 1165 5699 in
1189 5644 1327 5700 cwlis
1354 5653 1558 5718 propter
1586 5648 1913 5719 prtemiorum
1948 5650 2194 5720 di/I'eren-

604 5793 701 5906 bu;
714 5794 1001 5907 ζ
1022 5810 1130 5860 pro,
1147 5796 1371 5863 gramina
1384 5835 1400 5863 ,
1426 5798 1595 5866 habet,
1618 5806 1830 5870 graium
1855 5819 1875 5860 :
1893 5807 2193 5875 refraganti-

1526 338 1613 394 DE
1652 336 1920 394 SANCTA
1960 329 2423 404 VlRGlNlTATE,
2463 335 2521 392 S.
2563 334 2931 394 AUCUSTINI
3745 360 3811 420 ω

2346 452 2470 507 tiam
2491 454 2655 510 nulla.
2682 454 2789 514 Sed
2816 470 2942 513 ecce
2970 455 3058 513 ille
3086 456 3267 533 Agnus
3287 460 3518 533 graditur
3534 464 3694 528 ltitiam

2340 545 2475 613 nali;
2502 548 2771 619 quomodo
2796 561 2918 631 post
2931 566 3053 607 eum
3070 551 3220 610 ibunt
3232 555 3320 626 qui
3335 555 3436 614 hoc
3457 545 3812 640 miseruntque]

2339 639 2487 697 nullo
2526 640 2689 699 modo
2732 644 3032 716 recipiunt?
3064 644 3173 702 Vos
3201 660 3350 719 ergo,
3382 663 3475 705 vos
3516 651 3581 708 ite
3606 666 3704 726 post

2340 733 2570 804 virgines
2597 734 2742 807 ejus;
2774 752 2871 793 vos
2897 748 2952 794 et
2972 739 3099 795 illuc
3123 740 3216 797 ite.
3233 750 3355 811 post
3378 758 3518 808 eum,
3544 746 3651 818 quia
3671 765 3814 824 propter

2340 826 2442 882 hoc
2463 843 2625 885 unum
2642 831 2659 862 ¹
2681 846 3017 903 quocomque
3036 831 3159 889 ierit
3188 835 3471 906 sequimini
3486 852 3598 895 eum
3614 841 3695 897 :ad
3708 848 3816 915 quod.

2338 916 2470 974 libet
2507 920 2650 976 enim
2680 918 2825 977 aliud
2853 923 3149 981 sanctitatis
3182 923 3382 983 donum
3407 942 3509 999 quo
3534 944 3643 988 eum
3661 947 3817 1005 sequia.

2339 1017 2444 1078 tur,
2475 1012 2678 1067 hortari
2707 1024 2998 1085 possumus
3036 1014 3371 1088 conjugatos,
3406 1028 3588 1088 praeter
3617 1020 3700 1078 hoc
3729 1030 3841 1097 quod,

2337 1101 2756 1173 irreparabiliter
2794 1105 3106 1162 amiserunt.
3143 1106 3246 1161 Vos
3272 1107 3450 1180 itaque
3476 1109 3719 1181 sequimini
3744 1096 3841 1175 eumi

2338 1194 2571 1251 tenendo
2592 1208 2995 1267 perseveranter
3019 1199 3160 1271 quod
3188 1201 3411 1257 vovistis
3430 1202 3676 1261 ardenter.
3701 1206 3817 1265 Facite

2338 1301 2457 1321 num
2493 1291 2711 1321 πηιηριῖο
2777 1305 2843 1321 ..Δ
2884 1291 3201 1321 ινζκηῖηἶοειιὲο
3252 1292 3449 1321 Iun“...
3476 1309 3502 1321 ..
3531 1294 3659 1321 ..-1.2.
3685 1312 3804 1321 -,-,-.

2336 1301 2459 1343 cum
2492 1291 2734 1359 potestis,
2777 1305 2844 1347 ne
2884 1291 3203 1362 virginitatis
3251 1292 3451 1349 bonum
3476 1309 3505 1349 a
3531 1294 3662 1352 vobis
3683 1291 3841 1368 perciti

2334 1379 2421 1434 cui
2448 1379 2623 1438 facere
2650 1382 2778 1437 nihil
2808 1383 3031 1453 potestis
3054 1392 3113 1440 ut
3140 1383 3342 1441 redeat.
3377 1383 3580 1442 Videbit
3598 1403 3678 1445 vos
3696 1378 3841 1447 caiisa

2334 1472 2619 1529 multitudo
2645 1473 2902 1541 ﬁdelium,
2924 1492 3046 1547 qua:
3070 1477 3275 1548 Agnum
3301 1472 3370 1534 ad
3395 1477 3499 1535 hoc
3521 1480 3819 1559 sequinoupo-

2335 1572 2470 1620 test:
2502 1565 2721 1634 videbit,
2745 1582 2843 1623 nec
2864 1567 3147 1636 invidebit;
3170 1577 3225 1626 et
3248 1560 3564 1626 collretando
3581 1574 3817 1647 vobisquid

2332 1657 2385 1713 in
2414 1674 2473 1714 se
2494 1674 2599 1714 non
2625 1659 2801 1725 habet,
2837 1660 3053 1717 habebit
3073 1661 3127 1717 in
3151 1661 3324 1718 vobis.
3345 1661 3480 1719 Nam
3509 1673 3559 1721 et
3579 1665 3691 1722 illud
3709 1672 3817 1724 canti-

2330 1766 2451 1807 cum
2479 1768 2672 1808 norum
2700 1748 2970 1825 pr0prium
2991 1765 3227 1811 vestrum
3255 1754 3434 1812 dicere
3454 1771 3556 1813 non
3570 1760 3816 1829 poteram.
3840 1766 3841 1831 ξ

2329 1842 2445 1900 dire
2472 1853 2650 1900 autem
2683 1846 2896 1917 poterit,
2922 1854 2979 1902 et
2997 1846 3248 1902 delectari
3287 1857 3467 1904 vestro
3495 1856 3596 1906 tam
3618 1850 3815 1910 excellenti

2328 1936 2490 1994 bono.
2523 1937 2630 1994 Sed
2659 1953 2756 1993 vos
2782 1940 2871 2009 qui
2899 1947 2954 1995 et
2995 1938 3183 1994 dicetis
3206 1948 3263 1996 et
3287 1939 3532 2009 audietis,
3568 1942 3672 2012 quia
3700 1952 3740 1998 et
3759 1945 3814 2001 litt

2326 2026 2467 2098 quod
2496 2026 2686 2084 dicetis
2714 2042 2746 2082 a
2771 2028 2925 2084 vobis
2948 2028 3198 2098 audietis,
3224 2028 3435 2085 felicius
3462 2031 3814 2106 exsultabitis,jr-

2328 2118 2661 2190 cundiusque
2688 2120 2997 2191 regnabitis.
3028 2121 3101 2176 De
3132 2120 3337 2192 majore
3366 2129 3542 2178 tamen
3566 2133 3713 2179 vestro
3732 2140 3814 2195 gui-

2326 2212 2417 2269 dio
2442 2214 2620 2268 nullus
2646 2229 2846 2270 mceror
2875 2216 2977 2270 erit
3016 2215 3207 2285 quibus
3232 2214 3341 2271 hoc
3369 2215 3558 2272 deerit.
3595 2218 3741 2291 Agnus
3763 2219 3814 2276 ille

2324 2306 2540 2378 quippe,
2571 2322 2729 2376 quem
2759 2322 2855 2363 vos
2880 2322 3216 2379 quocumque
3235 2308 3363 2364 ierit
3386 2308 3813 2381 sequimini,neceu

2323 2397 2540 2455 deseret
2566 2400 2656 2470 qui
2682 2414 2805 2455 eum
2831 2415 2937 2470 quo
2964 2414 3059 2455 vos
3088 2415 3192 2455 non
3218 2401 3405 2458 valent
3443 2403 3607 2474 sequi.
3640 2402 3813 2473 Omnipo.

2325 2499 2523 2547 tentem
2552 2495 2760 2562 Agnum
2786 2491 3073 2563 loquimur.
3098 2493 3167 2549 Et
3200 2493 3356 2550 vobis
3383 2495 3600 2565 prmibit,
3631 2505 3676 2550 et
3702 2495 3812 2551 sireis

2323 2597 2430 2639 non
2460 2583 2646 2651 abibit,
2677 2598 2799 2639 cum
2824 2585 2926 2641 erit
2951 2585 3093 2640 Deus
3121 2586 3304 2642 omnia
3335 2588 3389 2642 in
3434 2583 3717 2661 omnibus(l
3736 2584 3808 2642 Cor.

2322 2691 2415 2743 xv,
2442 2675 2558 2747 28).
2587 2675 2657 2731 Et
2675 2677 2763 2747 qui
2786 2676 2964 2734 minus
2982 2675 3275 2744 habebunt,
3300 2694 3333 2734 a
3354 2678 3502 2735 vobis
3523 2695 3618 2735 non
3637 2678 3811 2734 abhorre-

2322 2766 2475 2823 bunt.
2508 2766 2607 2823 Uhi
2635 2767 2780 2823 enim
2809 2767 2949 2823 nulla
2979 2777 3063 2824 cst
3092 2767 3406 2836 invidentia,
3438 2784 3644 2826 concors
3663 2778 3726 2825 est
3746 2768 3810 2823 dii-

2320 2859 2567 2917 ferentia.
2603 2860 2914 2916 Prmsumite
2957 2860 3160 2932 itaque,
3207 2859 3381 2927 ﬁdite,
3411 2861 3808 2930 roboraaiini,per-

2321 2962 2554 3020 manete,
2593 2953 2683 3024 qui
2715 2953 2919 3008 vovctis
2958 2961 3013 3008 et
3054 2952 3279 3010 redditis
3324 2954 3544 3009 Domino
3571 2954 3663 3009 Deo
3698 2960 3809 3007 vestro

2321 3055 2441 3100 vota
2487 3043 2662 3115 (Psal.
2711 3060 2876 3112 Lxxv,
2921 3043 3011 3116 12)
3058 3058 3338 3117 perpetua:
3381 3046 3708 3113 continentia),
3744 3058 3807 3099 nos

2320 3144 2539 3209 propter
2564 3151 2804 3207 praesens
2830 3138 3109 3205 saeculum,
3149 3136 3245 3194 sed
3276 3148 3496 3211 propter
3531 3152 3712 3210 regnum
3740 3151 3806 3192 ce-

2320 3225 2620 3375 ΙΟἘΣᾎΗΤ
2657 3317 2827 3375 XXX.
2851 3349 2922 3359 —
2944 3318 3037 3376 50.
3082 3318 3334 3376 Hortatur
3375 3322 3443 3375 ad
3479 3321 3753 3394 virginitatem
3776 3328 3806 3371 ιι

2318 3407 2388 3463 ad
2410 3426 2537 3481 Opus
2560 3414 3040 3484 supererogatiouis,
3067 3429 3167 3468 non
3194 3416 3458 3485 praxepti.
3494 3414 3590 3470 Vos
3612 3413 3735 3469 etiam
3753 3409 3806 3481 qui

2322 3501 2425 3558 hoc
2476 3502 2709 3559 nondum
2755 3506 3008 3573 vovistis,
3061 3506 3151 3576 qui
3203 3508 3427 3577 potestis
3471 3521 3660 3578 capere,
3697 3504 3805 3571 αρλιε

2321 3592 2537 3671 (Matth.
2581 3612 2691 3662 xui,
2726 3596 2849 3669 i2);
2897 3607 3307 3673 perseveranter
3332 3600 3543 3663 currite,
3568 3606 3619 3653 ut
3638 3610 3805 3666 compte

2318 3684 2564 3742 hendatis
2591 3686 2634 3760 (l
2660 3686 2778 3743 Cor.
2807 3704 2885 3756 ix,
2912 3688 3029 3761 24).
3061 3689 3253 3744 Tollite
3282 3689 3482 3746 hostias
3508 3689 3695 3761 quisque
3714 3697 3803 3745 suis.

2318 3790 2374 3836 et
2403 3782 2615 3836 introitu
2648 3781 2701 3837 in
2726 3784 2859 3838 atria
2892 3783 3099 3838 Domini
3123 3782 3296 3853 (Psal.
3328 3800 3451 3851 xcv,
3478 3784 3549 3855 8),
3575 3797 3662 3837 non
3684 3791 3805 3834 exae-

2316 3876 2587 3936 cessitate.
2618 3884 2935 3947 potestatem
2968 3875 3228 3932 habentes
3255 3887 3451 3951 vesti-1e
3472 3867 3805 3930 voluntatish'e

2315 3982 2419 4039 que
2445 3967 2585 4023 enim
2613 3969 2771 4034 sicut,
2809 3962 2929 4021 Non
2957 3967 3306 4036 ntaecltaberis,
3340 3967 3457 4023 Non
3486 3957 3800 4035 occides(l'.’.tod.

2314 4076 2413 4129 xx,
2444 4061 2530 4126 ιδ,
2556 4060 2662 4131 tt),
2691 4060 2761 4114 ita
2782 4058 2887 4114 dici
2906 4068 3101 4130 potest,
3120 4059 3233 4115 Non
3262 4040 3454 4116 nubes.
3483 4058 3567 4113 llla
3586 4055 3800 4125 exiguntur.

2314 4152 2414 4209 ista
2442 4152 2755 4207 olferuntur.
2779 4150 2833 4206 Si
2866 4134 2994 4205 ﬁant
3019 4151 3138 4215 ista,
3168 4152 3484 4207 laudantur:
3506 4148 3595 4204 nisi
3620 4146 3719 4201 ﬁant
3731 4139 3798 4203 illa.

2311 4220 2652 4298 damnantur.
2680 4241 2736 4297 In
2766 4242 2868 4297 illis
2896 4242 3154 4297 Dominus
3181 4242 3419 4297 debitum
3448 4242 3650 4312 imperat
3678 4232 3799 4289 vobis:

2312 4336 2365 4394 in
2402 4336 2483 4392 his
2512 4345 2687 4392 autem
2733 4337 2776 4392 si
2822 4336 2947 4408 quid
2990 4337 3223 4406 amplius
3264 4329 3736 4408 supererngaveritis.
3766 4323 3798 4376 in

2311 4428 2585 4485 redeundo
2616 4426 2805 4484 reddet
2846 4427 2996 4484 vobis
3024 4426 3172 4500 (Luc.
3202 4445 3255 4491 χ,
3291 4428 3403 4500 55).
3435 4425 3665 4497 Cogitate,
3701 4412 3798 4487 quid-

2310 4517 2437 4590 quid
2460 4519 2586 4575 illud
2614 4529 2718 4587 est,
2744 4521 2793 4574 in
2818 4536 2971 4574 muro
2993 4520 3110 4590 ejus
3132 4520 3306 4575 locum
3341 4520 3643 4576 nominatum
3666 4507 3793 4601 meliti-

2308 4627 2424 4667 rem
2456 4610 2625 4667 multo
2654 4627 2811 4682 quam
2844 4611 3073 4667 ﬁliorum
3097 4622 3257 4683 atque
3288 4613 3525 4667 ﬁliarum.
3552 4598 3740 4677 Cugitate
3753 4598 3793 4651 il-

2308 4702 2378 4759 lic
2426 4720 2620 4759 nomen
2676 4713 2934 4759 internum
2996 4703 3146 4785 (Isai.
3200 4721 3306 4771 Lvi,
3354 4706 3431 4775 5).
3477 4702 3593 4771 Quis
3637 4692 3794 4764 explical

2307 4796 2466 4866 quale
2494 4812 2711 4869 nomen
2760 4797 2897 4851 erit?
2944 4796 3214 4868 Quidquid
3264 4809 3436 4854 tamen
3477 4798 3585 4859 erit,
3611 4796 3791 4884 τειετιιιιξυ

2307 4876 2429 4944 erii.
2464 4888 2574 4943 Hoc
2603 4889 2871 4944 credendo
2910 4900 2965 4944 et
3009 4891 3273 4961 sperando
3317 4900 3370 4947 et
3419 4886 3639 4949 amando,
3672 4876 3792 4952 potui-

2304 4980 2402 5036 stis
2429 4981 2676 5052 conjugia
2711 4998 2815 5038 non
2855 4981 3097 5039 devitarc
3123 4984 3409 5056 prohibita,
3440 4981 3526 5038 sed
3550 4972 3790 5035 ιηηετοδθκ
3842 4972 3845 5045 ἶ

2303 5087 2581 5128 concessa.
2648 5140 2653 5147 ε

2374 5163 2600 5220 CAPUT
2639 5156 2834 5220 XXXI.
2852 5195 2924 5206 —-
2943 5165 3035 5220 51.
3067 5164 3343 5222 Humilitas
3371 5166 3571 5221 maxime
3590 5151 3784 5227 tirgiuibﬂ

2301 5256 2723 5313 commendanda.
2759 5255 3078 5313 Humilitatis
3121 5275 3354 5314 mensura
3398 5257 3557 5327 cuique
3580 5252 3690 5306 άαια·
3715 5243 3782 5340 Si“

2302 5347 2475 5420 perbia
2502 5358 2663 5402 mater
2706 5348 3014 5405 invidentiw.
3046 5349 3199 5406 Unde
3226 5350 3382 5422 hujus
3410 5345 3618 5404 muneris
3640 5349 3755 5403 ωοειυ

2303 5439 2451 5507 tudo,
2484 5440 2549 5495 ad
2594 5438 2736 5511 quod
2765 5442 3152 5511 capessendum
3184 5459 3281 5514 pro
3306 5442 3487 5498 nostris
3513 5436 3677 5526 viribus
3844 5436 3845 5441 ‘

2300 5533 2392 5588 tati
2438 5548 2645 5599 sumus,
2692 5544 2892 5605 quanto
2933 5544 3017 5590 est
3059 5536 3399 5591 excellentius
3424 5542 3564 5602 atque
3598 5521 3762 5579 ditium

2301 5634 2448 5682 tanto
2498 5628 2663 5697 magis
2709 5622 2963 5683 admonet
3009 5627 3409 5684 sollicitudinem
3450 5630 3664 5680 nostram.
3702 5618 3755 5660 υα

2296 5720 2473 5776 solum
2498 5719 2567 5776 de
2593 5718 2975 5791 gloriosissima
3006 5720 3266 5788 castitate,
3297 5732 3466 5774 verum
3492 5711 3624 5770 etiam
3640 5701 3691 5759 de
3710 5706 3754 5750 ιο

2362 5874 2385 5907 ο
2409 5872 2546 5936 Fditi,
2571 5871 2745 5925 bonum
2766 5886 2930 5925 manu.
2951 5875 3117 5938 Abest,
3140 5875 3332 5939 suum,
3352 5875 3489 5925 alat.
