3880 6284
69 375 154 432 ιιδ

68 490 231 548 tissime
257 483 542 541 humilitate
563 482 759 554 aliquid
788 482 951 554 loqui.
987 482 1120 538 Cum
1152 497 1281 553 ergo
1322 489 1592 553 perpetuae

65 579 355 642 continentiae
388 575 713 647 professores
760 590 820 630 se
867 576 1164 645 coniugatis
1195 585 1589 644 comparantes,

63 672 302 732 secundum
327 668 630 740 Scripturas
663 669 1024 738 compererint
1056 683 1152 725 eos
1191 667 1329 724 infra
1365 682 1506 735 esse,
1540 681 1593 723 et

60 783 188 839 opere
208 775 256 821 et
282 762 543 828 mercede,
569 770 623 818 et
649 769 772 817 voto
806 769 862 817 et
892 762 1142 831 praemio;
1187 762 1367 818 statim
1412 761 1591 815 veniat

60 865 100 920 in
130 867 332 916 mentem
371 855 514 927 quod
559 854 813 925 scriptum
854 863 971 909 est:
1003 855 1202 920 Quanto
1248 869 1463 924 magnus
1515 869 1586 920 es,

57 965 165 1008 tanta
184 951 376 1006 humilia
403 963 451 1004 te
475 949 528 1004 in
549 949 798 1014 omnibus,
825 958 873 1004 et
897 964 1067 1002 caram
1091 946 1200 1003 Deo
1227 948 1444 1002 inuenies
1469 963 1589 1018 gra-

57 1049 147 1099 tiam
183 1041 349 1114 (Eccli.
394 1057 473 1108 ιιι,
518 1040 632 1115 20).
672 1041 916 1096 Mensura
947 1040 1261 1096 humilitatis
1300 1040 1492 1110 cuique
1522 1055 1589 1094 ex

57 1151 252 1192 mensura
276 1134 437 1204 ipsius
458 1133 840 1204 magnitudinis
860 1133 983 1188 data
1014 1142 1098 1188 est
1117 1151 1128 1186 :
1150 1133 1236 1188 cui
1269 1141 1352 1186 est
1383 1133 1589 1201 pericu-

56 1230 139 1283 losa
173 1225 419 1296 superbia,
452 1241 574 1295 qua:
618 1226 848 1294 amplius
894 1225 1240 1294 amplioribus
1285 1224 1585 1279 insidiatur.

57 1324 168 1378 lianc
189 1319 406 1391 sequitur
448 1319 764 1385 invidentia,
796 1328 1045 1390 tanquam
1075 1318 1182 1374 ﬁlia
1223 1319 1538 1390 pedissequa
1569 1336 1584 1373 :

55 1430 148 1471 eam
167 1414 328 1482 quippe
365 1413 619 1482 superbia
650 1413 901 1468 continuo
928 1413 1084 1481 parit,
1120 1426 1219 1466 nec
1245 1427 1477 1482 unquam
1503 1421 1586 1468 est

63 1509 153 1563 sine
175 1505 244 1559 tali
267 1505 405 1574 prole
451 1513 617 1573 atque
658 1507 874 1560 comite.
902 1505 1106 1574 Quibus
1149 1505 1359 1560 duobus
1404 1505 1578 1572 malis,

60 1601 138 1654 hoc
156 1608 215 1653 est
237 1597 473 1667 superbia
501 1606 557 1652 et
585 1597 896 1664 invidentia,
941 1597 1185 1653 diabolus
1214 1599 1355 1653 est‘.
1403 1598 1584 1669 Itaque

54 1703 190 1748 contra
215 1691 503 1761 superbiam
532 1701 756 1748 matrem
786 1692 1090 1748 invidentia:
1124 1695 1365 1750 maxime
1390 1695 1584 1752 militat

50 1787 241 1840 universa
267 1784 542 1854 disciplina
566 1786 875 1842 christiana.
900 1787 1026 1843 Haec
1054 1789 1195 1843 enim
1225 1788 1384 1844 docet
1407 1789 1583 1846 humi-

50 1878 225 1944 litatem,
244 1893 338 1948 qua
363 1887 415 1933 et
442 1879 690 1948 acquirat
718 1888 770 1934 et
807 1877 1072 1934 custodiat
1117 1881 1434 1938 charitatem
1465 1902 1480 1938 :
1514 1884 1582 1939 de

50 1985 124 2038 qua
145 1984 243 2023 cum
271 1968 466 2024 dictum
495 1978 664 2037 esset,
695 1969 924 2026 Charitas
965 1989 1066 2026 non
1095 1975 1396 2040 aemulatur;
1436 1976 1582 2032 velut

49 2064 80 2118 si
98 2077 270 2118 causam
303 2077 692 2133 quaereremus,
737 2065 875 2121 unde
903 2065 996 2120 fiat
1024 2075 1082 2120 ut
1123 2083 1230 2122 non
1279 2069 1576 2140 a-muletur,

47 2155 241 2208 continuo
269 2153 522 2217 subdidit,
557 2153 680 2210 Non
719 2158 928 2226 inﬂatur
967 2158 1009 2229 (I
1033 2157 1151 2212 Cor.
1181 2176 1295 2226 xm,
1322 2162 1378 2231 4)
1408 2179 1421 2216 :
1456 2170 1577 2216 tan-

48 2260 161 2314 quam
187 2244 390 2312 diceret,
423 2247 552 2301 Ideo
581 2262 686 2301 non
717 2247 875 2302 habet
915 2249 1283 2316 invidentiam,
1326 2252 1448 2322 quia
1479 2265 1579 2309 nec

47 2339 305 2407 superbiam.
335 2339 541 2395 Doctor
572 2341 749 2411 itaque
777 2341 1089 2398 humilitatis
1119 2343 1363 2400 Christus
1403 2347 1577 2416 primo

47 2433 304 2503 unietipsum
327 2435 607 2488 exinanivit
635 2437 852 2505 formam
879 2437 1010 2491 serui
1033 2438 1307 2507 accipiens,
1349 2439 1402 2493 in
1435 2439 1577 2495 simi-

49 2523 205 2579 litudine
235 2525 487 2580 hominum
530 2532 717 2597 factus,
754 2538 802 2583 et
836 2529 1010 2584 habitu
1046 2531 1277 2586 inventus
1304 2541 1361 2586 ut
1387 2532 1574 2600 homo;

48 2617 266 2672 hmitiarit
290 2620 632 2690 semetipsum,
678 2620 844 2690 factus
887 2623 1120 2678 obediens
1158 2640 1316 2695 usque
1343 2625 1411 2680 ad
1439 2642 1577 2680 mor-

46 2715 127 2770 tan,
153 2718 336 2764 mortem
357 2719 530 2766 autem
562 2713 726 2767 crucis
746 2712 1004 2784 (Philipp.
1035 2731 1092 2780 ιι,
1123 2716 1175 2782 7,
1200 2715 1278 2788 8).
1305 2717 1421 2788 Ipsa
1446 2733 1575 2776 vero

46 2798 229 2858 doctrina
255 2803 386 2872 ejus,
418 2797 586 2875 quam
615 2814 817 2861 attente
842 2806 1077 2864 insinuet
1106 2809 1463 2867 humilitatem
1493 2823 1574 2868 at-

46 2905 117 2961 que
137 2894 240 2950 huic
275 2896 649 2968 prmeipicndae
687 2898 1036 2954 vehementer
1065 2901 1292 2968 insistat,
1324 2901 1447 2974 quis
1475 2919 1572 2961 ex-

46 2983 191 3052 plicare
215 2986 360 3044 facile
390 2989 588 3059 possit,
616 2998 778 3060 atque
805 2990 859 3045 in
890 2991 1026 3047 hanc
1053 3008 1166 3047 rem
1194 2993 1574 3052 demonstran-

46 3072 130 3127 dam
148 3069 424 3134 testimonia
445 3088 643 3134 cuncta
661 3081 988 3150 congerere?
1016 3080 1130 3138 Hoc
1149 3081 1327 3141 facere
1352 3097 1574 3144 conetur

47 3166 103 3219 vel
137 3168 283 3234 iaciat,
326 3165 573 3242 quisqms
619 3185 862 3227 seorsum
907 3171 974 3229 de
1018 3173 1316 3232 humilitate
1343 3179 1575 3235 voluerit

46 3260 425 3336 scribere:bujus
474 3261 660 3321 autem
702 3265 881 3336 operis
923 3264 1069 3322 aliud
1110 3268 1440 3340 propositum
1470 3279 1572 3340 est,

48 3355 148 3421 quod
173 3353 230 3412 de
255 3367 352 3411 tam
386 3373 581 3429 magna
610 3373 668 3412 re
695 3370 1001 3428 susceptum
1028 3368 1129 3427 est,
1175 3365 1230 3415 ut
1268 3361 1316 3415 ei
1344 3364 1574 3418 maxime

47 3445 94 3497 sit
112 3449 308 3504 cavenda
329 3450 604 3520 superbia.
1188 3499 1192 3504 .

97 3538 280 3598 CAPUT
315 3540 536 3600 XXXII.
557 3575 628 3584 -—-
646 3542 734 3601 ⁵52.
778 3543 856 3600 De
884 3531 1167 3602 humilitate
1197 3557 1446 3619 praecepta
1467 3547 1576 3603 Do~

48 3632 137 3686 mini
164 3627 200 3690 et
229 3639 466 3709 exempla.
501 3635 737 3694 Proinde
767 3654 932 3710 pauca
963 3641 1286 3707 testimonia,
1319 3657 1437 3712 qua:
1475 3642 1576 3695 Do-

50 3725 177 3780 minus
197 3723 244 3782 in
270 3738 499 3786 mentem
534 3729 662 3786 dare
688 3730 955 3801 dignatur,
1001 3749 1064 3788 ex
1112 3731 1352 3789 doctrina
1377 3731 1575 3788 Christi

49 3811 96 3868 dc
121 3816 378 3877 humilitate
405 3837 797 3887 commemoro,
839 3835 955 3892 qna:
985 3821 1050 3877 ad
1092 3822 1143 3879 id
1181 3823 1322 3895 quod
1371 3823 1575 3879 intendi

50 3903 225 3966 iortasse
265 3911 550 3970 suﬂiciant.
603 3913 793 3970 Sermo
831 3915 966 3986 ejus,
1007 3927 1163 3986 quem
1194 3918 1419 3986 primum
1448 3932 1576 3987 pro-

49 3991 246 4056 lixiorem
266 4003 324 4059 ad
351 3997 646 4076 discipulos
676 3999 878 4073 habuit,
908 4005 1029 4062 inde
1050 4007 1231 4078 C(Bpit,
1266 4003 1412 4061 Beati
1441 4023 1574 4078 pau-

53 4101 155 4154 peres
192 4091 373 4163 spiritu,
409 4095 655 4167 quoniam
698 4097 924 4167 ipsorum
970 4109 1042 4152 est
1083 4099 1302 4169 regnum
1337 4099 1577 4154 castorum

52 4177 213 4246 (lietth.
241 4201 290 4250 v,
310 4185 364 4257 3.)
389 4207 401 4240 :
435 4185 574 4260 ducs
602 4183 716 4244 sine
751 4187 853 4244 ulla
879 4189 1240 4246 controversia
1266 4185 1491 4247 humiles
1509 4189 1583 4245 iri-

53 4267 297 4343 tellig‘imus.
336 4275 525 4335 Fidem
573 4271 913 4336 Ccntu'rionis
965 4277 1106 4337 illius
1148 4282 1269 4338 ideo
1311 4282 1578 4353 praecipue

54 4359 252 4435 laudavit,
277 4385 372 4427 nec
386 4387 443 4427 se
462 4372 734 4446 invenisse
751 4373 803 4427 in
824 4371 985 4428 Israel
1012 4367 1146 4429 dixit
1172 4377 1368 4430 tantam
1393 4366 1576 4441 Iidem,

56 4451 143 4521 quia
162 4452 238 4515 ille
259 4453 358 4516 tam
384 4448 662 4520 bumiiiter
691 4457 936 4534 credidit,
973 4477 1027 4520 ut
1051 4465 1274 4533 diceret,
1309 4463 1431 4521 Non
1464 4483 1577 4522 sum

58 4547 194 4621 lignus
212 4559 261 4609 at
282 4553 368 4612 sub
396 4553 583 4613 tectum
609 4574 772 4611 meum
796 4547 951 4613 intres
975 4553 1082 4630 (Id.
1105 4575 1214 4626 vni,
1234 4559 1318 4616 5-1
1331 4559 1409 4633 0).
1427 4549 1582 4619 Unde

64 4649 137 4695 nec
156 4637 405 4704 Iiatthaau‘s
452 4635 525 4705 ob
565 4645 711 4704 aliud
760 4663 880 4703 eum
913 4647 1045 4704 dixit
1074 4649 1366 4707 accessisse
1395 4650 1463 4707 ad
1486 4649 1580 4708 Je-

66 4744 170 4802 sum,
209 4731 315 4794 cum
357 4735 696 4811 apertissime
737 4737 909 4796 Lucas
955 4737 1188 4796 insinuet
1211 4740 1352 4811 quod
1381 4757 1486 4798 non
1513 4744 1578 4799 ad

61 4835 152 4880 cum
175 4815 271 4900 ipse
295 4821 517 4902 veii'e'rlt,
541 4831 637 4892 sed
669 4823 871 4892 amicos
914 4851 1040 4891 suos
1070 4831 1276 4892 miserit
1302 4835 1454 4906 (Luc.
1485 4853 1578 4903 vn,

65 4907 104 4980 θ,
123 4919 182 4989 7),
205 4917 290 4980 nisi
309 4928 426 4997 quia
454 4915 764 4984 fidelissima
805 4926 1105 4987 humilitate
1152 4932 1320 5003 magis
1351 4933 1463 5002 ipse
1487 4939 1576 4987 τιο-

66 5009 202 5092 Cessit,
227 5009 370 5088 quam
395 5021 471 5077 illi
497 5019 632 5095 ques
673 5017 836 5079 mittit.
870 5017 1022 5080 Unde
1063 5029 1117 5080 et
1145 5015 1272 5080 illud
1303 5025 1578 5097 propheti-

69 5099 261 5188 ωωφι,
299 5103 533 5171 Exceisu's
577 5120 650 5170 est
690 5099 959 5184 Dominus,
1008 5127 1054 5172 et
1096 5115 1303 5172 humilia
1347 5119 1580 5188 respicit;

71 5185 217 5286 επεὶιᾶ
235 5213 382 5259 autem
405 5222 436 5261 a
456 5207 603 5280 longe
626 5205 878 5280 cognoscit
895 5208 1072 5286 (Psal.
1100 5225 1334 5275 cxxxvn,
1368 5185 1458 5280 6):
1485 5209 1579 5266 uti-

73 5299 147 5353 que
163 5283 375 5364 laminam
405 5291 508 5355 non
533 5287 861 5357 accedentia.
891 5283 1026 5356 Iiinc
1051 5310 1107 5358 et
1123 5286 1195 5357 illi
1214 5297 1421 5358 mulieri
1442 5303 1580 5358 Cha-

77 5390 226 5466 η-εῐζὲφ
249 5381 380 5466 dicit,
413 5375 455 5446 Ὀ
483 5385 681 5464 mulier,
720 5389 907 5465 magna
946 5404 1017 5448 est
1057 5389 1181 5463 ﬁdes
1217 5393 1335 5448 tua!
1376 5391 1464 5463 ﬁat
1493 5395 1580 5448 tibi

79 5465 168 5522 εῖειὶ
185 5459 244 5528 bis
271 5494 288 5532 :
317 5464 468 5552 titiam
501 5472 748 5556 superius
778 5485 963 5541 canem
992 5483 1368 5556 appellaverat,
1402 5501 1500 5541 nec
1529 5488 1578 5541 ei

83 5571 225 5624 Panem
251 5569 456 5632 ﬁliorum
478 5577 862 5650 projiciendum
891 5593 1011 5636 esse
1040 5579 1406 5651 responderat.
1426 5579 1581 5648 Quod

100 5873 110 5912 ι
134 5809 223 5896 {sic
237 5824 327 5870 uss.
347 5829 395 5897 μ
415 5830 506 5898 Er._,
540 5826 766 5941 superbia
783 5833 827 5899 et
849 5811 1112 5876 invidentia
1146 5823 1366 5878 diabolus
1388 5829 1588 5895 prwest.

113 5889 185 5936 λίπει
203 5894 232 5930 δι
247 5883 402 5941 White
419 5893 462 5941 et
482 5901 592 5941 nam
611 5898 752 5941 entue
764 5887 985 5941 dmbotus
998 5895 1192 5941 mwest.

113 5889 185 5936 Mt,
203 5894 232 5930 si
247 5883 402 5946 perbite
419 5893 462 5941 et
482 5883 752 5942 iiwidentiw
764 5887 985 5941 diabolus
998 5895 1192 5953 prwest.

1296 316 1302 321 '
1424 363 1631 420 LIBER
1670 364 1872 423 IlNUS.

2741 278 2814 300 κ’.

3185 386 3290 445 414

1701 482 1790 538 illa
1830 483 2102 544 humiliter
2131 490 2399 562 accipiens
2421 492 2650 564 dixerat,
2680 496 2790 565 Ita,
2817 498 3066 570 Domine;
3088 521 3208 560 nam
3235 516 3284 563 et

1697 591 1847 634 canes
1872 579 2026 636 edunt
2066 582 2130 638 de
2154 585 2296 641 micis
2319 602 2430 653 qute
2453 587 2638 642 cadunt
2675 589 2740 645 de
2765 608 2937 648 mensa
2964 594 3283 655 dominorum

1696 688 1922 728 suorum.
1945 678 2023 731 Ac
2045 677 2122 733 sic
2148 678 2289 748 quod
2313 681 2526 737 assiduo
2547 683 2781 740 clamore
2806 701 2913 742 non
2940 688 3281 761 impetrabat,

1696 763 1884 856 humili
1932 767 2270 826 confessione
2314 774 2613 842 promeruit
2659 774 2870 848 (Matth.
2917 794 3012 846 xv,
3041 781 3281 856 22-28).

1695 854 1830 910 Ilinc
1855 867 1909 912 et
1932 858 2007 913 illi
2031 859 2138 916 duo
2168 874 2534 933 proponuntur
2561 878 2778 924 orantes
2808 869 2860 925 in
2891 873 3111 943 templo,
3145 854 3281 932 unus

1696 946 2010 1017 pharisaeus,
2055 961 2110 1008 et
2133 953 2266 1010 alter
2290 955 2626 1026 publicanus,
2661 971 2879 1031 propter
2915 979 3009 1020 eos
3051 969 3139 1036 qui
3181 967 3279 1026 sibi

1689 1043 1818 1112 justi
1858 1043 2123 1112 videntur,
2165 1056 2220 1103 et
2245 1061 2505 1118 spernunt
2536 1061 2784 1120 caeteros,
2813 1065 2867 1110 et
2893 1061 3278 1117 enumerationi

1693 1136 2005 1192 meritorum
2054 1138 2336 1208 praefertur
2373 1141 2641 1200 confessio
2684 1157 3044 1216 peccatorum.
3077 1151 3147 1206 Et
3177 1154 3278 1207 uti-

1690 1245 1794 1299 que
1821 1230 1930 1285 Deo
1955 1233 2152 1301 gratias
2171 1234 2359 1304 agebat
2383 1235 2677 1305 pharisrcus
2703 1254 2767 1294 ex
2790 1239 2873 1295 his
2893 1241 2947 1295 in
2967 1242 3160 1312 quibus
3179 1244 3278 1304 sibi

1689 1322 1915 1376 multum
1956 1323 2227 1392 placebat:
2262 1323 2485 1390 Gratias,
2517 1328 2706 1398 inquit,
2739 1329 2827 1385 tibi
2868 1347 2985 1403 ago,
3031 1334 3153 1406 quia
3176 1351 3280 1390 non

1687 1431 1801 1470 sum
1825 1416 1955 1471 sicut
1980 1418 2145 1472 caeteri
2170 1417 2416 1486 homines,
2439 1421 2636 1492 injusti,
2655 1432 2900 1494 raptores,
2918 1425 3158 1495 adulteri,
3181 1429 3279 1484 εει·
3358 1456 3365 1466 ·

1685 1515 1745 1562 ut
1792 1516 1841 1563 et
1877 1510 2174 1580 publicanus
2198 1513 2310 1568 iste.
2337 1512 2527 1585 Jejuno
2549 1516 2622 1570 bis
2641 1517 2694 1572 in
2722 1517 2948 1588 sabbato,
2972 1520 3190 1578 decimas
3210 1520 3276 1578 do

1685 1602 1912 1656 omnium
1937 1619 2260 1675 quaecumque
2280 1606 2531 1678 possideo.
2554 1607 2866 1666 Publicanus
2886 1623 3055 1668 autem
3079 1614 3142 1668 de
3162 1616 3276 1670 lon-

1685 1695 1870 1766 ginquo
1891 1696 2074 1764 stabat,
2098 1712 2190 1751 nec
2207 1699 2381 1754 oculos
2400 1701 2468 1755 ad
2501 1702 2682 1756 cmlurn
2721 1705 2936 1759 audebat
2973 1708 3156 1773 levare,
3184 1708 3274 1762 sed

1687 1789 1992 1858 percutiebat
2021 1801 2195 1860 pectus
2223 1809 2395 1856 suum,
2445 1794 2832 1862 dicens:Deus,
2879 1792 3129 1868 propitius
3167 1807 3274 1857 esto

1683 1883 1808 1936 mihi
1834 1885 2104 1954 peccatori.
2136 1885 2387 1957 Sequitur
2403 1897 2576 1945 autem
2599 1887 2777 1945 divina
2794 1893 3057 1947 sententia
3080 1911 3094 1948 :
3114 1895 3272 1950 Amen

1681 1973 1796 2028 dico
1828 1975 1981 2039 vobis,
2015 1976 2272 2032 descendit
2292 1977 2606 2051 justiﬁcatus
2648 1983 2712 2036 de
2747 1983 2932 2052 templa
2973 1983 3274 2056 publicanus

1683 2068 1846 2138 magis
1872 2085 2026 2138 quam
2052 2069 2140 2125 ille
2166 2071 2462 2140 pharisaeus.
2511 2073 2714 2130 Deinde
2751 2089 2910 2131 causa
2950 2077 3269 2145 OStenditur,

1681 2173 1776 2212 cur
1802 2159 1906 2215 hoc
1928 2160 2125 2230 justum
2164 2162 2266 2216 sit:
2298 2163 2550 2228 Quoniam
2571 2166 2614 2218 is
2637 2167 2722 2237 qui
2740 2183 2794 2221 se
2813 2159 3003 2221 exultat
3029 2167 3270 2222 humilia-

1680 2251 1831 2314 bitur,
1858 2262 1905 2305 at
1928 2253 2014 2322 qui
2039 2271 2091 2308 se
2118 2255 2350 2310 humiliat
2377 2257 2681 2312 exaltabitur
2703 2256 2853 2331 (Luc.
2878 2274 3026 2323 xvm,
3053 2239 3266 2331 10-14).

1679 2346 1822 2404 Fieri
1849 2361 1978 2420 ergo
1999 2357 2176 2421 potest
2205 2359 2261 2405 ut
2289 2351 2514 2422 quisque
2543 2360 2597 2407 et
2626 2353 2762 2407 mala
2791 2367 2913 2408 vera
2957 2353 3179 2420 devitet,
3213 2361 3270 2411 et

1679 2451 1806 2492 vera
1833 2437 1971 2495 bona
1999 2439 2051 2495 in
2079 2455 2142 2498 se
2165 2442 2491 2512 Consideret,
2519 2451 2574 2501 et
2601 2444 2670 2501 de
2701 2443 2786 2500 his
2810 2445 2954 2501 Patri
3001 2447 3264 2504 luminum

1679 2532 1878 2602 gratias
1903 2541 2046 2603 agat,
2076 2549 2109 2590 a
2135 2549 2240 2605 quo
2267 2535 2544 2592 descendit
2586 2551 2745 2593 omne
2770 2539 2951 2594 datum
2979 2541 3264 2611 optimum,

1676 2630 1733 2678 et
1756 2639 1915 2680 omne
1944 2625 2140 2680 donum
2184 2625 2477 2696 perfectum
2525 2626 2727 2699 (Jacobi
2757 2645 2793 2696 ι,
2826 2629 2948 2700 i7);
2988 2639 3044 2687 et
3087 2639 3267 2688 tamen

1676 2713 1926 2773 elationis
1953 2715 2082 2772 vitio
2110 2717 2446 2788 reprobetur,
2481 2719 2522 2772 si
2547 2719 2666 2774 aliis
2697 2721 3069 2790 peccatoribus
3093 2717 3268 2776 maxi-

1677 2823 1869 2876 meque
1903 2818 2118 2880 peccata
2145 2809 2197 2864 in
2223 2809 2464 2864 oratione
2485 2809 2884 2876 confitentibus,
2912 2811 2998 2866 Vel
3025 2811 3138 2866 sola
3165 2815 3264 2867 co-

1675 2900 1930 2971 gitatione
1958 2917 2076 2972 quze
2102 2917 2282 2958 coram
2315 2901 2427 2958 Deo
2452 2909 2555 2971 est,
2588 2903 2848 2973 superbus
2878 2904 3116 2971 insultet,
3140 2902 3263 2976 qui-

1676 2995 1774 3051 bos
1796 3009 1902 3050 non
1924 2995 2237 3065 exprobatio
2263 3009 2384 3052 cum
2417 2987 2707 3062 inﬂatione,
2741 2997 2835 3053 sed
2863 2997 3134 3053 miseratio
3149 2997 3266 3054 sine

1677 3087 2048 3160 desperatione
2071 3089 2314 3146 debetur.
2354 3089 2490 3159 Quid
2540 3088 2668 3145 illud
2712 3089 2854 3159 quod
2904 3089 3266 3161 quaerentibus

1678 3181 1818 3238 inter
1844 3197 1903 3237 se
1929 3175 2201 3253 discipulis
2238 3182 2480 3251 quisnam
2511 3195 2699 3237 eorum
2725 3182 2899 3252 major
2937 3189 3100 3244 esset,
3132 3189 3268 3250 pne-

1675 3289 1794 3329 rum
1821 3273 2101 3346 parvulum
2133 3274 2410 3332 constituit
2438 3281 2561 3330 ante
2591 3275 2772 3329 oeul05
2795 3289 3004 3343 eorum,
3039 3273 3264 3329 dicens:

1677 3363 1798 3423 Nisi
1826 3368 2023 3442 fueritis
2060 3369 2188 3422 sicut
2213 3379 2340 3438 puer
2377 3361 2488 3430 iate,
2535 3385 2633 3422 non
2671 3363 2920 3423 intrabitis
2961 3367 3014 3422 in
3057 3371 3267 3438 regnum

1676 3458 1920 3513 caelorum
1945 3453 2160 3530 (Matth.
2192 3473 2345 3522 xvm.
2378 3453 2530 3530 1-3)?
2557 3475 2733 3513 nonne
2762 3454 3114 3513 humilitatem
3146 3471 3265 3513 ma-

1679 3551 1820 3605 xime
1848 3549 2259 3612 commendavit,
2306 3557 2360 3604 et
2391 3549 2440 3604 in
2488 3563 2549 3604 ea
2593 3549 2840 3604 meritum
2887 3547 3268 3619 magnitudinis

1677 3643 1892 3716 posuit?
1916 3635 2008 3699 Vel
2053 3658 2176 3698 cum
2217 3640 2337 3697 liliis
2363 3640 2612 3698 Zebedad
2644 3641 2804 3698 latera
2831 3639 2946 3710 ejus
2978 3641 3030 3694 in
3062 3639 3266 3696 sedium

1678 3737 2004 3794 sublimitate
2033 3727 2557 3806 concupiscentibus,
2605 3736 2673 3790 ita
2706 3733 3000 3804 respondit,
3051 3744 3106 3790 ut
3143 3751 3271 3807 pas-

1680 3829 1846 3886 sionis
1875 3829 1990 3901 ejus
2019 3821 2238 3885 calicem
2272 3822 2558 3886 bibendum
2611 3829 2786 3899 potius
2828 3829 3122 3900 cogitarent
3152 3826 3262 3900 (Id.

1682 3937 1776 3990 xx,
1805 3921 1898 3993 2i,
1933 3921 2050 3995 Ξῖ),
2083 3919 2134 3976 in
2163 3937 2267 3992 quo
2295 3938 2353 3977 se
2381 3919 2681 3977 humiliavit
2723 3933 2890 3992 usque
2919 3919 2984 3975 ad
3015 3929 3265 3986 mortem,

1680 4023 1904 4074 mortem
1931 4027 2109 4073 autem
2137 4015 2310 4071 crucis
2341 4011 2596 4086 (Philipp.
2632 4031 2686 4078 ιι,
2728 4014 2803 4083 8),
2837 4029 2994 4083 quam
3034 4011 3269 4082 superbo

1681 4109 1919 4179 appetitu
1961 4106 2198 4178 praeferri
2231 4105 2438 4160 caeteris
2465 4103 2824 4174 postularent;
2853 4103 2981 4172 quid
3011 4101 3264 4168 ostendit,

1682 4203 1783 4258 nisi
1826 4203 1903 4258 eis
1947 4203 2005 4256 se
2050 4203 2277 4255 futurum
2325 4191 2616 4253 altitudinis
2661 4195 2988 4266 largitorem,
3025 4195 3114 4265 qui
3145 4195 3269 4250 eum

1682 4295 1956 4352 doctorem
1990 4291 2304 4348 humilitatis
2346 4283 2499 4346 antea
2540 4285 2924 4359 sequerentur?
2967 4285 3082 4343 Jam
3137 4279 3269 4342 vet‘b

1683 4377 1824 4462 quod
1871 4387 2113 4443 eitilurus
2157 4385 2221 4440 ad
2273 4383 2574 4455 passionem
2620 4375 2747 4436 lavit
2780 4377 2942 4451 pedes
2973 4379 3267 4450 discipulis,

1685 4478 1995 4550 monuitque
2040 4475 2373 4546 apertissime
2401 4484 2457 4530 ut
2497 4467 2600 4529 hoc
2631 4472 2862 4528 fat-eruit
2894 4469 3270 4540 condi‘seipulis

1683 4568 1842 4644 atque
1860 4569 2154 4636 conservis,
2178 4563 2318 4640 quod
2338 4567 2416 4624 eis
2444 4563 2656 4623 fecisset
2675 4555 2924 4637 Magister
2939 4575 2992 4621 et
3013 4559 3272 4642 Dominus

1685 4665 1864 4736 (Joan.
1894 4653 2007 4732 xm,
2044 4657 2235 4736 1-17);
2283 4655 2537 4732 quantum
2574 4655 2967 4714 eommendavit
2996 4647 3272 4711 humilita-

1685 4749 1827 4816 tem?
1852 4757 1948 4815 Cui
1977 4739 2412 4814 commendandae
2452 4745 2610 4809 etiam
2659 4759 2869 4820 tempus
2914 4747 3041 4805 illud
3089 4749 3270 4820 elegit,

1683 4835 1789 4924 quo
1825 4866 1947 4908 eum
1997 4849 2234 4921 proxime
2273 4835 2588 4901 moriturum
2632 4841 2752 4898 cum
2783 4845 2975 4913 magno
3004 4841 3272 4896 desiderio

1683 4943 2102 5007 contuelmntnr;
2135 4941 2235 4994 hoc
2266 4933 2445 5008 utique
2479 4933 2745 5006 praecipue
2792 4927 3050 4988 tiietnoria
3085 4943 3269 4989 reten-

1684 5037 1810 5103 turi,
1827 5035 1966 5106 quod
1998 5033 2242 5102 Magister
2265 5027 2548 5084 imitandus
2566 5013 2807 5106 tiltimum
2828 5027 3268 5081 demonstrasset.

1684 5131 1752 5182 At
1783 5101 1870 5180 ille
1896 5125 1996 5180 hoc
2026 5123 2149 5178 fecit
2181 5117 2269 5176 illo
2298 5129 2559 5192 tempore,
2591 5101 2732 5191 quod
2783 5109 2961 5190 utique
3001 5120 3173 5190 potuit
3221 5129 3272 5174 et

1683 5222 1803 5275 aliis
1829 5229 1951 5274 ante
1972 5207 2179 5282 diebus,
2212 5209 2407 5286 quibus
2433 5209 2552 5270 cum
2586 5195 2664 5268 eis
2693 5207 2866 5266 fuerat
2895 5219 3267 5267 conversatus:

1683 5312 1895 5386 quando
1934 5313 1978 5366 si
2028 5312 2198 5373 ﬁeret,
2240 5308 2341 5363 hoc
2365 5291 2537 5378 ipsuiii
2566 5295 2778 5378 quidem
2827 5301 3146 5368 traderetur,
3179 5299 3269 5357 sed

1684 5412 1867 5477 utique
1895 5422 1998 5460 non
2030 5406 2106 5459 sic
2138 5389 2487 5473 acciperetur.

1752 5499 1977 5558 CAPUT
2009 5494 2339 5553 XXXIII.—-
2385 5495 2471 5550 53.
2511 5489 2787 5546 Humilitas
2832 5481 3151 5552 Christianis,
3184 5487 3270 5538 sed

1683 5597 1904 5654 maxime
1930 5591 2204 5664 virginibus
2225 5585 2730 5674 custodienda.‘Cum
2775 5598 2903 5660 ergo
2941 5579 3272 5674 ‘Chri‘s‘tianis

1683 5687 1933 5744 omnibus
1953 5659 2298 5741 custodienda
2325 5659 2395 5734 sit
2423 5661 2690 5733 humilitas
2710 5715 2724 5739 ,
2781 5659 3208 5742 quathquidem
3243 5686 3273 5724 a

1683 5779 1902 5839 Christo
1947 5773 2232 5834 Christiani
2293 5770 2661 5843 appellantur,
2712 5765 2862 5835 cujus
2921 5763 3267 5834 Evangelium

1687 5887 1847 5937 nemo
1871 5870 2152 5940 diligenter
2176 5865 2410 5921 intuetur
2431 5900 2446 5930 ,
2477 5860 2566 5930 qui
2596 5873 2706 5917 non
2732 5871 2856 5915 eum
2881 5854 3160 5917 doctorem
3172 5853 3277 5914 hu-
