3880 6284
641 385 745 442 M5

639 494 878 551 militatis
908 493 1175 560 inveniat;
1205 501 1314 548 tum
1364 493 1598 548 maxime
1628 493 1836 548 virtutis
1867 491 2025 561 hujus
2053 499 2228 546 secta-

642 595 786 643 tores
810 594 865 641 et
895 596 1306 642 conservatores
1335 601 1428 641 eos
1457 600 1576 642 esse
1605 585 1890 649 convenit,
1920 585 2009 654 qui
2041 598 2231 653 magno

640 678 822 748 aliquo
850 678 991 732 bono
1017 677 1230 733 cateris
1257 677 1528 742 eminent,
1577 685 1635 732 ut
1677 691 2003 745 magnopere
2045 683 2234 730 curent

640 769 773 824 illud
811 767 953 840 quod
991 769 1236 839 primitus
1265 770 1417 839 posui
1447 786 1459 822 :
1493 768 1692 837 Quanto
1718 784 1930 838 magnus
1967 784 2049 834 es,
2093 776 2230 822 tanto

641 864 854 919 humilia
876 873 923 918 te
950 864 1002 917 in
1032 863 1260 917 omnibus
1280 903 1295 928 ,
1337 871 1384 916 et
1412 878 1581 916 coram
1626 860 1734 914 Deo
1769 863 1988 916 invenies
2013 861 2232 932 gratiam

640 955 829 1027 (Eccli.
857 970 948 1022 ιιι,
993 954 1110 1025 20).
1138 953 1366 1008 Proinde
1406 953 1528 1024 quia
1571 961 1824 1023 perpetua
1873 953 2224 1020 continentia,

642 1048 977 1116 maximeque
1007 1045 1314 1116 virginitas,
1341 1060 1587 1114 magnum
1615 1044 1816 1100 bonum
1847 1052 1928 1100 est
1954 1045 2006 1099 in
2031 1045 2230 1101 sanctis

643 1143 769 1207 Dei,
801 1140 1204 1211 vigilantissime
1247 1139 1546 1196 cavendum
1587 1148 1671 1196 est
1720 1154 1788 1196 ne
1830 1137 2078 1210 superbia
2108 1153 2231 1195 cor-

645 1240 942 1287 rumpatur.

711 1249 760 1286 m
801 1248 830 1285 a
927 1271 942 1284 .

711 1247 800 1378 διιιῖ
837 1247 1094 1377 lCiiriosas
1139 1329 1194 1377 et
1240 1321 1495 1377 verbosas
1523 1320 1691 1376 malas
1736 1320 1988 1391 innuptas
2033 1320 2229 1378 Paulus

641 1415 918 1485 apostolus
947 1421 1130 1481 notat,
1163 1421 1217 1469 et
1255 1412 1358 1468 hoc
1387 1413 1570 1467 vitium
1599 1411 1782 1467 venire
1822 1411 1951 1467 dicit
1978 1427 2046 1468 ex
2095 1413 2224 1467 otio.

638 1506 809 1561 Simul
835 1514 1002 1560 autem
1027 1545 1043 1572 ,
1077 1504 1286 1576 inquit,
1318 1513 1364 1557 et
1391 1503 1565 1558 otiosa:
1596 1502 1798 1557 discunt
1822 1503 2082 1557 circumire
2131 1503 2228 1557 do-

637 1613 746 1651 mos
771 1597 829 1662 ¹;
863 1612 963 1650 non
984 1596 1148 1650 solum
1173 1605 1338 1648 autem
1387 1594 1586 1660 otiosas,
1620 1609 1788 1647 verum
1840 1594 1989 1648 etiam
2013 1594 2230 1650 curiosas

636 1697 682 1742 et
707 1688 925 1743 verbosas
943 1728 958 1752 ,
990 1688 1246 1756 loquentes
1274 1700 1387 1754 qua:
1414 1701 1515 1739 non
1535 1693 1747 1755 oportet.
1780 1684 1853 1740 De
1873 1684 1956 1740 bis
1983 1687 2227 1756 superius

635 1778 871 1842 dixerat,
903 1777 1143 1832 Iuniores
1167 1785 1336 1830 autent
1356 1775 1534 1831 viduas
1554 1775 1704 1830 evita.
1732 1761 1858 1830 Cum
1877 1775 2010 1830 enim
2033 1777 2086 1830 in
2133 1775 2221 1831 de-

641 1873 772 1928 liciis
788 1872 1010 1943 egerint,
1035 1873 1090 1925 in
1115 1868 1314 1925 Christo
1339 1869 1520 1923 nubere
1538 1869 1710 1923 volunt
1728 1883 1747 1932 ,°
1769 1868 2004 1923 habentes
2023 1868 2227 1922 damna-

635 1967 851 2031 tionem,
877 1963 1114 2036 quoniam
1144 1963 1360 2033 primam
1411 1961 1568 2028 ﬁdem
1615 1961 1810 2015 irritam
1853 1961 2075 2030 fecerunt
2113 1977 2132 2016 :
2171 1961 2226 2016 id

635 2068 753 2124 est,
794 2058 847 2112 in
881 2072 946 2113 eo
965 2057 1106 2130 quod
1136 2057 1308 2127 primo
1336 2064 1624 2120 voverant,
1657 2071 1763 2110 non
1795 2063 2075 2111 steterunt.

707 2149 933 2207 CAPUT
959 2148 1200 2206 XXXIV.
1228 2179 1298 2188 —
1317 2146 1569 2219 Innuptas
1596 2149 1813 2204 viventes
1833 2159 2012 2202 contra
2037 2164 2226 2220 propo-

639 2243 790 2296 situm
827 2258 928 2295 non
972 2248 1165 2311 spectat
1210 2255 1428 2310 presens
1457 2238 1746 2294 adhortatio
1778 2240 1847 2292 ad
1871 2239 2223 2295 humilitatem.

634 2333 745 2390 Nec
776 2341 952 2388 tamen
1000 2333 1112 2398 ait,
1146 2331 1386 2395 nubunt;
1443 2329 1537 2386 sed
1561 2371 1576 2396 ,
1607 2330 1792 2386 nubere
1819 2330 2010 2385 volunt.
2037 2329 2227 2386 Multas

636 2426 781 2481 cnim
808 2439 992 2479 earum
1014 2431 1230 2478 revocat
1256 2437 1286 2476 a
1321 2423 1604 2489 nubendo,
1655 2436 1761 2476 non
1805 2437 1959 2476 amor
1986 2421 2226 2492 praclari

637 2517 927 2589 propositi,
981 2516 1076 2572 sed
1125 2515 1295 2586 aperti
1333 2513 1614 2571 dedecoris
1659 2515 1845 2580 timor,
1896 2515 2117 2569 veniens
2160 2523 2216 2570 et

636 2609 752 2681 ipse
802 2608 872 2664 de
917 2607 1192 2679 superbia,
1221 2621 1324 2676 qua
1371 2605 1684 2661 formidatur
1710 2605 1878 2676 magis
1923 2605 2227 2663 hominibus

637 2701 920 2771 displicere
939 2742 954 2766 ,
977 2715 1138 2770 quam
1161 2699 1290 2754 Deo.
1321 2697 1414 2753 Ha
1445 2697 1605 2768 igitur
1632 2713 1750 2768 qua
1779 2697 1981 2753 nubere
2001 2697 2221 2765 volunt,

638 2801 694 2848 et
716 2793 837 2848 ideo
878 2807 985 2848 non
1016 2791 1218 2845 nubunt
1249 2789 1373 2860 quia
1422 2789 1638 2861 impune
1686 2804 1791 2844 non
1821 2797 2072 2858 possunt,
2103 2803 2226 2859 qua

635 2885 829 2941 melius
855 2884 1118 2938 nuberent
1144 2896 1304 2951 quam
1331 2890 1649 2946 urerentur,
1682 2879 1735 2935 id
1786 2888 1900 2946 est,
1941 2895 2100 2950 quam
2125 2893 2222 2936 oc-

641 2977 782 3032 culta
803 2975 1012 3029 ﬂamma
1040 2973 1487 3042 concupiscentiae
1515 2974 1566 3027 in
1592 2975 1706 3043 ipsa
1730 2974 2057 3028 conscientia
2073 2975 2092 3005 ¹
2123 2988 2216 3027 va-

637 3074 936 3134 starentur,
968 3079 1100 3135 quas
1133 3063 1354 3135 panitet
1407 3064 1784 3134 professionis,
1816 3073 1870 3120 et
1915 3065 2055 3135 piget
2095 3079 2225 3120 con-

636 3157 922 3221 fessionis;
953 3155 1054 3210 nisi
1079 3161 1385 3209 correctum
1415 3168 1510 3209 cor
1537 3153 1798 3224 dirigant,
1830 3161 1884 3208 et
1913 3153 2005 3208 Dei
2036 3153 2225 3210 timore

635 3265 824 3306 rursus
845 3247 1118 3303 libidinem
1146 3247 1382 3314 vincant,
1411 3247 1463 3302 in
1489 3246 1715 3302 mortuis
1737 3245 2052 3316 deputanda
2068 3255 2216 3314 sunt,

635 3343 752 3398 sive
779 3341 833 3395 in
862 3339 1067 3394 deliciis
1090 3347 1283 3410 agant;
1312 3337 1452 3393 unde
1479 3336 1607 3392 dicit
1636 3337 1924 3407 Apostolus
1944 3378 1959 3404 ,
1983 3336 2112 3404 Qua
2129 3354 2222 3390 au-

637 3443 735 3488 tent
759 3433 813 3486 in
841 3431 1034 3486 deliciis
1058 3431 1163 3502 agit
1187 3471 1203 3496 ,
1230 3431 1397 3484 vivens
1440 3440 1640 3484 mortua
1677 3439 1752 3485 est
1779 3430 1824 3500 (l
1853 3429 1988 3484 Tim.
2007 3445 2037 3483 v
2058 3471 2072 3494 ,
2120 3431 2186 3485 15
2204 3472 2221 3497 ,

637 3526 698 3580 11
735 3565 750 3590 ,
782 3522 851 3579 12
873 3563 889 3590 ,
921 3521 1010 3594 6);
1048 3521 1159 3577 sive
1185 3521 1236 3576 in
1262 3519 1532 3575 laboribus
1570 3528 1732 3590 atque
1776 3519 1996 3590 jejuniis
2018 3560 2034 3585 ,
2079 3519 2223 3574 nulla

636 3617 816 3675 cordis
842 3615 1178 3672 correctione
1217 3613 1500 3685 superﬂuis
1523 3654 1540 3681 ,
1589 3623 1646 3670 et
1673 3614 1840 3685 magis
1883 3615 2224 3670 ostentationi

636 3725 797 3780 quam
823 3705 1180 3764 emendationi
1209 3705 1230 3738 ³
1255 3705 1630 3761 servientibus.
1652 3704 1768 3760 Non
1781 3720 1880 3776 ego
1907 3706 2096 3762 talibus
2113 3722 2224 3762 ma-

637 3815 795 3871 gnam
826 3813 1008 3854 curam
1057 3797 1370 3852 hmnilitatis
1399 3797 1614 3867 iugero,
1659 3797 1713 3852 in
1753 3797 1946 3868 quibus
1975 3798 2223 3866 superbia

639 3893 753 3962 ipsa
782 3889 1153 3956 confunditur,
1181 3898 1236 3945 et
1256 3889 1602 3944 conscientia
1626 3889 1846 3944 vulnere
1885 3899 2221 3946 cruentatur.

639 3985 747 4040 Nec
767 3983 992 4039 ebriosis
1011 4023 1026 4050 ,
1055 3994 1146 4038 aut
1188 3982 1362 4038 avaris
1379 4022 1395 4047 ,
1419 3989 1511 4036 aut
1549 3981 1656 4037 alio
1680 3980 1918 4051 quolibet
1945 3981 2224 4036 damnabi-

637 4076 706 4134 lis
729 4075 901 4131 morbi
929 4073 1157 4147 genere‘
1182 4073 1504 4144 iacentibus,
1535 4088 1654 4128 cum
1674 4071 1904 4128 habeant
1932 4073 2224 4144 corporalis

643 4168 988 4226 continentia
1030 4165 1452 4237 professionem,
1497 4163 1840 4234 moribusque
1885 4164 2148 4234 perversis
2191 4179 2223 4219 a

636 4275 740 4316 suo
767 4259 982 4315 nomine
1006 4257 1316 4322 dissonent,
1353 4255 1490 4312 hanc
1528 4270 1774 4326 magnam
1810 4255 2222 4311 sollicitudinem

639 4355 744 4426 pia
771 4351 1087 4407 humilitatis
1112 4351 1328 4420 impono
1358 4366 1371 4402 :
1401 4348 1501 4403 nisi
1523 4347 1661 4404 forte
1683 4348 1735 4403 in
1766 4347 1850 4402 his
1881 4348 2036 4404 malis
2061 4348 2222 4404 etiam

639 4454 910 4503 ostentare
927 4457 986 4498 se
1011 4441 1303 4509 audebunt,
1321 4441 1512 4511 quibus
1530 4456 1635 4496 non
1664 4441 1858 4495 sufficit
1875 4441 2016 4511 quod
2037 4456 2223 4497 eorum

641 4535 896 4607 supplicia
939 4531 1277 4590 differuntur.
1303 4530 1416 4588 Nec
1460 4531 1532 4587 de
1577 4531 1657 4587 his
1695 4547 1796 4602 ago
1847 4532 1900 4586 in
1923 4532 2116 4601 quibus
2142 4541 2225 4590 est

641 4626 854 4699 quidam
885 4623 1130 4696 placendi
1179 4622 1485 4694 appetitus,
1530 4630 1620 4677 aut
1662 4621 1984 4692 elegantiora
2031 4623 2225 4679 vestitu

642 4736 799 4791 quam
827 4727 988 4774 tanta
1009 4715 1355 4788 professionis
1379 4713 1670 4770 necessitas
1713 4711 1974 4783 postulat,
2002 4721 2096 4768 aut
2135 4728 2225 4769 ca-

645 4811 766 4880 pitis
795 4810 1082 4880 ligamento
1107 4806 1361 4871 notabili,
1391 4805 1505 4861 sive
1545 4801 1874 4874 pratumidis
1905 4803 2224 4861 umbonibus

643 4901 954 4971 capillorum
975 4939 990 4964 ,
1017 4899 1129 4953 sive
1153 4896 1471 4969 tegminibus
1497 4895 1568 4951 ita
1599 4893 1798 4950 teneris
1829 4894 1851 4926 ⁸
1875 4933 1892 4961 ,
1935 4901 1992 4947 ut
2036 4894 2224 4950 retiola

643 4993 826 5050 subter
846 4992 1016 5062 posita
1044 4998 1337 5060 appareant
1366 5005 1379 5042 :
1410 4987 1492 5043 his
1523 4985 1760 5042 nondum
1787 4985 1856 5042 de
1882 4984 2177 5041 humilitate
2203 5027 2219 5052 ,

643 5086 737 5142 sed
763 5085 832 5142 de
867 5085 981 5155 ipsa
1027 5083 1270 5138 castitate
1299 5080 1382 5136 vel
1432 5079 1732 5150 integritate
1761 5076 2025 5148 pudicitia
2049 5075 2222 5132 danda

646 5185 908 5250 praecepta
934 5182 1077 5231 sunt.
1099 5171 1176 5227 Da
1203 5170 1333 5225 mihi
1361 5169 1697 5241 profitentem
1719 5177 2029 5239 perpetuam
2054 5168 2224 5223 conti-

643 5269 916 5336 nentiam,
961 5274 1122 5336 atque
1148 5263 1232 5319 his
1258 5271 1313 5319 et
1339 5260 1642 5333 hujusmodi
1669 5261 1916 5315 omnibus
1948 5267 2222 5315 carentem

643 5363 782 5419 vitiis
809 5370 866 5417 et
888 5359 1107 5416 maculis
1135 5371 1380 5422 morum;
1413 5355 1537 5410 huic
1567 5352 1871 5423 superbiam
1895 5353 2077 5418 timeo,
2099 5351 2225 5408 huic

653 5467 763 5514 tam
791 5468 983 5527 magno
1026 5451 1169 5508 bono
1193 5466 1258 5507 ex
1301 5445 1548 5506 elationis
1585 5455 1790 5501 tumore
1832 5442 2078 5499 formido.
2107 5442 2223 5510 Quo

707 5638 724 5668 ι
749 5643 877 5685 διες..
897 5630 1100 5684 curiosa
1119 5641 1221 5680 esse
1244 5627 1454 5685 discum,
1477 5621 1736 5676 circumire
1759 5621 1940 5685 domos.

705 5699 727 5729 ⁸

710 5760 730 5791 ³
755 5745 941 5819 Aliquot
956 5753 1330 5819 Mss._orttit_tunt,
1524 5745 1861 5819 emendationi.

709 5820 730 5850 δ
763 5809 869 5866 Mss.
889 5853 904 5876 ,
937 5814 1143 5876 quolibet
1173 5809 1436 5861 tluntualiili
1470 5809 1622 5876 morbi
1653 5821 1842 5872 genere.

709 5880 863 5936 'Edlll
892 5874 972 5929 ἶρίν
997 5875 1169 5926 (meris
1202 5880 1410 5923 utuntur.
1444 5874 1602 5928 Aliost.
1639 5878 1851 5926 utuntur,
1879 5883 1905 5920 τι
1929 5876 2033 5917 Mss.

1599 381 1684 436 DE
1723 379 1988 436 SANCTA
2035 375 2494 445 VlllClNl'l‘ATE,
2536 383 2595 435 5.
2636 379 3005 436 AUGUSTINI
3751 390 3818 447 116

2335 493 2500 561 magis
2531 492 2668 548 inest
2695 494 2833 548 unde
2851 496 2949 550 sibi
2979 497 3214 566 placeat,
3232 511 3300 552 eo
3319 496 3486 566 magis
3512 512 3674 555 vereor
3689 517 3739 556 ne
3756 508 3819 564 sibi

2337 581 2595 652 placando
2625 584 2700 638 illi
2737 584 3032 654 displiceat,
3049 587 3138 657 qui
3166 585 3395 658 superbis
3420 589 3612 654 resistit,
3628 591 3820 651 htttttilibttt

2335 682 2502 729 autem
2539 675 2627 729 dat
2655 677 2871 746 gratiam
2899 676 3100 748 (Jacobi
3129 694 3180 732 tv
3203 719 3219 743 ,
3243 676 3326 751 6).

2406 766 2634 823 CAPUT
2661 766 2878 823 XXXV.
2911 798 2983 809 —
3018 769 3106 825 55.
3139 767 3491 824 Humilitatem
3527 770 3722 829 Christus
3753 796 3773 831 a
3793 798 3822 834 ξε

2335 861 2461 914 disci
2469 860 2636 930 jubet.
2657 859 2816 917 Certe
2839 862 3162 932 pracipuum
3188 862 3549 932 magisterium
3565 873 3612 918 et
3632 865 3824 936 virginalis

2335 952 2652 1023 integritatis
2675 953 2978 1023 exemplum
3034 953 3089 1009 in
3137 953 3253 1023 ipso
3299 951 3515 1008 Christo
3557 959 3824 1014 contuendum

2333 1051 2434 1098 est.
2473 1042 2612 1110 Quid
2637 1058 2766 1115 ergo
2807 1043 3038 1115 amplius
3077 1045 3479 1100 continentibus
3524 1045 3587 1100 de
3612 1046 3824 1104 humilitate

2333 1136 2636 1206 praecipiam
2663 1177 2677 1202 ,
2699 1151 2858 1206 quam
2879 1136 3021 1207 quod
3048 1137 3137 1192 ille
3157 1137 3246 1207 qui
3265 1136 3516 1192 omnibus
3537 1136 3676 1204 dicit,
3700 1139 3825 1195 Discite

2331 1243 2364 1279 a
2391 1243 2470 1281 me
2495 1227 2736 1297 quoniam
2763 1229 2898 1282 mitts
2925 1244 3037 1282 sum
3064 1237 3110 1282 et
3153 1228 3364 1282 humilis
3399 1229 3546 1282 corde
3569 1229 3592 1281 2
3635 1244 3731 1284 cum
3751 1248 3824 1285 ma.

2333 1317 2663 1388 gnitudinem
2694 1333 2843 1374 suam
2869 1334 3029 1389 supra
3054 1329 3564 1386 commemorasset;
3601 1329 3650 1376 et
3669 1322 3823 1392 idipsum

2330 1412 2517 1468 volens
2542 1413 2825 1468 ostendere
2853 1413 2870 1444 ⁸
2893 1454 2910 1480 ,
2959 1421 3186 1484 quantus
3216 1422 3440 1485 propter
3491 1429 3584 1469 nos
3622 1417 3824 1484 quantillus

2331 1502 2552 1560 eﬂ‘ectus
2575 1510 2658 1558 est
2685 1520 2700 1558 :
2731 1501 2986 1572 Conﬁteor
3006 1544 3022 1571 ,
3052 1504 3252 1574 inquit,
3277 1503 3371 1558 tibi
3392 1544 3409 1571 ,
3438 1503 3588 1559 Pater
3615 1507 3660 1573 ¹,
3681 1503 3823 1560 Donth

2329 1597 2443 1650 coeli
2466 1606 2513 1650 et
2533 1605 2680 1650 terra:
2695 1637 2710 1662 ,
2743 1595 2984 1664 quoniam
3012 1596 3322 1650 abscondisti
3347 1595 3456 1651 hac
3478 1612 3509 1648 a
3529 1596 3778 1665 sapientibus
3796 1609 3820 1650 et

2330 1686 2659 1757 prudentibus
2682 1727 2697 1753 ,
2728 1695 2775 1740 et
2798 1684 3028 1740 revelasti
3056 1702 3114 1740 ea
3131 1686 3380 1757 parvulis.
3412 1684 3498 1740 Ita
3519 1727 3534 1754 ,
3560 1683 3724 1752 Pater,
3747 1705 3821 1756 quu-

2329 1777 2468 1830 niam
2517 1777 2590 1832 sic
2628 1776 2871 1846 placitum
2911 1785 2982 1831 est
3011 1792 3182 1830 coram
3224 1784 3292 1830 te.
3327 1775 3514 1831 Omnia
3555 1777 3665 1830 mihi
3705 1780 3824 1830 trudit:

2328 1880 2445 1925 sunt
2489 1886 2520 1924 a
2570 1868 2729 1924 Patre
2756 1886 2864 1924 meo
2896 1913 2911 1938 ,
2944 1879 2990 1925 et
3033 1887 3178 1926 nemo
3227 1871 3486 1942 cognoscit
3539 1869 3736 1936 Filium,
3767 1874 3823 1928 uiti

2330 1962 2530 2029 Pater;
2553 1973 2598 2017 et
2627 1981 2771 2019 nemo
2795 1964 3046 2034 cognoscit
3078 1963 3290 2018 Patrem
3313 2004 3329 2029 ,
3382 1964 3482 2018 nisi
3509 1963 3659 2019 Filius
3678 2005 3690 2028 ,
3728 1975 3760 2017 et
3779 1968 3822 2016 nti

2327 2055 2540 2110 voluerit
2562 2053 2730 2110 Filius
2758 2055 2996 2110 revelare.
3025 2053 3199 2110 Venite
3221 2055 3292 2109 ad
3320 2071 3403 2110 me
3423 2095 3440 2122 ,
3471 2071 3629 2110 ontnes
3651 2057 3721 2125 qui
3738 2056 3822 2109 labo-

2328 2148 2454 2202 ratis
2481 2155 2527 2200 et
2553 2147 2747 2202 onerati
2774 2148 2890 2202 estis
2913 2187 2930 2215 ,
2958 2154 3004 2202 et
3033 2163 3124 2218 ego
3149 2163 3236 2202 vos
3263 2147 3514 2216 reficiam.
3533 2145 3821 2217 Tollilejttgutt

2329 2256 2494 2294 meum
2520 2255 2671 2310 super
2689 2255 2775 2294 vos
2798 2279 2814 2304 ,
2843 2247 2889 2293 et
2925 2238 3102 2293 discite
3127 2256 3160 2292 a
3189 2254 3269 2293 me
3294 2239 3533 2307 quoniam
3559 2239 3675 2292 mitis
3695 2256 3773 2293 sum
3795 2251 3821 2293 et

2332 2331 2537 2386 humilis
2567 2331 2717 2386 corde
2743 2329 2956 2404 (Matth.
2982 2346 3067 2396 ιι,
3097 2329 3318 2400 25-29).
3358 2329 3481 2398 llle,
3513 2329 3593 2385 ille
3617 2331 3687 2384 cui
3706 2331 3819 2384 omnia

2330 2422 2544 2477 tradidit
2559 2422 2736 2487 Pater,
2756 2431 2978 2492 etquem
3000 2437 3157 2479 [nemo
3175 2422 3420 2492 agnoscit
3440 2421 3539 2478 nisi
3555 2421 3701 2489 Pater,
3714 2432 3751 2476 et
3766 2423 3818 2490 qui

2329 2515 2544 2571 Patrem
2572 2517 2718 2571 solus
2762 2515 3030 2587 agnoscit,
3056 2523 3110 2570 et
3135 2513 3222 2570 cui
3248 2515 3486 2570 voluerit
3506 2513 3736 2579 revelare,
3755 2529 3818 2567 non

2329 2604 2490 2672 dicit,
2522 2605 2722 2662 Discite
2743 2621 2774 2660 a
2800 2621 2889 2662 me
2931 2604 3186 2660 mundum
3210 2603 3510 2671 fabricare,
3539 2611 3623 2659 aut
3660 2613 3817 2659 mortuos

2328 2697 2617 2764 suscitare;
2646 2696 2768 2764 sed,
2791 2697 2912 2766 quia
2936 2697 3071 2752 mitis
3107 2713 3218 2751 sum
3244 2705 3294 2751 et
3333 2696 3535 2751 humilis
3551 2697 3693 2750 corde.
3715 2693 3816 2748 Odo-

2328 2789 2554 2844 ctrinam
2577 2789 2866 2846 salutarem
2883 2789 2898 2844 l
2929 2803 2964 2844 ο
2977 2787 3289 2859 Magistrum
3307 2787 3674 2858 Dominumque
3685 2795 3814 2841 morta-

2329 2879 2458 2934 lium
2479 2920 2495 2946 ,
2517 2879 2712 2950 quibus
2747 2894 2893 2934 mors
2917 2878 3108 2948 poculo
3142 2879 3414 2948 superbia
3442 2878 3690 2950 propinata
3717 2886 3814 2943 atque

2329 2968 2595 3026 transfusa
2625 2971 2738 3026 est!
2791 2969 2970 3026 Noluit
3016 2969 3214 3026 docere
3253 2970 3404 3042 quod
3443 2970 3554 3040 ipse
3594 2983 3680 3024 non
3699 2976 3812 3028 esset,
3843 2968 3850 3043 l

2329 3062 2500 3118 noluit
2519 3062 2712 3131 jubere
2735 3061 2878 3132 quod
2909 3062 3022 3132 ipse
3055 3076 3161 3117 non
3203 3059 3433 3118 faceret.
3459 3059 3617 3117 Video
3639 3068 3708 3125 te,
3727 3059 3812 3114 bone
3843 3059 3850 3128 ξ

2326 3155 2485 3221 Jesu,
2513 3154 2683 3210 oculis
2711 3153 2865 3221 fidei,
2899 3168 3034 3224 quos
3084 3153 3347 3223 aperuisti
3395 3151 3524 3209 mihi
3559 3162 3754 3222 tanquam
3781 3148 3812 3205 in
3843 3149 3847 3224 j

2327 3247 2587 3303 concione
2615 3244 2829 3316 generis
2853 3245 3072 3301 humani
3116 3245 3438 3302 clamantem
3490 3259 3550 3300 ac
3591 3244 3811 3306 dicentem.

2342 3339 2517 3394 Venite
2541 3339 2609 3393 ad
2643 3355 2722 3393 me
2745 3381 2761 3406 ,
2788 3347 2836 3394 et
2864 3338 3038 3394 discite
3061 3355 3093 3392 a
3129 3355 3224 3392 me.
3247 3337 3389 3406 Quid
3407 3379 3422 3405 ,
3453 3337 3654 3393 obsecro
3685 3343 3737 3400 te,
3759 3346 3812 3402 per

2327 3448 2484 3502 quem
2521 3431 2656 3488 facta
2687 3440 2812 3487 sunt
2831 3431 3036 3495 omnia,
3059 3430 3160 3486 Fili
3208 3431 3347 3498 Dei,
3379 3440 3434 3488 et
3457 3430 3591 3488 idem
3611 3427 3684 3498 qui
3704 3425 3810 3481 factus

2328 3538 2387 3577 es
2415 3523 2552 3578 inter
2578 3522 2756 3578 omnia
2779 3564 2794 3588 ,
2828 3521 2929 3578 Fili
2956 3521 3217 3589 hominis;
3246 3523 3378 3592 quid
3408 3522 3746 3578 utdiscamusa
3765 3526 3807 3577 ιε,

2327 3616 2566 3670 venimus
2592 3614 2659 3669 ad
2685 3615 2770 3670 te?
2789 3613 3042 3680 Quoniam
3065 3615 3200 3668 mitis
3221 3631 3341 3670 sum
3359 3656 3375 3682 ,
3400 3613 3592 3685 inquit,
3615 3619 3656 3666 et
3675 3607 3808 3664 una
3841 3618 3844 3681 ξ

2326 3706 2494 3761 corde.
2527 3705 2757 3761 lluccine
2785 3704 2985 3760 redacti
3016 3713 3140 3760 sunt
3166 3720 3357 3760 omnes
3379 3704 3597 3760 thesauri
3621 3697 3810 3772 sapientis

2326 3807 2380 3854 et
2405 3798 2642 3854 scientia
2664 3796 2960 3854 absconditi
2980 3797 3035 3852 in
3062 3806 3113 3852 te
3146 3794 3368 3868 (Coloss.
3391 3813 3428 3852 ιι
3444 3837 3458 3861 ,
3484 3795 3536 3867 5)
3552 3835 3566 3861 ,
3591 3801 3640 3848 ιιι
3658 3795 3733 3846 hoc
3752 3803 3808 3857 pn
3841 3794 3848 3914 1

2329 3905 2517 3914 ων.--
2551 3890 2814 3914 .s:..--.....,.
2843 3905 2869 3914 ..
2904 3898 2954 3914 ιη
3026 3889 3273 3914 ωηιξη...
3328 3888 3468 3914 ...:.:..
3515 3900 3566 3914 ,ιο
3590 3893 3632 3914 ΔΙ
3669 3879 3807 3914 humilis

2326 3905 2520 3962 magno
2549 3890 2817 3945 discamus
2842 3905 2871 3944 a
2904 3898 2956 3945 te
2978 3929 2992 3956 ,
3021 3889 3275 3958 quoniam
3327 3888 3471 3944 mitis
3514 3900 3568 3942 es
3589 3893 3635 3940 et
3668 3879 3807 3937 humilis

2325 3935 2520 4038 corde?
2546 3980 2693 4036 itane
2714 3994 2961 4050 magnum
2978 3935 3075 4035 ,es't
3101 3992 3222 4034 esse
3249 3992 3471 4048 parvum
3493 4016 3508 4042 ,
3535 3983 3586 4030 ut
3609 3971 3691 4028 nisi
3723 3984 3744 4021 ι
3777 3976 3805 4073 lt
3841 3935 3848 4073 1

2326 4073 2416 4144 qui
2434 4081 2540 4127 tam
2568 4086 2793 4142 magnus
2823 4087 2882 4126 es
2922 4069 3105 4137 fieret,
3133 4069 3265 4124 disci
3286 4069 3504 4126 omnino
3545 4081 3637 4121 non
3659 4056 3804 4134 posset?

2327 4163 2402 4221 lta
2430 4163 2606 4236 plane.
2638 4162 2754 4218 Non
2781 4163 2922 4218 enim
2946 4163 3100 4218 aliter
3126 4162 3396 4218 invenitur
3419 4160 3614 4230 requies
3641 4155 3800 4212 anime.

2327 4256 2431 4311 nisi
2461 4254 2698 4325 inquieto
2726 4263 2931 4308 tumore
2959 4252 3167 4322 digesto
3189 4292 3206 4320 ,
3230 4267 3340 4324 quo
3384 4265 3565 4323 magna
3587 4247 3671 4304 sibi
3702 4249 3799 4305 erat.

2327 4347 2540 4419 quando
2563 4346 2654 4402 tibi
2677 4361 2805 4400 sana
2837 4361 2943 4399 non
2974 4353 3110 4399 erat.
3843 4346 3845 4419 ξ

2397 4435 2622 4495 CAPUT
2643 4433 2885 4491 XXXVI.
2915 4463 2988 4474 —
3008 4434 3097 4490 56.
3128 4433 3448 4490 Humilitatis
3493 4428 3688 4486 doctrina
3708 4419 3801 4494 Ῑαιὶλι
3843 4415 3845 4442 ⁸

2326 4531 2501 4586 audita
2525 4547 2558 4583 a
2586 4528 2945 4600 peccatoribus.
2973 4525 3259 4598 Virginibus
3284 4527 3440 4581 multo
3457 4523 3600 4594 magis
3612 4511 3796 4573 audiat“.

2327 4622 2561 4680 Audiant
2589 4629 2640 4676 te
2659 4661 2674 4687 ,
2703 4629 2757 4676 et
2781 4620 2996 4675 veniant
3016 4618 3082 4672 ad
3113 4627 3192 4684 te,
3222 4626 3278 4672 et
3313 4617 3467 4672 mites
3489 4623 3630 4684 atque
3649 4601 3798 4662 humiles

2326 4731 2448 4772 esse
2473 4713 2678 4769 discant
2710 4727 2741 4766 a
2784 4720 2834 4768 te
2853 4753 2868 4779 ,
2909 4709 3000 4780 qui
3047 4709 3465 4766 misericordiam
3511 4713 3562 4762 et
3605 4700 3797 4757 verittlr‘ul

2329 4815 2472 4862 tuam
2497 4805 2814 4874 requirunt,
2843 4802 2936 4857 tibi
2964 4801 3220 4866 vivendo,
3257 4801 3384 4866 tibi,
3427 4812 3526 4854 non
3549 4793 3652 4850 sibi.
3672 4782 3797 4844 Δυάὶιί

2327 4900 2430 4956 hoc
2475 4899 2724 4954 laborans
2759 4903 2814 4950 et
2840 4905 3121 4960 oneratus,
3150 4895 3242 4964 qui
3269 4893 3472 4948 sarcina
3517 4879 3797 4960 premitur.“l

2327 4989 2508 5046 oculos
2531 4988 2598 5043 ad
2624 4986 2819 5043 coelum
2845 4985 3022 5040 levare
3059 5000 3168 5039 non
3207 4985 3427 5048 audeat,
3466 4973 3714 5052 percutiens
3736 4977 3793 5034 ll“

2326 5093 2445 5140 ctus
2474 5082 2564 5136 ille
2593 5089 2838 5152 peccator
2860 5089 2914 5134 et
2949 5080 3311 5149 pr0pinquans
3335 5077 3398 5132 de
3427 5071 3673 5143 longinquo
3691 5057 3786 5130 (ιπ-

2325 5192 2489 5241 ιγιιι,
2514 5176 2624 5245 15).
2655 5173 2848 5228 Audiat
2874 5171 3128 5227 Centurio
3145 5213 3160 5239 ,
3187 5187 3292 5226 non
3322 5171 3500 5242 dignus
3517 5163 3644 5231 cujus
3664 5159 3792 5211 ιεειυω

2327 5270 2536 5326 subires
2563 5266 2771 5340 (Matth.
2803 5281 2894 5322 vut
2925 5306 2938 5332 ,
2970 5262 3047 5336 8).
3083 5263 3274 5319 Audiat
3303 5262 3542 5318 Zachaus
3585 5249 3789 5344 ωεὶᾕρυξ

2327 5365 2658 5420 blicanorum
2676 5401 2692 5428 ,
2714 5358 3010 5430 quadrupla
3033 5357 3317 5412 restituens
3342 5356 3478 5410 lucra
3505 5335 3784 5433 damnabilius!

2329 5465 2665 5530 peccatorum
2696 5451 2846 5527 (Luc.
2876 5467 2968 5508 nx
2987 5491 3002 5520 ,
3033 5450 3070 5506 2
3096 5491 3111 5517 ,
3140 5449 3216 5521 8).
3247 5447 3431 5506 Audiat
3453 5440 3619 5500 mulier
3643 5433 3684 5486 in
3705 5435 3786 5481 cm-

2394 5676 2413 5709 ι
2435 5671 2652 5746 Nonnulli
2673 5678 2803 5746 Mss,
2818 5675 3251 5746 ςοηνῃειηοταεσα,
3274 5668 3470 5734 unum
3491 5635 3782 5713 volemW

2328 5750 2423 5820 ἐξ
2435 5749 2620 5820 ,εἶωὲ
2642 5733 2973 5820 Ἦὲῳξῗῖξί·
2989 5803 3122 5820 .....--
3146 5808 3160 5820 .
3187 5803 3233 5820 η.
3259 5793 3392 5820 mn...
3419 5793 3510 5820 ηις.
3534 5775 3733 5820 nmitlillll'i
3754 5759 3782 5807 εί

2332 5779 2418 5830 ’Ἴ
2435 5779 2627 5849 ιῖιᾝὲᾇ
2644 5779 2953 5861 usam;
2962 5779 3160 5858 'Pater;
3185 5803 3237 5848 et
3259 5793 3392 5862 paulo
3419 5793 3513 5855 post
3534 5779 3733 5832 omittitur:

2332 5860 2661 5916 prudentibus.
