3866 6390
24 422 102 507 “1'
1345 411 1549 473 unus
1586 409 1787 469 unus.

23 573 106 620 tate
124 554 532 632 peccatrix,tauto
553 543 899 619 lacrymosior
924 537 1153 613 pedibus
1162 536 1312 632 tuis1
1320 536 1532 632 quanto

22 624 369 710 lueratalienior
391 659 424 699 a
450 640 687 712 vestigiis
712 636 811 693 tuis
838 634 988 707 (Luc.
1019 646 1094 687 vn
1117 672 1132 696 ,
1162 629 1251 695 57,
1280 625 1396 696 58).
1428 624 1539 678 Au-

21 750 136 805 diant
155 741 441 799 meretrices
487 744 544 793 et
575 730 874 807 publicani,
904 727 996 800 qui
1025 724 1241 783 Scribas
1266 728 1320 776 et
1342 716 1535 775 Phari-

19 856 127 899 saeos
145 829 491 909 pmceduntin
519 840 737 899 regnum
764 823 1023 881 caelorum
1045 817 1399 909 (Matthxttl,
1418 811 1533 879 31).

22 905 172 989 Audiat
206 939 351 982 omne
376 934 546 994 genus
595 930 880 989 aegrorum,
914 926 1037 968 cum
1077 909 1270 981 quibus
1296 905 1389 962 tibi
1440 918 1538 975 pro

21 1020 196 1078 crimine
214 1023 327 1073 sunt
349 1012 565 1084 objecta
588 1008 823 1066 convivia
844 1047 860 1073 ,
894 1003 1142 1059 videlicet
1164 999 1316 1071 quasi
1346 1012 1375 1052 a
1393 996 1538 1052 sanis

24 1109 334 1185 quimedicum
382 1121 487 1160 non
516 1101 853 1174 quaerebant,
886 1112 1008 1153 cum
1061 1102 1121 1150 tu
1172 1108 1279 1148 non
1322 1088 1538 1146 venires

23 1182 170 1261 vocare
184 1203 369 1273 iustos,
397 1196 495 1254 sed
514 1202 822 1266 peccatores
846 1190 899 1244 in
924 1187 1293 1261 paenitentiam
1325 1182 1436 1255 (Id.
1456 1196 1536 1249 Ix,

25 1297 189 1368 11-15).
210 1295 266 1350 lli
288 1306 471 1349 omnes
496 1305 623 1346 cum
647 1292 1029 1344 convertuntur
1049 1280 1117 1336 ad
1143 1290 1195 1337 te
1211 1321 1225 1345 ,
1254 1277 1409 1333 facile
1436 1276 1539 1330 mi-

25 1396 190 1449 tescunt
208 1396 254 1444 et
288 1384 637 1442 humiliantur
663 1394 844 1436 coram
875 1386 929 1433 te
949 1419 962 1443 ,
993 1387 1262 1431 memores
1311 1369 1542 1441 iniquis-

31 1484 152 1537 simae
183 1479 280 1535 vita
318 1491 463 1543 suae,
524 1482 584 1530 et
632 1467 1104 1541 indulgentissime
1157 1461 1541 1520 misericordia

33 1582 142 1639 tua;
179 1571 274 1643 quia
317 1568 402 1623 ubi
447 1564 726 1622 abundauit
765 1572 1022 1635 peccatum
1044 1601 1060 1629 ,
1116 1554 1544 1630 superabundavit

29 1668 157 1737 gratia
177 1664 323 1735 (Rom.
345 1678 379 1717 v
395 1704 411 1730 ,
437 1659 563 1732 20).

80 1759 150 1814 37.
175 1756 264 1814 Sed
288 1757 491 1827 respice
516 1752 729 1824 agmina
756 1748 1021 1821 virginum
1040 1788 1056 1815 ,
1085 1759 1371 1817 puerorum
1392 1740 1549 1816 puel—

28 1850 246 1919 larumque
268 1856 606 1903 sanctarum:
656 1844 710 1898 in
757 1841 995 1897 Ecclesia
1033 1849 1119 1894 tua
1168 1837 1433 1893 eruditum
1466 1842 1549 1890 est

30 1940 106 1997 hoc
126 1954 295 2011 genus;
322 1938 424 1994 illic
449 1937 547 1992 tibi
590 1950 619 1989 a
646 1934 903 1990 maternis
933 1932 1185 1987 uberibus
1223 1926 1501 2000 pullulavit
1533 1966 1549 1993 ,

31 2033 282 2089 in‘nomen
306 2040 444 2085 tuum
475 2029 545 2084 ad
576 2025 903 2097 loquendum
947 2024 1185 2093 linguam
1235 2019 1421 2085 solvit,
1454 2033 1553 2073 non

34 2139 127 2181 men
150 2134 270 2178 tuum
298 2122 438 2176 velut
460 2120 548 2176 lac
577 2117 815 2174 infantiae
844 2131 956 2171 sua:
983 2114 1126 2169 suxit
1148 2112 1403 2167 infusum.
1432 2108 1551 2164 Non

38 2224 170 2286 potest
188 2216 437 2285 quisquam
464 2228 532 2267 ex
568 2211 675 2265 hoc
697 2223 919 2264 numero
941 2207 1122 2261 dicere
1140 2246 1153 2271 ,
1188 2204 1285 2269 Qui
1313 2203 1453 2273 prius
1478 2200 1555 2272 [ui

44 2305 289 2377 blasphemus
324 2315 367 2359 et
411 2312 712 2376 persecutor
731 2308 776 2354 et
812 2298 1121 2369 injuriosus,
1148 2295 1236 2350 sed
1269 2292 1556 2347 misericor-

54 2399 406 2453 iimwnsecutus
431 2412 547 2450 sum
577 2437 593 2461 ,
616 2394 733 2462 quia
757 2391 997 2463 ignorans
1013 2388 1111 2459 feci
1130 2389 1183 2441 in
1208 2385 1559 2440 incredulitate

60 2484 198 2559 (ﬂint
221 2504 265 2557 ι,
295 2488 370 2558 15)
399 2506 411 2541 :
443 2488 561 2541 imo
583 2485 741 2540 etiam
763 2480 905 2552 quod
931 2494 1037 2534 non
1060 2477 1266 2547 jussisti
1285 2519 1300 2543 ,
1325 2476 1419 2531 sed
1439 2486 1557 2529 tan-

67 2579 259 2633 tummodo
293 2577 603 2633 volentihus
654 2570 1014 2643 arripiendum
1066 2566 1426 2639 proposuisti,
1481 2564 1561 2620 di-

75 2669 434 2739 cens,Quipotest
481 2683 705 2739 capere,
739 2663 941 2734 capiat,
997 2662 1374 2731 arripuerunt,
1403 2672 1563 2713 vove-

78 2771 425 2835 runt;etpropter
452 2775 692 2833 regnum
718 2759 977 2814 caelorum
1006 2771 1065 2811 se
1091 2755 1234 2824 ipsos
1260 2795 1274 2818 ,
1307 2768 1412 2807 non
1441 2751 1564 2822 quia

73 2853 304 2921 initiatuses,
327 2855 414 2911 sed
439 2855 581 2926 quia
602 2853 843 2907 hortatus
858 2865 916 2906 es
934 2892 950 2918 ,
968 2852 1337 2903 castraverunt
1361 2844 1563 2917 (Matth.

70 2956 153 3012 xu,
177 2944 259 3017 12).

110 3032 275 3093 CAPUT
294 3036 567 3094 XXXVII.
590 3034 909 3091 Humilitutis
935 3033 1222 3106 exemplum
1244 3031 1298 3085 in
1320 3030 1431 3103 ipso
1457 3028 1568 3084 Do-

62 3128 749 3202 mpropositumvirginibus.
773 3127 1104 3182 Hisinclama
1124 3167 1139 3193 ,
1167 3124 1221 3179 hi
1253 3132 1304 3179 te
1330 3123 1566 3188 audiant,

56 3224 237 3291 quoniam
256 3225 384 3280 mitis
421 3241 481 3280 es
524 3232 592 3279 et
617 3222 829 3278 humilis
844 3221 1025 3277 corde.
1066 3221 1127 3274 Hi
1164 3225 1363 3290 quanto
1394 3217 1571 3287 magni

14 3366 21 3379 τ
52 3323 156 3381 sunt,
169 3324 291 3373 tanto
314 3317 606 3373 humilient
631 3332 689 3371 se
717 3316 769 3370 in
798 3315 1063 3382 omnibus,
1082 3321 1138 3368 ut
1158 3328 1339 3368 coram
1360 3321 1414 3367 te
1432 3312 1574 3365 inve-

52 3406 377 3479 niantgratiam.
407 3410 553 3467 Justi
572 3417 724 3464 sunt:
742 3407 836 3463 sed
856 3405 1111 3477 numquid
1132 3406 1270 3460 sicut
1298 3413 1353 3458 tu
1374 3402 1574 3473 justiﬁ-

50 3500 410 3573 cansimpium'?
436 3502 593 3560 Casti
615 3509 737 3557 sunt
758 3521 770 3555 :
790 3501 882 3555 sed
899 3515 993 3556 eos
1020 3499 1071 3554 in
1116 3499 1350 3568 peccatis
1376 3506 1576 3552 matres

48 3607 186 3649 eorum
201 3596 247 3651 in
261 3598 415 3653 uteris
440 3598 699 3652 aluerunt
715 3592 885 3667 (Psal.
910 3610 940 3647 L
958 3635 973 3661 ,
1000 3591 1075 3664 7).
1096 3590 1277 3648 Sancti
1294 3600 1451 3646 sunt:
1482 3590 1577 3645 sed

48 3688 227 3742 utetiam
252 3698 453 3745 sanctus
482 3698 817 3744 sanctorum.
842 3684 1086 3756 Virgines
1114 3692 1239 3740 sunt
1268 3702 1279 3738 :
1314 3683 1410 3739 sed
1462 3682 1577 3737 nati

48 3777 167 3831 etiam
191 3794 247 3834 ex
264 3780 564 3851 virginibus
590 3793 694 3833 non
722 3785 865 3831 sunt.
900 3777 966 3829 Et
995 3776 1182 3845 Spiritu
1222 3783 1276 3830 et
1313 3789 1475 3829 carne
1498 3774 1580 3826 in-

48 3868 145 3938 tegri
170 3880 275 3926 sunt
301 3889 314 3925 :
344 3872 434 3927 sed
458 3869 703 3926 Verbum
724 3882 848 3923 caro
876 3866 1071 3922 factum
1102 3881 1207 3920 non
1234 3873 1376 3920 sunt.
1400 3865 1474 3943 .Et
1504 3872 1582 3918 ta-

46 3974 138 4015 men
159 3962 374 4030 discant,
400 3979 514 4018 non
549 3962 616 4016 ab
647 3960 725 4015 eis
747 3959 938 4030 quibus
966 3968 1179 4027 peccata
1211 3955 1455 4022 dimittis,
1486 3954 1581 4009 sed

48 4066 69 4105 a
98 4063 138 4109 te
171 4055 269 4125 ipso
293 4055 441 4127 Agno
466 4054 604 4121 Dei,
636 4052 726 4122 qui
752 4051 895 4106 tollis
924 4058 1140 4120 peccata
1168 4048 1351 4103 mundi
1387 4045 1578 4120 (Joan.

8 4134 11 4137 λ
48 4147 207 4210 1,14.
253 4148 338 4217 29)
364 4190 379 4211 ,
419 4145 679 4217 quoniam
719 4142 862 4197 mitis
909 4157 968 4196 es
1017 4149 1071 4196 et
1139 4140 1354 4195 humilis
1397 4137 1581 4194 corde.

101 4235 171 4293 38.
190 4238 291 4294 Non
326 4255 425 4311 ego
454 4249 508 4294 te
531 4281 547 4306 ,
588 4238 763 4292 anima
785 4234 872 4306 pie
898 4233 1087 4305 pudica
1109 4274 1123 4300 ,
1147 4248 1265 4302 quae
1291 4232 1585 4301 appetitum

51 4331 264 4386 carnalem
299 4348 394 4388 nec
433 4346 611 4401 usque
648 4329 714 4384 ad
754 4342 1067 4385 concessum
1107 4325 1408 4396 coniugium
1448 4325 1588 4380 rela-

53 4422 182 4487 xasti,
204 4438 314 4493 qute
349 4424 700 4479 decessurum
729 4434 923 4489 corpus
949 4432 1048 4473 nec
1077 4417 1371 4472 successori
1395 4430 1587 4487 propa-

54 4512 187 4577 gando
215 4515 508 4581 indulsisti,
547 4528 668 4584 quae
718 4510 976 4565 ﬂuitantia
1025 4509 1265 4564 membra
1290 4516 1503 4564 terrena
1533 4508 1590 4563 in

56 4604 145 4657 ωεὶί
183 4606 613 4662 consuetudinem
666 4602 989 4673 suspendisti
1038 4619 1051 4655 :
1093 4616 1200 4656 non
1247 4615 1347 4672 ego
1387 4609 1476 4667 te,
1531 4606 1593 4655 ut

57 4692 191 4752 discas
208 4699 575 4762 humilitatem,
592 4696 658 4751 ad
683 4696 990 4767 publicanos
1010 4702 1066 4750 et
1086 4701 1395 4763 peccatores
1414 4692 1589 4761 mitto,

58 4788 125 4855 qui
147 4800 298 4847 tamen
323 4793 374 4846 in
402 4806 629 4863 regnum
653 4789 909 4844 caelorum
952 4785 1261 4858 praecedunt
1290 4786 1550 4855 superbos
1575 4800 1590 4851 ;

60 4892 140 4933 non
172 4892 217 4937 te
240 4884 300 4938 ad
346 4885 443 4938 hos
471 4882 666 4947 mitto;
698 4880 897 4951 indigni
925 4887 1049 4935 sunt
1076 4879 1218 4933 enim
1256 4877 1346 4948 qui
1388 4877 1456 4931 ab
1488 4876 1595 4931 im-

62 4972 283 5030 munditite
310 4978 564 5047 voragine
590 4975 798 5030 liberati
825 4982 949 5027 sunt
974 5014 989 5040 ,
1020 4980 1079 5027 ut
1098 4971 1165 5026 ad
1181 4984 1276 5026 eos
1307 4968 1596 5025 imitandos

64 5063 255 5121 mittatur
279 5069 477 5127 illibata
503 5067 781 5138 virginitas
809 5084 822 5120 :
854 5064 922 5120 ad
951 5064 1151 5136 Regem
1174 5062 1297 5119 ρωιὶ
1320 5070 1371 5117 te
1395 5061 1550 5116 mitto
1578 5102 1597 5130 ,

64 5152 229 5213 adeum
263 5176 353 5230 per
376 5177 535 5233 quem
563 5159 731 5215 creati
757 5167 881 5214 sunt
902 5157 1142 5214 homines
1162 5199 1177 5223 ,
1203 5163 1258 5211 et
1280 5155 1370 5227 qui
1388 5162 1601 5211 creatus

66 5250 269 5308 estinter
291 5253 532 5311 homines
578 5261 797 5324 propter
852 5250 1129 5317 homines;
1176 5249 1244 5304 ad
1298 5248 1601 5320 speciosum

69 5335 205 5398 forma
240 5359 343 5415 prae
391 5332 515 5403 ﬁliis
559 5346 833 5401 hominum
872 5342 1046 5419 (Psal.
1076 5358 1202 5398 xuv
1228 5383 1242 5409 ,
1270 5343 1363 5413 5),
1394 5350 1447 5397 et
1472 5356 1602 5397 con-

71 5435 339 5504 lmilitum:
383 5438 506 5493 ﬁliis
547 5437 825 5493 hominum
876 5451 972 5508 pro
1022 5434 1147 5491 ﬁliis
1198 5435 1506 5503 hominum,
1534 5433 1602 5489 ad

73 5528 558 5596 eumquidominaus
599 5529 815 5601 Angelis
841 5528 1264 5598 immortalibus,
1321 5544 1427 5584 non
1452 5527 1604 5583 dedi-

75 5623 315 5681 ιιιιιωθει
335 5622 533 5679 servire
553 5620 885 5677 mortalibus.
907 5621 1039 5677 Eum
1065 5630 1210 5677 certe
1224 5620 1477 5676 humilem
1499 5634 1603 5673 non

78 5702 313 5781 iniquitas,
339 5714 432 5771 sed
458 5715 693 5772 Charitas
720 5713 876 5781 fecit;
908 5714 1130 5770 charitas
1159 5729 1278 5786 qua:
1312 5730 1414 5768 non
1442 5726 1604 5767 temu-

129 5866 141 5933 ξ
161 5868 250 5918 Sola
268 5870 407 5922 editio
425 5880 528 5923 Iov.
551 5872 731 5933 omittit
748 5870 1044 5933 particulam,
1070 5875 1135 5926 in.

128 5928 143 5955 '
158 5933 218 5976 Er.
244 5938 288 5983 et
309 5937 513 5986 nonnum
536 5944 641 5985 \tss.
673 5928 938 5997 jus-tiliam!
957 5928 1170 5999 impitun.

3118 426 3224 484 ιιε

1646 530 1811 597 tatur,
1853 546 1956 585 non
1998 532 2210 604 inﬂatur
2232 576 2245 601 ,
2278 551 2378 590 non
2418 536 2598 607 qutcrit
2626 553 2741 609 qua:
2764 555 2858 594 sua
2894 548 3012 595 sunt
3032 537 3076 615 (l
3100 540 3222 598 Cor.

1646 636 1738 676 xm
1759 664 1774 689 ,
1796 623 1861 689 4,
1891 623 1947 696 5)
1983 642 1995 677 :
2017 627 2138 695 quia
2168 636 2215 681 et
2235 626 2463 683 Christus
2483 646 2582 684 non
2596 631 2691 685 sibi
2713 632 2903 702 placuit
2918 648 2937 697 ;
2965 633 3074 701 sed,
3098 634 3229 690 sicut

1644 715 1887 785 scriptum
1913 718 1977 771 de
1998 718 2088 773 illo
2113 729 2219 785 est,
2246 720 2533 792 Opprobria
2553 724 2966 794 exprobrantium
2987 727 3077 781 tibi
3096 728 3229 782 ceci-

1646 806 1829 861 derunt
1852 825 2003 880 super
2030 827 2110 864 me
2139 811 2313 880 (Rom.
2339 829 2442 880 xv,
2474 813 2553 885 5).
2598 815 2741 871 Vade
2761 857 2776 883 ,
2802 818 2921 872 veni
2947 817 3013 873 ad
3045 818 3193 873 illum
3213 860 3229 886 ,

1646 908 1701 954 et
1725 900 1871 955 disce
1908 903 2157 972 quoniam
2180 905 2324 960 mitis
2352 915 2433 961 est
2454 916 2507 971 et
2536 907 2752 965 humilis
2779 909 2961 965 corde.
2985 910 3103 966 Non
3134 910 3234 966 ibis

1646 992 1714 1047 ad
1760 1008 1879 1048 eum
1924 995 2013 1065 qui
2052 997 2233 1051 oculos
2274 999 2342 1053 ad
2385 1002 2577 1055 coelum
2626 1002 2805 1059 levare
2844 1018 2952 1059 non
3003 1004 3237 1060 audebat

1645 1098 1810 1141 onere
1832 1085 2120 1157 iniquitatis
2146 1108 2159 1155 ;
2190 1090 2282 1145 sed
2313 1091 2379 1145 ad
2400 1108 2522 1148 eum
2561 1094 2654 1164 qui
2675 1095 2742 1151 de
2784 1098 2923 1151 coelo
2956 1096 3238 1154 descendit

1646 1178 1885 1249 pondere
1911 1179 2186 1237 charitatis
2232 1182 2407 1255 (Joan.
2440 1201 2522 1252 vr,
2564 1185 2695 1258 58).
2724 1186 2840 1242 Νοη
2881 1187 2985 1243 ibis
3025 1189 3091 1244 ad
3118 1204 3237 1244 eam

1649 1286 1768 1340 qua:
1795 1271 2004 1328 Domini
2026 1275 2107 1329 sui
2136 1275 2302 1345 pedes
2328 1278 2578 1351 lacrymis
2597 1281 2815 1350 rigavit,
2857 1297 3103 1353 quaerens
3154 1283 3240 1338 in-

1649 1360 1975 1433 dulgentiam
2000 1368 2239 1436 gravium
2270 1379 2639 1439 peccatorum;
2670 1372 2762 1427 sed
2786 1372 2887 1427 ibis
2917 1373 2983 1428 ad
3008 1376 3238 1445 eumqui

1651 1468 1773 1509 cum
1802 1454 1956 1511 daret
1982 1457 2360 1528 indulgentiam
2406 1462 2643 1517 omnium
2690 1474 3029 1534 peccatorum
3054 1506 3070 1533 ,
3112 1465 3242 1520 lavit

1651 1548 1816 1619 pedes
1842 1564 2060 1605 suorum
2093 1568 2368 1608 servorum
2398 1553 2507 1627 (Id.
2555 1572 2687 1623 xm,
2719 1554 2793 1630 5).
2825 1556 2957 1612 Novi
3005 1558 3239 1628 dignita-

1654 1650 1760 1696 tem
1787 1642 2104 1714 virginitatis
2128 1655 2231 1700 tum
2255 1664 2267 1700 :
2292 1662 2399 1701 non
2418 1647 2511 1702 tibi
2542 1663 2786 1718 propono
2811 1649 3124 1704 imitandum
3146 1664 3244 1719 pu-

1654 1732 1923 1791 blicanum
1956 1736 2227 1793 humiliter
2251 1749 2589 1796 accusantem
2621 1741 2815 1796 delicta
2864 1758 2958 1797 sua
2984 1759 2999 1808 ;
3052 1741 3146 1797 sed
3174 1743 3245 1796 ti-

1656 1841 1778 1881 meo
1805 1827 1899 1883 tibi
1930 1829 2250 1898 pharismum
2300 1832 2530 1901 superbe
2571 1831 2861 1902 jactantem
2914 1833 3104 1887 merita
3149 1847 3245 1889 sua

1659 1919 1813 1995 (Luc.
1835 1938 1992 1991 xvm,
2025 1922 2237 1996 10-14).
2265 1923 2383 1979 Non
2411 1925 2531 1981 dico
2554 1967 2568 1991 ,
2594 1926 2723 1981 Esto
2754 1926 2925 1996 qualis
2947 1925 3037 1980 illa
3059 1926 3126 1981 de
3146 1942 3247 1995 qua

1659 2012 1859 2069 dictum
1898 2023 2013 2082 est,
2056 2014 2393 2069 Dimittuntur
2432 2016 2477 2070 ei
2513 2026 2717 2084 peccata
2768 2017 2963 2083 multa,
3011 2017 3251 2085 quoniam

1661 2106 1838 2161 dilexit
1866 2107 2113 2174 multum;
2143 2107 2236 2163 sed
2262 2116 2443 2162 metuo
2473 2123 2541 2164 ne
2569 2123 2690 2163 cum
2721 2108 2814 2163 tibi
2855 2109 3123 2164 modicum
3172 2108 3253 2162 di-

1662 2198 1801 2253 mitti
1830 2207 2017 2268 putas,
2053 2198 2317 2254 modicum
2344 2199 2533 2269 diligas
2573 2198 2682 2272 (Id.
2714 2216 2818 2268 vn,
2851 2199 2947 2265 38,
2980 2200 3093 2271 47).

1734 2289 1961 2346 CAPUT
2015 2289 2303 2345 XXXVIII.
2338 2322 2411 2333 —
2454 2292 2544 2348 59.
2586 2291 2760 2346 Timor
2796 2292 2926 2361 ipsis
2966 2291 3245 2363 virginibus

1664 2383 1972 2437 necessarius
1991 2425 2006 2450 ,
2036 2400 2137 2437 non
2167 2384 2316 2439 timor
2343 2383 2605 2439 stecularis
2625 2394 2716 2438 aut
2745 2385 2959 2450 servilis,
2989 2385 3079 2440 sed
3105 2385 3256 2439 timor

1665 2474 1764 2529 Dei
1788 2485 1976 2531 castus.
2007 2476 2204 2544 Metuo,
2240 2479 2476 2548 inquam,
2510 2479 2603 2533 tibi
2638 2478 3003 2544 vehementer,
3036 2495 3106 2535 ne
3133 2494 3256 2535 cum

1668 2574 1722 2622 te
1750 2568 1958 2638 Agnum
1986 2584 2319 2640 quocumque
2344 2570 2467 2625 ierit
2491 2580 2795 2626 secuturam
2826 2587 2946 2627 esse
2984 2573 3255 2643 gloriaris,

1668 2676 1792 2716 eum
1813 2676 1925 2732 prae
1944 2668 2157 2717 tumore
2182 2662 2449 2732 superbiae
2475 2664 2623 2733 sequi
2648 2678 2743 2732 per
2762 2672 2982 2734 angusta
3010 2679 3113 2719 non
3139 2679 3261 2734 pos-

1670 2753 1764 2807 sis.
1806 2752 2014 2808 Bonum
2046 2762 2126 2807 est
2154 2754 2246 2809 tibi
2272 2794 2287 2819 ,
2319 2768 2351 2808 ο
2379 2754 2555 2807 anima
2583 2753 2895 2823 virginalis,
2934 2763 2989 2808 ut
3015 2755 3091 2808 sic
3127 2770 3261 2824 quo-

1670 2843 1832 2901 modo
1860 2844 2010 2915 virgo
2048 2859 2145 2911 es,
2188 2845 2265 2899 sic
2296 2846 2517 2899 omnino
2560 2859 2779 2900 servans
2823 2845 2873 2899 in
2914 2845 3078 2900 corde
3116 2845 3262 2915 quod

1672 2944 1858 2990 renata
1883 2950 1943 2991 es
1963 2977 1978 3003 ,
2010 2950 2232 2990 servans
2256 2936 2309 2990 in
2340 2950 2499 2990 carne
2524 2936 2667 3006 quod
2718 2946 2837 2991 nata
2867 2952 2926 2991 es
2946 2979 2962 3003 ,
2990 2935 3263 3007 concipias

1677 3035 1853 3081 tamen
1899 3043 1929 3081 a
1960 3027 2152 3083 timore
2197 3027 2405 3083 Domini
2434 3038 2489 3082 et
2512 3027 2776 3098 parturias
2805 3028 3047 3099 spiritum
3079 3028 3265 3085 salutis

1678 3119 1831 3191 (Isai.
1860 3135 1987 3175 xxvr
2009 3162 2023 3188 ,
2055 3120 2168 3190 18).
2219 3119 2396 3174 Timor
2424 3119 2641 3189 quidem
2672 3136 2776 3174 non
2802 3130 2873 3174 est
2899 3121 2951 3174 in
2982 3120 3263 3189 charitate,

1676 3213 1765 3267 sed
1786 3218 2029 3284 perfecta,
2053 3213 2192 3267 sicut
2218 3212 2471 3281 scriptum
2496 3221 2596 3277 est,
2625 3212 2847 3265 charitas
2872 3211 3011 3280 foras
3031 3211 3183 3264 mittit
3204 3211 3269 3264 ti-

1678 3322 1867 3359 morem
1903 3305 1944 3376 (Ι
1969 3304 2126 3359 Joan.
2153 3288 2224 3373 tv,
2253 3302 2343 3377 18)
2377 3321 2389 3356 :
2426 3304 2519 3359 sed
2553 3304 2797 3358 timorem
2826 3302 3123 3367 hominum,
3157 3317 3265 3357 non

1681 3396 1812 3462 Dei;
1855 3396 2100 3451 timorem
2128 3395 2500 3465 temporalium
2533 3395 2792 3449 malorum
2815 3435 2829 3460 ,
2863 3408 2971 3449 non
3008 3394 3176 3449 divini
3212 3395 3271 3451 in

1682 3488 1786 3542 line
1797 3486 2003 3557 judicii.
2036 3485 2164 3541 Noli
2188 3487 2348 3540 altum
2369 3502 2566 3563 sapere,
2589 3485 2677 3540 sed
2700 3486 2817 3540 time
2841 3484 3019 3558 (Rom.
3048 3501 3125 3553 ιι,
3151 3485 3269 3557 20).

1683 3581 1818 3635 Ama
1863 3579 1965 3636 Dei
2007 3579 2332 3646 bonitatem,
2380 3580 2509 3635 time
2555 3579 2900 3634 severitatem
2945 3588 3275 3649 :utrumque

1683 3680 1738 3728 te
1781 3671 2066 3751 superbam
2107 3685 2227 3727 esse
2254 3685 2359 3726 non
2399 3671 2548 3726 sinit.
2593 3670 2836 3725 Amando
2880 3669 3021 3726 enim
3075 3670 3270 3739 times,

1687 3780 1754 3821 ne
1781 3774 2017 3821 amatum
2046 3774 2102 3821 et
2130 3773 2395 3820 amantem
2435 3764 2668 3834 graviter
2704 3762 2963 3819 olfendas.
2993 3761 3123 3818 Nam
3156 3778 3276 3833 qua:

1686 3857 1899 3927 gravior
1910 3856 2154 3924 oﬂ‘ensio,
2172 3872 2330 3928 quam
2347 3865 2405 3910 ut
2423 3856 2668 3926 superbia
2683 3856 2763 3927 (a)
2776 3855 2852 3911 illi
2866 3855 3171 3925 displicens,
3186 3855 3278 3925 qui

1687 3960 1906 4020 propter
1930 3958 1982 4005 te
2008 3948 2252 4019 superbis
2279 3949 2589 4017 displicuit?
2618 3949 2682 4002 Et
2707 3947 2797 4003 ubi
2827 3947 2995 4016 magis
3023 3961 3144 4002 esse
3186 3946 3281 4001 de-

1689 4042 1782 4097 bet
1828 4043 1978 4096 timor
2025 4042 2114 4097 ille
2159 4050 2327 4095 castus
2371 4056 2670 4110 permanens
2714 4040 2768 4093 in
2810 4039 3052 4094 steculum
3107 4036 3282 4092 steculi

1692 4131 1865 4203 (Psal.
1899 4148 2053 4197 xvm,
2083 4130 2173 4205 10)
2198 4173 2212 4195 ,
2241 4147 2399 4202 quam
2430 4132 2480 4185 in
2522 4139 2575 4186 te
2598 4171 2612 4195 ,
2645 4145 2764 4199 quae
2791 4144 2897 4184 non
2927 4129 3134 4200 cogitas
3161 4143 3283 4198 qua:

1692 4232 1817 4278 sunt
1843 4222 2048 4290 mundi,
2076 4222 2346 4292 quomodo
2365 4221 2573 4291 placeas
2595 4220 2842 4291 conjugi;
2887 4220 2981 4275 sed
3009 4235 3127 4291 quae
3155 4227 3282 4274 sunt

1694 4316 1924 4383 Domini,
1954 4314 2221 4387 quomodo
2248 4316 2460 4386 placeas
2502 4316 2726 4371 Domino
2771 4315 2816 4390 (l
2857 4314 2977 4372 Cor.
3005 4331 3076 4370 vn
3096 4355 3111 4382 ,
3139 4308 3233 4385 32)
3256 4309 3283 4364 ?

1695 4408 1790 4465 Ille
1811 4408 1947 4465 alius
1971 4409 2131 4463 timor
2154 4425 2259 4464 non
2282 4408 2439 4465 estin
2461 4408 2719 4465 charitate
2743 4426 2757 4463 :
2784 4410 2886 4465 iste
2905 4418 3081 4465 autem
3102 4415 3284 4463 castus

1697 4521 1803 4561 non
1826 4504 2030 4562 recedit
2052 4519 2082 4559 a
2103 4504 2385 4560 charitate.
2409 4504 2467 4560 Si
2488 4519 2592 4561 non
2615 4518 2781 4571 amas,
2808 4504 2938 4559 time
2958 4519 3027 4560 ne
3045 4517 3235 4575 pereas
3266 4520 3281 4561 :

1698 4600 1743 4655 si
1774 4614 1923 4654 amas
1943 4640 1960 4669 ,
1988 4600 2116 4655 time
2141 4614 2210 4655 ne
2239 4599 2543 4670 displicens.
2581 4598 2735 4655 Illum
2776 4601 3022 4655 timorem
3051 4598 3286 4655 charitas

1700 4693 1845 4750 foras
1883 4694 2045 4749 mittit
2078 4711 2091 4749 :
2124 4709 2242 4749 cum
2276 4694 2379 4749 isto
2418 4694 2557 4747 intro
2595 4692 2780 4747 currit.
2830 4690 2968 4745 Dicit
3007 4690 3284 4761 apostolus

1702 4790 1861 4845 etiam
1888 4790 2081 4845 Paulus
2112 4807 2125 4844 :
2158 4788 2279 4843 Non
2303 4788 2437 4842 enim
2462 4786 2743 4857 accepimus
2769 4784 3005 4855 spiritum
3034 4786 3287 4842 servitutis

1702 4882 1882 4935 iterum
1911 4882 1964 4935 in
1994 4882 2222 4935 timorem
2254 4880 2270 4910 ί
2294 4896 2308 4946 ;
2347 4877 2435 4933 sed
2458 4879 2747 4947 accepimus
2772 4876 3026 4947 Spiritum
3053 4876 3293 4949 adoptio-

1704 4976 1783 5029 nis
1809 4976 2066 5044 ﬁliorum,
2113 4974 2166 5027 in
2204 4989 2303 5044 quo
2340 4971 2654 5039 clamamus,
2685 4969 2859 5039 Abba,
2904 4969 3062 5027 Pater
3107 4971 3289 5043 (Rom.

1704 5082 1819 5134 VIII,
1849 5066 1963 5138 15).
1992 5064 2145 5120 Illum
2166 5078 2289 5119 eum
2314 5063 2560 5118 timorem
2590 5062 2755 5118 credo
2781 5062 2983 5131 dicere,
3014 5063 3105 5134 qui
3136 5063 3293 5119 datus

1706 5168 1825 5218 erat
1852 5158 1907 5214 in
1935 5158 2131 5215 Vetere
2158 5155 2520 5224 Testamento,
2544 5170 2613 5213 ne
2636 5157 3008 5214 emitterentur
3027 5165 3296 5227 tempora-

1710 5253 1780 5308 lia
1803 5253 1962 5318 bona,
1984 5266 2104 5322 qua:
2131 5252 2271 5307 Deus
2296 5251 2619 5321 promiserat
2646 5251 2879 5307 nondum
2904 5252 3004 5307 sub
3031 5252 3201 5322 gratia
3227 5250 3295 5304 li-

1708 5346 1815 5412 liis,
1842 5344 1936 5400 sed
1962 5343 2062 5398 sub
2090 5343 2232 5415 Lege
2260 5342 2432 5398 adhuc
2452 5344 2639 5399 servis.
2664 5343 2762 5400 Est
2785 5344 2944 5399 etiam
2973 5344 3133 5399 timor
3157 5342 3293 5413 ignis

1712 5438 1919 5503 aeterni,
1951 5446 2169 5508 propter
2198 5452 2355 5508 quem
2384 5436 2726 5493 devitandum
2754 5437 2863 5492 Deo
2888 5434 3111 5501 servire,
3153 5449 3292 5487 non-

1714 5535 1840 5591 dum
1869 5544 1953 5590 est
1979 5534 2163 5605 utique
2198 5532 2447 5604 perfectae
2486 5531 2782 5586 charitatis.
2824 5526 2979 5583 Aliud
3024 5534 3106 5581 est
3151 5526 3294 5581 enim

1714 5628 2039 5685 desiderium
2066 5627 2297 5697 prmmii,
2327 5625 2466 5680 aliud
2497 5623 2726 5679 formido
2754 5619 3015 5689 supplicii.
3038 5618 3173 5672 Aliae
3197 5634 3294 5673 vo-

1780 5749 1799 5780 ι
1824 5746 1961 5805 Editi,
1977 5744 2028 5795 in
2049 5742 2236 5793 timore.
2255 5750 2458 5791 Veteres
2480 5745 2641 5805 autem
2660 5735 2787 5805 libri,
2811 5732 2861 5805 in
2885 5731 3103 5805 timorem
3124 5743 3141 5781 :
3154 5733 3295 5805 juxta

1716 5794 2036 5873 armatis
2059 5805 2273 5873 M900";
2307 5806 2380 5852 cui
2405 5799 2657 5849 eottcordat
2690 5794 2884 5856 vulgata
2918 5794 2966 5842 in
2989 5794 3199 5856 antiquis
3232 5803 3298 5847 BI-

1716 5869 1828 5921 liliis
1849 5869 2237 5919 Corbcicnsibus.

1783 5934 1853 5995 (a)
1887 5938 2043 5990 Forte,
2066 5927 2286 5991 superba.
