3866 6448
0 547 122 603 Wst
149 527 535 596 transmutatio,
568 543 691 585 nec
720 526 979 582 momenti
1005 521 1342 579 obumbratio
1368 521 1573 593 (Jacobi
1603 537 1641 586 ι,

91 622 156 693 7).
178 621 242 679 lta
263 623 407 677 enim
444 636 570 676 non
616 620 835 691 putabit
872 617 1144 675 modicum
1172 615 1271 671 sibi
1312 629 1433 669 esse
1458 613 1648 668 dimis-

16 732 181 779 κειιιι.
210 724 261 771 ιιι
282 714 573 771 modicum
606 715 836 786 diligat,
862 720 917 767 et
946 714 1198 782 ignorans
1226 708 1315 763 Dei
1341 707 1603 778 justitiam
1627 745 1645 773 ,

4 824 122 887 με
139 823 264 865 suam
284 809 475 865 volens
503 807 876 870 constituere,
898 803 1125 876 iustitia:
1152 802 1243 857 Dei
1266 815 1372 855 non
1401 799 1649 869 subjicia-

23 918 160 974 ﬂ.
184 900 235 956 in
256 915 356 972 quo
380 900 681 954 vitioerat
697 897 887 954 Simon
916 896 1029 963 ille,
1055 908 1212 965 quem
1232 890 1504 963 superavit
1531 905 1649 944 mu-

39 1004 163 1061 ﬁa
181 993 255 1051 cui
275 993 497 1049 dimissa
527 1000 664 1046 sunt
702 996 927 1060 peccata
967 986 1153 1051 multa,
1182 984 1432 1055 quoniam
1458 981 1646 1037 dilexit

56 1090 290 1156 nultum.
313 1086 420 1145 Sed
444 1086 670 1141 cautius
705 1092 762 1140 et
785 1084 963 1139 verius
988 1079 1282 1151 cogitabit,
1311 1076 1488 1132 omnia
1516 1089 1647 1144 pec-

198 1182 273 1239 sic
290 1179 539 1236 habenda
568 1188 831 1247 tanquam
849 1174 1205 1238 dimittantur,
1236 1187 1267 1225 a
1290 1170 1482 1241 quibus
1505 1169 1647 1223 Deus

54 1238 279 1339 ξωαὶὶι
306 1290 370 1331 ne
398 1273 833 1330 committantur.
858 1268 1051 1325 Testes
1076 1274 1200 1322 sunt
1236 1278 1398 1320 voces
1440 1263 1645 1333 piarum

66 1326 479 1461 {potationum
506 1366 563 1419 in
590 1362 888 1434 Scripturis
924 1360 1155 1426 sanctis,
1184 1357 1380 1428 quibus
1405 1353 1647 1411 ostendi-

402 1472 525 1529 quae
553 1454 944 1527 praecipiuntur
984 1467 1014 1508 a
1045 1452 1176 1515 Deo,
1224 1463 1334 1503 non
1384 1446 1503 1503 ﬁeri
1542 1445 1646 1501 nisi

68 1532 233 1627 “(hic
252 1560 393 1622 atque
415 1548 709 1619 adjuvante
738 1546 829 1618 qui
857 1544 1114 1616 praecipit.
1153 1539 1478 1599 Mendaciter
1503 1538 1647 1594 enim

348 1643 389 1699 si
411 1658 474 1698 ea
495 1658 605 1697 non
628 1641 917 1709 adjuvante
936 1639 1052 1708 ejus
1073 1637 1241 1708 gratia
1264 1635 1438 1690 facere
1464 1648 1647 1703 posse-

234 1736 368 1805 Quid
408 1746 517 1791 tam
560 1734 889 1806 generaliter
924 1731 1260 1800 maximeque
1304 1726 1642 1798 praecipitur,

238 1800 537 1885 obedientia
564 1800 669 1895 qua
699 1822 1075 1879 custodiuntur
1110 1819 1359 1875 mandata
1404 1817 1538 1872 Dei?
1578 1817 1648 1871 Et

87 1906 229 1985 ᾗ·
250 1917 394 1973 hanc
421 1917 735 1972 invenimus
764 1915 936 1985 optari
966 1930 981 1969 :
1009 1912 1110 1979 Tu,
1141 1910 1334 1981 inquit,
1364 1908 1647 1980 praecepisti

69 1989 401 2075 Mutua
428 2007 676 2069 custodiri
700 2006 871 2061 nimis.
898 2003 1105 2060 Deinde
1125 2002 1366 2075 sequitur
1396 2018 1408 2052 :
1437 1998 1648 2054 Utinam

67 2091 331 2165 “aliter
382 2102 478 2155 eice
527 2114 654 2153 mete
677 2140 692 2163 ,
744 2099 812 2152 ad
858 2095 1212 2151 custodiendas
1253 2092 1647 2165 justiﬁcationes

186 2200 357 2251 {tunc
383 2208 487 2249 non
514 2190 827 2261 confundar,
858 2189 981 2242 dum
1002 2186 1215 2257 inspicio
1234 2185 1289 2239 in
1318 2184 1487 2239 omnia
1510 2199 1649 2238 man-

79 2265 281 2361 βάθη
318 2281 498 2354 (Psat.
530 2296 715 2347 cxvut,
758 2278 905 2351 4-6).
934 2277 1087 2347 Quod
1122 2277 1288 2333 Deum
1329 2274 1649 2345 praecepisse

81 2366 449 2453 hyosuit,
481 2373 589 2429 hoc
629 2382 685 2428 ut
714 2387 743 2427 a
773 2386 833 2427 se
874 2370 1182 2440 impleretur
1226 2369 1244 2401 ³
1277 2367 1498 2440 Optavit.
1537 2366 1648 2421 Hoc

117 2460 307 2536 inique
338 2482 409 2521 ne
440 2473 697 2536 peccetur
730 2482 743 2518 :
776 2462 919 2533 quod
938 2463 982 2517 si
1007 2468 1284 2532 peccatum
1310 2460 1488 2525 fuerit,
1514 2474 1647 2528 prae-

290 2566 352 2610 ut
394 2556 693 2625 pceniteat;
736 2568 807 2609 ne
847 2552 1158 2608 defensione
1202 2560 1254 2607 et
1304 2549 1647 2607 excusatione

307 2657 487 2717 pereat
522 2644 887 2715 superbiendo
912 2645 1001 2715 qui
1027 2642 1186 2708 fecit,
1214 2642 1339 2698 dum
1386 2656 1492 2697 non
1532 2640 1650 2701 vult

401 2740 563 2809 perire
596 2737 743 2808 quod
774 2737 918 2793 fecit.
961 2736 1137 2793 Etiam
1168 2736 1269 2791 hoc
1308 2751 1339 2789 a
1370 2735 1481 2789 Deo
1507 2734 1647 2804 peti-

144 2832 263 2909 wrt
284 2831 612 2903 intelligatur
641 2846 749 2886 non
781 2829 919 2897 ﬁeri,
946 2830 1049 2885 nisi
1070 2845 1136 2885 eo
1160 2836 1450 2900 przestante
1480 2842 1511 2882 a
1539 2841 1647 2897 quo

22 2912 455 3000 Pone,
478 2912 686 2995 inquit,
720 2923 970 2989 Domine,
1004 2923 1289 2979 custodiam
1317 2922 1393 2977 ori
1417 2937 1525 2977 meo
1545 2961 1560 2987 ,
1599 2930 1647 2976 et

109 3001 215 3094 β-
248 3018 597 3079 continentia:
636 3018 827 3071 circum
855 3016 989 3072 labia
1015 3032 1128 3071 mea
1149 3032 1175 3072 ..'
1200 3032 1263 3070 ne
1304 3015 1522 3071 declines
1561 3030 1649 3069 cor

138 3106 187 3181 μ
218 3109 491 3169 inmerita
522 3110 753 3180 maligna
774 3148 793 3176 ,
836 3107 904 3161 ad
930 3107 1276 3169 excusandum
1301 3107 1648 3163 excusationes

81 3198 360 3270 Ws
384 3243 403 3269 ,
455 3217 580 3265 cum
626 3200 911 3259 hminibus
962 3198 1286 3270 operantibus
1334 3198 1649 3268 iniquitatem

99 3288 359 3365 μαι,
383 3295 443 3361 5,
471 3294 559 3365 4).
591 3291 647 3349 Si
672 3307 800 3364 ergo
824 3300 879 3348 et
906 3291 1205 3349 obedientia
1228 3305 1328 3361 qua
1360 3288 1476 3360 ejus
1499 3303 1650 3344 man-

22 3374 499 3455 'iservamus,
530 3396 585 3442 et
613 3385 927 3455 paenitentia
955 3400 1057 3455 qua
1086 3392 1305 3455 peccata
1327 3390 1509 3438 nostra
1538 3396 1648 3437 non

22 3458 383 3549 ιςοπιῑιετι,
422 3479 529 3537 sed
558 3494 901 3544 accusamus,
940 3487 1156 3548 aptatur
1185 3488 1238 3534 et
1264 3466 1507 3548 petituri
1536 3491 1650 3533 ma-

26 3561 269 3641 iaum
304 3582 406 3630 est
424 3572 567 3641 quia
594 3586 719 3626 cum
748 3570 828 3638 tu,
860 3570 951 3625 illo
971 3569 1132 3625 dante
1160 3569 1408 3634 habetur,
1434 3569 1527 3626 illo
1555 3568 1651 3623 ad-

158 3678 222 3733 ite
270 3665 640 3735 completur.
680 3664 944 3734 ,Apertius
988 3663 1147 3718 etiam
1190 3662 1384 3718 dicitur
1430 3670 1651 3732 propter

91 3756 428 3827 matiam,
466 3758 515 3810 Α
547 3756 766 3811 Domino
791 3772 989 3828 gressus
1012 3755 1231 3811 hominis
1257 3756 1566 3827 diriguntur,
1602 3764 1651 3810 et

79 3839 287 3929 by?“
328 3850 481 3909 volet
530 3847 711 3921 (Psat.
752 3864 955 3913 xxxvr,
995 3848 1086 3921 25)
1122 3866 1136 3902 :
1166 3858 1220 3904 et
1244 3847 1313 3903 de
1339 3847 1651 3919 poenitentia

152 3943 545 4016 Apostolus,
589 3939 676 3994 Ne
704 3943 836 4013 forte
873 3941 957 3996 det
983 3938 1089 3995 illis
1124 3939 1264 3996 Deus
1304 3939 1651 4011 paenitentiam

93 4029 519 4104 παι-1135)·

85 4124 167 4200 βυ
187 4131 291 4187 De
316 4130 453 4200 ipsa
480 4125 645 4189 etiam
674 4124 998 4180 continentia
1017 4138 1194 4182 nonne
1215 4124 1548 4195 apertissime
1567 4125 1650 4183 di-

142 4233 262 4291 ,est
282 4239 304 4277 :
340 4220 418 4276 Et
434 4235 568 4275 cum
587 4218 765 4273 scirem
783 4218 901 4288 quia
922 4235 1065 4274 nemo
1086 4228 1245 4290 potest
1266 4235 1372 4274 esse
1389 4219 1649 4277 continens

81 4309 283 4389 [Das
314 4315 456 4379 det,
496 4312 663 4367 ethoc
691 4314 861 4382 ipsum
902 4322 1008 4368 erat
1031 4315 1325 4384 sapientiae,
1352 4316 1480 4379 scire
1505 4316 1652 4389 cujus

300 4407 525 4461 donum
552 4402 709 4472 (Sap.
736 4418 827 4459 vm
847 4445 862 4469 ,
891 4403 1023 4477 21)?

87 4496 335 4568 MCT
372 4495 550 4553 XLII.
583 4524 653 4535 —
680 4494 1000 4552 Continentia
1023 4496 1142 4552 item
1170 4505 1216 4552 et
1242 4497 1491 4568 sapientia
1518 4514 1651 4553 non-

60 1820 294 2056 Ξῖ

100 1916 119 1929 ⁸
250 1917 294 1971 lt

58 2056 272 2146 EI.

52 2146 186 2299 Ε

182 2299 281 2361 .4“

32 2299 311 2511 se:

28 2511 290 2655 β-τ-ιη

8 2598 13 2613 Α
78 2618 89 2623 θ

62 2640 135 2657 λι,
232 2655 239 2657 Α
248 2646 263 2657 ι

104 4588 296 4662 iubeo
326 4596 678 4662 praestantur.
706 4587 814 4644 Sed
834 4588 970 4644 forte
995 4589 1318 4647 continentia
1339 4590 1537 4648 donum
1556 4591 1654 4647 Dei

87 4673 522 4759 [sapientiam
553 4695 685 4735 vero
710 4681 808 4735 sibi
848 4682 962 4751 ipse
993 4682 1152 4737 homo
1182 4693 1400 4754 przestat
1419 4726 1433 4749 ,
1466 4700 1566 4755 qua
1592 4686 1656 4740 il-

213 4794 359 4837 num
388 4791 515 4832 non
541 4789 702 4830 suum
721 4817 736 4843 ,
766 4776 861 4831 sed
886 4776 980 4832 Dei
1022 4793 1140 4833 esse
1168 4791 1471 4850 cognoscat.
1499 4781 1613 4837 lmo
1634 4823 1651 4850 ,

308 4868 593 4942 sapientes
621 4868 742 4936 facit
768 4885 923 4923 caecos
948 4868 1116 4942 (Psal.
1148 4886 1306 4935 CXLV,
1341 4872 1394 4944 8)
1420 4888 1433 4937 ;
1461 4882 1534 4938 et,
1558 4873 1657 4929 Te-

358 4959 594 5016 Damini
638 4960 817 5029 fidele,
852 4962 1151 5031 sapientiam
1196 4972 1401 5033 praestat
1431 4964 1657 5036 parvulis

123 5065 184 5118 ιι.
220 5074 376 5117 xvm
400 5098 419 5124 ,
474 5053 533 5125 8)
558 5070 574 5119 ;
608 5061 661 5107 et
680 5093 695 5119 ,
726 5051 787 5107 Si
809 5053 919 5122 quis
946 5054 1135 5125 indiget
1164 5055 1411 5126 sapientia
1431 5097 1445 5123 ,
1476 5066 1655 5127 postu-

67 5144 133 5228 με
160 5153 300 5217 βω
326 5192 346 5218 ,
377 5146 485 5219 qui
508 5145 601 5200 dat
630 5144 859 5199 omnibus
885 5146 1140 5217 afﬂuenter
1160 5187 1176 5215 ,
1209 5156 1256 5202 et
1276 5164 1377 5205 non
1396 5149 1655 5221 imprope-

106 5263 120 5311 ς
150 5254 207 5303 α
232 5241 487 5301 dabitur
514 5237 562 5291 ei
593 5233 791 5307 (Jacobi
820 5252 871 5302 ι,
901 5236 981 5309 5).
1024 5237 1303 5309 Sapientes
1333 5248 1510 5296 autem
1537 5256 1658 5298 esse

79 5326 265 5403 kings
321 5331 534 5394 decet,
590 5341 657 5381 ne
703 5326 977 5397 lampades
1024 5343 1206 5385 earum
1254 5332 1660 5403 exstinguantur

79 5417 253 5499 βαι,
274 5438 441 5491 ιη,
466 5419 550 5491 ἣν
575 5417 855 5487 Quomodo
881 5420 1169 5490 sapientes,
1199 5422 1304 5478 nisi
1330 5441 1428 5478 non
1449 5425 1554 5479 alta
1575 5443 1660 5480 sa-

394 5513 691 5571 lsunu'libus
715 5514 1074 5570 consentientes
1096 5515 1273 5585 (Rom.
1300 5532 1396 5584 xu,
1421 5517 1660 5589 16)?,D,-.

310 5606 537 5685 ωδ
558 5605 678 5675 ipsa
704 5605 993 5675 Sapientia,
1021 5606 1154 5663 Ecce
1178 5609 1336 5680 pietas
1365 5619 1437 5665 est
1459 5612 1661 5682 sapien-

94 5690 242 5789 (Ιώ
266 5718 493 5768 nun,
524 5699 645 5771 28).
677 5700 733 5757 Si
758 5715 886 5772 ergo
915 5701 1044 5769 nihil
1077 5703 1241 5759 babes
1266 5702 1407 5773 quod
1433 5717 1538 5758 non
1564 5717 1657 5759 ac-

66 5800 205 5873 !pisti
224 5844 246 5873 ,
284 5795 414 5854 noli
443 5793 616 5848 altum
634 5808 847 5865 sapere,
877 5792 965 5846 sed
988 5794 1101 5848 time
1128 5794 1303 5865 (Rom.
1331 5810 1385 5851 χι
1404 5836 1419 5865 ,
1451 5794 1567 5867 20).
1593 5794 1662 5850 Et

64 5876 95 5956 ⁴ι
113 5920 197 5973 εκ
218 5923 345 5968 ιη.
369 5916 441 5962 At
464 5905 607 5969 editi,
622 5910 675 5959 ut
694 5903 748 5959 in
770 5918 821 5959 se
844 5903 1140 5970 impleretur.

1477 404 1682 463 LIBER
1720 404 1810 461 ΠΝ
1818 404 1916 462 US.

1674 6014 1705 6025 φ

3230 414 3339 474 429

1758 521 1865 574 noli
1891 521 2159 578 modicum
2187 523 2406 595 diligere
2425 567 2438 590 ,
2466 528 2616 596 quasi
2644 540 2673 580 a
2699 542 2805 599 quo
2840 529 2930 584 tibi
2960 531 3225 588 modicum
3251 535 3336 589 di-

1756 616 1975 671 missum
2002 626 2116 674 est:
2138 619 2230 673 sed
2260 620 2434 689 potius
2463 621 2685 675 multum
2713 621 2894 692 dilige,
2915 639 2943 677 a
2960 639 3066 693 quo
3093 626 3185 680 tibi
3202 627 3339 681 mul-

1755 715 1866 760 tum
1899 708 2151 764 tributum
2180 720 2279 765 est.
2311 711 2366 767 Si
2397 712 2538 767 enim
2570 713 2758 784 diligit,
2777 715 2862 770 cui
2887 715 3138 773 donatum
3170 726 3340 776 estne

1754 797 2036 863 redderet;
2066 809 2265 869 quanto
2296 803 2464 872 magis
2489 802 2648 865 debet
2673 804 2897 876 diligere
2918 848 2931 870 ,
2972 808 3053 862 cui
3083 808 3335 865 donatum

1754 898 1835 943 est
1861 898 1918 944 ut
1947 890 2347 948 liaberet‘iNam
2376 902 2431 948 et
2459 895 2697 965 quisquis
2721 897 2788 951 ab
2805 898 2955 953 initio
2978 892 3203 969 pudicus
3218 917 3343 971 per-

1752 992 1950 1049 manet,
1980 985 2047 1039 ab
2076 978 2165 1039 nlo
2190 986 2424 1056 regitur;
2455 996 2510 1043 et
2530 988 2773 1058 quisquis
2798 1005 2863 1044 ex
2891 990 3158 1060 impudico
3184 993 3338 1063 pudi-

1753 1089 1847 1129 cus
1878 1074 1955 1140 iit,
1985 1076 2053 1131 ab
2078 1076 2169 1135 illo
2198 1079 2513 1149 corrigitur;
2546 1090 2599 1137 et
2626 1082 2865 1151 quisquis
2897 1100 3063 1154 usque
3094 1085 3146 1140 in
3178 1086 3339 1143 tinem

1754 1165 2050 1235 impudicus
2074 1177 2191 1236 est,
2220 1170 2287 1223 ab
2326 1171 2419 1225 illo
2448 1171 2729 1227 deseritur.
2764 1173 2877 1228 Hoc
2908 1185 3085 1231 autem
3118 1178 3206 1232 ille
3243 1193 3339 1234 oc-

1752 1259 1897 1313 culto
1916 1258 2118 1329 judicio
2144 1259 2318 1319 facere
2348 1265 2745 1335 potest,iniquo
2772 1281 2876 1320 non
2906 1273 3083 1337 potest
3114 1284 3128 1321 :
3161 1278 3214 1323 et
3231 1270 3341 1325 for-

1752 1358 1896 1405 tasse
1924 1350 2044 1407 ideo
2084 1350 2243 1419 latet,
2278 1364 2332 1409 ut
2364 1355 2482 1424 plus
2528 1355 2807 1424 timeatur,
2838 1366 2894 1413 et
2935 1358 3114 1415 minus
3142 1374 3335 1431 super.

1751 1440 1946 1499 biatur.

1820 1534 2046 1591 CAPUT
2075 1535 2258 1591 XLIII.
2291 1566 2363 1577 ——
2389 1538 2478 1592 44.
2513 1536 2592 1593 De
2628 1537 2742 1609 ipso
2781 1537 2875 1595 Dei
2906 1540 3039 1596 dono
3076 1557 3138 1595 ne
3162 1557 3216 1597 se
3244 1557 3333 1597 ex.

1752 1625 1929 1681 tollant
1972 1627 2206 1698 virgines.
2241 1628 2442 1685 Deinde
2464 1629 2574 1699 jam
2617 1631 2794 1687 sciens
2822 1630 2981 1707 homo
3000 1673 3015 1699 ,
3044 1635 3212 1704 gratia
3242 1635 3337 1692 Dei

1751 1734 1810 1773 se
1847 1733 1966 1774 esse
1993 1719 2132 1789 quod
2162 1729 2279 1787 est,
2323 1737 2430 1777 non
2462 1722 2657 1780 incidat
2683 1724 2735 1777 in
2776 1724 2939 1779 alium
2967 1727 3228 1794 superbiae
3259 1728 3338 1784 la-

1750 1824 1977 1879 queum,
2023 1820 2082 1877 ut
2110 1810 2175 1865 de
2201 1810 2314 1881 ipsa
2345 1812 2437 1869 Dei
2481 1814 2648 1883 gratia
2685 1830 2744 1869 se
2772 1816 3077 1877 extollendo
3118 1829 3337 1891 spernat

1751 1912 1994 1959 cancros.
2025 1903 2144 1973 Quo
2167 1905 2297 1961 vitio
2324 1905 2460 1961 alius
2481 1907 2499 1940 ί
2531 1907 2620 1963 ille
2645 1907 2940 1978 pharisaeus
2960 1951 2976 1977 ,
3003 1920 3058 1967 et
3086 1911 3154 1968 de
3178 1913 3337 1970 bonis

1750 2010 1869 2065 quae
1894 1994 2123 2051 habebat
2163 1996 2271 2052 Deo
2296 1998 2494 2068 gratias
2533 1999 2755 2072 agebat,
2783 2011 2835 2055 et
2862 2009 3038 2056 tamen
3083 2017 3141 2058 se
3178 2019 3339 2074 super

1751 2089 2089 2159 publicanum
2108 2098 2319 2160 peccata
2344 2091 2685 2149 confitentem
2708 2093 3001 2150 extollebat
3019 2093 3167 2166 (Luc.
3187 2112 3336 2163 xvtn,

1753 2181 1964 2253 10AM).
2003 2182 2140 2250 Quid
2170 2183 2328 2253 igitur
2366 2182 2524 2239 faciat
2552 2184 2733 2255 virgo,
2766 2184 2890 2255 quid
2920 2188 3151 2257 cogitet,
3184 2204 3253 2243 ne
3279 2203 3341 2245 se

1751 2273 1972 2328 extollat
1995 2288 2157 2343 super
2180 2289 2275 2329 eos
2301 2274 2387 2331 vel
2430 2290 2522 2331 eas
2546 2292 2665 2346 quae
2696 2275 2799 2331 hoc
2827 2286 2932 2331 tam
2962 2294 3154 2353 magno
3196 2279 3339 2337 dono

1751 2365 1970 2419 carent?
1994 2364 2179 2436 Neque
2206 2366 2349 2422 enim
2379 2367 2633 2424 simulare
2657 2368 2817 2424 debet
2842 2369 3213 2437 humilitatem,
3243 2371 3339 2428 sed

1751 2457 2003 2514 exhibere
2036 2476 2049 2513 :
2080 2475 2201 2514 nam
2233 2461 2500 2515 simulatio
2531 2461 2845 2517 humilitatis
2889 2464 3061 2533 major
3088 2465 3339 2535 superbia

1751 2559 1853 2605 est.
1886 2550 2087 2606 Idcirco
2123 2551 2394 2622 Scriptura
2420 2552 2604 2608 volens
2630 2554 2913 2609 ostendere
2945 2571 3187 2611 veracem
3236 2555 3339 2611 bu-

1753 2643 2027 2698 militatem
2057 2658 2174 2698 esse
2204 2654 2487 2714 uportere,
2533 2659 2654 2700 cum
2684 2644 2941 2712 dixisset,
2976 2646 3180 2713 Quanto
3223 2663 3339 2701 ma-

1750 2752 1878 2805 gnus
1921 2751 2009 2801 es,
2065 2744 2203 2789 tanto
2250 2735 2465 2789 humilia
2512 2745 2559 2790 te
2608 2737 2662 2790 in
2711 2736 2982 2802 omnibus;
3030 2754 3155 2795 mox
3200 2754 3337 2809 quo-

1750 2843 1855 2898 que
1881 2826 2144 2893 subdidit,
2197 2836 2244 2881 et
2270 2844 2442 2882 coram
2484 2827 2594 2882 Deo
2622 2829 2839 2883 invenies
2867 2830 3084 2900 gratiam
3127 2828 3148 2904 <
3167 2828 3334 2885 Eccli.

1753 2936 1856 2987 ιιι,
1905 2919 2025 2993 20)
2072 2937 2087 2974 :
2137 2921 2319 2992 utique
2360 2921 2449 2977 ubi
2497 2936 2557 2977 se
2602 2920 2863 2978 fallaciter
2905 2922 3184 2983 humiliare
3229 2938 3337 2987 non

1751 3023 1952 3086 posset.

1822 3106 2049 3162 CAPUT
2076 3105 2262 3162 XLIV.
2294 3137 2363 3147 ——
2389 3108 2480 3163 ΑΒ.
2516 3106 2653 3175 Quid
2681 3107 3005 3178 cogitandum
3032 3107 3217 3178 uirgini
3237 3148 3250 3172 ,
3283 3117 3341 3163 ut

1751 3199 1991 3253 veraciter
2017 3215 2071 3254 se
2095 3215 2196 3253 non
2220 3198 2405 3252 audeat
2434 3200 2634 3253 mulieri
2658 3199 2734 3253 vel
2758 3201 3045 3271 conjugatae
3072 3203 3333 3272 praeferre.

1752 3291 1984 3347 Proinde
2008 3291 2136 3363 quid
2165 3291 2443 3348 dicemus?
2470 3292 2638 3348 Estne
2666 3294 2863 3364 aliquid
2892 3294 3033 3364 quod
3060 3296 3208 3365 virgo
3245 3295 3338 3350 Dei

1751 3386 2014 3442 veraciter
2037 3386 2268 3456 cogitet,
2297 3384 2439 3440 unde
2464 3399 2522 3441 se
2553 3384 2695 3441 ﬁdeli
2724 3386 2971 3453 mulieri,
3002 3402 3106 3442 non
3134 3396 3342 3444 tantum

1752 3478 1945 3545 viduae,
1973 3493 2158 3534 verum
2186 3478 2346 3533 etiam
2371 3477 2667 3549 conjugatte
2699 3477 2951 3549 praeferre
2980 3493 3085 3534 non
3111 3479 3343 3534 audeat?

1753 3570 1869 3626 Non
1896 3584 1997 3642 ego
2030 3570 2313 3640 reprobam
2339 3568 2461 3625 dico
2496 3587 2508 3623 :
2544 3585 2665 3624 nam
2695 3571 2815 3640 quis
2852 3571 3056 3625 nesciat
3084 3570 3344 3626 obedien-

1755 3673 1865 3721 tem
1892 3664 2171 3721 mulierem
2197 3662 2525 3720 inobedienti
2546 3663 2738 3733 virgini
2768 3663 3216 3734 praeponendam?
3237 3663 3343 3719 Sed

1754 3771 1876 3812 cum
1902 3757 2075 3811 ambae
2103 3762 2228 3810 sunt
2250 3755 2566 3811 obedientes
2588 3755 2870 3827 praeceptis
2898 3754 3024 3823 Dei,
3068 3756 3210 3811 itane
3239 3766 3348 3810 trc-

1755 3847 1960 3920 pidabit
1999 3856 2237 3905 sanctam
2267 3848 2623 3919 virginitatem
2654 3847 2815 3903 etiam
2860 3846 3021 3901 castis
3050 3847 3247 3917 nuptiis
3291 3857 3347 3903 et

1757 3943 2137 3999 continentiam
2168 3942 2420 4012 praeferre
2456 3942 2721 3998 connubio
2742 3984 2756 4008 ,
2800 3940 3028 3996 fructum
3057 3950 3342 3997 centenum

1757 4035 1947 4104 praeire
1994 4034 2233 4090 tricena?
2262 4034 2375 4089 lmo
2400 4048 2530 4089 vero
2574 4048 2679 4087 non
2711 4031 2916 4087 dubitet
2955 4031 3093 4087 hanc
3125 4048 3236 4090 rem
3270 4033 3346 4088 illi

1756 4128 1836 4184 rei
1860 4142 2188 4199 praeponere.
2219 4126 2343 4182 Haec
2374 4135 2549 4181 tamen
2579 4125 2663 4180 vel
2695 4126 2808 4179 haec
2835 4125 2982 4194 virgo
3008 4125 3262 4181 obediens
3291 4135 3347 4181 et

1758 4219 1926 4274 Deum
1958 4219 2184 4284 timens,
2215 4216 2291 4271 illi
2318 4217 2399 4270 vel
2438 4216 2513 4270 illi
2544 4214 2753 4269 mulieri
2780 4214 3048 4270 obedienti
3090 4226 3145 4271 et
3174 4217 3344 4271 Deum

1760 4310 1966 4368 timenti
1986 4325 2042 4366 se
2064 4309 2331 4365 anteferre
2348 4323 2457 4363 non
2484 4306 2677 4362 audeat
2699 4322 2712 4360 :
2736 4305 2967 4377 alioquin
2996 4321 3106 4361 non
3126 4308 3228 4362 erit
3246 4307 3345 4363 hu-

1758 4406 1921 4471 milis,
1940 4414 1995 4461 et
2017 4404 2155 4459 Deus
2178 4402 2407 4474 superbis
2431 4401 2620 4457 resistit
2637 4399 2843 4471 (Jacobi
2871 4415 2943 4468 tv,
2963 4400 3037 4471 6).
3068 4400 3203 4470 Quid
3220 4416 3348 4471 ergo

1761 4498 2048 4570 cogitabit?
2071 4496 2285 4553 Occulta
2316 4494 2522 4553 scilicet
2550 4493 2691 4550 dona
2718 4493 2844 4562 Dei,
2876 4509 2995 4564 qum
3026 4493 3235 4548 nonnisi
3267 4492 3350 4548 in-

1763 4597 2051 4668 terrogatio
2078 4594 2385 4652 tentationis
2405 4636 2419 4661 ,
2450 4593 2610 4650 etiam
2642 4592 2695 4647 in
2718 4591 3004 4661 semetipso
3022 4632 3036 4657 ,
3064 4590 3351 4660 unicuique

1762 4689 2061 4745 declarat’.
2093 4688 2163 4744 Ut
2190 4688 2332 4743 enim
2358 4694 2552 4742 caetera
2581 4693 2821 4751 taceam;
2855 4681 2995 4737 unde
3020 4681 3121 4737 scit
3159 4681 3309 4753 virgo
3333 4727 3348 4749 ,

1764 4782 2005 4850 quamvis
2031 4780 2253 4835 sollicita
2285 4794 2404 4849 quae
2432 4787 2556 4832 sunt
2580 4777 2822 4843 Domini,
2851 4773 3120 4845 quomodo
3144 4774 3354 4845 placeat

1763 4873 1992 4928 Domino
2018 4873 2061 4943 (l
2085 4872 2202 4927 Cor.
2230 4887 2322 4939 vn,
2354 4868 2467 4941 52!),
2498 4884 2567 4924 ne
2594 4869 2730 4923 forte
2754 4874 2970 4937 propter
2993 4866 3223 4937 aliquam
3248 4867 3351 4923 sibi

1765 4965 2085 5036 incognitam
2112 4962 2305 5017 mentis
2333 4960 2693 5015 inﬁrmitatem
2713 5000 2729 5027 ,
2773 4958 3008 5015 nondum
3048 4959 3118 5014 sit
3143 4967 3349 5015 matura

1764 5058 2052 5131 martyrio,
2086 5057 2175 5111 illa
2199 5070 2327 5111 vero
2357 5054 2546 5108 mulier
2570 5052 2654 5107 cui
2681 5067 2740 5108 se
2767 5051 3022 5124 praeferre
3050 5054 3351 5125 gestiebat,

1763 5151 1873 5222 jam
1898 5150 2064 5221 possit
2082 5148 2266 5204 bibere
2292 5146 2513 5202 calicem
2530 5144 2811 5202 dominica:
2840 5147 3173 5213 humilitatis,
3192 5162 3349 5217 quem

1768 5247 1915 5316 prius
1963 5241 2250 5300 bibendum
2306 5239 2581 5310 discipulis
2632 5238 2959 5296 amatoribus
3012 5240 3356 5295 sublimitatis

1768 5337 2015 5409 opposuit
2056 5334 2283 5409 (Matth.
2315 5350 2385 5389 xx
2406 5375 2423 5402 ,
2446 5333 2518 5389 22
2541 5333 2603 5405 )?
2646 5332 2819 5402 Unde,
2854 5334 3087 5405 inquam,
3121 5333 3260 5397 scit,
3285 5348 3354 5388 ne

1768 5432 1907 5488 forte
1956 5431 2069 5501 ipsa
2119 5426 2353 5485 nondum
2407 5427 2477 5484 sit
2520 5425 2738 5498 Thecla,
2788 5425 2899 5497 jam
2947 5427 3017 5481 sit
3067 5425 3156 5481 illa
3200 5422 3354 5480 Cris-

1769 5525 1893 5597 pina
1926 5520 2051 5598 (a)?

1834 5656 2466 5724 iNonnulliMssthIMSL
2656 5716 2681 5724 Α.
2812 5719 2821 5724 -
2887 5718 2898 5724 -
2938 5712 2968 5724 .-
3034 5711 3046 5724 ι

1834 5726 1854 5754 ²
1875 5723 2016 5789 Edim
2048 5734 2161 5789 φιςε
2397 5716 2770 5789 frtem?th
3281 5724 3359 5762 δε·

1769 5780 2026 5845 metipsutn
2048 5780 2303 5845 unicuique
2327 5780 2593 5845 declarant.
2619 5780 2923 5845 Castigantur
2944 5784 3008 5822 ex
3026 5780 3134 5843 Mss.

1836 5835 1909 5910 (in)
1929 5835 2119 5910 r'rbecla
2141 5835 2277 5910 virgo
2300 5842 2623 5910 l;tr_rcclcl)t'is,
2651 5835 2768 5899 ψιτιῖ
2779 5838 2871 5885 sub
2893 5843 3089 5910 Ngljong
3104 5835 3245 5910 igtig’s
3270 5848 3358 5910 pro

1775 5894 1961 5963 uni-iga
1984 5894 2258 5961 faclbcstia’s
2281 5894 2408 5957 vicit.
2442 5894 2650 5964 tristitiao
2669 5894 2805 5950 "vero
2842 5894 3016 5947 mulier
3039 5894 3360 5958 't‘bagarcnsis
