3880 6284
637 394 746 451 ιῖὄ

708 500 936 565 CAPUT
963 497 1125 556 XLV.
1157 525 1228 538 ——
1258 494 1478 549 Fructus
1500 502 1756 554 centenus,
1777 503 2051 558 sc-xagenus
2073 493 2117 539 et
2141 481 2232 535 tri-

609 618 792 659 tcenus
816 597 952 654 varie
979 592 1278 649 intellectus.
1309 589 1469 644 Certe
1498 585 1599 641 nisi
1626 583 1764 638 adsit
1801 580 2021 637 tentatio
2041 619 2056 644 ,
2087 574 2231 630 nulla

640 694 769 752 doni
790 691 949 762 hujus
972 687 1030 742 ﬁt
1049 682 1455 743 demonstratio.

714 785 807 841 46.
839 783 954 838 Hoc
975 786 1154 834 autem
1194 784 1302 830 tam
1331 786 1580 842 magnum
1610 778 1693 826 est
1712 810 1726 834 ,
1759 776 1816 823 ut
1854 781 1976 822 eum
2007 765 2237 818 fructum

647 888 930 938 centenum
956 876 1170 948 quidam
1198 871 1494 942 intelligant
1515 867 1612 941 (a).
1646 865 1900 921 Perhibet
1924 863 2067 918 enim
2102 874 2239 930 prae-

649 971 1005 1031 clarissimum
1035 965 1395 1023 testimonium
1427 958 1786 1016 ecclesiastica
1827 954 2117 1010 auctoritas
2138 992 2151 1018 ,
2185 951 2237 1004 in

649 1080 753 1137 qua
780 1061 1026 1118 ﬁdelibus
1070 1066 1254 1113 notum
1281 1063 1397 1120 est,
1428 1065 1536 1124 quo
1561 1051 1683 1105 loco
1707 1057 1971 1119 martyres
1991 1087 2006 1113 ,
2039 1053 2092 1099 et
2136 1056 2241 1114 quo

652 1133 916 1210 defunctae
958 1146 1390 1205 sanctimoniales
1424 1142 1491 1199 ad
1521 1141 1702 1196 altaris
1743 1145 2078 1194 sacramenta
2106 1133 2244 1189 reci-

654 1255 832 1304 tentur
853 1245 949 1315 (b).
979 1242 1086 1298 Sed
1112 1239 1236 1312 quid
1280 1236 1542 1308 signiﬁcet
1569 1231 1910 1289 fecunditatis
1954 1228 2042 1282 illa
2069 1225 2245 1281 diver-

627 1415 630 1418 ἢ
657 1343 788 1398 sitas
809 1381 824 1407 ,
851 1338 1083 1394 viderint
1110 1335 1199 1406 qui
1227 1333 1342 1388 haec
1367 1330 1558 1386 melius
1583 1341 1741 1398 quam
1779 1339 1877 1379 nos
1905 1319 2241 1390 intelligunt;

656 1434 768 1489 sive
793 1430 1070 1502 virginalis
1095 1429 1200 1482 vita
1232 1425 1283 1480 in
1312 1429 1538 1479 centeno
1563 1419 1737 1474 fructu
1765 1416 1870 1481 sit,
1902 1413 1956 1468 in
1980 1423 2246 1480 sexageno

656 1523 919 1590 vidualis,
949 1522 1003 1576 in
1046 1519 1252 1574 triceno
1291 1524 1467 1570 autem
1505 1507 1798 1580 conjugalis
1832 1524 1844 1560 :
1878 1506 1995 1560 sive
2020 1509 2247 1558 centena

655 1616 902 1674 fertilitas
931 1613 1187 1684 martyrio
1215 1609 1390 1680 potius
1420 1606 1741 1676 imputetur,
1771 1613 2033 1670 sexagena
2077 1594 2248 1652 conti-

657 1708 889 1775 nentiae,
922 1706 1120 1760 tricena
1163 1700 1465 1765 connubio;
1509 1698 1622 1753 sive
1647 1693 1923 1764 virginitas
1959 1687 2248 1744 accedente

657 1799 916 1872 martyrio
932 1806 1218 1852 centenum
1241 1792 1472 1847 fructum
1501 1787 1739 1858 impleat,
1757 1784 1868 1839 sola
1892 1796 2020 1837 vero
2036 1783 2088 1834 in
2105 1793 2248 1834 sexa-

659 1906 799 1963 geno
823 1891 930 1957 sit,
957 1885 1222 1958 coniugati
1249 1893 1425 1939 autem
1452 1880 1715 1936 tricenum
1747 1878 1977 1930 ferentes
2002 1871 2068 1925 ad
2097 1883 2251 1924 sexa-

659 1962 854 2055 genum
883 1979 1190 2052 perveniant
1215 1976 1261 2031 si
1287 1983 1548 2044 martyres
1573 1969 1770 2025 fuerint
1795 1984 1806 2020 :
1831 1967 1944 2020 sive
1964 1962 2104 2034 quod
2127 1975 2251 2031 pro-

660 2052 890 2131 habilius
916 2071 1045 2126 mihi
1085 2068 1328 2130 videtur,
1361 2063 1609 2135 quoniam
1638 2059 1832 2115 divinas
1870 2056 2055 2128 gratia:
2084 2052 2250 2108 multa

663 2175 792 2224 sunt
814 2177 1056 2226 munera,
1085 2169 1139 2216 et
1166 2167 1251 2214 est
1275 2155 1420 2215 aliud
1451 2153 1556 2208 alio
1582 2151 1753 2221 majus
1776 2164 1840 2203 ac
1869 2147 2077 2208 melius,
2109 2142 2251 2197 unde

661 2257 792 2313 dicit
831 2253 1120 2325 Apostolus
1139 2291 1153 2315 ,
1184 2245 1526 2304 xEmulamini
1549 2245 1565 2275 ¹
1596 2253 1763 2297 autem
1789 2240 1924 2293 dona
1959 2235 2169 2292 meliora
2207 2231 2252 2304 ('I

663 2348 783 2403 Cor.
815 2361 922 2412 xu,
949 2344 1074 2415 31);
1102 2337 1503 2410 intelligendum
1529 2342 1612 2390 est
1638 2333 1788 2404 plura
1816 2345 1936 2386 esse
1954 2370 1969 2394 ,
1997 2341 2156 2398 quam
2196 2333 2251 2379 ut

664 2441 719 2497 in
749 2448 860 2494 tres
882 2433 1208 2492 differentias
1230 2428 1474 2486 distribui
1508 2425 1729 2496 possint.
1761 2423 2019 2484 Primum,
2039 2434 2105 2472 ne
2124 2431 2254 2472 con-

664 2531 944 2587 tinentiam
970 2526 1236 2582 vidualem
1259 2530 1351 2577 aut
1375 2523 1429 2576 in
1455 2519 1597 2574 nullo
1627 2517 1798 2571 fructu
1825 2513 2208 2569 constituamus
2233 2550 2249 2577 ,

665 2631 757 2678 aut
781 2622 847 2676 ad
876 2618 1168 2689 coniugalis
1195 2612 1461 2686 pudicitiae
1492 2610 1738 2665 meritum
1768 2607 2096 2675 deponamus
2115 2644 2130 2670 ,
2163 2609 2256 2656 aut

666 2711 908 2785 virginali
929 2711 1112 2782 gloriae
1133 2719 1472 2778 coaequemus
1489 2719 1503 2770 ;
1522 2710 1613 2756 aut
1636 2715 1888 2757 coronam
1912 2696 2147 2768 martyrii
2169 2694 2254 2750 vel

664 2809 720 2863 in
748 2806 930 2861 habitu
957 2802 1143 2868 animi,
1168 2798 1375 2856 etiamsi
1403 2795 1540 2851 desit
1571 2792 1874 2848 tentationis
1900 2803 2146 2852 examen,
2169 2786 2255 2841 vel

665 2899 721 2955 in
761 2898 875 2968 ipsa
905 2893 1168 2966 passionis
1197 2887 1526 2959 experientia
1553 2884 1928 2946 constitutam,
1956 2878 2172 2934 cuilibet
2191 2876 2256 2930 il-

665 2991 840 3047 larum
867 2989 1026 3042 trium
1066 2984 1296 3039 castitati
1323 2981 1437 3036 sine
1467 2979 1576 3033 ullo
1615 2978 1945 3031 incremento
1972 2970 2257 3026 fertilitatis

665 3081 921 3141 accedere
934 3078 1320 3136 existimemus.
1340 3069 1564 3136 Deinde,
1582 3069 1670 3123 ubi
1686 3067 1931 3138 ponimus
1947 3062 2087 3134 quod
2104 3061 2258 3116 multi

666 3191 731 3232 ac
772 3173 955 3229 multae
983 3171 1054 3225 ita
1080 3166 1386 3224 custodiunt
1410 3162 1792 3219 continentiam
1821 3156 2132 3226 virginalem
2154 3196 2168 3221 ,
2203 3162 2260 3209 ut

667 3275 847 3322 tamen
891 3278 996 3318 non
1025 3261 1221 3316 faciant
1244 3273 1363 3328 qua:
1389 3253 1646 3309 Dominus
1669 3251 1777 3316 ait,
1810 3249 1871 3304 Si
1910 3249 1982 3301 vis
2010 3263 2115 3301 esse
2139 3262 2258 3316 per-

669 3362 850 3430 fectus,
876 3355 1022 3420 vade,
1048 3351 1207 3406 vende
1229 3348 1398 3403 omnia
1422 3360 1535 3417 qua:
1563 3342 1731 3408 habes,
1766 3350 1814 3398 et
1840 3341 1907 3394 da
1934 3339 2257 3412 pauperibus,

670 3460 716 3505 et
743 3446 944 3503 habebis
968 3447 1260 3499 thesaurum
1280 3444 1333 3496 in
1348 3440 1496 3504 caelo;
1512 3447 1558 3492 et
1582 3438 1714 3503 veni,
1730 3451 1932 3506 sequere
1944 3450 2023 3487 me
2048 3433 2258 3504 (Matth.

671 3556 761 3597 ιιι
781 3579 797 3607 ,
826 3537 957 3609 21);
1003 3550 1102 3591 nec
1130 3533 1361 3589 audeant
1385 3545 1568 3586 eorum
1606 3525 1984 3583 cobabitationi
2027 3525 2218 3580 sociari
2242 3566 2258 3592 ,

672 3635 728 3691 in
758 3632 952 3704 quibus
992 3643 1150 3685 nemo
1178 3627 1306 3683 dicit
1331 3622 1532 3694 aliquid
1559 3621 1832 3692 pr0prium
1853 3661 1867 3685 ,
1900 3618 1994 3674 sed
2021 3627 2144 3673 sunt
2185 3618 2263 3674 eis

673 3724 855 3780 omnia
880 3720 1183 3778 communia
1210 3717 1348 3788 (Act.
1378 3731 1434 3780 ιι,
1465 3714 1554 3781 44,
1586 3722 1633 3766 et
1665 3728 1738 3778 tv,
1767 3711 1856 3781 52)
1891 3727 1904 3762 :
1938 3708 2138 3763 nihilne
2163 3723 2263 3778 pu-

674 3826 850 3872 tamus
869 3811 1287 3870 fructiﬁcationis
1303 3807 1558 3864 accedere
1575 3805 1862 3876 virginibus
1889 3803 2006 3877 Dei,
2025 3819 2146 3858 cum
2166 3804 2265 3858 hoc

675 3911 910 3967 faciunt?
927 3916 1018 3964 aut
1037 3901 1160 3962 isine
1187 3904 1294 3960 ullo
1321 3903 1494 3957 fructu
1524 3914 1644 3956 esse
1663 3897 1898 3968 virgines
1921 3897 2035 3964 Dei,
2058 3895 2265 3951 etiamsi

676 4003 780 4060 hoc
807 4018 910 4058 non
935 3998 1169 4057 faciunt?

747 4093 974 4151 CAPUT
1003 4089 1188 4147 XLVI.
1219 4119 1288 4130 —
1327 4086 1443 4141 Vita
1488 4084 1766 4140 communis
1808 4081 2268 4138 sanctimonialium

677 4187 1016 4246 excellentior.
1050 4184 1208 4239 Multa
1240 4196 1367 4250 ergo
1409 4188 1532 4234 sunt
1561 4177 1700 4233 dona
1724 4216 1739 4243 ,
1771 4184 1825 4232 et
1853 4176 1970 4230 aliis
2011 4174 2113 4229 alia
2155 4173 2266 4228 cla-

679 4283 820 4338 riora
850 4295 914 4335 ac
938 4277 1212 4348 superiora
1233 4317 1248 4342 ,
1278 4273 1500 4345 singulis
1527 4271 1752 4341 singula.
1787 4269 1854 4323 Et
1879 4267 2164 4339 aliquando
2192 4266 2271 4321 al-

680 4386 764 4434 ter
791 4377 1091 4430 fructuosus
1117 4379 1198 4425 est
1221 4368 1377 4423 donis
1419 4365 1755 4436 paucioribus
1773 4404 1790 4430 ,
1819 4361 1912 4418 sed
1937 4361 2266 4432 potioribus;

680 4469 817 4524 alter
844 4462 1199 4525 inferioribus,
1220 4458 1313 4514 sed
1342 4457 1599 4528 pluribus.
1621 4455 1686 4509 Et
1714 4451 2160 4522 quemadmodum
2189 4451 2271 4504 in-

680 4570 765 4618 ter
787 4575 845 4616 se
869 4556 954 4613 vel
972 4559 1318 4624 coasquentur
1340 4549 1426 4605 vel
1452 4548 1844 4617 distinguantur
1868 4544 1922 4598 in
1947 4541 2271 4612 accipiendis

683 4652 901 4712 aeternis
930 4648 1255 4712 honoribus,
1297 4644 1417 4715 quis
1448 4641 1723 4696 hominum
1762 4637 1953 4693 audeat
1989 4634 2272 4707 judicare?

683 4747 810 4802 dum
833 4753 1009 4800 tamen
1034 4745 1245 4796 constet
1271 4744 1327 4792 et
1350 4734 1516 4790 multa
1541 4746 1661 4787 esse
1693 4731 1790 4786 ista
1815 4728 2020 4784 diversa
2042 4768 2056 4793 ,
2085 4735 2140 4782 et
2162 4741 2269 4781 non

684 4837 751 4892 ad
797 4849 1034 4907 praesens
1060 4842 1306 4901 tempus,
1338 4827 1436 4884 sed
1476 4827 1529 4881 in
1559 4834 1817 4882 aeternum
1863 4821 2115 4892 prodesse
2152 4834 2269 4876 me-

750 4952 768 4983 ¹
793 4956 972 5000 omnes
991 4954 1120 5008 Mss,

687 5012 782 5077 (sic
804 4998 912 5077 ejus
935 5016 1046 5059 Acta
1077 4998 1129 5077 _in
1150 5007 1531 5077 Theodericensi
1558 5012 1643 5077 Ms.
1659 5003 1788 5077 forte
1810 5015 1898 5066 pro
1925 4998 2271 5077 Tltagastensis,

688 5025 782 5077 (Sic
804 5025 912 5121 eius
935 5025 1046 5059 Acut
1077 5025 1129 5080 μὶ
1150 5025 1173 5056 'I
1187 5025 1531 5057 neouel'ICBBSI
1559 5025 1638 5054 ms.
1660 5025 1788 5053 iUI'lU
1813 5025 1898 5066 pro
1929 5025 2271 5063 quyuswusw,

688 5072 770 5148 :91
799 5083 832 5148 ι
854 5067 1919 5148 emansisse?retssﬁestltusts
1937 5065 1987 5148 ίει
2005 5063 2273 5148 έ¹ῖίο³κευδ

687 5126 982 5186 Diocletiano
999 5138 1052 5180 et
1075 5126 1373 5188 Maximiano,
1401 5128 1598 5178 Anulino
1620 5126 1925 5190 proconsule.
1951 5127 2066 5176 Inde
2082 5137 2276 5190 rursum

688 5199 741 5248 in
762 5207 991 5266 sermone
1007 5193 1118 5266 554,
1141 5192 1201 5241 ad
1218 5193 1549 5266 Contineutes,
1569 5189 1673 5266 ιιίῦ
1695 5204 1706 5239 :
1739 5209 1760 5237 α
1777 5195 1994 5266 Cpgitate
2009 5223 2024 5249 ,
2049 5189 2132 5246 ait,
2159 5199 2273 5248 per-

697 5277 720 5307 α
740 5257 1007 5330 scontionis
1022 5251 1365 5330 temporenon
1401 5251 1770 5330 solumFAgnen
1808 5251 1957 5330 fuisse
2000 5255 2275 5330 coronjatam

696 5339 721 5370 ι
743 5320 1000 5393 virginem,
1013 5311 1454 5393 sedetpristiinam
1478 5311 1748 5388 mulierem
1755 5329 1768 5393 ξ
1798 5321 1849 5363 et
1863 5314 2009 5393 forte,
2029 5311 2158 5375 quod
2178 5323 2276 5360 non

697 5402 722 5433 ι
740 5375 1014 5444 dubitatur,
1054 5378 1199 5444 aliqui
1221 5375 1357 5444 tunc
1378 5378 1442 5427 de
1485 5377 1848 5444 continentibus
1867 5375 2185 5434 defecerunt,
2224 5380 2277 5423 et

696 5463 722 5494 α
743 5443 882 5494 multi
905 5443 970 5493 de
991 5439 1258 5505 eonju'gatis
1278 5447 1615 5505 pugnaverunt
1636 5447 1783 5501 atque
1806 5439 2091 5505 viceruntz.»

752 5507 826 5568 (α)
859 5512 988 5556 lianc
1014 5497 1311 5568 sentcntiam
1330 5497 1489 5551 r'el‘ert
1517 5497 1859 5568 hieronymus,
1893 5498 1982 5568 sed
2005 5498 2147 5568 aliam
2170 5497 2277 5559 ipse

691 5560 841 5623 inlib.
869 5569 890 5616 I
917 5573 1083 5618 contra
1103 5567 1421 5623 Jovinianum,
1446 5569 1499 5612 et
1518 5563 1570 5610 in
1583 5560 1743 5624 Matth.
1768 5573 1874 5622 cap.
1907 5561 1963 5608 15
1985 5560 2140 5624 eligit,
2165 5573 2276 5624 quae

691 5631 922 5682 videlicet
951 5631 1272 5680 centesimum
1292 5624 1498 5674 fructum
1521 5622 1804 5684 virginibus,
1823 5622 2276 5684 sexagesimutnvi-

693 5694 819 5754 duis,
846 5698 898 5741 et
919 5691 1228 5754 trigesimum
1236 5688 1386 5754 castis
1401 5683 1669 5749 coniugatis
1686 5683 1905 5754 deputat.

758 5746 846 5816 (θ’)Δ
865 5759 964 5802 Huc
981 5746 1197 5816 pertinet
1217 5749 1336 5816 illud
1355 5748 1424 5816 _in
1437 5746 1666 5816 sermone
1689 5746 1786 5816 _159
1801 5782 1815 5807 ,
1834 5759 1886 5795 n.
1918 5746 1978 5816 1.:
2011 5762 2033 5816 ει
2051 5751 2280 5810 Martyres

703 5832 730 5864 ι
751 5808 824 5865 eo'
833 5812 939 5886 loco
957 5808 1221 5886 recitantur
1243 5811 1302 5861 ad
1326 5808 1478 5859 altare
1501 5809 1601 5886 Dei,
1617 5810 1698 5886 ubi
1713 5822 1820 5886 Pnon
1845 5821 1930 5880 pro
1944 5809 2061 5871 ipsis
2081 5808 2271 5861 oretur:

703 5893 730 5927 ι
746 5889 834 5939 pro
854 5876 1046 5926 caeteris
1061 5880 1226 5924 autem
1250 5872 1631 5924 commemoratis
1645 5871 1888 5921 defunctis
1908 5878 2088 5921 oratur.
2108 5888 2128 5916 ν

1570 377 1658 433 DE
1694 374 1960 432 summa
2004 364 2470 431 VIBGINITATE,
2514 364 2572 419 s.
2615 360 2980 421 AUGUSTINI
3747 367 3813 423 ω

2344 479 2496 533 liora.
2526 475 2629 532 Sed
2658 477 2938 531 Dominum
2969 482 3080 528 tres
3122 469 3350 527 arbitror
3373 469 3594 527 voluisse
3613 470 3817 530 frustilla-

2343 571 2502 626 tionis
2527 583 2950 635 commemorare
2971 564 3296 622 differentias
3321 562 3530 633 (Matth.
3555 578 3657 629 xm,
3678 565 3738 635 8),
3756 584 3819 623 ee-

2341 670 2485 718 teras
2515 659 2927 731 intelligentibus
2954 655 3252 728 reliquisse.
3281 653 3412 710 Nam
3451 663 3504 710 et
3527 655 3646 709 alius
3667 671 3817 728 evange-

2343 756 2463 811 lista
2490 755 2664 810 solum
2688 750 3126 810 commemoravit
3150 746 3456 818 centuplum
3481 745 3619 817 (Luc.
3645 764 3741 814 vni,
3761 752 3817 821 8):

2345 847 2602 920 numquid
2652 848 2775 904 ideo
2824 843 3091 917 putandus
3136 849 3220 898 est
3271 840 3373 895 alia
3425 839 3527 895 duo
3573 839 3648 896 vel
3687 841 3823 912 imptu-

2344 942 2502 999 basse
2530 941 2615 997 vel
2643 942 2915 1013 ignorasse
2937 980 2954 1007 ,
2992 952 3057 993 ac
3084 950 3194 991 non
3221 932 3402 1006 potius
3429 930 3725 1004 intelligenda
3745 934 3823 991 rell.

2345 1035 2526 1106 quisse
2544 1034 2568 1087 Ἰ

2418 1128 2508 1182 47.
2539 1125 2644 1183 Sed
2673 1133 2731 1180 ut
2753 1122 2933 1180 dicere
2974 1135 3242 1191 coeperam
3263 1160 3278 1186 ,
3303 1119 3418 1175 sive
3443 1128 3674 1175 centenus
3695 1118 3849 1177 fructus‘

2348 1220 2418 1275 sit
2444 1221 2554 1275 Deo
2594 1217 2784 1272 devota
2809 1215 3083 1285 virginitas
3103 1255 3119 1282 ,
3147 1213 3262 1267 sive
3287 1211 3392 1266 alio
3416 1211 3586 1281 aliquo
3608 1210 3758 1279 modo,
3777 1191 3849 1270 veli

2349 1326 2508 1382 quem
2550 1305 3082 1365 commemoravimus
3103 1346 3119 1372 ,
3150 1304 3237 1370 vel
3277 1317 3433 1373 quem
3470 1317 3568 1357 non
3595 1311 3849 1370 commento-1

2349 1402 2620 1465 ravimus,
2671 1399 2741 1453 sit
2787 1397 2874 1452 illa
2920 1394 3208 1451 fertilitatis
3256 1391 3588 1463 intelligenda
3627 1392 3849 1457 distantia;1

2352 1509 2510 1548 nemo
2561 1501 2780 1558 tamen,
2831 1496 3086 1561 quantum
3135 1495 3302 1558 puto,
3356 1501 3514 1542 ausus
3559 1485 3697 1542 fuerit
3728 1487 3849 1558 virga

2311 1588 2571 1640 ‘nitatem
2625 1584 2876 1654 praeferre
2927 1579 3183 1650 martyrio
3215 1619 3231 1646 ,
3289 1592 3352 1633 ac
3404 1591 3559 1633 nemo
3605 1577 3849 1648 dubitavuit

2352 1679 2454 1734 hoc
2479 1679 2678 1734 donum
2720 1676 2982 1732 occultum
3010 1687 3132 1730 esse
3149 1713 3164 1740 ,
3191 1673 3236 1728 si
3263 1671 3605 1728 examinatrix
3627 1671 3736 1730 desit
3762 1682 3828 1727 ten-

2352 1772 2501 1826 tatio.

2425 1861 2650 1919 CAPUT
2679 1859 2886 1917 XLVII.
2919 1890 2989 1902 -—
3021 1859 3088 1916 Ut
3113 1877 3214 1916 non
3239 1861 3447 1932 inﬂetur
3473 1859 3631 1931 uirgo,
3657 1857 3827 1929 cogitet»

2354 1967 2482 2034 forte
2505 1979 2606 2016 non
2633 1977 2777 2032 posse
2805 1976 2898 2031 pro
2923 1959 3121 2016 Christo
3147 1961 3273 2033 pati,
3299 1961 3435 2032 quod
3460 1961 3604 2032 possit
3626 1960 3826 2031 conjugata

2355 2056 2526 2112 Habet
2554 2058 2726 2126 itaque
2748 2055 2896 2126 virgo
2915 2054 3057 2125 quod
3081 2055 3277 2125 cogitet
3301 2053 3445 2124 quod
3470 2055 3517 2110 ei
3544 2053 3684 2124 prosit
3703 2051 3751 2105 ad
3766 2066 3828 2105 ser-

2354 2147 2580 2203 vandam
2610 2146 2962 2201 humilitatem
2982 2187 2998 2213 ,
3024 2161 3094 2201 ne
3118 2145 3281 2200 violet
3326 2145 3472 2199 illam
3495 2160 3604 2214 qua:
3624 2142 3826 2214 superemi-

2355 2248 2447 2294 net
2471 2237 2627 2292 donis
2655 2237 2904 2293 omnibus
2927 2237 3242 2293 charitatem
3264 2277 3280 2303 ,
3310 2237 3427 2291 sine
3450 2251 3548 2306 qua
3583 2236 3729 2306 utique
3743 2249 3828 2304 que-

2355 2344 2584 2401 cumque
2609 2328 2711 2384 alia
2737 2329 2822 2384 vel
2847 2343 3013 2400 pauca
3041 2328 3128 2384 vel
3165 2329 3318 2398 plura
3342 2327 3426 2384 vel
3452 2342 3624 2398 magna
3645 2326 3713 2382 vel
3731 2339 3827 2395 pum

2356 2420 2636 2487 habuerit,
2665 2421 2795 2476 nihil
2824 2427 2928 2477 est.
2974 2419 3176 2490 Habet,
3203 2420 3423 2491 inquam
3443 2460 3458 2487 ,
3483 2418 3613 2489 quod
3634 2417 3774 2488 cogitet
3798 2423 3829 2468 ut

2359 2530 2466 2570 non
2488 2513 2722 2578 inﬂetur,
2741 2527 2848 2568 non
2879 2511 3186 2579 aemuletur;
3209 2511 3285 2567 ita
3314 2526 3374 2566 se
3398 2510 3587 2566 scilicet
3613 2508 3758 2562 bonum
3771 2506 3829 2558 vir-

2355 2608 2530 2682 ginale
2553 2607 2815 2678 coniugali
2852 2606 2995 2662 bono
3018 2604 3187 2660 multo
3213 2603 3448 2676 amplius
3473 2611 3525 2658 et
3562 2600 3716 2656 melius
3733 2596 3830 2668 proi-

2357 2703 2479 2769 teri,
2498 2711 2555 2759 ut
2578 2711 2756 2758 tamen
2783 2701 2986 2757 nesciat
3011 2707 3187 2754 utrum
3206 2698 3298 2752 illa
3325 2696 3410 2752 vel
3435 2696 3519 2750 illa
3535 2690 3827 2765 conjugatajam

2358 2795 2468 2866 pati
2494 2810 2594 2866 pro
2621 2793 2833 2850 Christo
2862 2793 3064 2862 possit,
3103 2789 3280 2846 adhuc
3309 2803 3442 2844 vero
3465 2786 3568 2859 ipsa
3594 2801 3680 2840 non
3701 2781 3827 2854 passu,

2359 2896 2415 2944 et
2434 2888 2491 2944 in
2532 2887 2635 2955 hoc
2657 2887 2707 2942 ei
2737 2895 3016 2957 parcatur,
3048 2883 3171 2955 quia
3197 2881 3482 2937 inﬁrmitas
3505 2880 3610 2950 ejus
3632 2875 3826 2933 tentationt

2359 2995 2468 3035 non
2512 2979 2888 3048 interrogatur.
2917 2974 3114 3031 Fidelis
3142 2975 3284 3031 enim
3314 2973 3488 3039 Deus,
3516 2973 3586 3026 ait
3604 2967 3826 3040 Apostolus,

2360 3072 2445 3142 qui
2471 3087 2572 3124 non
2593 3086 2679 3124 vos
2709 3069 2958 3139 permittet
2977 3068 3160 3124 tentari
3187 3084 3344 3138 super
3369 3067 3424 3121 id
3446 3065 3573 3138 quod
3595 3055 3828 3134 potestitM

2363 3165 2512 3235 faciet
2536 3180 2651 3218 cum
2677 3163 2948 3218 tentatione
2966 3163 3118 3216 etiam
3142 3161 3336 3216 exitum
3354 3202 3371 3228 ,
3401 3168 3457 3214 ut
3483 3157 3660 3230 possitis
3678 3153 3830 3208 sustinet

2363 3257 2409 3327 (I
2435 3256 2552 3312 Cor.
2596 3273 2627 3310 x
2648 3297 2663 3324 ,
2695 3252 2806 3328 15).
2838 3253 3106 3310 Fortassis
3131 3268 3259 3324 ergo
3297 3253 3376 3308 illi
3402 3252 3482 3307 vel
3524 3250 3616 3306 illa:
3637 3240 3826 3314 coniugalis

2362 3349 2485 3403 vita:
2509 3348 2802 3404 retinentes
2821 3348 2876 3401 in
2899 3361 2996 3402 suo
3016 3361 3213 3417 genere
3237 3344 3552 3400 laudabilem
3573 3335 3828 3404 modumin

2364 3441 2569 3513 possint
2580 3449 2763 3496 contra
2779 3439 3054 3494 inimicum
3066 3437 3132 3492 ad
3149 3437 3482 3507 iniquitatem
3493 3441 3726 3505 cogentem
3735 3426 3826 3482 etiam

2364 3531 2564 3587 laniatu
2592 3532 2858 3586 viscerum
2887 3539 2941 3585 et
2965 3529 3224 3584 effusione
3254 3526 3524 3598 sanguinis
3546 3523 3771 3580 dimicare;
3790 3511 3828 3567 im

2367 3634 2541 3679 autem
2567 3623 2649 3678 vel
2687 3622 2790 3678 illa;
2816 3636 2845 3675 a
2876 3621 3103 3691 pueritia
3127 3620 3497 3686 continentes,
3523 3629 3664 3687 seque
3682 3617 3830 3667 castran-

2367 3725 2448 3772 tes
2475 3724 2694 3786 propter
2720 3729 2944 3786 regnum
2965 3713 3248 3778 emlorum,
3274 3712 3509 3770 nondum
3532 3717 3682 3763 tamen
3702 3700 3830 3756 valeant

2369 3811 2492 3866 talia
2518 3811 2600 3865 vel
2646 3824 2743 3880 pro
2764 3809 2970 3880 justitia
3005 3809 3091 3863 vel
3129 3822 3225 3879 pro
3253 3805 3371 3878 ipsa
3397 3803 3625 3877 pudicitia
3645 3796 3829 3856 sustinere-

2368 3903 2528 3959 Aliud
2554 3910 2637 3958 est
2665 3903 2805 3958 enim
2836 3917 2932 3972 pro
2960 3901 3184 3956 veritate
3221 3914 3287 3955 ac
3332 3897 3589 3969 proposito
3611 3898 3751 3948 sancto
3769 3894 3828 3936 uti

2369 3994 2673 4050 consentire
2701 3993 2945 4049 suadenti
2991 4000 3150 4063 atque
3175 3989 3499 4056 blandienti,
3529 3983 3652 4041 aliud
3686 3993 3758 4036 non
3783 3984 3830 4026 οὐ·

2371 4090 2498 4146 dere
2519 4090 2682 4146 etiam
2713 4087 2980 4160 torquenti
3006 4095 3168 4158 atque
3193 4085 3427 4142 ferienti.
3454 4083 3628 4140 Latent
3646 4077 3722 4132 ista
3739 4070 3772 4124 iu
3789 4065 3829 4117 ft‘

2371 4183 2657 4239 cultatibus
2682 4191 2738 4238 et
2770 4181 2974 4238 viribus
3012 4181 3312 4235 animorum
3333 4217 3350 4246 ,
3381 4174 3646 4233 tentatione
3679 4160 3828 4238 pandit?

2374 4285 2494 4345 tur,
2522 4275 2849 4346 experientia
2879 4273 3222 4346 propalantur
3242 4273 3285 4326 ⁸.
3329 4270 3397 4328 Ut
3422 4282 3542 4340 ergo
3569 4262 3743 4336 quisque
3769 4261 3827 4306 “an

2373 4369 2588 4426 infletur
2607 4409 2621 4434 ,
2649 4383 2716 4424 ex
2740 4381 2807 4423 eo
2829 4365 2971 4438 quod
2996 4380 3056 4421 se
3079 4363 3320 4434 pervidet
3346 4375 3498 4434 posse
3515 4399 3530 4427 ,
3558 4348 3765 4410 humiliter
3779 4353 3827 4394 60°

2373 4462 2505 4532 gitet
2528 4459 2668 4532 quod
2693 4459 2901 4530 ignorat
2923 4456 3119 4527 aliquid
3144 4455 3476 4525 praestantius
3496 4465 3551 4506 se
3583 4448 3755 4501 fortasse
3770 4443 3828 4486 non

2375 4553 2786 4624 posse;aliquos
2810 4559 2988 4606 autem
3013 4547 3105 4620 qui
3127 4546 3257 4603 illud
3283 4562 3390 4618 quo
3417 4543 3510 4600 sibi
3533 4535 3719 4612 gloriose
3736 4533 3828 4582 ut!!!3

2375 4653 2477 4711 est,
2493 4659 2592 4698 nec
2617 4643 2932 4698 habent'nec
2956 4641 3289 4711 proﬁtentur,
3311 4639 3411 4693 hoc
3431 4632 3560 4708 quod
3579 4632 3673 4699 ipse
3691 4635 3764 4676 non

2378 4743 2482 4791 test
2501 4749 2678 4805 posse.
2711 4733 2785 4788 Ita
2802 4702 3098 4789 servabitur
3125 4747 3230 4786 non
3257 4702 3550 4792 fallaci,—sed
3577 4702 3826 4775 veracihumi'

2377 4803 2557 4893 litate,
2589 4825 2799 4881 Honore
2817 4834 2989 4878 mutuo
3011 4820 3546 4894 prtevenientesUlont.
3566 4803 3824 4894 xu,10l_f_e"

2377 4921 2520 4976 Alter
2542 4889 2773 4974 alterum
2809 4889 3150 4972 existimantes
3192 4889 3490 4984 superiorem
3520 4903 3604 4962 sibi
3643 4897 3660 4970 (
3676 4889 3822 4954 ΡΙιίῙέρΡσ

2377 5031 2414 5072 ιι
2439 5056 2454 5082 ,
2487 5016 2563 5086 5).
3782 5071 3788 5080 .

2447 5107 2675 5166 CAPUT
2712 5105 2940 5164 XLVIII.
2983 5133 3056 5146 —-
3092 5103 3182 5160 48.
3231 5101 3345 5158 Alia
3385 5088 3646 5153 humilitatis
3679 5085 3849 5166 σπαδίξθῇ

2378 5204 2513 5274 quod
2550 5157 2939 5257 nullus-_Iiie—si—t
2974 5199 3082 5253 sine
3103 5157 3334 5268 peccato.
3364 5187 3491 5260 Quid
3526 5174 3768 5274 jam-dics".l

2379 5252 2493 5368 ipsa
2519 5295 2726 5352 cautela
2753 5301 2808 5349 et
2833 5291 3103 5364 vigilantia
3117 5252 3238 5345 ἰιοη
3259 5252 3538 5359 meinati
3553 5271 3656 5342 Qui:
3671 5252 3819 5368 gilanti:-

2379 5348 2464 5445 ttrtr
2494 5397 2687 5444 castum
2710 5403 2762 5443 se
2781 5348 2960 5441 habere
2984 5401 3072 5439 cor
3091 5385 3116 5439 7
3134 5391 3219 5437 aut
3257 5348 3365 5451 quis
3387 5369 3646 5449 gloriabitur
3667 5348 3818 5451 "tibi"?

2380 5440 2447 5539 se
2471 5440 2869 5553 esse—apeccato
2895 5477 3078 5550 (Prov.
3109 5492 3178 5531 xx
3198 5516 3214 5542 ,
3255 5440 3344 5546 9')?
3379 5440 3564 5537 ἰηιθεη
3593 5461 3661 5513 ⁸⁵³

2380 5577 2451 5633 ab
2479 5584 2634 5632 utero
2654 5533 2840 5630 matris
2865 5533 3044 5627 sancta
3069 5533 3337 5643 virginitas
3363 5582 3376 5620 ε
3405 5533 3505 5618 8οᾶ
3521 5564 3666 5612 κωκυ,
3687 5533 3812 5642 inutili

2379 5665 2598 5719 mundus
2637 5664 2691 5717 in
2719 5672 2986 5734 conspectu
3026 5670 3131 5729 tuo,
3176 5675 3269 5716 nec
3303 5663 3459 5732 infans
3489 5653 3613 5724 cujus
3645 5648 3700 5695 at
3728 5643 3818 5683 nam

2385 5788 2584 5901 (abluet...
2615 5794 2664 5839 et
2690 5787 2869 5851 aliquot
2889 5800 3024 5851 “155-,
3045 5792 3220 5841 ιεηεαισ
3243 5786 3515 5852 panduntur,
3533 5774 3692 5836 experta
3707 5761 3812 5822 vim”
