3880 6284
81 259 165 317 κε
1446 248 1645 305 LIBER
1687 253 1886 310 unus.

3199 265 3304 322 ιξσ

78 375 158 428 diei
199 370 287 424 rita
326 383 473 436 super
496 373 675 419 terram
726 361 864 437 (Job.
898 379 1030 430 xxv,
1068 361 1145 433 ti).
1181 361 1434 419 Servatur
1461 374 1514 419 et
1554 366 1608 420 in
1721 366 1952 420 humiliat
1975 384 2040 420 se.
2069 368 2171 422 Sed
2197 371 2442 439 quoniam
2474 373 2632 428 etiam
2659 377 3018 447 satagenlibus
3039 380 3301 451 vigilanti-

78 467 159 518 tide
185 460 415 515 inviolata
447 457 684 528 quaedam
715 457 930 511 castitas
956 457 1229 528 virginalis
1249 498 1262 523 ,
1294 471 1397 528 qua
1417 457 1605 513 Eccle-

73 560 135 613 sia
160 556 233 608 uni
263 554 370 607 viro
397 553 542 621 virgo
570 558 716 605 easta
741 560 1020 620 coaptatur
1050 567 1064 604 :
1091 550 1184 605 sed
1224 551 1312 605 ille
1341 565 1477 605 unus
1503 551 1602 618 vir,

71 664 156 703 non
182 654 368 700 tantum
409 643 588 697 ﬁdeles
618 650 796 697 mente
841 653 896 696 et
933 657 1158 712 corpore
1196 643 1430 713 virgines
1455 686 1468 710 ,
1511 643 1605 698 sed

70 752 222 793 ontues
243 735 453 788 omnino
488 733 816 788 Christianos
839 733 908 788 ab
950 733 1315 803 spiritualibus
1355 749 1519 804 usque
1539 734 1605 789 ad

68 829 296 893 murales,
322 826 386 881 ab
415 825 682 895 Apostolis
709 839 876 894 usque
897 825 961 879 ad
997 824 1210 880 ultimos
1241 825 1563 896 poenitentes
1587 866 1601 892 ,

69 932 274 991 tanquam
311 935 341 972 a
384 917 607 971 summis
649 917 905 972 cmlorum
936 932 1103 987 usque
1129 917 1194 971 ad
1228 917 1482 973 terminos
1513 932 1605 972 eo-

69 1031 159 1068 rum
184 1011 377 1080 (llatth.
414 1026 562 1075 xxrv,
593 1009 682 1080 51)
712 1051 726 1074 ,
755 1009 934 1064 docuit
963 1025 1119 1064 orare
1144 1053 1156 1073 ,
1189 1019 1240 1064 et
1267 1011 1316 1064 in
1348 1012 1457 1081 ipsa
1486 1026 1604 1065 ora-

69 1106 178 1158 tione
203 1103 367 1156 dicere
391 1100 686 1165 admonuit,
719 1099 783 1153 Et
811 1102 1004 1154 dimitte
1029 1101 1170 1154 nobis
1198 1101 1364 1155 debita
1391 1111 1562 1156 nostra
1583 1144 1597 1169 ,

67 1196 165 1247 sicut
189 1201 228 1244 et
251 1208 336 1244 nos
356 1191 658 1244 dimittimus
689 1190 992 1245 debitoribus
1013 1191 1194 1244 nostris
1223 1190 1331 1263 (Id.
1358 1209 1405 1246 vr
1428 1235 1442 1256 ,
1468 1192 1558 1262 12)
1585 1211 1596 1246 :

69 1285 135 1338 ubi
166 1299 243 1353 per
269 1281 366 1336 hoc
390 1280 535 1351 quod
568 1282 812 1350 petimus,
845 1281 968 1350 quid
999 1281 1161 1336 etiam
1202 1297 1299 1337 nos
1328 1298 1445 1339 esse
1485 1300 1599 1339 me-

69 1373 327 1429 minerimus
353 1371 609 1426 ostendit.
642 1371 823 1441 Neque
854 1373 995 1426 enim
1019 1388 1117 1440 pro
1142 1373 1220 1427 eis
1243 1373 1454 1440 debitis,
1485 1391 1600 1444 qua:

71 1466 194 1518 tutius
214 1463 480 1533 przeterita:
514 1465 630 1516 vita:
661 1463 710 1516 in
736 1462 1006 1532 Baptismo
1029 1477 1123 1532 per
1148 1464 1260 1533 ejus
1290 1479 1472 1533 pacem
1500 1480 1597 1519 no-

74 1558 134 1610 bis
155 1555 330 1608 dimissa
354 1568 478 1608 esse
501 1553 816 1608 confidimus
839 1597 852 1619 ,
888 1568 985 1608 nos
1011 1554 1264 1623 prmeepit
1293 1569 1448 1629 orare
1468 1596 1481 1620 ,
1515 1555 1596 1611 di-

64 1655 221 1708 centes,
246 1644 451 1697 Dimitte
477 1643 624 1698 rtobis
653 1644 818 1697 debita
848 1653 1019 1697 nostra
1043 1686 1058 1708 ,
1091 1645 1217 1698 sicut
1238 1654 1284 1699 et
1312 1662 1404 1699 nos
1429 1646 1598 1701 dimit-

62 1740 175 1790 timus
195 1737 486 1790 drbitoribus
511 1736 697 1790 nostris
720 1752 738 1790 :
767 1735 1001 1803 alioquin
1031 1735 1166 1790 hanc
1187 1736 1482 1792 orationem
1511 1753 1599 1793 ca-

58 1829 300 1884 techumeni
343 1829 530 1898 potius
567 1843 738 1897 usque
778 1827 842 1882 ad
876 1827 1202 1898 Baptismum
1231 1841 1388 1883 orare
1429 1829 1595 1884 debe-

56 1930 161 1974 rent.
188 1922 301 1974 Cam
327 1934 456 1973 vero
495 1935 612 1972 eam
660 1917 911 1988 baptizati
952 1927 1107 1971 orant
1153 1917 1170 1949 ¹
1197 1959 1211 1982 ,
1245 1919 1511 1988 prmpositi
1544 1931 1597 1975 et

55 2009 212 2076 plebes,
227 2016 465 2077 pastores
495 2016 548 2062 et
567 2023 777 2077 greges;
802 2009 931 2062 satis
949 2007 1248 2063 ostenditur
1269 2009 1319 2061 in
1350 2009 1447 2063 hac
1466 2010 1592 2078 vita,

53 2117 141 2169 qua:
165 2109 255 2154 tota
283 2100 511 2154 lentalio
537 2108 619 2155 est
660 2099 798 2172 (Job.
828 2117 897 2154 vn
925 2142 937 2166 ,
970 2099 1046 2170 1),
1081 2101 1348 2156 neminem
1389 2117 1447 2157 se
1476 2112 1593 2158 tan-

53 2207 171 2259 quam
190 2191 249 2243 ab
271 2192 522 2245 omnibus
547 2192 776 2262 peccatis
808 2192 1097 2247 immunem
1130 2192 1327 2248 debere
1353 2195 1590 2264 gloriari.

104 2282 295 2338 CAPUT
339 2281 532 2337 XLIX.
585 2311 657 2322 —
710 2283 799 2338 49.
859 2282 1088 2354 Virgines
1136 2285 1594 2356 irreprehensibiles

57 2374 298 2443 purgatione
325 2385 649 2442 peccatorum
680 2385 726 2427 et
758 2375 937 2428 humili
963 2376 1292 2445 confessione.
1325 2375 1594 2451 Mortifera

56 2468 239 2520 saturitas
286 2467 530 2538 peccandi
576 2484 667 2538 spe
711 2469 866 2521 venia:
912 2470 1262 2534 conﬁtentibus
1311 2473 1588 2540 promissae.

56 2557 232 2613 Proinde
270 2560 427 2614 etiam
459 2560 704 2630 virgines
730 2561 822 2615 Dei
851 2560 1347 2630 irreprehcnsibiles
1376 2565 1588 2634 quidem

53 2659 292 2717 ecqunntur
335 2651 548 2721 Agnum
590 2666 926 2720 quocumque
964 2653 1120 2718 ierit,
1175 2662 1226 2707 et
1252 2665 1587 2724 peccatorum

6 2750 9 2752 '
52 2741 307 2809 purgatione
333 2742 577 2810 perfecta
600 2783 613 2808 ,
647 2750 700 2795 et
733 2741 1032 2811 virginitate
1057 2755 1264 2798 servata
1293 2786 1307 2810 ,
1338 2761 1454 2814 qua:
1483 2761 1586 2801 non

53 2833 201 2887 rediret
225 2835 409 2889 amissa
442 2854 454 2888 :
480 2834 580 2890 sed
605 2837 726 2905 quia
753 2835 938 2889 eadem
973 2836 1083 2905 ipsa
1108 2837 1471 2909 Apoealypsis,
1499 2839 1586 2893 ubi

54 2925 147 2977 tales
171 2926 248 2979 tali
273 2925 489 2981 revelati
522 2935 652 2981 sunt
677 2969 690 2993 ,
732 2927 891 2981 etiam
924 2926 1047 2981 hinc
1077 2942 1169 2982 eos
1199 2927 1377 2982 laudat
1402 2969 1415 2992 ,
1445 2930 1584 2998 quod

49 3013 87 3068 in
113 3032 188 3072 ore
220 3033 395 3074 eorum
442 3035 556 3074 non
601 3019 670 3073 sit
706 3020 978 3074 inventum
1026 3019 1360 3075 mendacium
1399 3021 1582 3092 (Apoc.

50 3120 139 3172 xu,
165 3110 221 3174 4,
247 3111 336 3181 5);
362 3112 716 3166 meminerint
757 3113 915 3166 etiam
959 3113 1011 3166 in
1055 3114 1155 3168 hoc
1184 3129 1300 3170 esse
1332 3131 1549 3170 veraces
1569 3159 1581 3181 ,

50 3212 99 3253 ne
126 3214 173 3255 se
204 3202 418 3257 audeant
447 3203 637 3257 dicere
685 3217 790 3258 non
834 3202 1033 3259 habere
1086 3214 1384 3274 peccatum.
1442 3205 1583 3261 idem

49 3290 197 3359 quippe
218 3291 438 3348 Joannes
467 3292 564 3364 qui
607 3293 736 3347 illud
767 3293 932 3357 vidit,
964 3294 1064 3348 hoc
1089 3295 1218 3348 dixit
1255 3313 1268 3348 :
1304 3295 1362 3350 Si
1391 3297 1582 3350 dixeri-

9 3402 12 3403 ν
47 3393 128 3433 ms
143 3383 241 3452 quia
268 3393 519 3452 peccatum
549 3399 649 3437 non
680 3383 916 3438 habemus
939 3425 952 3448 ,
982 3401 1072 3437 nos
1106 3385 1242 3451 ipsos
1272 3385 1546 3456 decipimus
1567 3429 1580 3451 ,

49 3478 84 3520 et
96 3473 239 3526 veritas
255 3474 305 3527 in
332 3475 474 3528 nobis
504 3490 609 3528 non
631 3483 722 3528 est.
757 3473 907 3541 Quod
927 3474 970 3528 si
990 3475 1207 3545 confessi
1231 3475 1471 3543 fuerimus
1493 3478 1582 3530 de-

53 3557 136 3613 ﬂeta
155 3572 330 3631 nostra,
359 3565 530 3634 ﬁdelis
559 3575 632 3619 est
661 3573 704 3620 et
737 3565 940 3636 justus,
972 3574 1027 3620 ut
1054 3566 1272 3620 dimittat
1299 3570 1440 3622 nobis
1471 3586 1584 3638 pec-

51 3663 132 3705 cata
163 3665 311 3710 nostra
329 3700 344 3725 ,
382 3668 428 3712 et
468 3668 652 3730 purget
682 3675 772 3713 nos
799 3658 863 3712 ab
889 3660 1023 3713 omni
1050 3661 1327 3730 iniquitate.
1363 3660 1514 3726 Quod
1541 3665 1584 3716 si

54 3742 269 3802 diruimus
308 3753 548 3819 quoniam
578 3766 680 3804 non
724 3751 1066 3820 peccavimus,
1100 3751 1388 3806 mendacem
1429 3753 1584 3823 facie-

51 3850 133 3888 mus
159 3854 282 3908 eum,
307 3850 351 3894 et
378 3842 585 3896 uerbum
614 3843 724 3913 ejus
762 3859 861 3896 non
898 3843 992 3897 erit
1017 3843 1069 3897 in
1106 3843 1266 3899 nobis.
1300 3845 1408 3899 lloc
1438 3855 1580 3900 certe

51 3939 129 3980 non
154 3929 240 3983 illis
263 3940 344 3986 aut
365 3934 489 3998 illis,
517 3932 614 3986 sed
641 3933 958 3988 Christianis
980 3936 1225 3990 omnibus
1247 3934 1462 4002 dicitur,
1493 3937 1579 3992 ubi

51 4025 90 4067 et
111 4018 303 4088 virgines
337 4039 394 4079 se
422 4023 625 4079 debent
651 4039 962 4094 agnoscere.
1001 4025 1089 4082 Sic
1114 4027 1256 4082 enim
1283 4035 1440 4082 erunt
1467 4028 1581 4084 sine

51 4109 271 4165 mendacio
292 4155 304 4176 ,
324 4115 509 4184 quales
540 4115 592 4168 in
625 4116 940 4186 Apocalypsi
969 4128 1345 4186 apparuerunt.
1379 4120 1455 4173 Ac
1486 4136 1582 4187 per
1619 4157 1622 4165 ι

53 4193 128 4251 hoc
145 4205 362 4271 quamdiu
393 4205 635 4261 nondum
664 4215 745 4262 est
785 4207 836 4260 in
865 4207 1071 4262 ccelcsti
1101 4207 1424 4263 sublimitate
1455 4225 1578 4279 per-

54 4285 202 4359 fectio,
239 4295 666 4366 invituperabiles
703 4297 825 4351 facit
869 4297 920 4350 in
962 4297 1258 4354 humilitate
1288 4297 1574 4353 confessio.

107 4380 174 4436 50.
197 4383 288 4440 Sed
314 4403 521 4453 rursus,
549 4403 615 4443 ne
646 4403 740 4457 per
767 4389 1099 4442 occasionem
1125 4387 1280 4458 hujus
1300 4391 1579 4445 sententia:

60 4471 273 4544 “multum
297 4494 410 4534 cum
441 4479 715 4534 mortifera
756 4483 1042 4535 securitate
1088 4490 1368 4550 peccaret,
1415 4499 1577 4552 seque

62 4563 310 4624 trahendum
344 4573 704 4640 permitteret,
734 4580 985 4642 tanquam
1017 4587 1138 4627 mox
1167 4573 1407 4629 delendis
1439 4574 1576 4630 facili

60 4653 327 4716 confessione
352 4663 584 4731 peccatis
604 4703 618 4728 ,
646 4663 899 4718 continuo
933 4663 1190 4733 subjecit,
1225 4663 1403 4718 Filioli
1439 4667 1538 4720 mei
1561 4709 1572 4731 ,

63 4741 137 4798 hac
150 4751 300 4820 scripsi
327 4757 458 4811 vobis
477 4799 491 4821 ,
516 4766 571 4810 ut
593 4773 691 4810 non
713 4757 925 4829 peccetis
953 4773 971 4811 :
993 4767 1036 4811 et
1057 4758 1100 4811 si
1119 4759 1230 4829 quis
1260 4762 1535 4829 peccaverit
1559 4804 1572 4828 ,

62 4837 294 4899 advocatum
331 4848 566 4904 habemus
611 4850 679 4903 ad
725 4850 933 4904 Patrem
977 4849 1156 4905 Jesum
1194 4851 1448 4907 Christum
1486 4855 1579 4926 ju-

65 4933 191 4994 “l'mi
226 4944 266 4988 et
307 4937 409 5007 ipse
462 4941 763 5010 propitiatur
809 4953 879 4995 est
929 4951 1245 5012 peccatorum
1291 4955 1574 4999 nostrorum

67 5013 104 5080 (1
123 5018 243 5106 loau.
275 5042 317 5092 ι,
346 5029 474 5096 8-u,
519 5031 597 5101 2).
625 5031 793 5087 Nemo
819 5032 993 5103 itaque
1019 5048 1048 5087 a
1078 5046 1298 5103 peccato
1324 5045 1571 5106 tanquam

67 5105 266 5170 redilnms
289 5119 562 5188 abscedat,
587 5136 688 5177 nec
714 5139 773 5178 se
803 5122 1104 5193 hnjusmodi
1135 5125 1286 5193 quasi
1306 5105 1576 5183 societatis

67 5208 181 5259 Paeto
213 5220 316 5262 cum
362 5213 636 5282 iniquitate
671 5217 1031 5284 constringat,
1081 5223 1137 5269 ut
1175 5229 1294 5268 eam
1333 5217 1572 5271 confiteri

65 5301 182 5355 quam
204 5310 367 5356 cavere
393 5303 640 5360 delectet.

115 5380 299 5446 CAPUT
333 5393 391 5448 L.
418 5425 486 5435 —
511 5396 722 5452 Peccata
739 5415 894 5468 parua
913 5415 1024 5469 quae
1045 5400 1317 5471 subrepunt
1363 5403 1576 5472 uigilan-

68 5468 180 5537 lilm,
201 5483 407 5548 superbia
429 5499 673 5553 crescunt,
695 5468 976 5544 humilitate
1002 5468 1328 5560 perimuntur.
1366 5491 1430 5548 Si
1463 5494 1575 5563 quis

70 5561 166 5627 forte
184 5569 251 5621 hic
269 5573 365 5628 sine
389 5591 583 5647 peccato
607 5621 622 5644 ,
653 5590 837 5648 quanto
869 5600 1078 5654 magnus
1103 5594 1177 5637 est
1198 5625 1214 5650 ,
1249 5594 1388 5639 tanto
1415 5587 1574 5655 magis

116 5675 126 5696 ‘
147 5675 232 5729 Sd:
245 5683 376 5734 editio
396 5693 498 5740 Lov.
522 5703 532 5738 :
553 5699 672 5740 eunt
695 5704 803 5742 vero
812 5693 921 5755 jam
942 5693 1166 5759 baptizati
1188 5702 1344 5746 orant.

257 5767 461 5832 Ssucr.
513 5777 787 5837 Aucusr.
833 5779 940 5839 Vl.

1717 457 1923 527 basque
1950 474 2015 513 ne
2041 470 2291 528 peccent,
2329 463 2622 534 subrepunt
2649 468 2878 536 quodam
2911 471 3068 526 modo
3095 489 3159 528 ex
3204 475 3301 530 hu-

1716 563 1871 602 mana
1920 549 2198 621 fragilitate
2236 561 2449 622 peccata
2476 597 2489 620 ,
2529 558 2771 626 quamvis
2816 574 2972 628 parva
2998 603 3014 628 ,
3061 569 3301 633 quamvis

1716 653 1880 708 pauca
1908 681 1921 705 ,
1954 657 2058 695 non
2091 650 2265 698 tamen
2297 645 2474 710 nulla;
2507 646 2693 701 eadem
2738 650 2850 720 ipsa
2878 651 3006 706 fiunt
3035 671 3222 725 magna
3245 669 3300 715 et

1712 730 1888 799 gravia
1913 774 1926 796 ,
1969 732 2012 785 si
2039 733 2118 787 eis
2147 735 2392 804 superbia
2421 736 2804 793 incrementum
2836 752 2886 796 et
2918 744 3123 812 pondus
3149 748 3297 818 adje-

1713 822 1845 876 cerit
1877 840 1890 876 :
1922 839 1949 875 a
1981 827 2258 882 sacerdote
2283 837 2457 884 autem
2489 847 2644 900 quem
2674 831 2934 890 habemus
2961 837 3010 890 in
3037 839 3224 906 etelis,
3253 845 3299 897 si

1711 915 1795 984 pia
1836 916 2131 973 humilitate
2157 919 2484 988 perimantur
2505 965 2520 990 ,
2572 934 2678 979 tota
2708 925 2959 984 facilitate
2987 944 3294 1003 purgantur.

1781 1007 1868 1060 51.
1898 1007 2002 1062 Sed
2044 1024 2146 1062 non
2177 1011 2440 1066 contendo
2462 1029 2582 1068 cum
2621 1016 2699 1072 eis
2724 1019 2812 1087 qui
2853 1032 3097 1077 asserunt
3129 1023 3300 1080 homi-

1712 1110 1831 1150 nem
1855 1114 2016 1169 posse
2046 1099 2096 1153 in
2129 1101 2226 1155 hac
2254 1102 2359 1156 vita
2400 1104 2514 1160 sine
2545 1105 2649 1161 ullo
2680 1120 2898 1176 peccato
2927 1112 3108 1168 vivere
3136 1133 3148 1168 :
3189 1134 3294 1172 non

1709 1191 2008 1256 contendo,
2048 1209 2154 1246 non
2179 1196 2502 1251 contradico.
2537 1197 2800 1256 Fortassis
2845 1203 2986 1257 enim
3016 1221 3080 1260 ex
3113 1220 3292 1264 nostra

1708 1283 1915 1338 miseria
1943 1301 2164 1355 magnos
2184 1288 2449 1354 metimur,
2475 1299 2527 1344 et
2549 1303 2921 1362 comparantes
2942 1301 3296 1369 nosmetipsos

1708 1372 2103 1445 nobismetipsis
2129 1376 2194 1450 (ll
2217 1377 2333 1432 (ἔον.
2363 1395 2394 1433 x
2416 1420 2430 1445 ,
2463 1378 2570 1453 12),
2604 1399 2708 1437 non
2733 1384 3092 1456 intelligimus.
3118 1390 3290 1446 Unum

1706 1463 1845 1527 scio,
1895 1466 2034 1534 quod
2083 1469 2168 1521 isti
2217 1471 2427 1539 magni,
2478 1473 2660 1542 quales
2705 1491 2808 1530 non
2855 1492 3076 1545 Sumus,
3109 1485 3294 1551 quales

1708 1553 1938 1608 nondum
1968 1558 2169 1626 experti
2196 1573 2400 1627 sumus,
2430 1571 2628 1632 quanto
2651 1566 2826 1636 magni
2849 1579 2990 1636 sunt,
3019 1579 3165 1626 tanto
3192 1572 3291 1626 hu-

1704 1645 1909 1699 miliant
1947 1661 2006 1701 se
2037 1648 2087 1702 in
2115 1650 2360 1705 omnibus
2385 1694 2400 1718 ,
2431 1662 2487 1706 ut
2515 1667 2694 1709 coram
2725 1657 2835 1711 Deo
2866 1659 3138 1716 inveniant
3165 1680 3291 1732 gra-

1705 1735 1850 1789 tiam.
1883 1737 2190 1804 Quamlibet
2214 1743 2356 1797 enim
2385 1745 2557 1815 magni
2590 1746 2730 1814 sint,
2765 1765 2862 1802 non
2890 1760 2962 1804 est
2999 1770 3169 1808 servus
3193 1773 3292 1810 ma-

1691 1826 1784 1896 jor
1809 1828 2012 1882 domino
2033 1847 2145 1897 suo,
2178 1833 2254 1887 vel
2276 1834 2556 1905 discipulus
2582 1840 2820 1908 magistro
2845 1857 2937 1895 suo
2959 1843 3138 1912 (Joan.
3170 1863 3287 1914 xm,

1704 1917 1817 1990 16).
1850 1920 1917 1974 Et
1941 1922 2120 1992 utique
2152 1923 2241 1978 ille
2271 1935 2353 1980 est
2385 1927 2638 1984 Dominus
2659 1930 2745 1999 qui
2774 1931 2931 1998 dicit,
2967 1934 3147 1989 Omnia
3167 1939 3291 1994 mihi

1702 2011 1888 2064 tradita
1907 2022 2024 2067 sunt
2041 2031 2072 2066 α
2096 2013 2255 2070 Patre
2279 2034 2386 2072 meo
2415 2035 2432 2072 :
2461 2029 2514 2075 et
2539 2021 2625 2076 ille
2645 2032 2724 2076 est
2749 2023 2994 2094 Magister
3022 2030 3108 2097 qui
3136 2029 3286 2097 dicit,

1709 2099 1884 2156 Venite
1911 2103 1979 2156 ad
2003 2121 2081 2158 me
2102 2147 2114 2169 ,
2140 2123 2311 2162 omnes
2337 2110 2423 2178 qui
2449 2110 2688 2166 laboratis
2713 2155 2726 2178 ,
2758 2123 2803 2167 et
2833 2115 3009 2170 discite
3027 2135 3059 2170 a
3089 2136 3184 2175 me.
3222 2121 3291 2177 Et

1702 2201 1875 2249 tamen
1916 2197 2043 2266 quid
2071 2197 2369 2254 discimus?
2403 2203 2652 2268 Quoniam
2681 2206 2813 2261 mitis
2837 2225 2979 2277 sum,
3010 2211 3210 2282 inquit,
3241 2226 3288 2269 et

1699 2284 1911 2340 Immitis
1946 2288 2096 2342 corde
2119 2288 2330 2362 (Matth.
2366 2309 2445 2357 xr,
2478 2294 2685 2368 27-29).

1769 2376 1994 2432 CAPUT
2032 2378 2117 2433 LI.
2158 2411 2229 2419 —
2253 2383 2340 2436 59..
2378 2383 2689 2456 Virginitatis
2715 2400 2879 2446 custos
2900 2391 3036 2449 Deus
3064 2398 3151 2469 qui
3177 2416 3288 2455 eam

1697 2466 1852 2535 dedit,
1881 2470 2020 2538 apud
2045 2471 2260 2528 humiles
2279 2476 2504 2546 quiescit.
2532 2478 2628 2534 llic
2648 2481 2788 2536 dicet
2809 2483 2998 2554 aliquis
3023 2504 3035 2540 :
3061 2466 3176 2544 Non
3204 2502 3288 2547 est

1699 2557 1798 2612 hoc
1819 2558 1928 2628 jam
1971 2560 2039 2616 de
2070 2563 2407 2633 virginitate,
2456 2569 2548 2623 sed
2577 2570 2643 2626 de
2686 2571 2982 2632 humilitate
3026 2581 3280 2640 scribere.

1694 2647 1854 2713 Quasi
1884 2666 2009 2705 vero
2033 2667 2386 2726 quarcumque
2411 2659 2703 2729 virginitas,
2729 2679 2790 2718 ac
2813 2681 2916 2719 non
2945 2668 3030 2723 illa
3051 2685 3169 2740 qua:
3196 2687 3283 2728 se-

1695 2738 1925 2794 cundum
1959 2741 2125 2796 Deum
2154 2754 2234 2798 est
2253 2788 2266 2813 ,
2300 2762 2328 2799 a
2357 2748 2510 2802 nobis
2543 2753 2876 2819 praedicanda
2904 2738 3148 2829 suscepta
3178 2772 3279 2817 cst.

1691 2829 1840 2898 Quod
1873 2832 2066 2889 bonum
2095 2848 2293 2906 quanto
2319 2856 2565 2911 magnum
2599 2844 2768 2910 video,
2792 2857 2937 2905 tanto
2959 2852 3006 2905 ei
3027 2895 3040 2918 ,
3069 2870 3134 2909 ne
3155 2871 3280 2925 per-

1692 2934 1796 2990 eat,
1828 2925 1993 2982 furem
2021 2929 2033 2960 '
2059 2931 2360 2999 superbiam
2393 2937 2730 3004 pertimesco.
2760 2940 2873 2995 Non
2898 2958 3025 3014 ergo
3051 2950 3282 3004 custodit

1693 3016 1886 3072 bonum
1930 3020 2213 3091 virginale,
2259 3026 2355 3079 nisi
2390 3028 2528 3083 Deus
2559 3032 2670 3100 ipse
2697 3033 2786 3103 qui
2815 3033 2957 3091 dedit
2999 3055 3011 3088 :
3050 3049 3105 3094 et
3142 3041 3281 3098 Deus

1690 3107 1924 3164 Charitas
1953 3124 2032 3166 est
2065 3114 2106 3183 (l
2135 3112 2287 3169 Jonn.
2324 3135 2402 3182 ιν,
2449 3118 2530 3191 8).
2559 3121 2750 3178 Custos
2793 3142 2920 3197 ergo
2963 3130 3281 3201 virginitatis

1691 3198 1922 3257 Charitas
1956 3221 1968 3257 :
1999 3204 2147 3260 locus
2173 3218 2346 3263 autem
2396 3211 2551 3281 hujus
2590 3216 2825 3272 custodis
2871 3219 3160 3278 humilitas.
3206 3227 3277 3281 lbi

1690 3291 1885 3361 quippe
1913 3293 2148 3363 habitat,
2187 3301 2274 3365 qui
2307 3301 2439 3356 dixit
2476 3317 2638 3373 super
2664 3305 2920 3364 humilem
2950 3324 3002 3367 et
3039 3314 3275 3385 quietum

1690 3388 1744 3434 et
1774 3390 2086 3439 trementem
2130 3390 2286 3443 verba
2320 3405 2412 3445 sua
2452 3396 2788 3464 requiescere
2832 3399 3088 3471 Spiritum
3121 3421 3274 3463 suum

1691 3474 1841 3545 (Isai.
1867 3495 1991 3534 Lam
2017 3522 2029 3540 .
2058 3479 2138 3553 ‘2).
2173 3483 2309 3551 Quid
2340 3488 2518 3558 itaque
2546 3490 2775 3547 alienum
2821 3493 2919 3550 feci
2946 3537 2959 3561 ,
2993 3499 3034 3552 si
3081 3500 3275 3556 bonum

1689 3569 1829 3635 quod
1875 3569 2123 3637 laudavi,
2159 3577 2338 3630 volens
2372 3580 2532 3633 tutius
2559 3583 2852 3653 custodiri,
2895 3591 3072 3644 curavi
3113 3594 3274 3648 etiam

1689 3657 1862 3713 locum
1898 3677 2199 3732 praeparare
2225 3669 2472 3723 custodi?
2513 3671 2766 3729 Fidenter
2805 3677 2944 3732 enim
2989 3681 3140 3745 dico,
3176 3700 3276 3740 nec

1689 3751 1818 3805 mihi
1845 3769 1911 3807 ne
1939 3753 2234 3812 irascantur
2257 3760 2437 3827 timeo,
2467 3778 2599 3832 quos
2622 3774 2677 3818 ut
2699 3781 2905 3822 mecum
2931 3771 3030 3826 sibi
3057 3773 3278 3830 timeant

1686 3845 1947 3903 sollicitus
1995 3865 2187 3904 moneo
2233 3842 2258 3906 τ’
2301 3854 2506 3910 facilius
2553 3869 2846 3928 sequuntur
2875 3864 3080 3933 Agnum
3107 3908 3122 3933 ,
3173 3870 3274 3924 etsi

1687 3951 1792 3992 non
1819 3954 2152 4011 quocumque
2181 3943 2315 4008 ierit,
2345 3957 2490 4002 certe
2516 3964 2788 4019 quousmre
2820 3957 3114 4022 potuerint,
3144 3975 3273 4013 cono

1679 4027 1846 4099 jugati
1875 4030 2124 4099 lunniles,
2144 4049 2298 4104 quam
2321 4040 2690 4106 superbientes
2716 4044 2966 4112 virgines.
2995 4049 3273 4113 Quomodo

1687 4121 1828 4173 enim
1851 4123 2109 4190 sequitur,
2141 4125 2204 4178 ad
2233 4141 2389 4194 quem
2418 4143 2522 4181 non
2557 4129 2668 4184 vnit
2687 4132 2985 4208 accedere?
3009 4142 3112 4193 Aut
3141 4158 3273 4210 quo-

1687 4213 1846 4267 modo
1870 4215 2094 4279 accedit,
2123 4216 2186 4270 ad
2219 4232 2376 4286 quem
2406 4235 2510 4274 non
2541 4223 2683 4276 venit
2713 4233 2769 4278 ut
2798 4225 2986 4294 discat,
3021 4231 3272 4296 Quoniam

1684 4304 1819 4358 mitis
1847 4322 1957 4358 sum
1995 4317 2040 4360 et
2069 4307 2270 4363 Immitis
2307 4310 2496 4365 corde?
2525 4313 2649 4368 Illos
2689 4318 2910 4386 proinde
2951 4335 3268 4392 sequentes,

1685 4395 1865 4464 Agnus
1891 4412 2224 4468 quocumque
2253 4401 2369 4456 ierit
2393 4403 2554 4470 ducit,
2582 4405 2631 4459 ia
2666 4409 2854 4477 quibus
2878 4414 3021 4480 prius
3045 4415 3154 4484 ipse.
3183 4418 3267 4472 ubi

1682 4495 1844 4555 caput
1866 4487 2083 4541 inclinet
2125 4490 2404 4545 invenerit.
2437 4493 2566 4547 Nam
2600 4506 2653 4550 et
2679 4498 2892 4566 quidam
2925 4505 3187 4572 superbus
3217 4517 3272 4561 et

1683 4576 1898 4632 dolosus
1922 4577 2020 4632 hoc
2054 4579 2100 4634 ei
2126 4579 2330 4635 dixerat
2355 4624 2369 4649 ,
2398 4581 2615 4638 Domine
2638 4629 2651 4653 ,
2683 4604 2864 4658 sequar
2891 4601 2936 4643 te
2963 4608 3270 4662 quocumque
3349 4581 3360 4629 Ϊ

1681 4669 1799 4724 ieris
1823 4671 1942 4724 :cui
1968 4672 2237 4738 respondit
2264 4715 2278 4740 ,
2314 4673 2500 4743 Vulpes
2525 4681 2692 4747 foveas
2723 4679 2933 4747 habent,
2977 4694 3021 4736 et
3047 4686 3270 4742 volatilia
3351 4671 3359 4680 ’

1682 4761 1792 4815 caeli
1818 4763 2006 4828 nidos;
2035 4761 2201 4816 Filius
2239 4775 2405 4818 autem
2431 4769 2648 4821 hominis
2685 4787 2785 4823 non
2826 4772 2970 4826 habet
2998 4777 3081 4828 ubi
3116 4791 3270 4849 caput

1681 4869 1828 4905 suum
1855 4855 2056 4907 inclinet
2084 4853 2293 4925 (Matth.
2328 4873 2438 4921 vur,
2470 4857 2531 4912 l9
2552 4869 2596 4910 et
2612 4859 2726 4930 20).
2760 4862 3026 4932 Arguebat
3051 4870 3268 4926 nomine

1682 4943 1915 5012 vulpium
1954 4953 2178 4997 astutam
2222 4944 2589 5012 dolositatem,
2637 4959 2690 5003 et
2735 4953 2950 5009 nomine
2993 4957 3266 5016 volucrum
3351 4972 3356 4978 ‘

1682 5042 1955 5089 ventosam
1988 5035 2268 5089 elationem
2295 5077 2308 5100 ,
2351 5036 2402 5090 in
2443 5054 2546 5108 quo
2593 5041 2676 5095 ubi
2720 5045 3081 5109 requiesceret
3126 5053 3266 5121 piam

1683 5139 1787 5179 non
1812 5125 2110 5180 inveniebat
2137 5125 2505 5185 humilitatem.
2528 5134 2604 5188 Ac
2627 5150 2720 5203 per
2741 5135 2841 5192 hoc
2858 5155 3117 5212 nusquam
3147 5163 3266 5199 om-

1682 5217 1808 5271 nino
1853 5226 2065 5271 secutus
2095 5226 2175 5272 est
2203 5219 2482 5276 Dominum
2510 5264 2524 5288 ,
2562 5227 2648 5295 qui
2679 5243 2737 5283 se
2771 5243 3115 5301 promiserat,
3158 5254 3265 5294 non

1681 5324 1850 5378 usque
1884 5308 1948 5363 ad
1975 5310 2257 5379 quemdam
2290 5313 2580 5382 profectum
2602 5358 2616 5383 ,
2645 5319 2738 5374 sed
2762 5324 2980 5379 omnino
3004 5342 3264 5395 quocum-

1682 5418 1786 5472 que
1811 5403 1928 5457 ierit
1953 5414 2277 5460 secuturum.

1752 5492 1977 5549 CAPUT
2000 5495 2105 5550 Lll.
2135 5527 2208 5536 —
2233 5499 2316 5553 55.
2360 5498 2637 5554 Humi/itas
2665 5505 2934 5575 virginibus
2949 5522 3048 5575 qua
3074 5510 3266 5565 ratione

1683 5587 1977 5640 exercenda.
2023 5588 2357 5659 Quapropter
2403 5592 2501 5644 hoc
2543 5594 2712 5662 agite,
2742 5596 2969 5664 virgines
3000 5598 3129 5666 Dei,
3165 5600 3264 5658 hoc

1750 5700 1765 5730 ⁸
1792 5698 1928 5758 Editi,
1947 5698 2176 5762 futuram.
2205 5701 2524 5750 Emendantur
2550 5717 2609 5750 et
2629 5710 2730 5752 Mss.

2296 5787 2704 5864 {‘Qtttttot‘u'.)
