3880 6284
647 325 752 379 427

647 438 784 506 agite
818 453 830 488 :
863 431 1144 504 sequimini
1174 431 1380 499 Agnum
1423 443 1759 498 quocumque
1790 427 1926 480 ierit.
1953 423 2058 480 Sed
2093 424 2235 492 prius

646 529 712 582 ad
755 542 875 583 cum
907 539 1064 595 quem
1093 521 1388 592 sequamini
1407 562 1420 584 ,
1455 519 1632 574 venite
1655 559 1671 583 ,
1696 527 1750 572 et
1774 517 1960 571 discite
1987 517 2233 585 quoniam

647 619 792 673 mitis
816 624 900 672 est
923 623 977 669 et
1002 613 1217 667 humilis
1245 610 1410 668 corde
1459 610 1738 664 flumiliter
1766 607 1832 663 ad
1859 606 2112 661 humilem
2143 619 2234 659 vc-

648 711 758 764 nite
778 749 794 774 ,
821 708 866 762 si
887 707 1109 770 amatis;
1140 715 1194 759 et
1225 719 1290 758 ne
1326 702 1611 758 discedatis
1634 701 1703 756 ab
1739 700 1830 754 illo
1851 740 1867 764 ,
1905 713 1973 753 ne
2013 697 2235 752 cadatis.

647 799 746 866 Qui
769 799 913 853 enim
944 797 1094 851 timet
1116 795 1183 850 ab
1209 795 1298 848 illo
1320 791 1594 847 discedere
1617 831 1631 857 ,
1656 798 1807 860 rogat
1833 799 1888 844 et
1906 789 2040 844 dicit
2072 806 2085 842 :
2119 788 2239 843 Non

648 891 775 943 mihi
805 888 968 944 veniat
1010 903 1096 957 pes
1137 884 1384 956 superbia:
1431 881 1602 955 (Psal.
1644 897 1833 949 xxxv,
1877 882 1988 953 12).
2028 881 2240 952 Pergite

648 981 788 1036 viam
816 976 1188 1042 sublimitatis,
1226 973 1363 1046 pede
1394 973 1727 1029 humilitatis.
1759 972 1876 1042 Ipse
1908 973 2106 1027 cxaltat
2144 972 2241 1026 hu-

650 1076 850 1128 militer
874 1077 1180 1141 sequentes,
1211 1081 1370 1138 quem
1401 1064 1729 1122 descendere
1755 1079 1860 1120 non
1893 1063 2056 1135 piguit
2077 1064 2240 1134 adja-

650 1174 850 1220 centes.
881 1163 1028 1216 Dona
1057 1159 1173 1230 ejus
1213 1158 1289 1213 illi
1315 1157 1572 1214 servanda
1593 1157 1909 1213 committite
1932 1198 1947 1222 ,
1977 1156 2242 1212 fortitudi-

649 1271 772 1311 nem
818 1259 1051 1307 vestram
1101 1248 1168 1304 ad
1212 1249 1358 1303 illum
1407 1247 1672 1304 custodite
1715 1246 1887 1318 (Paul.
1920 1263 2083 1314 cvm,
2126 1245 2235 1319 l0).

653 1343 917 1415 Quidquid
940 1341 1066 1396 mali
1100 1341 1216 1413 ipso
1234 1340 1568 1396 custodiente
1594 1356 1700 1394 non
1724 1339 2055 1395 committitis
2074 1379 2092 1408 ,
2121 1349 2238 1394 tan-

646 1451 807 1506 quam
831 1433 1118 1490 remissum
1147 1432 1214 1488 ab
1244 1432 1338 1487 illo
1363 1431 1614 1501 deputate
1656 1448 1668 1482 :
1699 1447 1767 1486 ne
1797 1429 2063 1485 modicum
2090 1431 2239 1486 vobis

645 1528 1012 1584 existimantes
1039 1526 1342 1593 dimissum,
1371 1524 1638 1579 modicum
1666 1523 1916 1594 diligatis,
1940 1531 1996 1578 et
2017 1524 2240 1578 tunden-

647 1631 728 1676 tes
754 1630 968 1690 pectora
998 1617 1308 1687 publicanos
1335 1617 1549 1670 t'uinosa
1586 1615 1837 1685 jactantia
1861 1615 2235 1670 cuntemnatis.

646 1713 724 1770 De
761 1712 966 1768 viribus
1003 1709 1196 1766 vestris
1215 1709 1451 1778 expertis
1475 1717 1660 1764 cavete
1680 1748 1696 1775 ,
1731 1723 1799 1762 ne
1825 1708 1948 1777 quia
1979 1707 2119 1764 ferre
2144 1704 2241 1762 ali-

644 1803 770 1873 quid
807 1801 1053 1872 potuistis
1082 1798 1340 1855 inflemini
1369 1816 1384 1852 :
1412 1797 1480 1854 de
1519 1797 1814 1869 inexpertis
1842 1807 2020 1853 autem
2046 1806 2198 1852 orate
2219 1838 2235 1864 ,

646 1911 713 1950 ne
752 1908 910 1965 supra
950 1907 1109 1963 quam
1151 1890 1372 1961 potestis
1404 1889 1554 1945 'ferre
1596 1889 1892 1945 tentemini.
1925 1888 2240 1944 Existimate

644 1987 852 2058 aliquos
876 1985 928 2039 in
959 1984 1168 2040 occulto
1203 1983 1508 2052 superiores
1533 2023 1546 2047 ,
1589 1981 1782 2052 quibus
1810 1983 1940 2038 estis
1980 1981 2034 2036 in
2071 1982 2241 2035 mani-

645 2081 783 2135 festo
810 2078 1077 2132 meliores.
1101 2075 1234 2131 Cum
1259 2075 1485 2129 aliorum
1508 2073 1668 2142 bona,
1694 2071 1830 2127 forte
1857 2073 2034 2142 ignota
2063 2071 2236 2138 vobis,

645 2172 874 2242 benigne
915 2168 1206 2224 creduntur
1252 2182 1283 2220 a
1324 2166 1511 2232 vobis,
1560 2172 1736 2221 vestra
1768 2164 1920 2220 vobis
1957 2175 2084 2219 nota
2133 2179 2239 2218 non

644 2261 1042 2332 comparatione
1071 2259 1384 2314 minuuntur
1406 2298 1422 2322 ,
1448 2255 1542 2311 sed
1583 2255 1870 2312 dilectione
1911 2254 2193 2310 firmantur
2222 2271 2237 2308 :

645 2363 700 2408 et
741 2368 860 2423 qua:
910 2351 1047 2406 forte
1077 2349 1252 2404 adhuc
1277 2348 1506 2414 desunt,
1556 2354 1703 2402 tanto
1752 2345 1947 2401 dantur
1989 2343 2197 2402 facilius
2221 2387 2238 2414 ,

644 2454 847 2514 quanto
889 2441 1264 2496 desiderantur
1289 2439 1561 2493 humilius.
1595 2437 2009 2492 Perseverantes
2047 2437 2100 2492 in
2138 2453 2239 2492 nu-

647 2552 793 2591 mero
823 2545 1000 2590 vestro
1029 2532 1297 2603 prazbeant
1325 2531 1475 2586 vobis
1495 2529 1838 2599 exemplum;
1872 2528 2130 2584 cadentes
2148 2543 2242 2582 au-

647 2639 752 2684 tem
779 2634 1003 2698 augeant
1036 2626 1278 2679 timorem
1304 2631 1558 2678 vestrum.
1580 2619 1715 2675 Illud
1743 2629 1950 2687 amate,
1981 2629 2038 2674 ut
2066 2619 2240 2674 imite-

645 2722 774 2776 mini
798 2738 812 2787 ;
835 2719 938 2774 hoc
964 2719 1162 2789 lugete,
1188 2731 1254 2771 ne
1283 2714 1560 2770 inflemini.
1582 2711 1852 2768 Justitiam
1886 2719 2117 2766 vestram
2139 2725 2239 2764 no-

646 2812 736 2866 lite
779 2819 1052 2874 statuere,
1104 2806 1218 2860 Deo
1259 2819 1354 2859 vos
1399 2802 1714 2874 justifieanti
1753 2800 1984 2856 subdite.
2018 2799 2239 2854 Veniam

645 2901 877 2972 peccatis
903 2900 1096 2955 donate
1122 2895 1332 2959 alienis,
1357 2903 1505 2948 orate
1528 2908 1623 2962 pro
1649 2890 1841 2946 vestris
1874 2908 1887 2943 :
1915 2889 2089 2944 futura
2112 2889 2240 2959 vigio

647 2994 806 3049 laudo
835 2993 1028 3057 vitate,
1055 2988 1320 3058 prmterita
1354 2983 1662 3040 confitendo
1687 2981 1884 3036 delete.

718 3080 946 3139 CAPUT
984 3077 1116 3134 Llll.
1158 3107 1226 3116 â€”
1269 3076 1359 3132 54.
1418 3073 1644 3145 Virgines
1694 3080 1882 3144 quanto
1933 3069 2238 3136 sanctiores,

649 3184 790 3230 tanta
812 3173 912 3229 sint
939 3168 1251 3225 humiliores.
1275 3167 1414 3222 Ecce
1439 3165 1550 3236 jam
1573 3165 1707 3218 tales
1731 3163 1886 3229 estis,
1916 3171 1973 3216 ut
1991 3161 2242 3232 professa:

647 3280 806 3340 atque
840 3274 1065 3324 servata:
1095 3260 1382 3334 virginitati
1410 3259 1621 3315 caeteris
1649 3257 1809 3312 etiam
1842 3255 2080 3311 moribus
2107 3269 2240 3308 cou-

645 3358 1035 3431 gruatis.Ecce
1055 3356 1166 3426 jam
1211 3367 1316 3407 non
1363 3351 1534 3405 solum
1584 3346 1923 3411 ltflll'llCldllS,
1968 3344 2242 3400 sacrificiis

645 3449 922 3504 diabolicis
951 3455 1006 3501 et
1025 3441 1525 3505 abominatiouibus,
1559 3439 1711 3493 furtis
1731 3481 1747 3504 ,
1780 3437 1980 3507 rapinis
2001 3479 2014 3500 ,
2044 3435 2241 3490 fraudi-

646 3542 769 3604 bus,
791 3539 1060 3610 pcrjuriis,
1093 3533 1509 3596 ebriositatibus,
1539 3529 1791 3599 omnique
1821 3527 2026 3582 luxuria
2047 3536 2100 3580 et
2124 3539 2242 3580 ava~

649 3633 771 3688 ritia
793 3675 807 3698 ,
854 3628 1311 3692 simulationibus,
1343 3623 1806 3690 mmulatiouibus,
1847 3619 2236 3690 impietatibus,

648 3721 1049 3780 crudelitatibus
1089 3719 1366 3774 abstinetis
1409 3730 1636 3770 :verum
1677 3714 1838 3769 etiam
1880 3712 1966 3766 illa
2005 3727 2126 3781 quae
2165 3711 2244 3765 le-

650 3818 798 3871 viora
841 3814 926 3869 vel
970 3820 1095 3868 sunt
1137 3810 1223 3864 vel
1269 3815 1556 3880 putantur,
1604 3820 1708 3860 non
1756 3803 2104 3858 inveniuntur
2143 3816 2240 3856 nec

650 3910 895 3966 oriuntur
932 3907 986 3961 in
1027 3905 1212 3969 vobis;
1263 3917 1368 3956 non
1416 3898 1689 3970 improbus
1717 3897 1929 3960 vultus,
1975 3909 2081 3949 non
2125 3895 2240 3964 vagi

651 4003 825 4067 oculi,
864 4015 972 4055 non
1005 3997 1227 4052 infrenis
1266 3995 1477 4065 lingua,
1505 4008 1610 4047 non
1645 3989 1888 4061 petulans
1926 3990 2066 4042 risus
2089 4028 2106 4054 ,
2135 4002 2239 4041 non

650 4092 894 4151 scurrilis
935 4089 1088 4160 iocus
1106 4129 1120 4153 ,
1167 4102 1271 4141 non
1317 4083 1572 4139 indecens
1596 4080 1810 4135 habitus
1831 4119 1846 4146 ,
1875 4093 1981 4132 non
2009 4077 2243 4132 tumidus

651 4194 744 4239 aut
790 4182 964 4236 ï¬‚uxus
1013 4179 1255 4233 incessus
1299 4192 1311 4227 :
1345 4173 1458 4244 jam
1486 4187 1589 4228 non
1636 4169 1860 4226 redditis
1901 4169 2099 4224 malum
2148 4183 2243 4237 pro

649 4277 811 4343 malo,
835 4289 938 4330 nec
961 4270 1302 4328 maledictum
1333 4283 1430 4338 pro
1460 4263 1743 4320 maledicto
1763 4261 1819 4334 (1
1851 4261 1993 4317 Patr.
2027 4276 2079 4316 Î¹Î¹Î¹
2100 4301 2116 4326 ,
2143 4259 2199 4330 9)
2226 4278 2239 4324 ;

647 4370 755 4440 iam
801 4375 1070 4438 postremo
1101 4363 1243 4417 illam
1284 4373 1590 4415 mensuram
1631 4355 1928 4411 dilectionis
1974 4353 2240 4424 impletis,

650 4469 709 4515 nt
743 4447 954 4528 ponatis
993 4453 1198 4508 animas
1241 4465 1337 4520 pro
1374 4448 1626 4503 fratribus
1665 4445 1858 4502 vestris
1888 4443 1932 4516 (Î™
1955 4443 2112 4498 Joan.
2143 4460 2200 4498 Ill
2223 4486 2240 4511 ,

652 4549 764 4620 16).
805 4548 944 4602 Ecce
967 4544 1075 4615 jam
1109 4541 1238 4596 tales
1277 4540 1406 4594 estis
1429 4577 1445 4605 ,
1475 4538 1596 4608 quia
1631 4547 1686 4592 et
1711 4536 1844 4590 tales
1868 4549 1988 4590 esse
2012 4534 2240 4591 debetis.

650 4639 778 4694 Haec
803 4636 980 4692 addita
1008 4630 1326 4703 virginitati,
1359 4627 1650 4699 angelicam
1699 4625 1860 4680 vitam
1901 4623 2241 4693 hominibus,

645 4740 707 4788 et
731 4731 854 4786 ÎµÏ‰Î¹á½¶
879 4742 1058 4783 mores
1078 4723 1333 4781 exhibent
1354 4721 1529 4778 terris.
1546 4718 1650 4775 Sed
1671 4725 1869 4788 quanto
1893 4717 2066 4787 magni
2091 4718 2240 4782 estis,

650 4824 968 4894 quicumque
1007 4821 1078 4874 ita
1107 4817 1287 4888 magni
1322 4815 1450 4870 estis
1473 4854 1488 4878 ,
1537 4821 1684 4868 tanto
1727 4809 2001 4865 humiliate
2049 4826 2143 4864 vos
2184 4811 2242 4865 in

647 4913 918 4976 omnibus,
951 4921 1008 4965 ut
1033 4925 1215 4965 coram
1245 4909 1356 4963 Deo
1382 4905 1665 4962 inveniatis
1691 4903 1936 4974 gratiam,
1971 4918 2038 4958 ne
2057 4919 2242 4972 super-

650 5005 732 5060 bis
764 5004 1004 5068 resistat,
1034 5017 1102 5056 ne
1127 5015 1185 5055 se
1211 5000 1501 5055 exaltantes
1525 4995 1788 5059 bumiliet,
1817 5009 1886 5050 ne
1915 4994 2124 5048 inflatos
2149 5009 2243 5064 per

649 5104 872 5164 angusta
903 5095 919 5124 â¸
947 5109 1052 5148 non
1079 5091 1301 5161 trajiciat
1331 5108 1343 5142 :
1372 5103 1672 5160 quanquam
1710 5086 1974 5158 superflua
2001 5087 2070 5140 sit
2097 5087 2243 5141 solli-

653 5186 854 5252 citudo,
885 5201 951 5240 ne
977 5184 1063 5240 ubi
1096 5184 1262 5238 fervet
1287 5182 1537 5247 charitas,
1561 5182 1698 5237 desit
1720 5181 2007 5236 humilitas.

723 5277 950 5334 CAPUT
989 5275 1122 5332 LIV.
1154 5306 1224 5315 â€”
1269 5276 1358 5331 55.
1406 5275 1665 5346 Sponsum
1711 5283 1812 5328 toto
1857 5274 2012 5328 corde
2052 5284 2238 5327 ament.

669 5373 726 5430 Si
747 5387 876 5444 ergo
902 5371 1114 5442 nuptias
1139 5367 1537 5437 contempsistis
1568 5366 1796 5421 filiorum
1836 5365 2110 5421 hominum
2135 5407 2148 5434 ,
2173 5383 2239 5421 ex

720 5529 739 5562 â¸
763 5527 872 5578 Sola
892 5525 1041 5578 editio
1062 5533 1195 5588 t.ov.,
1218 5537 1306 5589 per
1329 5527 1581 5587 angustam
1598 5526 1805 5587 portam.

1398 315 1483 370 [)E
1523 313 1787 370 SANCTA
1833 313 1987 366 Vlllf}
2019 311 2288 372 Nl'lâ€˜.\'l'E,

2431 311 2788 366 AUGUSTINI
2830 312 3030 368 LIBER
3089 314 3281 370 UNUS.
3767 330 3832 384 4'13

2345 425 2538 494 quibus
2575 425 2863 495 gigneretis
2893 427 3027 480 filios
3071 426 3380 494 hominum,
3420 419 3530 486 toto
3565 435 3704 490 corde
3720 453 3836 497 amate

2345 517 2647 586 speciosum
2693 517 2860 572 forma
2907 533 3017 589 pra:
3044 519 3164 574 filiis
3195 519 3472 577 hominum
3498 541 3510 576 :
3545 538 3681 581 vaeat
3711 533 3838 597 vobis,

2348 607 2573 662 liberum
2599 617 2681 663 est
2703 624 2797 663 cor
2823 624 2851 662 a
2878 611 3246 681 conjugalibus
3266 613 3513 668 vinculis.
3543 615 3751 685 IuSpicite
3770 629 3841 689 pul-

2346 701 2701 756 chritudinem
2731 704 2987 758 amatoris
3012 705 3172 759 vestri
3204 723 3219 760 :
3260 707 3495 776 cogitate
3530 710 3752 778 aequalem
3781 716 3840 769 Pa.

2348 791 2413 846 tri
2433 833 2448 858 ,
2475 793 2744 848 subditum
2781 802 2836 848 ct
2864 795 3052 860 matri;
3081 795 3241 850 etiam
3271 797 3319 850 in
3351 798 3510 852 caelis
3529 798 3842 870 dominantem,

2346 892 2396 936 et
2425 882 2478 936 in
2500 883 2658 938 terris
2677 885 3030 951 servientem;
3058 896 3326 942 creantem
3355 889 3535 942 omnia
3557 932 3571 954 ,
3593 904 3781 948 creatum
3798 900 3844 951 in-

2349 981 2428 1026 ter
2453 973 2650 1027 omnia.
2682 974 2812 1028 Illud
2852 976 3024 1044 ipsum
3059 977 3203 1046 quod
3235 978 3286 1032 in
3311 993 3379 1033 eo
3405 979 3644 1036 dcrideut
3662 988 3838 1055 superbi,

2348 1063 2591 1134 inspicite
2619 1081 2775 1135 quam
2822 1068 3102 1137 pulchrum
3143 1067 3211 1122 sit
3239 1086 3254 1122 :
3288 1070 3512 1124 internis
3537 1071 3845 1131 luminibasin-

2347 1155 2536 1224 spicite
2566 1156 2782 1213 vulnera
2811 1158 3107 1229 pendentis,
3133 1159 3413 1216 cicatrices
3433 1166 3752 1233 resurgentis,
3769 1185 3845 1222 san-

2346 1246 2558 1315 guinem
2589 1249 2898 1317 morientis,
2945 1252 3172 1322 pretium
3213 1251 3516 1320 credentis,
3551 1262 3842 1315 commercium

2349 1338 2686 1395 redimentis.

2417 1426 2640 1486 CAPUT
2679 1430 2788 1486 LV.
2818 1463 2890 1473 -â€”
2916 1432 3119 1499 Quanta
3144 1434 3384 1506 felicitate
3411 1452 3474 1490 ac
3509 1439 3744 1494 securitate
3759 1458 3845 1495 anu-

2346 1531 2430 1574 tur
2454 1539 2686 1593 sponsus.
2717 1523 2843 1578 lla-c
2865 1525 3047 1593 quanti
3071 1526 3281 1580 valeant
3319 1527 3571 1597 cogitate.
3597 1531 3694 1584 haec
3719 1532 3758 1584 in
3777 1544 3842 1586 su-

2348 1621 2457 1666 tera
2484 1612 2758 1668 charitatis
2783 1615 3066 1684 appendite
3090 1632 3105 1680 ;
3147 1626 3200 1672 et
3233 1617 3498 1688 quidquid
3526 1621 3705 1675 amoris
3726 1621 3763 1674 in
3785 1638 3842 1676 nu-

2348 1703 2482 1773 ptias
2524 1712 2728 1760 vestras
2759 1705 2775 1736 Â¹
2802 1705 3215 1775 impendendum
3256 1708 3571 1776 habebatis,
3609 1711 3683 1781 illi
3715 1729 3840 1782 repell-

2343 1791 2476 1846 ditc.
3647 1837 3650 1840 .

2415 1882 2503 1938 56.
2536 1883 2679 1938 Bene
2710 1885 2849 1954 quod
2880 1887 3189 1944 interiorem
3214 1900 3456 1946 vestram
3488 1873 3851 1968 pulchlyitudiuenj

2347 1976 2574 2072 quaerit,
2617 1977 2723 2072 ubi
2751 1979 2900 2035 vobis
2941 1980 3088 2036 dedit
3131 1993 3454 2053 potestatem
3503 1988 3634 2042 filias
3653 1969 3746 2072 â€™Î¾-á½“Î¸á½·
3776 1989 3840 2044 ficti

2348 2067 2527 2137 (Joan.
2555 2083 2572 2123 Î¹
2596 2109 2612 2136 ,
2643 2067 2733 2144 12)
2761 2087 2774 2122 :
2810 2087 2914 2124 non
2936 2075 3126 2143 qumrit
3148 2089 3178 2128 a
3207 2076 3365 2130 vobis
3390 2059 3669 2147 pulchram:
3689 2059 3851 2144 camini

2344 2159 2438 2214 sed
2466 2135 2724 2229 pulchros
2745 2177 2922 2217 mores
2942 2135 2968 2229 ,â€™
2989 2165 3181 2234 quibus
3208 2135 3439 2223 frenetis
3463 2177 3521 2224 et
3547 2135 3750 2228 carnem.
3769 2135 3837 2225 Noti

2344 2261 2428 2308 est
2452 2253 2536 2309 cui
2566 2253 2635 2310 de
2657 2255 2808 2310 vobis
2835 2257 3113 2328 quisquam
3141 2261 3452 2328 mentiatur,
3482 2271 3538 2318 et
3560 2262 3697 2320 faciat
3717 2265 3837 2319 satira

2345 2344 2626 2399 zelantem.
2657 2344 2848 2402 Videte
2889 2363 3010 2402 cum
3037 2359 3229 2419 quanta
3279 2353 3571 2409 securitate
3596 2355 3838 2420 ametis,cui

2344 2433 2630 2503 diSplicere
2672 2435 2818 2492 falsis
2877 2439 3267 2509 suspicionibus
3324 2458 3434 2498 non
3479 2444 3678 2500 timetis.
3732 2445 3836 2499 Viru

2352 2537 2487 2578 uxor
2510 2532 2694 2580 amant
2715 2542 2804 2590 se,
2833 2529 3084 2598 quoniam
3115 2530 3298 2586 vident
3326 2547 3424 2598 se;
3451 2542 3507 2589 et
3534 2534 3660 2604 quod
3683 2550 3761 2588 non
3790 2536 3835 2586 u-

2349 2612 2479 2669 dent
2502 2654 2520 2682 ,
2551 2615 2735 2672 timent
2763 2618 2814 2673 in
2843 2597 2904 2674 se
2935 2637 2948 2674 :
2984 2635 3083 2676 nec
3106 2623 3237 2677 certi
3262 2623 3502 2693 gaudent
3525 2597 3588 2682 ex
3614 2641 3670 2681 eo
3691 2626 3788 2696 quod
3805 2597 3851 2696 in]

2345 2704 2628 2776 manifesto
2654 2716 2737 2763 est
2761 2751 2776 2775 ,
2799 2709 2924 2765 dum
2948 2711 3002 2766 in
3028 2714 3237 2768 occulto
3258 2717 3597 2787 suspicantur
3617 2719 3834 2787 plerumque

2345 2797 2488 2868 quod
2520 2814 2624 2854 non
2661 2811 2765 2856 est.
2798 2801 2906 2857 Vos
2931 2803 2986 2858 in
3026 2805 3132 2860 isto
3173 2823 3334 2876 quem
3365 2811 3537 2865 oculis
3561 2826 3653 2865 non
3686 2811 3832 2874 videtis,

2345 2898 2400 2944 ct
2426 2888 2529 2946 fide
2554 2892 2862 2963 conspicitis
2879 2934 2896 2959 ,
2919 2909 3020 2950 nec
3039 2895 3245 2952 habetis
3267 2914 3456 2954 verum
3477 2901 3610 2970 quod
3628 2900 3833 2969 I'BPNIICIP

2345 2979 2485 3035 datis
2505 3022 2520 3047 ,
2550 2997 2650 3037 nec
2677 2999 2799 3037 cum
2826 2985 3060 3040 metuitis
3089 3003 3157 3042 ne
3185 2987 3254 3043 de
3278 2987 3420 3044 falso
3443 2991 3650 3047 forsitan
3672 2991 3830 3046 offendi-

2347 3071 2436 3124 tis.
2467 3070 2522 3126 Si
2552 3087 2681 3143 ergo
2711 3088 2961 3144 magnum
2991 3090 3228 3132 amorem
3273 3080 3589 3151 coniugibus
3621 3080 3829 3142 deberetis.

2346 3178 2468 3219 eum
2497 3172 2714 3234 propter
2740 3182 2897 3235 quem
2924 3168 3182 3239 coniuges
3208 3169 3414 3228 habere
3453 3173 3828 3242 nuluistis,quan-

2348 3263 2457 3310 tum
2487 3269 2667 3311 amare
2695 3257 2937 3313 debetis?
2978 3260 3114 3315 Toto
3143 3261 3294 3317 vobis
3321 3261 3517 3334 figatur
3540 3265 3588 3320 iu
3615 3261 3827 3331 Î¸Î¿Î¹-(1Î¿,á¾³Ï…á½¶

2344 3359 2443 3416 pro
2469 3345 2619 3402 vobis
2647 3355 2734 3403 est
2775 3349 2913 3404 fixus
2952 3350 3004 3404 in
3031 3365 3194 3407 cruce
3227 3371 3242 3407 :
3275 3361 3449 3409 totum
3479 3362 3642 3409 teneat
3661 3353 3827 3407 inanimo

2345 3447 2524 3491 vestro
2545 3477 2560 3502 ,
2592 3437 2848 3510 quidquid
2872 3441 3118 3498 noluistis
3141 3447 3395 3514 occupari
3426 3445 3687 3500 connubio.
3707 3445 3824 3496 Parin

2345 3527 2498 3583 vobis
2534 3543 2715 3584 amare
2742 3546 2846 3586 non
2876 3531 3037 3599 licet,
3067 3543 3286 3604 propter
3313 3550 3478 3605 quem
3509 3551 3605 3590 non
3627 3533 3828 3587 amastiset

2345 3620 2487 3692 quod
2511 3621 2716 3678 liceret.
2742 3622 2832 3678 Sic
2869 3626 3169 3681 amantibus
3197 3627 3384 3683 mitem
3409 3639 3465 3684 et
3492 3628 3712 3682 humilem
3729 3621 3826 3676 male

2345 3713 2546 3767 nullam
2577 3714 2728 3769 vobis
2747 3717 3052 3786 superbiam
3083 3721 3436 3788 pertimesco.

2417 3805 2642 3862 CAPUT
2680 3806 2816 3863 LVI.
2842 3837 2913 3850 -â€”
2936 3809 3025 3865 57.
3066 3807 3335 3865 Conclusio
3365 3812 3548 3883 operis.
3578 3810 3667 3865 Pro
3690 3805 3824 3860 modulo

2347 3897 2522 3968 itaque
2569 3906 2753 3954 nostro
2802 3907 2858 3954 et
2898 3899 2967 3956 de
3008 3903 3289 3957 sanctitate
3335 3919 3440 3973 qua
3483 3895 3822 3959 Sanctimoniales

2347 3991 2560 4061 proprie
2583 3989 2857 4061 dicimini,
2901 4002 2954 4047 et
2995 3993 3061 4048 de
3090 3993 3394 4051 humilitate
3437 4012 3534 4066 qua
3576 3997 3822 4048 conservatur

2348 4084 2602 4155 quidquid
2646 4100 2897 4156 magnum
2929 4085 3196 4155 dicimini,
3244 4089 3376 4142 satis
3425 4087 3577 4143 locuti
3601 4098 3757 4140 sumus.
3776 4076 3822 4129 Di

2345 4176 2502 4246 gaius
2538 4186 2718 4233 autem
2765 4177 2843 4233 illi
2894 4186 3005 4234 tres
3047 4179 3238 4249 pueri,
3270 4180 3466 4250 quibus
3504 4175 3769 4247 refrigerium
3793 4167 3819 4216 in

2348 4268 2466 4338 igne
2491 4268 2789 4338 praebebat,
2822 4285 2980 4340 quem
3007 4269 3170 4326 corde
3197 4270 3582 4326 ferventissimo
3601 4261 3816 4334 diligebant.

2347 4372 2443 4413 vos
2485 4357 2554 4414 de
2591 4358 2696 4415 hoc
2732 4361 2992 4430 opusculo
3019 4371 3238 4429 nostro,
3267 4364 3546 4418 verborum
3570 4358 3739 4430 quidem
3760 4366 3818 4403 uu-

2349 4464 2498 4504 mero
2527 4450 2682 4520 longe
2722 4452 2972 4516 brevius,
3002 4453 3096 4508 sed
3135 4453 3374 4524 pondere
3400 4449 3696 4510 auctoritatis
3716 4441 3818 4498 multo

2346 4539 2632 4609 grandius,
2661 4540 2714 4596 in
2743 4541 2944 4613 hymno
2969 4557 3076 4612 quo
3105 4545 3171 4598 ab
3199 4545 3278 4599 eis
3306 4545 3446 4600 Deus
3484 4536 3743 4598 honoratur.
3762 4528 3816 4582 Â³4Î‡

2350 4639 2625 4685 moneant.
2657 4631 2787 4685 Nam
2817 4632 3080 4687 sanctitati
3106 4634 3454 4690 humilitatem
3480 4635 3527 4688 in
3554 4632 3635 4686 Dei
3658 4625 3816 4684 laudato-

2348 4722 2494 4777 ribus
2516 4723 2898 4795 coujungentes
2918 4767 2933 4794 ,
2965 4727 3298 4796 apertissime
3342 4728 3619 4783 docuerunt
3655 4730 3699 4775 ut
3729 4721 3814 4768 lant"

2348 4816 2571 4886 quisque
2593 4829 2777 4872 caveat
2816 4833 2884 4873 ne
2926 4819 3176 4888 superbia
3222 4819 3526 4890 decipiatur,
3564 4819 3724 4886 quanlo
3741 4819 3814 4858 san-

2346 4907 2484 4962 ctius
2521 4909 2716 4979 aliquid
2738 4910 3057 4979 profitetur.
3091 4910 3322 4966 Proinde
3349 4926 3441 4965 vos
3466 4919 3650 4980 quoque
3681 4894 3813 4953 laudate

2346 5015 2468 5053 eum
2497 5001 2584 5070 qui
2615 5001 2762 5055 vobis
2794 5011 3007 5071 pratstat
3031 5011 3086 5055 ut
3115 5002 3165 5056 in
3192 5001 3383 5057 ardore
3408 4999 3570 5056 medio
3593 4989 3732 5049 surculi
3759 4984 3812 5035 Î™Î¹Ï…Î‡

2343 5090 2464 5160 jus,
2496 5091 2737 5160 quamvis
2763 5092 3013 5161 eoujugio
3043 5107 3147 5148 non
3188 5092 3532 5162 eopulcmiui,
3574 5101 3660 5141 non
3701 5085 3809 5132 tamen

2348 5180 2612 5244 ttramini;
2658 5191 2711 5236 et
2758 5191 2974 5236 orantes
3020 5183 3178 5236 etiam
3227 5198 3324 5252 pro
3378 5181 3547 5244 nobis,
3586 5164 3807 5229 Bcnedidu-

2346 5273 2507 5325 sancti
2536 5283 2579 5324 et
2607 5273 2818 5326 humiles
2843 5273 2997 5327 corde
3015 5316 3029 5338 ,
3062 5273 3369 5339 Dominum;
3397 5272 3612 5343 hymnum
3633 5261 3763 5317 dicite,
3781 5253 3808 5299 Î´

2347 5366 2712 5437 superemultate
2732 5383 2843 5420 cum
2866 5367 2916 5420 in
2941 5366 3126 5420 swcula
3154 5366 3316 5440 (Dan.
3350 5383 3402 5422 nt
3422 5408 3437 5432 ,
3460 5363 3564 5432 87).

2412 5524 2427 5555 á½·
2456 5523 2527 5572 sic
2545 5528 2651 5572 Mss.
2679 5529 2731 5573 At
2753 5523 2890 5585 editi,
2907 5519 3087 5587 nuptiis
3104 5523 3271 5575 restria
3287 5537 3306 5587 Í¾
3329 5523 3512 5582 omisso.
3531 5515 3589 5568 á½·Ï€Î¹
