3880 6284
2618 314 3328 324 .————.——__———-——

337 452 985 525 ADMONITIO
1034 455 1153 526 IN
1219 454 1885 526 OPUSCULUM
1916 452 2060 522 DE
2103 451 2395 525 BONO
2455 451 3164 524 VIDUITATIS.

188 603 485 662 Desiderius
512 603 768 659 Erasmus
826 605 1014 660 nititur
1059 605 1297 662 adimere
1354 608 1455 662 hoc
1491 606 1803 677 opusculum
1860 605 2178 676 Augustino,
2210 612 2265 660 et
2283 604 2591 660 adversario
2617 604 2785 675 ipsius
2812 602 3021 660 Iuliano
3069 604 3217 661 dare.
3253 605 3387 675 Quas

122 698 265 753 affert
288 698 338 751 in
361 696 555 752 Juliani
573 696 795 767 gratiam
823 708 1154 767 argumenta,
1184 698 1328 769 piget
1358 697 1622 753 refellere.
1652 698 1846 752 Contra
1877 697 2232 768 Augustinum
2260 697 2391 752 nihil
2421 696 2534 752 fere
2557 696 2799 752 obtendit
2843 697 2942 751 nisi
2964 695 3213 752 dictionis
3254 697 3385 753 faci-

120 792 309 845 litatem
343 806 356 841 :
386 788 481 844 sed
517 788 632 843 hrec
661 789 771 859 ipsa
801 788 1025 845 facilitas
1050 790 1299 845 dictionis
1330 791 1570 846 clamitat
1592 806 1745 861 ορυςΔ
1766 806 1886 845 esse
1912 791 2214 860 Augustini.
2259 790 2489 847 Jacobus
2528 790 2797 845 Pamelius
2829 790 2880 844 in
2907 789 3056 846 Notis
3081 790 3146 844 ad
3175 790 3388 845 Tertul—

117 884 237 940 liani
271 884 457 937 librum
493 890 680 936 contra
714 881 1099 953 Hermogenem
1125 923 1139 949 ,
1174 898 1292 953 cap.
1332 885 1381 950 l,
1414 900 1467 937 n.
1495 884 1549 947 7,
1583 882 1633 937 id
1694 884 1871 954 Operis
1919 884 2089 938 citans
2124 882 2270 938 hisce
2294 882 2494 947 verbis,
2548 882 2737 936 Auctor
2762 883 2991 952 opusculi
3016 883 3079 936 de
3120 882 3265 937 Bono
3298 881 3393 938 Vi-

117 979 319 1033 duitatis
356 978 484 1030 inter
522 976 895 1032 lucubrationes
938 977 1010 1032 D.
1052 977 1342 1049 Augustini,
1373 978 1638 1049 signiﬁcat
1666 986 1853 1047 putare
1888 991 1948 1032 se
1977 975 2105 1031 illud
2134 976 2352 1031 minime
2376 975 2445 1031 ab
2476 976 2773 1046 Augustino
2793 974 3115 1031 confectum.
3152 975 3260 1031 Pro
3284 992 3393 1048 qua

120 1072 366 1141 opinione
391 1068 662 1123 Lindanus
688 1068 743 1124 in
771 1068 1044 1140 PanOplia,
1079 1070 1168 1125 lib.
1201 1064 1269 1135 4,
1305 1084 1425 1141 cap.
1458 1068 1549 1137 98,
1598 1078 1967 1140 argumentum
2011 1068 2281 1123 existimat
2329 1082 2437 1122 non
2486 1067 2601 1123 leve
2626 1066 2727 1121 sibi
2756 1076 3037 1139 suppetere
3087 1082 3155 1123 ex
3178 1068 3393 1124 concilii

115 1162 543 1233 ϐειηὶιςιείιιεηείε
576 1160 772 1232 quarti,
801 1161 886 1216 cui
929 1161 1310 1232 subscripsisse
1340 1162 1666 1233 Augustinus
1722 1161 1936 1231 legitur,
1966 1172 2172 1215 canone
2212 1157 2336 1225 104,
2380 1172 2487 1229 quo
2533 1166 2786 1213 statutum
2815 1166 2971 1213 estut
2995 1157 3167 1213 viduae
3191 1175 3310 1229 qua:
3332 1174 3393 1216 se

118 1254 342 1309 Domino
380 1253 709 1308 devoverant
739 1262 987 1323 suscepto
1013 1252 1261 1323 religioso
1288 1251 1471 1307 habitu
1496 1294 1513 1319 ,
1539 1253 1583 1306 si
1622 1250 1689 1305 ad
1718 1250 1928 1321 nuptias
1956 1249 2243 1305 smculares
2269 1250 2382 1305 sive
2408 1247 2675 1305 secundas
2714 1257 2895 1319 postea
2928 1248 3251 1316 transierint,
3283 1250 3393 1306 sine

76 1382 83 1387 -
116 1345 508 1400 Christianorum
526 1347 874 1397 communione
899 1353 1155 1409 maneant,
1178 1350 1223 1397 et
1252 1343 1461 1397 crimine
1482 1342 1717 1397 adulterii
1736 1350 1986 1397 notentur.
2012 1340 2211 1411 Nempe
2226 1339 2821 1411 contra,subsequentis
2840 1340 2958 1395 libri
2996 1350 3201 1409 auctor,
3231 1356 3390 1413 capp.

121 1439 191 1493 10
218 1446 273 1493 et
295 1437 377 1504 ii,
395 1451 495 1500 eos
536 1436 806 1507 redarguit
834 1436 920 1506 qui
947 1444 1133 1506 putant
1158 1435 1418 1506 lapsorum
1444 1453 1475 1489 a
1500 1446 1674 1490 sancto
1694 1436 1952 1507 proposito
1973 1435 2300 1503 feminarum,
2325 1434 2370 1488 si
2404 1434 2686 1504 nupserim,
2733 1452 2833 1489 non
2873 1451 2984 1490 esse
3008 1438 3271 1509 conjugia,
3303 1439 3393 1492 sed

126 1529 387 1594 adulteria,
413 1538 458 1583 et
478 1544 565 1583 eas
590 1528 760 1582 volunt
790 1545 822 1583 a
848 1528 1041 1581 maritis
1066 1538 1329 1598 separatas
1350 1528 1560 1583 reddere
1581 1528 1920 1583 continentiae.
1949 1528 2141 1583 Verum
2159 1526 2293 1582 nihil
2319 1526 2406 1581 hic
2426 1528 2748 1599 Augustinus
2764 1529 2832 1583 ab
2854 1529 2945 1583 illo
2958 1544 3163 1587 canone
3186 1531 3395 1586 dissen-

124 1624 209 1685 tit,
248 1620 328 1690 qui
379 1620 559 1674 talium
597 1618 811 1690 quidem
855 1619 1070 1688 nuptias
1117 1633 1223 1674 non
1275 1619 1471 1690 patitur
1494 1619 1701 1675 censeri
1753 1619 2009 1674 adulteria
2034 1659 2050 1685 ,
2080 1618 2174 1673 sed
2205 1619 2349 1689 ipsos
2381 1628 2558 1674 tamen
2592 1634 2621 1673 a
2652 1621 2926 1691 proposito
2979 1631 3167 1678 sancto
3215 1623 3395 1694 lapsus

113 1710 392 1766 adulteriis
412 1711 618 1780 pejores
640 1710 787 1764 dicit.
829 1710 1008 1780 Itaque
1035 1725 1140 1764 non
1171 1710 1415 1780 prohibet
1463 1711 1746 1781 quominus
1773 1710 2034 1765 nubentes
2074 1720 2193 1779 post
2220 1718 2401 1764 votum
2426 1710 2600 1781 aliqua
2642 1713 3210 1769 excommunicationis
3236 1730 3394 1788 pmna

110 1803 410 1857 multentur
453 1800 671 1872 perinde
712 1809 869 1872 atque
916 1801 1195 1865 adulterae,
1241 1799 1533 1857 dummodo
1558 1817 1743 1855 earum
1781 1799 1999 1870 nuptiae,
2049 1807 2326 1869 postquam
2356 1798 2640 1855 celebrata:
2669 1810 2813 1865 sunt,
2865 1817 2970 1855 non
2998 1803 3392 1860 rescindantur.

104 1895 257 1951 Nihil
285 1893 427 1948 aliud
472 1894 727 1949 adversus
755 1894 1020 1965 lapsorum
1060 1894 1273 1964 nuptias
1298 1901 1623 1964 praeceptum
1654 1893 1917 1963 reperitur
1961 1894 2321 1961 antiquiorum
2366 1893 2713 1948 conciliorum
2740 1893 2993 1951 decretis.
3024 1896 3081 1951 ln
3127 1897 3263 1954 hanc
3283 1914 3395 1955 rem

104 1987 347 2043 celebris
373 1994 632 2042 estcanon
649 1995 830 2041 sextus
850 1986 1089 2041 decimus
1115 1984 1565 2041 Chalcedonensis
1591 1984 1801 2042 concilii
1821 1986 2022 2054 aliquot
2051 1986 2206 2041 annis
2244 1994 2366 2056 post
2407 1986 2688 2056 Augustini
2728 1986 2930 2042 obitum
2955 1988 3031 2043 sic
3057 1988 3394 2047 definientis:

0 2080 11 2154 ι
104 2078 171 2134 Si
193 2094 298 2148 qua
336 2078 477 2149 virgo
496 2093 551 2131 se
575 2076 874 2131 dedicaverit
901 2076 1031 2145 Deo,
1062 2076 1296 2131 similiter
1319 2088 1364 2130 et
1386 2076 1682 2144 monachus,
1707 2094 1807 2131 non
1852 2077 2001 2131 licere
2029 2079 2100 2132 eis
2118 2078 2271 2148 jungi
2295 2078 2503 2148 nuptiis.
2535 2077 2597 2133 Si
2626 2092 2740 2132 vero
2765 2078 2953 2132 inventi
2980 2081 3165 2151 fuerint
3205 2081 3299 2137 ltoe
3319 2085 3401 2154 ﬁa-

100 2170 319 2234 a'entcs,
340 2177 577 2221 maneant
616 2168 1055 2222 excommunicali.
1088 2166 1371 2223 Statuimus
1391 2184 1504 2222 vero
1531 2185 1677 2239 posse
1700 2170 1753 2222 in
1774 2171 1843 2223 eis
1858 2168 2023 2236 facere
2051 2170 2435 2234 humanitatem,
2457 2169 2501 2223 si
2546 2169 2619 2223 ita
2671 2171 2950 2241 probarent
2978 2172 3081 2227 loci
3110 2173 3395 2245 episwpus.

99 2262 379 2319 Craterum
409 2261 684 2331 Augustini
709 2261 983 2326 doctrinm,
1016 2276 1173 2331 quam
1201 2261 1286 2316 hic
1310 2259 1376 2315 de
1401 2261 1600 2331 nuptiis
1622 2270 1738 2330 post
1760 2262 2205 2332 votuin,itemque
2235 2261 2286 2315 in
2314 2261 2405 2315 lib.
2434 2261 2501 2316 de
2516 2260 2708 2317 Sancta
2730 2260 3056 2335 Virginitate,
3076 2279 3195 2336 cap.
3227 2267 3316 2332 54,
3344 2279 3404 2323 et

100 2354 156 2411 in
187 2354 361 2424 epist.
390 2353 496 2410 220
520 2354 587 2409 ad
616 2354 943 2409 Bonifacium
962 2356 1234 2420 comitem,
1264 2371 1317 2407 n.
1344 2352 1431 2420 i2,
1466 2353 1645 2418 tradit,
1675 2353 1913 2407 nonnihil
1939 2355 2076 2408 favet
2096 2353 2393 2425 Cyprianus
2420 2353 2471 2408 in
2500 2355 2656 2424 epist.
2688 2354 2757 2409 62
2779 2355 2845 2410 ad
2878 2355 3248 2427 Pomponium,
3276 2359 3405 2430 Epi-

104 2448 356 2519 phanius
398 2448 450 2503 in
478 2447 670 2503 haeresi
702 2446 791 2514 61,
821 2462 942 2517 qua:
964 2457 1047 2502 est
1086 2447 1536 2517 Apostolicorum,
1576 2457 1680 2502 etc.
1729 2445 1914 2516 Neque
1958 2462 2116 2517 porro
2141 2447 2353 2513 desunt,
2381 2447 2574 2518 quibus
2616 2448 2898 2504 concilium
2938 2465 3095 2519 supra
3131 2451 3401 2509 laudatum

94 2540 559 2613 Carthaginense,
610 2540 751 2611 quod
800 2542 852 2596 in
895 2543 1079 2597 codice
1121 2557 1385 2598 canonum
1439 2542 1693 2598 Ecclesia:
1740 2540 2004 2596 Africanae
2033 2557 2153 2595 cum
2185 2542 2393 2596 caeteris
2433 2540 2943 2611 Carthaginensibus
2990 2543 3107 2613 ejus
3141 2547 3399 2615 temporis

89 2637 357 2691 conciliis
388 2652 495 2692 non
531 2645 724 2705 exstat,
750 2637 925 2693 dubias
952 2637 1071 2692 fidei
1103 2637 1363 2693 videatur.
1395 2635 1635 2692 Concilio
1685 2636 2015 2706 AuguStinus
2040 2677 2054 2699 ,
2084 2634 2327 2703 quamvis
2374 2634 2425 2689 id
2454 2648 2595 2688 anno
2623 2633 2860 2688 habitum
2881 2633 3229 2707 consignetur
3261 2638 3392 2703 598,

90 2744 208 2800 quo
239 2730 336 2785 ille
369 2739 608 2801 tempore
623 2730 835 2801 juvenis
850 2740 904 2786 et
928 2744 1118 2786 recens
1143 2738 1260 2784 erat
1286 2730 1591 2800 episcopus,
1624 2728 1940 2797 subscripsit
1966 2726 2231 2781 secundus
2260 2726 2325 2779 ab
2350 2726 2586 2780 Aurelio.
2619 2725 2753 2780 llinc
2780 2724 2915 2780 forte
2940 2727 3152 2783 errandi
3183 2730 3396 2785 occasio

94 2823 235 2879 data
264 2823 538 2889 Lindano,
567 2823 655 2894 qui
686 2823 1067 2894 subscripsisse
1088 2823 1441 2893 Augustinum
1472 2819 1919 2876 senemaflirmat.

194 2914 596 2985 Subsequentis
622 2915 861 2986 opusculi
884 2915 1207 2969 mentionem
1242 2914 1294 2967 in
1314 2912 1771 2968 Retractationum
1806 2911 1960 2965 libris
1986 2926 2089 2964 non
2110 2909 2233 2965 fecit
2270 2909 2618 2980 Augustinus,
2648 2909 2769 2979 quia
2808 2909 3046 2981 epistola:
3072 2910 3241 2967 forma
3268 2928 3398 2969 con-

46 3038 47 3045 η
113 3008 377 3078 scriptum
400 3014 503 3062 est.
522 3006 576 3061 Id
595 3015 873 3077 propterea
898 3004 1168 3060 Possidius
1194 3004 1366 3075 cap.7
1426 3004 1565 3058 inter
1606 3003 1872 3073 Epistolas
1899 3000 2263 3056 rcccnsethoc
2309 2998 2744 3055 titulozluliana:
2761 3000 2824 3055 de
2869 3001 3062 3056 Sancta
3126 3000 3402 3059 Viduitate.

115 3099 249 3155 Citat
272 3110 336 3156 et
376 3098 489 3155 fere
534 3108 703 3155 totum
752 3098 1055 3153 transcribit
1079 3097 1272 3153 Florus
1303 3112 1397 3152 seu
1426 3097 1568 3152 Beda
1598 3098 1839 3168 vulgatus
1890 3096 1955 3150 ad
1986 3096 1999 3147 I
2032 3096 2157 3150 Cor.
2193 3104 2304 3149 net
2330 3111 2424 3162 vn,
2452 3101 2516 3149 ad
2558 3094 2785 3165 Philipp.
2827 3111 2910 3160 tv,
2949 3105 3005 3153 et
3045 3097 3147 3152 adl
3172 3098 3312 3155 Tim.
3348 3116 3401 3155 ν.

36 3244 67 3261 _,
125 3193 484 3264 Augustinum
517 3191 680 3246 refert
703 3190 978 3261 inscriptio
1003 3189 1243 3259 epistola:
1281 3190 1332 3243 in
1355 3190 1601 3244 omnibus
1621 3190 1853 3260 antiquis
1882 3187 2153 3242 codicibus
2175 3186 2411 3256 prmlixa,
2440 3196 2491 3241 et
2513 3201 2573 3241 se
2599 3187 2711 3256 ipse
2730 3187 2962 3243 ostendit
2980 3202 3099 3259 cap.
3126 3190 3213 3257 15,
3247 3206 3402 3247 com-

124 3298 438 3340 memorans
477 3284 639 3339 libros
661 3298 694 3337 a
723 3296 783 3337 se
802 3282 974 3336 editos
998 3280 1065 3335 de
1088 3281 1235 3335 Bono
1255 3280 1527 3350 Conjugali
1550 3321 1565 3344 ,
1587 3280 1653 3334 de
1674 3280 1867 3333 Sancta
1898 3278 2229 3349 Virginitate,
2260 3286 2313 3333 et
2332 3277 2589 3332 adversus
2630 3278 2904 3346 Faustum,
2938 3295 3143 3336 necnon
3164 3297 3282 3353 cap.
3304 3284 3399 3350 25,

32 3426 33 3429 η
64 3369 71 3387 ⁵
118 3377 405 3447 epistolam
439 3375 626 3430 Probae
653 3373 905 3443 scriptam
920 3372 987 3427 de
1012 3370 1213 3425 orando
1231 3371 1360 3425 Deo.
1400 3372 1633 3425 Pertinet
1657 3369 1937 3425 Viduitatis
1982 3370 2118 3425 liber
2150 3369 2217 3423 ad
2243 3385 2439 3425 anuun
2472 3370 2688 3425 circiter
2715 3370 2859 3437 ως
2893 3373 3125 3443 scriptus
3147 3374 3397 3432 videlicet

66 3508 79 3533 ς
123 3476 245 3538 post
275 3464 630 3522 Demetriadis
654 3463 874 3535 virginis
901 3461 1379 3527 consecrationem,
1398 3461 1663 3516 laudatam
1710 3461 1797 3515 hic
1825 3475 1945 3530 cap.
1969 3460 2056 3528 l9,
2092 3469 2339 3530 tanquam
2376 3468 2668 3528 recentem,
2695 3461 2832 3533 quod
2857 3462 3007 3518 modo
3047 3466 3195 3536 coepit
3216 3482 3236 3520 :
3260 3465 3399 3523 hanc

106 3536 218 3616 sub
238 3560 410 3615 linem
438 3558 565 3612 anni
610 3557 717 3613 415
749 3556 936 3611 factam
964 3554 1364 3610 observavimus
1395 3562 1538 3607 tomo
1566 3552 1621 3617 2,
1649 3552 1715 3607 ad
1744 3551 2024 3623 epistolam
2070 3552 2172 3608 150
2214 3552 2399 3608 Probze
2429 3562 2482 3608 et
2500 3551 2722 3608 Juliante
2748 3553 3027 3611 directam.
3065 3556 3121 3611 In
3144 3557 3317 3628 capite
3338 3561 3409 3615 17

122 3667 151 3705 a
192 3651 603 3722 Pelagianorum
637 3663 843 3715 errore,
875 3660 1032 3718 quem
1070 3661 1287 3717 serpere
1332 3645 1559 3715 etepisse
1586 3644 1713 3699 dicit
1736 3685 1751 3710 ,
1784 3644 1946 3699 tacito
1971 3659 2155 3699 eorum
2186 3644 2421 3708 nomine,
2466 3660 2658 3701 cavere
2674 3645 2847 3717 jubet.
2878 3647 2953 3703 De
2982 3647 3084 3705 hac
3110 3650 3222 3719 ipsa
3268 3650 3406 3709 forte

126 3744 488 3799 admonitione
515 3740 723 3798 Iuliana
767 3740 963 3811 gratias
988 3738 1094 3809 agit
1138 3736 1435 3807 Augustino
1485 3736 1672 3791 litteris
1715 3736 1892 3791 citatis
1942 3736 1992 3790 in
2032 3736 2256 3806 epistula
2304 3736 2405 3791 l88
2454 3737 2520 3790 ad
2545 3736 2789 3793 eumdem
2817 3738 3082 3795 Julianam
3109 3742 3294 3810 missa,
3316 3743 3405 3800 ubi

124 3838 238 3908 ejus
258 3839 379 3893 δέω
395 3836 555 3892 verba
573 3836 735 3891 refert
756 3833 1079 3905 Augustinus
1111 3849 1125 3886 :
1160 3831 1299 3887 Sane
1343 3830 1480 3900 quod
1505 3846 1584 3883 me
1607 3831 1837 3884 hortatur
1864 3831 2159 3885 Reverentia
2195 3842 2373 3895 uestra,
2405 3848 2467 3885 ne
2492 3848 2639 3887 aures
2665 3832 2957 3905 indulgeam
2977 3836 3057 3889 his
3085 3835 3395 3905 hominibus,

56 3948 79 4005 ,ξε
124 3928 209 3997 qui
235 3928 406 4001 prauis
434 3925 727 3981 tractatibus
760 3923 1095 3979 venerandam
1123 3922 1275 3991 ﬁdem
1306 3936 1439 3992 swpe
1453 3930 1804 3990 corrumpunt,
1829 3921 2022 3990 gratias
2046 3923 2220 3976 uberes
2246 3932 2343 3993 ago
2367 3932 2470 3976 tam
2499 3923 2599 3993 piae
2614 3924 2970 3980 admonitioni.

3220 4065 3313 4074 .-.ο

3220 4065 3313 4074 .-.-

3309 4107 3404 4117 ’.-

44 4134 79 4201 2i

737 4202 880 4319 Β.
955 4200 1719 4316 AUBELII
1795 4201 2269 4315 AUGIJ

1264 4200 1719 4314 BELII
1795 4108 2796 4318 Δπαπςτιῖπῖ

1304 4391 1821 4457 HIPPONENSIS
1858 4393 2215 4458 EPISCOPI

406 4519 725 4678 DE
799 4518 1422 4682 BONO
1500 4501 3001 4888 LVI’EEIPITATIS‘

1709 4942 1844 5000 SEU

192 5072 1069 5188 EPISTOLA
1099 5055 1451 5183 MAI)
1512 5068 1724 5183 «ΠΙ

1819 5068 2477 5181 ιιΔΝΔΜ
2547 5069 3351 5188 VID'IIAM.

1596 5290 1965 5346 «me

214 5436 366 5486 viduas
382 5436 455 5487 inc
472 5435 622 5485 docet
646 5440 699 5484 et
722 5432 1025 5483 exhortautr.
1049 5432 1261 5495 Primum,
1274 5430 1494 5495 docendo
1512 5430 1683 5492 probat
1702 5435 1881 5478 sanctae
1921 5427 2165 5495 viduitatis
2184 5426 2533 5495 professionem
2567 5433 2748 5495 nuptiis
2767 5434 3183 5492 anteponendam;
3224 5447 3285 5481 nu
3293 5450 3303 5495 ι
3326 5437 3417 5482 lius

160 5503 303 5549 tmen
322 5498 549 5549 seumdas
564 5532 580 5556 ,
605 5498 703 5546 imo
722 5502 773 5546 et
790 5496 959 5546 tertias
980 5501 1034 5545 et
1044 5492 1340 5559 quotasllbet
1357 5489 1642 5542 licitas'esse
1657 5525 1673 5551 ,
1699 5503 1793 5541 nec
1806 5502 2019 5553 unquam
2040 5489 2198 5542 malas
2215 5504 2228 5540 :
2255 5498 2309 5543 et
2328 5493 2575 5543 nubentes
2586 5489 2784 5556 quidem
2808 5489 2917 5556 post
2938 5503 3099 5543 votum
3123 5489 3371 5543 viduas-SA
3389 5512 3415 5546 c

214 5603 278 5665 (ei
304 5606 465 5667 Scripta
488 5601 620 5667 forte
642 5602 769 5667 circa
784 5611 963 5649 annum
984 5598 1093 5648 414.

217 5656 230 5698 ί
250 5656 403 5731 Titulus
426 5667 486 5731 in
513 5661 808 5731 quibusdam
968 5668 1075 5711 est:
1106 5667 1175 5712 ne
1188 5656 1477 5725 professione
1495 5656 1749 5709 Viduilaus

1880 5672 1914 5710 .:
1936 5667 2008 5711 De
2030 5660 2318 5725 professione
2339 5667 2519 5714 sancte
2540 5659 2813 5713 νίάιίὶιίιιὶδ.
2834 5660 2961 5724 Apud
2985 5666 3059 5709 Er.
3087 5670 3140 5712 et
3171 5670 3309 5713 Lov.:
3346 5672 3412 5715 ne

165 5727 258 5780 bona
273 5730 353 5782 sive
366 5722 665 5794 perfectione
694 5722 967 5774 Viduitatis.

42 4221 113 6169 ἱ
