3880 6284
625 376 687 428 Tal
1823 356 1879 412 S.
1921 345 2289 411 AUGUSTINI
2331 349 2629 408 EPISCOPI
3725 355 3799 410 13g

592 492 808 553 virgines
829 488 1005 536 merito
1026 485 1270 556 damnari;
1317 483 1352 556 i1
1367 496 1447 531 S'tS
1468 489 1633 531 autem
1657 491 1830 556 earnm
1848 475 2041 556 nuptias
2064 471 2463 556 nec
2479 470 2873 556 adulteriis,'ncc
2891 474 3047 556 dirimi
3070 482 3317 556 Oportere.
3338 474 3511 556 sterila
3531 473 3739 524 viduarum
3756 488 3799 524 es

590 534 889 615 rigidior"?
913 534 1223 615 continentia:
1236 534 1292 593 a'e
1311 534 1503 615 pietatis
1518 542 1711 615 [pensari
1735 538 1839 615 vult
1848 552 1862 596 ;
1881 534 2090 615 ideoque
2112 534 2536 615 Invitant-Egimus
2557 534 2712 615 viduis:
2728 536 2984 615 aliquando
3000 534 3117 598 jure
3138 536 3351 615 praeferri
3364 537 3665 615 denllonstrat.
3682 543 3802 587 Postea

594 592 705 664 135;.
716 592 897 660 aliith
918 592 1361 665 animamus,
1383 592 1439 669 ut
1460 592 1699 669 imprimis
1713 592 2215 669 eontiheritiain_suat_n
2237 592 2477 669 bepelieio
2497 596 2582 669 bet
2598 592 3097 669 tribuat,'c_av_eatt'me
3119 592 3545 669 eiusei-monentis,
3560 599 3636 660 qui
3653 610 3803 659 senm

593 654 893 735 {et-176:";
909 654 1157 735 hominum
1176 654 1492 735 quorumdam
1525 654 1825 735 iniuricprum
1841 654 2634 735 gratiasChniggﬂtlbfiutsump
2649 654 2797 735 omne
2815 654 3029 735 studium
3048 673 3159 735 curn
3179 658 3275 708 ﬁla
3295 660 3482 735 virgine
3503 654 3555 709 et
3580 654 3682 708 'ctim
3708 654 3804 708 m

595 713 1500 796 ifilli“iiiifsédziii'iu‘biﬁmuiuoeo
1519 713 1540 776 ξ
1557 713 1758 776 delicias
1780 713 2061 785 Spirituales
2078 717 2289 766 habeant
2309 713 2573 766 carnalium
2592 717 2875 769 deliciarum
2901 720 3035 783 loco;
3061 728 3115 772 et
3137 723 3309 771 tamam
3323 713 3536 784 denique
3555 732 3675 770 suam
3691 730 3805 770 cisto-

595 800 704 849 dire
730 793 1117 857 non—negligant.

2025 889 2433 925 4°»—

598 1029 932 1082 Avcusrmus
959 1020 1279 1089 Episcopus.
1322 1029 1512 1071 servus
1534 1012 1733 1070 Christi
1759 1052 1774 1076 ,
1804 1015 2192 1070 servorumque
2306 1002 2424 1060 illas
2470 1006 2764 1078 significat,
2802 1026 2921 1082 qua:
2965 1025 3070 1067 non
3114 1022 3238 1067 sunt
3264 1014 3458 1083 nuptiis
3484 1014 3713 1085 alligata),
3739 1017 3812 1070 sive

672 1114 867 1169 Christi
897 1113 937 1177 ⁸,
958 1109 1218 1180 religiosae
1244 1105 1455 1161 famula:
1481 1103 1572 1159 Dei
1601 1102 1868 1167 Ιυιιλκιε,
1891 1100 1942 1153 in
1966 1094 2195 1151 Domino
2304 1095 2532 1165 fuerint,
2565 1101 2678 1156 sive
2703 1117 2808 1156 non
2850 1102 3065 1159 fuerint.
3093 1103 3246 1171 Quod
3290 1105 3394 1159 alio
3419 1105 3535 1161 loco
3562 1106 3732 1176 aperit,
3754 1108 3811 1162 ubi

673 1204 1009 1259 dominorum
1040 1199 1289 1253 salutem.
2302 1189 2376 1244 ait
2399 1209 2412 1246 :
2438 1189 2613 1247 Divisa
2636 1204 2709 1247 est
2748 1195 2931 1249 mulier
2956 1195 3167 1268 innupta
3202 1206 3248 1251 et
3276 1198 3431 1269 virgo.
3459 1197 3663 1264 Quando
3687 1200 3813 1267 utique

671 1307 895 1367 CAPUT
918 1304 1198 1361 PRIMUM.
1228 1332 1301 1342 —
1330 1304 1383 1355 1.
1402 1298 1629 1371 Rogatus
1648 1313 1679 1351 a
1703 1296 1915 1351 Iuliana
1939 1289 2110 1346 scribit
2134 1288 2197 1342 de
2303 1292 2357 1337 ct
2383 1282 2639 1354 virginem
2669 1284 2941 1359 adjungit,
2971 1288 3095 1359 quid
3141 1289 3418 1343 mulierem
3455 1288 3729 1358 innuptam,
3749 1292 3813 1344 nisi

602 1401 913 1476 professione
939 1395 1218 1451 viduitatis.
1251 1391 1479 1460 Apostoli
1507 1390 1571 1445 de
1598 1379 1693 1442 hac
1726 1403 1781 1441 re
1807 1384 2089 1439 doctrinam
2109 1394 2197 1434 επ-
2304 1376 2513 1433 viduam
2540 1378 2650 1434 vult
2677 1380 2932 1452 intelligi?
2959 1380 3112 1437 Unde
3128 1383 3289 1437 etiam
3314 1381 3568 1452 deinceps
3596 1397 3686 1435 uno
3708 1382 3815 1436 innu-

603 1472 773 1568 ponct.
806 1491 884 1548 Ne
929 1488 1171 1561 petitioni
1202 1497 1305 1542 tum
1333 1493 1385 1539 et
1413 1485 1466 1538 in
1500 1480 1712 1538 Christo
1739 1477 2010 1535 dilectioni
2039 1475 2060 1507 ²
2081 1472 2198 1528 diu-
2305 1477 2410 1540 pta:
2440 1472 2655 1528 nomine
2695 1472 3076 1543 professionem
3107 1484 3386 1546 utramque
3411 1475 3815 1546 complectitnrdi-

604 1562 708 1641 iius
737 1598 910 1639 essent
941 1580 1152 1636 debitor
1174 1574 1541 1648 promissionis
1562 1587 1697 1628 meze
1720 1610 1737 1636 ,
1768 1568 1966 1640 arripui
1993 1574 2200 1621 utcum-
2305 1576 2433 1618 cens
2458 1581 2472 1616 :
2508 1562 2635 1631 Qua:
2668 1564 2880 1637 innupta
2909 1576 3019 1632 est,
3050 1566 3268 1620 sollicita
3294 1577 3367 1622 est
3396 1584 3456 1621 ea
3484 1583 3594 1639 qua:
3632 1578 3727 1622 sunt
3751 1567 3816 1621 Do-

602 1691 707 1747 qne
747 1675 888 1729 inter
925 1671 1054 1725 alias
1093 1667 1493 1739 urgentissimas
1529 1662 1905 1732 occupationes
1948 1671 2095 1712 meas
2130 1655 2199 1711 de
2306 1653 2465 1719 mini.
2491 1656 2741 1724 quomodo
2770 1655 2967 1727 placeat
2995 1656 3251 1725 Domino;
3280 1673 3396 1729 qua:
3414 1667 3580 1711 autem
3603 1668 3734 1731 nupta
3749 1670 3813 1719 at.

607 1744 938 1837 professione
985 1766 1185 1815 sancta:
1213 1756 1483 1812 viduitatis
1508 1753 1707 1825 aliquid
1733 1751 1800 1807 ad
1838 1759 1892 1805 te
1916 1749 2151 1805 scribere
2185 1763 2198 1799 :
2307 1744 2522 1799 sollicita
2550 1755 2621 1800 est
2660 1764 2717 1800 ea
2741 1765 2853 1818 qua:
2876 1758 2990 1802 sunt
3033 1751 3207 1802 mundi
3230 1790 3244 1814 ,
3274 1749 3526 1819 quamon
3554 1750 3720 1820 placeat
3748 1751 3816 1803 vim

607 1834 860 1928 quoniam
890 1861 943 1908 et
968 1859 1287 1921 prirsentcm
1312 1862 1396 1903 me
1416 1845 1654 1919 rogando
1681 1842 1916 1899 onerasti
1943 1841 1984 1906 ³,
2004 1849 2199 1896 etcum
2309 1834 2360 1908 (1
2383 1834 2503 1891 Cor.
2537 1852 2612 1892 vn
2637 1879 2650 1902 ,
2682 1837 2733 1905 8,
2762 1839 2884 1910 34,).
2914 1838 3194 1910 lnnuptam
3233 1849 3381 1895 certe
3411 1855 3518 1894 non
3545 1855 3653 1895 eam
3678 1848 3814 1894 mutum

607 1904 705 2001 tibi
736 1945 836 2000 hoc
863 1904 1281 2011 non'potuissem
1314 1904 1510 2009 negare
1530 1979 1544 2003 ,
1577 1951 1720 2006 saepe
1748 1949 1926 1990 meum
1971 1931 2201 2003 promis-
2310 1930 2532 2002 intelligi
2561 1933 2723 1985 voluit
2743 1974 2758 1997 ,
2788 1948 2905 2003 qum
2937 1948 3204 2004 nunquam
3236 1933 3445 2003 nupsit;
3474 1932 3566 1988 sed
3590 1934 3815 1988 etiamcam

609 2054 727 2093 sum
751 2036 939 2091 litteris
967 2033 1233 2104 flagitasti.
1263 2031 1318 2085 lu
1368 2046 1475 2102 quo
1518 2043 1649 2084 sane
1677 2041 1840 2098 opere
1866 2033 2050 2080 nostro
2078 2037 2199 2076 cum
2309 2037 2429 2091 qua:
2449 2022 2753 2092 nuptiarum
2779 2023 2989 2077 vinculo
3012 2039 3105 2093 per
3130 2022 3444 2078 viduitatem
3474 2023 3814 2092 liherata,nupn
3850 2040 3851 2104 ξ

609 2132 782 2201 aliqua
813 2129 1003 2200 legeris
1036 2125 1101 2181 ad
1133 2134 1274 2180 tuam
1301 2125 1381 2178 vel
1413 2123 1478 2177 ad
1524 2131 1786 2185 vestram,
1813 2133 1932 2189 qua:
1962 2115 2121 2171 simul
2148 2115 2201 2169 in
2308 2125 2429 2168 esse
2449 2112 2649 2168 destitit
2679 2132 2691 2167 :
2728 2129 2845 2167 nam
2871 2113 2990 2169 ideo
3010 2123 3062 2169 et
3087 2125 3306 2184 nuptam
3336 2131 3443 2169 non
3466 2115 3624 2179 dicit,
3644 2116 3814 2169 nisieam

608 2224 825 2279 Christo
846 2220 1038 2283 vivitis,
1060 2234 1341 2289 personam
1360 2216 1576 2270 minime
1596 2213 1881 2285 pertinere.
1902 2225 2000 2265 nec
2020 2209 2205 2264 admo-
2310 2219 2428 2274 (ιιιίῐε
2445 2203 2617 2259 virum
2643 2203 2834 2269 habcl;
2859 2219 2965 2259 ηοῐι
2995 2205 3154 2259 etiam
3182 2220 3298 2260 cam
3320 2221 3442 2276 qua:
3462 2205 3668 2273 habuit,
3689 2215 3730 2260 el
3749 2220 3814 2259 non

609 2315 797 2371 nitioni
827 2314 946 2368 vita:
973 2322 1165 2368 vestrm
1206 2310 1421 2382 proprie
1461 2306 1760 2361 necessaria
1782 2347 1795 2369 ,
1824 2318 1930 2357 non
1963 2300 2083 2356 ideo
2112 2300 2205 2356 de-
2313 2295 2491 2351 habet.
2516 2295 2853 2367 Quapropter
2872 2295 3027 2351 vidua
3054 2297 3230 2351 omnis
3255 2298 3475 2368 innupta
3501 2305 3581 2352 est
3606 2315 3619 2351 :
3646 2296 3813 2365 sedqui:
3846 2302 3847 2367 ξ

611 2409 763 2464 behis
790 2406 813 2438 ⁸
838 2405 1101 2475 superﬂua
1129 2403 1388 2473 judicare.
1420 2402 1538 2454 Ista:
1578 2399 1773 2469 quippe
1803 2398 1993 2451 littera:
2022 2408 2208 2465 quam-
2311 2404 2419 2443 non
2447 2388 2621 2442 omnis
2648 2389 2866 2457 innupta
2896 2388 3051 2443 vidua
3082 2397 3202 2454 est;
3235 2396 3361 2442 sunt
3393 2389 3533 2443 cnim
3559 2396 3608 2444 et
3630 2387 3814 2457 virgines;

611 2499 694 2554 vis
736 2497 802 2553 ad
845 2506 925 2561 te,
959 2511 1066 2550 non
1114 2503 1291 2548 tamen
1339 2489 1707 2546 tantummodo
1767 2487 1858 2541 tibi
1913 2483 2207 2540 scribendae
2315 2480 2434 2534 ideo
2475 2480 2560 2534 hic
2607 2490 2888 2550 utrumque
2932 2480 3143 2550 posuit,
3177 2480 3262 2533 ubi
3314 2480 3424 2547 ait,
3463 2479 3582 2533 Dico
3615 2490 3746 2533 autem
3767 2481 3814 2529 ie

611 2591 823 2645 fuerunt
848 2606 861 2641 :
890 2586 983 2643 sed
1014 2594 1069 2640 ut
1097 2584 1216 2639 aliis
1263 2598 1357 2654 per
1402 2593 1453 2637 te
1490 2596 1700 2651 quoque
1723 2578 2072 2648 prodessent,
2100 2592 2206 2630 non
2314 2573 2486 2643 nuptis
2511 2583 2557 2626 et
2580 2573 2742 2627 viduis
2766 2582 3048 2644 :tanquam
3072 2572 3305 2641 diceret,
3334 2573 3487 2643 Quod
3509 2574 3619 2628 dico
3634 2572 3812 2640 immixtis,
3846 2638 3847 2649 χ

613 2681 794 2751 utique
818 2695 847 2733 a
870 2678 1022 2733 nobis
1039 2674 1411 2747 negligentlnm
1439 2673 1556 2726 fuit.
1583 2669 1847 2740 Quidquid
1865 2685 1992 2739 ergo
2020 2668 2105 2722 hic
2132 2668 2209 2720 in-
2317 2682 2422 2720 non
2446 2666 2525 2720 eis
2574 2667 2701 2720 solis
2744 2665 2862 2719 dico
2905 2682 3024 2736 qum
3054 2666 3287 2737 virgines
3318 2675 3445 2720 sunt
3469 2708 3483 2731 ,
3512 2665 3599 2720 sed
3619 2664 3740 2719 etiam
3767 2663 3814 2715 eis
3846 2696 3847 2701 η

604 2771 842 2835 veneris,
876 2768 1018 2840 quod
1044 2768 1210 2822 vobis
1234 2764 1594 2820 necessarium
1620 2762 1701 2816 vel
1733 2774 2006 2830 nunquam
2031 2755 2207 2825 fuerit,
2315 2773 2434 2827 qua:
2463 2756 2633 2812 vidnre
2664 2766 2821 2823 sunt;
2846 2757 3032 2811 bonum
3063 2774 3168 2813 esse
3192 2759 3294 2814 illis
3319 2758 3364 2813 si
3391 2760 3467 2813 sic
3506 2758 3811 2830 permamerint.

610 2864 698 2929 vel
725 2863 832 2933 jam
859 2876 964 2916 non
987 2859 1086 2925 sit,
1120 2867 1175 2913 et
1199 2867 1373 2911 tamen
1405 2856 1522 2908 aliis
1549 2868 1669 2909 esse
1704 2851 2043 2924 perspexeris
2071 2890 2083 2914 ,
2112 2863 2210 2903 nec
2316 2850 2445 2904 sicut
2470 2857 2516 2903 et
2558 2867 2670 2920 ego.

614 2955 813 3009 habere
841 2961 893 3006 te
933 2951 1144 3021 pigeat,
1170 2962 1273 3002 nec
1301 2946 1429 3003 dare
1456 2943 1774 3016 legendum;
1799 2953 1855 2998 ut
1884 2950 1939 2998 et
1967 2950 2053 2995 tua
2079 2940 2209 2995 chao
2385 2938 2612 2996 CAPUT
2652 2939 2739 2997 ΠΙ.
2779 2971 2853 2982 -
2898 2942 2950 2997 ὃ.
2996 2940 3195 2997 Bonum
3243 2943 3503 2997 viduitatis
3547 2943 3687 3013 majus
3718 2954 3813 3010 plus

620 3045 755 3100 ritas
776 3043 846 3098 sit
868 3042 1067 3096 utilitas
1089 3039 1339 3094 aliorum.
2316 3032 2540 3104 conjugii
2560 3073 2575 3097 ,
2614 3033 2750 3099 quod
2801 3043 2965 3088 tamen
2990 3052 3100 3089 vere
3142 3035 3347 3089 bonum.
3391 3036 3615 3107 Conjugii
3644 3035 3812 3103 [ἰάψει

687 3139 745 3191 2.
770 3134 901 3191 Cum
925 3134 1083 3205 igitur
1103 3132 1156 3187 in
1178 3131 1321 3186 omni
1343 3129 1638 3201 qnazstione
1666 3143 1785 3199 qua:
1812 3127 1880 3183 ad
1912 3127 2072 3182 vitam
2103 3140 2214 3181 mo-
2317 3124 2420 3177 alia
2440 3125 2549 3197 ejus
2572 3125 2734 3191 bona,
2761 3126 2873 3181 licet
2899 3126 3139 3181 viduitate
3185 3129 3405 3183 minora.
3432 3129 3563 3183 Ecce
3594 3136 3662 3184 est
3682 3127 3811 3181 bonum

615 3244 812 3301 resque
842 3227 1111 3300 pertinet,
1144 3238 1252 3278 non
1277 3223 1390 3277 sola
1431 3221 1695 3287 doctrina,
1718 3234 1904 3274 verum
1931 3219 2091 3274 etiam
2116 3234 2211 3273 ex-
2319 3224 2468 3271 tuum
2516 3218 2564 3272 ei
2608 3218 2747 3273 bono
2796 3231 3197 3289 comparatum,
3236 3223 3379 3293 quod
3438 3222 3561 3278 dicit
3609 3222 3810 3293 Apostolus

618 3320 849 3376 hortatio
871 3319 941 3373 sit
970 3315 1309 3381 necessaria;
1339 3322 1398 3369 ut
1420 3312 1663 3368 doctrina
1701 3311 1826 3383 quid
1853 3311 2115 3382 agendum
2146 3310 2214 3365 sit
2318 3324 2490 3376 suum,
2518 3308 2563 3365 si
2595 3309 2723 3365 fides
2748 3311 2927 3379 adest;
2960 3313 3068 3367 imo
3091 3315 3211 3385 quia
3243 3315 3379 3371 fides
3409 3316 3572 3370 adest.
3599 3314 3742 3370 Brevis
3762 3320 3811 3363 est

618 3411 947 3475 noverimus,
975 3407 1346 3464 exhortatione
1390 3413 1570 3459 autem
1599 3404 1911 3469 excitemur,
1945 3418 2013 3457 ne
2042 3402 2216 3472 pigeat
2319 3402 2419 3455 ista
2463 3401 2703 3456 doctrina
2725 3445 2740 3470 ,
2775 3419 2873 3460 nec
2918 3404 3038 3460 ideo
3065 3408 3458 3462 contemnenda
3480 3450 3494 3471 ,
3520 3408 3629 3478 quia
3662 3402 3807 3460 luerim

618 3518 782 3575 agere
822 3500 964 3572 quod
1008 3498 1273 3569 agendum
1326 3509 1445 3552 esse
1485 3495 1595 3565 jam
1644 3494 1887 3550 novimus
1914 3513 1928 3546 -.
1960 3493 2085 3563 quid
2116 3508 2215 3563 ego
2320 3490 2414 3547 sed
2442 3491 2560 3547 ideo
2581 3491 2787 3549 facilius
2812 3503 2866 3550 et
2893 3495 3105 3552 charius
3136 3497 3390 3566 tenenda,
3418 3498 3535 3570 quia
3562 3499 3607 3553 in
3634 3495 3811 3551 brevitate

619 3592 851 3662 amplius
882 3599 934 3645 te
959 3588 1181 3645 doceam
1202 3627 1218 3653 ,
1260 3600 1419 3657 quam
1463 3584 1514 3640 id
1554 3585 1694 3656 quod
1733 3583 1873 3654 apud
1900 3582 2214 3652 Apostolum
2321 3599 2428 3638 non
2450 3582 2590 3641 vilis.
2620 3584 2735 3639 Non
2776 3587 2918 3641 enim
2964 3588 3352 3659 qualecumque
3381 3589 3573 3645 bonum
3617 3587 3687 3641 hic
3719 3597 3809 3639 com-

623 3682 884 3754 legimus?
908 3680 1103 3736 Sancta
1127 3678 1269 3734 enim
1297 3677 1566 3748 Scriptura
1608 3684 1805 3731 nostrae
1836 3674 2095 3729 doctrinm
2126 3689 2215 3729 re-
2323 3677 2597 3732 mendaret
2644 3679 2931 3749 Apostolus
2954 3721 2970 3747 ,
3001 3680 3140 3752 quod
3172 3680 3295 3737 ﬁdei
3324 3693 3598 3755 nuptarum
3628 3681 3719 3736 sine
3744 3676 3807 3730 ulla

620 3777 799 3847 gulam
826 3773 967 3844 figit,
998 3787 1066 3828 ne
1089 3769 1378 3826 audeamus
1396 3785 1575 3842 sapere
1597 3768 1711 3839 plus
1730 3783 1878 3837 quam
1917 3775 2111 3837 oportet
2134 3782 2217 3819 sa-
2322 3770 2662 3841 ambiguitate
2704 3773 3009 3842 praeposuit.
3049 3773 3315 3841 Quantum
3346 3787 3521 3832 autem
3561 3776 3721 3830 bonum
3754 3770 3809 3820 lu-

627 3884 781 3938 pere;
806 3866 900 3922 sed
922 3865 1214 3936 sapiamus,
1241 3874 1298 3918 ut
1323 3868 1438 3933 ipse
1465 3862 1557 3927 ait,
1589 3860 1658 3913 ad
1683 3859 2064 3928 teuzperantiam
2079 3901 2093 3923 ,
2115 3859 2159 3911 si

2322 3863 2445 3920 beat
2474 3872 2759 3932 nuptarum
2791 3861 2923 3919 [ides
2946 3905 2961 3930 ,
2991 3863 3043 3918 id
3088 3873 3203 3931 est,
3248 3866 3639 3922 ehristianarum
3674 3858 3807 3916 etreli-

623 3970 680 4014 ut
713 3960 979 4030 unicuique
1015 3956 1154 4013 Deus
1198 3957 1413 4028 partitus
1432 3964 1504 4010 est
1540 3969 1826 4007 mensuram
1860 3950 1979 4023 ﬁdei
2020 3950 2213 4024 (Rom.
2321 3953 2593 4024 giosarum
2633 3952 3072 4024 conjugatarum,
3103 3954 3229 4010 hinc
3271 3955 3491 4026 intelligi
3529 3961 3697 4024 pottst.
3719 3944 3806 4018 quod

625 4068 697 4106 xu
724 4094 737 4115 ,
766 4050 845 4120 '5).
873 4049 990 4105 Non
1016 4050 1085 4104 sit
1111 4062 1240 4120 ergo
1280 4045 1409 4101 mihi
1431 4044 1573 4100 aliud
1600 4052 1651 4099 te
1681 4043 1904 4109 docere,
1934 4043 2033 4098 nisi
2056 4042 2217 4099 verba
2321 4060 2444 4099 cum
2471 4044 2540 4100 de
2575 4043 2821 4115 fugienda
2847 4045 3196 4101 fornicatione
3222 4048 3559 4117 praciperet,
3587 4044 3660 4099 ubi
3693 4041 3805 4106 non

624 4144 719 4198 tibi
747 4141 982 4197 doctoris
1008 4155 1279 4212 exponere
1303 4180 1319 4208 ,
1349 4144 1404 4194 et
1432 4137 1499 4192 de
1528 4136 1593 4191 iis
1620 4134 1763 4206 quod
1784 4136 2035 4191 Dominus
2056 4135 2218 4191 dede-
2321 4147 2375 4194 et
2403 4137 2714 4208 conjugatos
2739 4136 3129 4209 alloquebatur,
3159 4138 3403 4207 Nescitis,
3428 4140 3612 4209 inquit,
3633 4136 3721 4205 quia
3738 4144 3805 4183 ror-

624 4235 695 4288 rit
723 4234 1016 4303 disputare.
2322 4248 2447 4304 pora
2494 4241 2653 4286 vestra
2679 4230 2899 4286 membra
2924 4240 3043 4286 sunt
3067 4230 3250 4287 Christi
3273 4230 3392 4304 (Id.
3426 4247 3507 4300 vr,
3535 4229 3632 4301 l9).
3654 4226 3801 4280 Tantum

698 4326 921 4382 CAPUT
965 4324 1127 4379 IL—
1180 4325 1233 4379 5.
1291 4324 1531 4394 ιηηιψηυ
1576 4323 1716 4394 apud
1767 4322 2065 4395 Apostolum
2117 4339 2218 4377 non
2321 4338 2449 4394 ergo
2513 4324 2709 4378 bonum
2762 4333 2845 4379 est
2904 4323 3075 4379 fidelis
3124 4324 3389 4396 conjugii,
3457 4333 3511 4379 ut
3557 4322 3689 4379 etiam
3736 4314 3801 4381 illi“

630 4418 756 4473 sola:
776 4416 1011 4487 virgines,
1045 4413 1134 4469 sed
1174 4414 1326 4467 etiam
1352 4414 1532 4467 viduaz.
1574 4414 1663 4467 Ait
1689 4413 1863 4483 itaque
1888 4412 2174 4483 Apostolus
2200 4454 2216 4480 ,
2326 4413 2562 4469 membra
2594 4414 2700 4469 sint
2726 4414 2944 4469 Christi.
2984 4414 3097 4470 Hoc
3125 4426 3300 4471 autem
3325 4417 3465 4472 bono
3487 4409 3801 4485 quoniam‘me

628 4509 819 4564 doctor
846 4505 1093 4561 Gentium
1115 4544 1131 4571 ,
1176 4518 1270 4559 vas
1297 4503 1574 4559 electionis
1602 4520 1615 4555 :
1649 4502 1775 4557 Dico
1802 4512 1969 4556 autem
1995 4504 2221 4574 innuptis
2323 4507 2426 4563 lius
2454 4517 2535 4562 est
2559 4507 2754 4563 bonum
2781 4508 3122 4563 continentiae
3149 4507 3373 4564 vidualis
3393 4550 3408 4575 ,
3436 4522 3534 4562 non
3563 4503 3649 4557 hac
3671 4493 3803 4570 proles;

630 4611 676 4653 et
701 4598 898 4664 viduis,
931 4596 1118 4651 borium
1155 4611 1261 4649 esse
1282 4594 1387 4649 illis
1423 4596 1466 4649 si
1496 4595 1569 4648 sic
1600 4595 1997 4665 pernmnserint,
2022 4595 2150 4648 sicut
2174 4604 2220 4650 et
2327 4599 2477 4654 sione
2505 4598 2554 4652 id
2604 4600 2796 4669 agitur,
2852 4608 2909 4654 ut
2950 4599 3149 4670 aliquid
3196 4599 3317 4669 plus
3356 4599 3427 4655 sit
3461 4595 3686 4653 catholica
3706 4586 3799 4640 vidua

632 4712 742 4764 ego.
769 4694 893 4749 llzcc
936 4692 1095 4748 verba
1138 4691 1208 4747 ita
1254 4688 1594 4759 intelligenda
1622 4698 1742 4743 sunt
1762 4730 1776 4755 ,
1802 4696 1859 4743 ut
1887 4703 1990 4743 non
2039 4688 2223 4743 existi-
2326 4705 2483 4761 quam
2513 4691 2807 4745 membrum
2838 4689 3064 4757 Christi;
3088 4690 3180 4746 sed
3206 4701 3262 4746 ut
3293 4691 3554 4748 meliorem
3579 4697 3705 4757 quam
3725 4691 3802 4729 (ου’

637 4801 844 4840 ιιιοιιιιις
874 4784 1059 4839 viduas
1089 4799 1193 4839 non
1224 4790 1475 4853 oportere
1506 4781 1754 4850 innuptas
1781 4780 1882 4835 diei
1906 4822 1921 4845 ,
1953 4781 2073 4850 quia
2119 4797 2217 4835 nu-
2320 4783 2502 4855 jngata
2549 4783 2723 4838 locum
2780 4783 2973 4838 habeat
3022 4784 3160 4838 inter
3218 4785 3451 4839 membra
3494 4775 3679 4837 Christi.
3718 4765 3801 4825 Dicil

633 4879 771 4947 ptias
811 4877 1055 4932 videntur
1102 4884 1338 4947 experta:
1370 4892 1384 4928 :
1416 4876 1753 4945 innuptarum
1810 4873 1952 4928 enim
2006 4872 2221 4928 nomine
2326 4874 2522 4943 quippe
2566 4871 2705 4927 idem
2752 4872 3024 4942 apostolus
3055 4892 3068 4928 :
3098 4873 3243 4929 Sicut
3285 4874 3413 4927 enim
3452 4872 3501 4925 in
3539 4883 3625 4923 uno
3664 4868 3801 4927 (ονροντ

1805 5001 2094 5042 Αωιοκιτιο
2132 5002 2214 5040 PP.
2256 5000 2734 5040 BENEDICTINORUH.

697 5082 750 5137 in
792 5082 914 5131 libri
952 5080 1099 5143 hujus
1141 5081 1476 5143 recognitmne
1520 5078 1812 5131 contulimus
1842 5092 1953 5129 cum
1997 5079 2199 5143 Erasmi,
2228 5088 2286 5127 ac
2338 5077 2704 5143 [pt'anieiisium
2750 5077 2895 5127 editis
2936 5085 3142 5130 veteres
3179 5079 3369 5131 mdiees
3418 5057 3799 5143 Gallimnosilll'j}:

633 5126 750 5215 cini:
774 5126 2203 5215 uegit-tm",Scriboniani,vvictprhiuiii:Augustineusent,id
2320 5153 2349 5212 εξ
2364 5126 2658 5188 bibliotheca
2683 5126 3137 5215 augustinianoruni
3168 5126 3795 5215 naorisivr‘arntxtensetn‘nﬂm':

635 5216 681 5256 5.
699 5184 1255 5274 Petriilauiluuenseln
1285 5184 1511 5274 ileclesize
1535 5184 1727 5266 majoris
1744 5184 2163 5263 nasturcio-uiset,“
2181 5236 2196 5260 ,
2234 5184 2662 5264 Cygir'aiinenseni,
2682 5184 3796 5274 né&é}i§éiii’,'uiéuaeiilﬁnﬁ'meacumea;

636 5250 1019 5327 vetustissimum
1042 5250 1193 5323 mille,
1218 5250 1301 5313 aut
1324 5250 1809 5327 ainplitts,ﬁai‘utortitn
1830 5250 2227 5316 ccli-uisionum
2244 5250 2473 5324 {necnon
2500 5250 2728 5313 Romanos
2744 5250 3003 5315 tisthenes,
3021 5250 3243 5326 negat?
3246 5250 3488 5315 variantes
3519 5257 3710 5308 lectiom’5
3723 5250 3795 5305 ‘l'n'

634 5340 749 5381 tuor
773 5326 1076 5391 Belgicorum
1098 5338 1209 5390 quze
1230 5326 1425 5376 exstant
1440 5327 1566 5388 apud
1589 5328 1926 5375 Lovauienscs.

713 5411 1227 5492 Comparavimus
1253 5418 1549 5491 prwterea
1579 5427 1676 5470 eas
1703 5427 1906 5469 omnes
1932 5409 2235 5472 editiones
2265 5408 2455 5471 initio
2484 5409 2656 5470 Retr.
2681 5420 2735 5471 et
2765 5410 3051 5471 Confess.
3083 5420 3130 5471 t.
3165 5412 3223 5485 1,
3252 5413 3609 5471 memoratas.
3672 5391 3730 5455 Μ·

700 5518 720 5551 ι
737 5517 900 5587 sieta:
920 5520 973 5563 et
995 5511 1217 5587 nonnulli
1232 5520 1337 5584 Mss.
1356 5518 1411 5587 at
1426 5517 1555 5587 tor;
1566 5518 1739 5587 servus
1761 5521 2005 5587 scriptam:
2028 5508 2221 5560 Christi.
2397 5512 2412 5542 ι
2441 5509 2575 5570 Editi,
2595 5523 2703 5574 quo.
2727 5511 2894 5562 Melius
2904 5518 3030 5573 Mss,
3054 5525 3291 5578 quamam.

636 5577 1006 5648 vetustissimus
1020 5574 1331 5625 Corbeicmsis
1356 5571 1529 5633 codex,
1557 5584 1720 5621 servus
1753 5571 1948 5631 ('ltristi,
1976 5585 2225 5622 servorum

636 5639 1083 5750 (I'Iibzigterciensis
1102 5704 1208 5756 315.,
1232 5702 1330 5748 tua!
1350 5695 1399 5747 in
1416 5693 1604 5746 (‘Itrido
1626 5693 1911 5747 dilectionis.

704 5765 726 5794 ³
748 5765 820 5811 sic
838 5768 944 5810 Mss.
972 5760 1088 5810 Editi
1106 5767 1287 5817 autem,
1316 5758 1573 5809 honorasti.

700 5823 725 5857 ⁵
746 5825 819 5874 sic
856 5829 930 5873 Er.
959 5829 1009 5872 et
1029 5829 1132 5870 Mss.
1154 5821 1396 5885 [debetis]
