3880 6284
101 289 190 346 ὥὸ

101 400 236 454 multa
254 389 469 447 membra
495 383 744 446 habemus,
771 376 938 430 omnia
962 383 1129 428 autem
1157 372 1377 426 membra
1405 385 1504 422 non
1533 383 1644 421 eos-

99 494 194 546 dem
236 497 368 541 artus
411 483 629 544 habent;
668 478 737 530 ita
785 472 931 526 multi
967 486 1125 523 unum
1167 482 1351 537 corpus
1383 479 1554 517 smnus
1598 461 1649 513 in

99 585 302 644 Utristo,
345 573 535 645 singuli
580 578 744 624 autem
791 566 919 618 alter
957 561 1166 616 alterius
1204 557 1427 612 membra
1460 557 1473 586 ¹
1508 573 1520 606 ;
1555 555 1650 607 Ita-

97 678 236 730 bentes
285 671 415 724 dona
468 667 664 719 diversa
707 658 984 715 secundum
1025 655 1242 727 gratiam
1281 667 1394 722 qua:
1436 649 1553 702 data
1584 656 1654 701 est

97 770 214 823 nobis
233 766 401 838 (Rom.
440 777 518 814 xu
537 801 551 824 ,
579 760 613 813 4
633 756 711 829 6).

153 864 200 917 5.
226 833 340 912 Ideo
365 854 526 909 etiam
557 865 677 904 cum
731 851 974 901 moneret
997 840 1307 909 conjugatos
1327 879 1340 902 ,
1388 852 1455 891 ne
1479 833 1658 889 debito

99 951 292 1009 canalis
316 940 714 1002 commixtionis
742 935 1050 993 lraudarcnt
1079 933 1328 994 invicem;
1359 937 1410 980 et
1437 941 1531 995 per
1557 925 1659 978 hoc

99 1050 205 1099 alter
224 1054 400 1095 eorum
433 1043 628 1103 negato
653 1029 754 1085 sibi
799 1027 978 1082 debito
1014 1020 1275 1091 conjngali
1297 1061 1312 1085 ,
1344 1033 1439 1088 per
1465 1017 1656 1069 intem-

102 1131 360 1204 perantiam
396 1141 551 1181 suam
607 1129 841 1177 tentatus
875 1134 906 1172 a
935 1125 1114 1170 satana
1139 1155 1152 1177 ,
1179 1112 1230 1165 in
1261 1109 1660 1164 fornicationem

103 1225 435 1294 prolaberetur
463 1235 476 1270 :
516 1214 629 1268 Hoc
679 1221 845 1264 autem
885 1209 997 1260 dico
1021 1247 1036 1271 ,
1063 1203 1265 1273 inquit,
1289 1199 1562 1254 secundum
1584 1212 1658 1249 ve-

105 1319 213 1367 niant
236 1353 248 1376 ,
273 1326 365 1362 non
385 1305 669 1361 secundum
699 1300 982 1368 imperium.
1025 1294 1148 1350 Volo
1174 1304 1341 1346 autem
1370 1306 1538 1344 omnes
1567 1289 1661 1340 lto-

110 1409 235 1457 mines
251 1405 270 1433 ²
292 1416 397 1453 esse
421 1399 555 1452 sicut
586 1411 663 1447 me
703 1393 864 1461 ipsum
890 1406 907 1443 :
931 1388 1020 1444 sed
1041 1384 1376 1456 unusquisque
1402 1380 1664 1453 proluian

116 1497 261 1548 donum
295 1491 438 1543 liabet
471 1505 503 1540 a
537 1486 679 1548 Deo;
709 1485 838 1537 alius
877 1479 1078 1552 quidem
1107 1478 1208 1537 sic,
1233 1474 1363 1528 alius
1387 1488 1500 1526 vero
1521 1472 1590 1524 sic
1620 1469 1661 1522 ³.

167 1581 360 1639 CAPUT
385 1580 479 1634 IV.
508 1608 586 1618 —-
623 1575 895 1630 l’iduitatis
938 1569 1246 1642 professione
1296 1582 1394 1618 non
1433 1562 1666 1617 danmari

107 1676 311 1732 secundas
349 1673 583 1742 nuptias.
611 1667 1052 1737 Catapltrygarum
1086 1671 1132 1716 et
1167 1658 1564 1713 Novatianorttm
1594 1671 1668 1708 er-

109 1785 220 1823 rora
251 1764 568 1820 Tertulliano
601 1759 915 1830 propalattts.
954 1754 1110 1808 Vides
1151 1751 1310 1806 etiam
1337 1746 1667 1818 coniugalem

107 1858 374 1930 pudicitiam
424 1865 480 1910 et
511 1852 654 1906 Iltori
701 1845 975 1904 christiani
1022 1840 1466 1897 ntatritnonialem
1511 1836 1668 1890 [idem

104 1926 270 2006 donum
299 1963 447 2008 esse,
474 1954 531 1999 et
562 1943 663 1996 hoc
691 1956 720 1994 a
749 1940 862 1994 Deo
891 1955 902 1990 :
935 1947 986 1990 ιιι
1034 1933 1162 1988 illud
1200 1929 1341 2002 quod
1371 1929 1504 1983 ultra
1538 1926 1671 1980 libe-

109 2057 258 2098 rorum
287 2034 740 2108 procreandorum
766 2027 1139 2084 necessitatem
1169 2020 1383 2076 modum
1417 2031 1671 2073 concum-

109 2130 238 2186 licndi
280 2107 623 2197 aliquatenus
670 2116 1098 2188 concupiscentia
1145 2112 1374 2169 carnalis
1424 2107 1670 2173 excedit,

107 2241 192 2278 non
212 2221 506 2292 nuptiarum
537 2217 612 2270 sit
639 2215 740 2269 hue
767 2208 987 2274 malum,
1006 2208 1100 2264 scd
1124 2205 1330 2262 veniale
1361 2203 1429 2258 sit
1459 2209 1673 2272 propter

107 2291 374 2386 ttltpliztrttltl
405 2313 634 2366 bonum.
664 2305 777 2361 Non
804 2303 945 2365 enim
989 2300 1054 2354 de
1103 2296 1383 2367 conjugio,
1412 2291 1550 2361 quod
1579 2306 1672 2346 co-

111 2383 290 2476 palatur
315 2404 613 2457 liberorum
659 2392 1106 2466 procreandorum
1138 2402 1297 2443 causa
1317 2427 1334 2453 ,
1356 2395 1409 2441 et
1453 2383 1554 2438 [ide
1577 2399 1673 2451 pu-

107 2475 273 2551 dicitiae
315 2490 650 2563 conjugalis,
701 2496 755 2542 ct
805 2481 1196 2546 iudissolubili,
1224 2477 1476 2549 quatndiu
1519 2475 1676 2530 ambo

109 2591 300 2654 vivunt,
346 2582 680 2640 matrimonii
735 2587 1110 2640 sacramento,
1156 2590 1274 2644 quin
1322 2571 1498 2626 omnia
1540 2569 1676 2623 bona

110 2693 244 2747 sunt;
273 2681 364 2735 sed
389 2680 455 2734 de
476 2679 575 2732 illo
607 2672 890 2728 immodico
935 2669 1112 2724 carnis
1151 2683 1282 2732 usu,
1315 2665 1402 2735 qui
1448 2664 1499 2717 in
1533 2662 1679 2716 inﬁr-

113 2775 269 2828 mitate
298 2772 593 2842 conjugum
635 2764 959 2836 agnoscitur,
989 2771 1044 2817 et
1091 2760 1389 2813 interventu
1421 2755 1542 2810 boui
1575 2770 1676 2808 uu-

115 2866 262 2933 ptialis
310 2863 613 2936 ignoscitur
637 2901 652 2926 ,
684 2858 760 2912 ait
792 2854 1112 2926 Apostolus,
1151 2849 1439 2906 Secundum
1488 2847 1680 2901 veniam

115 2956 226 3020 dico,
249 2972 343 3008 non
368 2950 652 3008 secundum
685 2946 970 3015 imperium.
995 2943 1124 2996 Item
1152 2957 1272 2996 cum
1300 2939 1459 3005 dicit,
1496 2937 1682 2991 Mulier

116 3047 297 3116 alligata
331 3056 403 3098 est
432 3044 452 3073 ⁵
474 3085 489 3108 ,
522 3039 764 3109 quamdiu
796 3038 869 3089 vir
905 3037 1013 3106 ejus
1044 3033 1157 3086 vivit
1183 3049 1200 3097 ;
1229 3030 1365 3102 quod
1394 3030 1434 3082 si
1460 3038 1683 3081 mortuus

120 3137 244 3204 fuerit
273 3137 340 3188 vir
367 3136 479 3205 ejus
501 3175 517 3197 ,
553 3132 762 3185 liberata
788 3137 860 3182 est
884 3143 901 3181 :
931 3125 1012 3178 cui
1039 3124 1143 3178 vult
1192 3121 1344 3175 nubat
1369 3163 1383 3187 ,
1411 3129 1605 3173 tantum
1632 3119 1684 3172 in

125 3226 567 3280 Domino:beatior
607 3231 772 3275 autem
811 3219 938 3283 erit,
991 3217 1033 3270 si
1075 3215 1147 3270 sic
1198 3212 1560 3283 permanserit,
1607 3226 1684 3264 se-

120 3320 308 3371 tundunt
336 3333 501 3371 meum
524 3313 790 3368 consilium
813 3327 831 3376 ;
861 3309 988 3363 satis
1010 3305 1243 3360 ostendit
1263 3304 1468 3358 beatam
1490 3316 1608 3356 esse
1633 3300 1686 3354 in

125 3409 316 3462 Domino
353 3408 516 3462 etiam
563 3411 681 3472 post
708 3410 930 3456 mortem
959 3397 1057 3451 viri
1086 3397 1274 3450 iterum
1315 3393 1599 3448 nubentem
1630 3390 1688 3444 li-

123 3501 290 3567 delem,
309 3500 398 3555 sed
428 3502 479 3553 in
513 3497 705 3553 eodem
733 3493 958 3548 Domino
983 3490 1194 3543 viduam
1227 3486 1554 3542 beatiorem:
1585 3483 1687 3538 hoc

125 3602 213 3656 cst,
241 3601 290 3644 ut
309 3591 708 3660 Scripturarum
738 3600 840 3638 non
871 3591 1076 3635 tantum
1102 3579 1296 3641 verbis,
1316 3592 1500 3630 verum
1527 3575 1685 3630 etiam

127 3683 350 3750 exemplis
374 3682 584 3750 loquar,
613 3663 819 3731 beatam
849 3688 967 3728 esse
996 3670 1136 3724 Ruth
1162 3711 1177 3735 ,
1209 3667 1302 3723 sed
1325 3667 1533 3722 Annam.
1564 3667 1688 3722 bea-

130 3774 306 3828 liorem.

185 3866 229 3917 6.
255 3865 588 3934 Quapropter
609 3860 710 3916 hoc
733 3859 957 3929 primum
980 3863 1190 3925 oportet
1212 3862 1268 3909 ut
1289 3853 1517 3919 noveris,
1541 3852 1681 3906 bono

132 3957 247 4025 quod
277 3958 472 4028 clegisti
516 3972 619 4008 non
646 3952 887 4008 damnari
928 3949 1188 4005 secundas
1217 3947 1447 4017 nuptias,
1482 3945 1574 4000 sed
1604 3945 1686 3997 in-

137 4047 274 4101 ferius
291 4048 560 4102 honorari.
590 4045 722 4100 Nam
745 4045 880 4099 sicut
907 4043 1104 4098 bonum
1127 4049 1324 4096 sancta:
1349 4037 1686 4110 virginitatis,

136 4139 250 4205 quod
276 4139 427 4209 elegit
453 4139 563 4192 lilia
597 4146 705 4202 tua,
738 4151 844 4190 non
871 4134 1089 4189 damnat
1125 4148 1257 4186 unas
1289 4130 1498 4200 nuptias
1541 4139 1687 4194 tuas;

137 4231 198 4281 sic
225 4245 311 4284 nec
334 4230 560 4284 viduitas
589 4237 697 4294 tua,
730 4227 1036 4296 cujusquam
1069 4222 1352 4280 secundas.
1385 4221 1518 4276 [Iinc
1547 4221 1690 4276 enim

140 4321 342 4376 maxime
371 4319 828 4390 Cataphrygarum
879 4333 941 4371 ac
992 4315 1403 4370 Novatianorum
1461 4312 1690 4366 bmreses

143 4420 432 4477 tumuerunt,
473 4427 610 4482 quas
633 4411 812 4464 buccis
842 4407 1175 4470 sonantibus,
1199 4421 1308 4460 non
1339 4403 1688 4474 sapientibus,

144 4499 276 4555 etiam
314 4501 667 4556 Tertullianus
721 4497 939 4564 inﬂavit,
995 4497 1120 4550 dum
1171 4494 1434 4550 secundas
1480 4493 1691 4563 nuptias

147 4599 358 4661 tanquam
389 4593 596 4647 illicitas
641 4589 899 4645 maledico
925 4589 1084 4643 dente
1112 4585 1366 4650 concidit,
1417 4598 1550 4654 quas
1578 4599 1694 4637 om-

151 4681 254 4735 nino
283 4684 442 4738 licitas
468 4683 754 4754 Apostolus
785 4680 960 4734 soliria
993 4688 1168 4733 mente
1194 4675 1457 4733 concedit.
1493 4675 1574 4729 Ab
1596 4675 1696 4730 hac

152 4773 344 4827 sanitate
385 4774 662 4837 doctrinm,
704 4772 896 4825 nullius
923 4769 1152 4831 indocti,
1190 4767 1381 4822 nullius
1411 4766 1551 4821 docti
1581 4766 1692 4820 dis-

155 4865 387 4930 putatione
439 4865 735 4931 movearis;
768 4879 866 4918 nec
911 4864 979 4916 ita
1007 4860 1233 4917 extollas
1278 4859 1474 4913 bonum
1527 4866 1692 4924 tuum,

157 4965 200 5004 ut
227 4955 348 5024 quod
377 4957 569 5010 malum
603 4971 706 5009 non
756 4963 860 5020 est,
895 4962 1144 5022 tanquam
1175 4949 1372 5003 malum
1401 4947 1699 5003 crimineris

159 5045 350 5102 alienum
383 5067 398 5102 :
425 5050 517 5105 sed
550 5058 694 5104 tanto
721 5047 888 5117 magis
913 5044 1084 5116 gaude
1112 5042 1177 5097 de
1208 5051 1295 5097 tuo
1323 5041 1484 5108 bono,
1503 5050 1699 5110 quanto

166 5216 382 5326 “SLFditi,
426 5221 544 5271 alter
591 5218 786 5269 alterius
829 5223 939 5267 sunt
983 5213 1214 5266 membra.
1260 5214 1436 5270 Abest,
1487 5215 1626 5268 sunt,
1675 5220 1708 5256 a

171 5340 298 5449 [multa
327 5343 458 5393 editis
501 5345 732 5394 omissum
773 5348 906 5400 erat,
949 5337 1193 5398 homines;
1227 5335 1354 5400 quod
1390 5335 1436 5382 in
1471 5340 1575 5382 Mss.
1614 5332 1701 5380 ba-

224 5459 370 5527 ξιτεδ,
387 5466 503 5516 alius
523 5465 612 5520 sic.
635 5463 758 5527 alius
781 5462 976 5527 quidem

225 5517 559 5588 ⁴ζῐεοιιέιι1ιιιιιιν9
584 5517 675 5588 [ῃὶ
701 5538 714 5574 :
736 5517 822 5573 vo'x
846 5539 906 5573 cx
936 5520 1138 5588 Epistula
1160 5521 1230 5588 ad_
1252 5527 1495 5588 [tr-nutans,
1522 5529 1627 5577 cap.
1653 5517 1702 5588 ’ἵ2

179 5577 456 5650 East-etiis;
492 5577 600 5650 qua:
627 5577 723 5636 'ltttc
755 5588 856 5635 loco
895 5577 1018 5650 nunc
1063 5582 1346 5650 itt__\’ttlgn'.a
1383 5580 1587 5639 legitur,
1616 5578 1703 5647 sed

181 5639 307 5750 ἰὶξδῐ
343 5662 366 5695 a
409 5639 560 5698 uitiis
604 5662 793 5710 satis.
839 5646 1213 5696 tztn'beiensilius
1243 5639 1315 5692 “et
1363 5639 1701 5690 Cet-tuaueusi-

1210 260 1298 316 DE
1337 257 1515 314 ΒΟΝο
1554 253 1941 310 VIDUITATIS
1977 255 2196 312 LIBER.

3236 257 3342 312 4‘55

1763 365 1929 434 magis
1958 365 2105 420 vides
2136 381 2242 420 non
2272 373 2474 420 tantum
2507 366 2596 420 illo
2618 366 2848 421 devitari
2880 365 3039 433 mala,
3067 367 3161 422 sed
3195 384 3342 437 qua:-

1759 454 1880 510 dam
1910 455 2044 510 bona
2074 457 2232 510 etiam
2260 457 2522 525 superari.
2551 457 2683 510 Mala
2707 466 2830 511 sunt
2855 457 2995 512 enim
3019 458 3339 514 adulterium

1759 548 1839 601 vel
1872 547 2171 602 l'ornicatio.
3016 611 3020 614 ,

1831 639 2055 695 CAPUT
2096 638 2157 692 ν.
2190 670 2262 680 ——
2300 639 2579 694 Honestum
2609 640 2710 694 dici
2738 640 2996 695 viduitatis
3023 642 3203 696 bonum
3225 645 3345 713 quia

1763 729 2038 796 honestius,
2073 747 2171 783 non
2203 742 2255 783 ut
2286 741 2431 800 turpe
2455 740 2655 800 putetur
2681 732 2996 803 conjugium.
3030 733 3111 786 Ab
3139 733 3220 788 his
3255 750 3351 788 att-

1765 831 1868 874 tem
1901 820 2095 874 illicitis
2133 820 2284 875 valde
2314 821 2471 891 longe
2499 831 2581 876 est
2605 838 2722 891 qum
2753 823 2860 876 voti
2892 821 3137 878 libertate
3168 839 3225 878 se
3247 826 3346 876 ob-

1765 912 2010 977 strinxit,
2044 921 2095 966 et
2123 912 2221 965 sibi
2249 913 2407 967 etiam
2433 912 2575 966 licita
2609 929 2673 967 ne
2701 912 2942 978 licerent,
2975 929 3080 967 non
3128 915 3351 982 imperio

1765 1001 1915 1071 legis,
1946 1001 2041 1056 sed
2068 1003 2291 1056 consilio
2319 1003 2591 1058 cbaritatis
2617 1002 2813 1058 elleeit.
2844 1003 2908 1056 Et
2939 1003 3135 1057 bonum
3163 1014 3354 1071 estpa-

1765 1091 1944 1146 dicitia
1970 1093 2283 1161 conjugalis,
2324 1092 2416 1148 sed
2451 1093 2636 1147 melius
2666 1094 2864 1148 bonum
2902 1103 2985 1149 est
3018 1094 3346 1147 continentia

1767 1185 2010 1238 \‘idttalis.
2047 1184 2158 1238 Hoc
2185 1200 2312 1254 ergo
2340 1185 2526 1239 melius
2550 1186 2690 1239 illius
2721 1186 2843 1240 boni
2869 1185 3226 1240 submissioac
3255 1187 3355 1238 ho—

1769 1287 1986 1332 noratur
2019 1297 2030 1332 :
2063 1293 2165 1332 non
2197 1279 2323 1332 illttd
2356 1278 2548 1333 bonum
2597 1277 2830 1334 melioris
2865 1278 3023 1348 hujus
3062 1279 3217 1333 laude
3253 1279 3354 1333 da-

1770 1379 2001 1425 mnatur.
2253 1375 2257 1379 ’

1802 1508 1806 1509 κ
1842 1465 1893 1517 7.
1934 1463 2084 1531 Quod
2115 1473 2290 1518 autem
2338 1463 2641 1534 Apostolus,
2672 1479 2792 1518 cum
2823 1464 3066 1519 cmlibum
3111 1472 3165 1518 et
3191 1462 3348 1517 innu-

1773 1566 1979 1626 ptarum
2033 1557 2436 1612 commendaret
2486 1555 2737 1621 fructum,
2787 1558 2908 1627 quia
2956 1559 3191 1627 cogitant
3234 1571 3354 1623 qua:

1775 1660 1901 1702 sunt
1932 1649 2160 1715 Domini,
2188 1640 2454 1716 quomodo
2489 1649 2730 1718 placeant
2752 1649 2880 1715 Deo,
2914 1648 3140 1716 subjecit
3178 1657 3231 1701 ct
3258 1649 3353 1712 ait,

1780 1737 1888 1791 Hoc
1914 1749 2078 1792 autem
2105 1739 2172 1791 ad
2200 1739 2469 1792 utilitatem
2497 1750 2710 1792 vestram
2737 1739 2869 1801 dico,
2904 1755 3003 1791 non
3032 1748 3084 1791 ut
3118 1739 3356 1806 laqueum

1774 1832 1910 1884 vobis
1953 1831 2202 1900 injiciam,
2255 1829 2306 1883 id
2337 1838 2438 1896 est,
2467 1846 2570 1884 non
2601 1838 2658 1884 ut
2696 1843 2791 1883 vos
2840 1845 3056 1899 cogam;
3093 1829 3181 1882 sed
3204 1829 3271 1881 ad
3301 1828 3354 1880 id

1773 1923 1908 1994 quod
1936 1925 2196 1977 honestum
2225 1932 2294 1976 est
2326 1939 2344 1975 :
2378 1938 2482 1976 non
2514 1923 2633 1992 quia
2665 1923 3004 1990 innuptarum
3033 1922 3230 1976 bonum
3264 1920 3363 1974 ho-

1776 2022 1984 2068 nestum
2013 2014 2167 2080 dixit,
2208 2013 2327 2067 ideo
2361 2022 2543 2083 putare
2572 2013 2828 2068 debemus
2857 2023 3008 2084 turpe
3037 2028 3158 2068 esse
3180 2014 3363 2066 vincu-

1779 2104 1885 2158 lum
1917 2103 2229 2173 conjugale;
2262 2103 2687 2173 alioquinctiam
2743 2104 2940 2172 primas
2981 2103 3192 2172 nuptias
3230 2118 3359 2157 con-

1778 2195 2168 2260 dcmnabimus,
2211 2211 2341 2266 quas
2372 2211 2469 2250 nec
2499 2195 2883 2266 Cataphryges,
2918 2211 3015 2250 ncc
3060 2195 3359 2260 Novatiani,

1780 2307 1878 2344 nec
1936 2290 2322 2344 disertissimus
2380 2304 2567 2343 eorum
2626 2288 2940 2358 astipulator
3008 2287 3368 2342 Tcrtnllianus

1783 2392 1963 2452 turpes
1992 2397 2153 2438 ausus
2179 2391 2261 2438 est
2289 2382 2488 2437 dicere.
2515 2381 2619 2436 Sed
2648 2380 3092 2451 quemadmodum
3124 2396 3243 2435 cum
3268 2381 3364 2443 ait,

1785 2477 1909 2530 Dico
1935 2487 2102 2530 autem
2146 2477 2372 2546 innuptis
2401 2485 2448 2530 et
2491 2475 2674 2539 viduis,
2704 2475 2890 2528 bonum
2919 2491 3024 2529 esse
3069 2474 3171 2528 illis
3223 2475 3267 2528 si
3295 2474 3368 2526 sic

1784 2570 2177 2637 permanserint;
2211 2567 2388 2636 utique
2417 2566 2612 2620 bonum
2643 2565 2816 2635 posuit
2839 2581 2933 2634 pro
2963 2565 3202 2628 meliore,
3231 2579 3368 2634 quo-

1783 2662 1926 2714 niam
1959 2674 2117 2714 omne
2146 2658 2285 2728 quod
2319 2658 2458 2712 bono
2503 2665 2867 2726 comparatum
2907 2656 3098 2710 melius
3144 2655 3359 2717 dicitur,

1785 2753 1942 2808 etiam
1993 2751 2093 2806 hoc
2138 2750 2320 2820 procul
2365 2748 2527 2803 dubio
2556 2748 2754 2802 bontuu
2784 2756 2862 2802 est
2910 2764 2924 2800 :
2969 2762 3089 2799 nam
3122 2745 3242 2814 quid
3288 2753 3372 2800 est

1785 2846 1925 2901 aliud
1950 2844 2091 2915 quod
2121 2845 2190 2898 ita
2217 2843 2411 2899 dicitur
2442 2842 2652 2907 melius,
2683 2841 2782 2895 nisi
2804 2839 2944 2910 quod
2973 2839 3142 2910 magis
3172 2839 3369 2893 bonum

1787 2938 1907 2994 est?
1936 2952 2032 2991 nec
2055 2936 2175 2990 ideo
2200 2944 2588 3004 consequenter
2608 2949 2727 2986 eum
2760 2932 2992 2986 sensisse
3017 2931 3360 2992 arbitramur,

1791 3031 1984 3084 malum
2015 3043 2136 3084 esse
2175 3027 2218 3080 si
2259 3026 2555 3095 nupserim,
2581 3024 2830 3094 quoniam
2860 3023 3011 3087 dixit,
3056 3021 3241 3075 bonum
3269 3039 3376 3075 esse

1789 3122 1890 3175 illis
1916 3121 1958 3173 si
1978 3123 2050 3174 sic
2082 3118 2446 3190 permanserint
2480 3133 2497 3170 :
2537 3116 2608 3170 ita
2636 3116 2794 3170 etiam
2819 3130 2939 3170 cum
2970 3117 3063 3177 ait,
3101 3114 3188 3167 sed
3227 3113 3294 3165 ad
3321 3113 3375 3164 id

1789 3212 1926 3284 quod
1973 3213 2231 3265 honestum
2283 3220 2386 3272 est;
2435 3223 2538 3262 non
2601 3205 2996 3260 matrimonium
3050 3212 3202 3272 turpe
3251 3218 3369 3257 esse

1793 3303 2127 3368 monstravit,
2157 3300 2250 3356 sed
2279 3300 2416 3370 quod
2449 3299 2673 3352 honesto
2697 3306 2810 3351 erat
2842 3295 3117 3349 honestius
3144 3309 3372 3364 gettch

1794 3398 1857 3452 lis
1911 3395 2118 3450 honesti
2172 3393 2388 3448 nomine
2443 3389 2853 3446 commendavit.
2915 3388 3047 3456 Quia
3098 3387 3373 3440 honestius

1792 3488 1916 3559 quid
1949 3496 2050 3554 est,
2082 3485 2179 3540 nisi
2204 3483 2344 3554 quod
2367 3483 2532 3553 magis
2559 3482 2840 3536 honestum
2868 3479 2985 3534 est?
3010 3478 3171 3547 Magis
3195 3486 3374 3530 autem

1794 3580 2076 3634 honestum
2131 3577 2312 3646 utique
2353 3575 2636 3630 honestum
2676 3581 2778 3628 est.
2823 3572 3017 3640 Aperte
3057 3569 3249 3638 quippe
3277 3566 3374 3620 de-

1793 3672 2009 3727 claravit
2063 3672 2163 3725 hoe
2208 3684 2330 3724 csse
2376 3669 2514 3722 bono
2544 3667 2634 3720 illo
2664 3664 2874 3730 melius,
2907 3663 2997 3716 ubi
3023 3663 3113 3725 ait,
3152 3661 3251 3726 Qui
3288 3660 3377 3711 dat

1794 3773 2040 3831 nuptum,
2089 3761 2208 3815 bene
2255 3761 2409 3832 facit;
2451 3770 2496 3814 et
2529 3759 2616 3828 qui
2666 3773 2765 3811 non
2813 3756 2898 3808 dat
2933 3764 3164 3821 nuptum,
3199 3751 3376 3805 melius

1795 3856 1915 3926 facit
1945 3872 1961 3908 :
1996 3862 2051 3908 et
2081 3851 2182 3907 hoc
2227 3852 2318 3905 illo
2344 3851 2500 3906 beato
2529 3848 2754 3912 beatius,
2799 3846 2885 3900 ubi
2927 3845 3020 3910 ait,
3056 3843 3257 3896 Bcutior
3286 3858 3378 3892 au-

1795 3959 1890 4002 tem
1922 3948 2040 4010 erit,
2071 3946 2112 4000 si
2162 3945 2232 4000 sic
2271 3942 2602 4014 permanserit
2633 3941 2673 4011 (l
2721 3939 2838 3994 Cor.
2882 3954 2972 4001 \‘Il,
3003 3938 3122 4000 5.8,
3163 3935 3376 4002 55-4-0).

1794 4039 1942 4097 Sicut
1966 4055 2094 4109 ergo
2124 4038 2264 4092 bono
2299 4036 2488 4090 melius
2529 4043 2582 4088 et
2608 4034 2763 4087 beato
2791 4030 3010 4092 beatius,
3045 4029 3122 4081 sic
3155 4028 3379 4080 honesto

1797 4131 2073 4187 honestius
2097 4137 2198 4194 est,
2229 4126 2369 4196 quod
2401 4126 2683 4178 honestum
2718 4121 2879 4176 voluit
2900 4119 3197 4189 appellare.
3229 4115 3382 4168 Absit

1797 4223 1939 4278 enim
1974 4229 2030 4274 ut
2058 4228 2207 4287 turpe
2249 4217 2317 4270 sit
2342 4215 2482 4269 unde
2511 4215 2731 4282 loquens
2757 4210 3030 4280 apostolus
3052 4207 3238 4262 Petrus
3265 4205 3338 4256 ait
3365 4222 3377 4255 :

1809 4316 1938 4381 Viri,
1959 4311 2199 4368 uxoribus
2227 4309 2397 4364 vestris
2421 4318 2657 4376 tanquam
2685 4305 2789 4357 vasi
2809 4301 3078 4371 infirmiori
3097 4309 3139 4352 et
3161 4297 3383 4367 subjecto

1800 4407 2000 4462 tribuite
2025 4405 2285 4464 honorem,
2310 4400 2456 4471 quasi
2483 4394 2824 4451 ro/ttvredibus
2851 4393 3046 4464 gratite.
3078 4391 3142 4444 Et
3167 4390 3284 4442 illas
3306 4389 3354 4438 al

1799 4500 2042 4569 loquens,
2085 4493 2322 4549 subditas
2370 4505 2489 4546 esse
2518 4488 2642 4544 viris
2678 4487 2787 4542 suis
2814 4483 3068 4553 exemplo
3114 4481 3259 4536 Sorae
3285 4479 3352 4532 ad

1802 4590 2040 4644 hortatur
2069 4607 2080 4640 :
2113 4585 2248 4639 Nam
2275 4585 2346 4638 sic
2373 4582 2624 4654 quendam,
2670 4578 2858 4648 inquit,
2895 4584 3084 4630 sanctae
3113 4573 3391 4636 mulieres,

1799 4699 1912 4754 qutt’
1932 4683 1985 4735 in.
2017 4680 2176 4734 Deum
2205 4672 2774 4747 sperabmtt,.ornabant
2804 4686 2876 4736 se,
2910 4667 3228 4735 obsequentes
3265 4667 3382 4719 viris

1801 4776 1906 4829 suis
1935 4770 2224 4842 :quomodo
2255 4770 2387 4824 Sara
2412 4765 2668 4820 obediebat
2697 4761 2932 4826 Abraltaz,
2962 4760 3221 4814 dominum
3237 4756 3383 4811 illum

1802 4880 2004 4926 vocans,
2047 4863 2193 4931 cujus
2244 4864 2392 4930 facta;
2417 4858 2532 4911 estis
2563 4855 2686 4923 ﬁlia:
2714 4853 3094 4921 benefacientes,
3120 4859 3163 4903 et
3190 4866 3287 4903 non
3319 4849 3387 4902 ti-

1803 4964 1989 5008 mentes
2019 4951 2178 5005 ullam
2214 4948 2635 5020 perturbationem
2667 4945 2704 5014 (I
2743 4943 2884 4996 Petr.
2917 4959 2992 5006 ιιι,
3024 4939 3169 5010 5-7).

1876 5042 2099 5100 CAPUT
2139 5039 2225 5095 Vl.
2249 5070 2318 5078 —
2339 5039 2390 5092 8.
2423 5035 2625 5107 Nuptas
2643 5036 2791 5090 etiam
2808 5049 3015 5104 corpore
3044 5041 3245 5084 sanctas
3261 5045 3386 5093 esse,

1807 5137 1918 5188 licet
1967 5134 2129 5186 minus
2166 5145 2315 5200 quant
2346 5129 2604 5196 innuptas.
2655 5125 2850 5179 Bonum
2878 5122 3133 5176 viduitatis
3165 5137 3262 5173 non
3295 5121 3390 5171 mi-

1808 5229 1980 5281 nuitur
2025 5223 2232 5278 laudato
2261 5221 2389 5275 bono
2419 5219 2662 5289 ronjugii,
2695 5218 2781 5271 sed
2812 5225 3038 5288 augetur.
3085 5213 3159 5266 An
3201 5211 3390 5264 beatior

1810 5321 1955 5374 Anna
1985 5317 2152 5382 vidua,
2183 5331 2333 5386 quam
2367 5312 2501 5366 Ruth
2530 5311 2603 5364 bis
2632 5320 2808 5378 nupta.
2833 5307 2984 5363 Unde
3011 5315 3064 5359 ct
3094 5301 3219 5356 illud
3243 5297 3390 5367 quod

1809 5412 1875 5467 de
1925 5411 2141 5480 innupta
2194 5406 2390 5461 Paulus
2441 5401 2709 5473 apostolus
2741 5398 2890 5460 dixit,
2933 5395 2999 5450 Ut
3048 5395 3111 5446 sit
3138 5400 3312 5444 sancta
3341 5398 3385 5441 et

1811 5519 2021 5574 corpore
2049 5511 2094 5555 et
2121 5499 2299 5568 spiritu
2323 5497 2363 5568 (1
2391 5495 2508 5549 Cor.
2531 5510 2624 5558 vn,
2653 5490 2766 5560 54),
2789 5505 2893 5543 non
2918 5487 2995 5539 sic
3023 5480 3391 5550 accipiendum

1815 5570 1915 5652 est,
1953 5592 2100 5663 quasi
2136 5599 2294 5659 nupta
2328 5586 2497 5640 ﬁdelis
2529 5592 2582 5639 et
2609 5589 2750 5637 casta
2775 5618 2790 5641 ,
2829 5585 2883 5631 ct
2920 5570 3210 5629 secundum
3251 5571 3395 5626 Scri-

1822 5700 2000 5758 pturas
2023 5683 2227 5738 subdita
2257 5681 2386 5734 viro.
2422 5693 2526 5731 non
2565 5677 2629 5729 sit
2672 5677 2853 5726 saneta
2879 5680 3127 5738 corpore,
3155 5663 3248 5720 sed
3278 5673 3402 5720 tanvr

3458 4465 3469 4522 ἴ
