3880 6284
487 371 759 428 tummodo
802 369 1011 441 spiritu.
1059 367 1196 425 Fieri
1226 367 1368 423 enim
1398 381 1503 422 non
1529 375 1704 438 potest
1734 374 1792 421 ut
1830 363 2067 421 sanctiﬁ-

483 471 605 518 cato
643 463 864 534 spiritu,
916 476 1022 517 non
1075 460 1144 516 sit
1195 469 1442 515 sanctum
1495 459 1658 514 etiam
1702 472 1919 528 corpus,
1965 472 2071 528 quo

483 552 848 608 sanctiﬁcatus
875 554 1036 607 utitur
1062 551 1301 622 spiritus.
1331 549 1438 606 Sed
1477 565 1546 606 ne
1571 550 1816 620 cuiquam
1845 563 1943 605 nos
1970 563 2068 619 po-

485 643 590 698 tius
617 643 999 714 argumentari,
1041 658 1201 714 quam
1244 641 1346 696 hoc
1387 640 1571 696 divino
1601 641 1818 711 eloquio
1845 641 2073 710 probare

489 734 790 800 videamur;
844 733 1094 804 quoniam
1141 732 1331 788 Petrus
1378 731 1568 788 Saram
1616 746 2067 796 commemorans,

485 825 709 892 Sanctae,
763 824 953 896 inquit,
1001 825 1240 880 mulieres
1285 823 1694 891 tantummodo;
1740 839 1845 879 non
1899 824 1993 893 ait,
2025 834 2073 878 et

486 932 697 988 corpore
722 931 742 970 :
764 914 894 971 illud
919 914 1158 986 ejusdem
1197 914 1343 970 Pauli
1370 913 1791 979 consideremus,
1827 915 1912 969 ubi
1943 929 2072 985 pro-

489 1005 678 1062 hibens
707 1005 1087 1062 fornicationes
1133 1007 1226 1070 ait,
1264 1003 1486 1060 Nescitis
1515 1005 1633 1076 quia
1661 1021 1882 1075 corpora
1911 1016 2075 1059 ucstra

487 1098 710 1154 membra
763 1108 878 1152 sunt
906 1096 1138 1154 Christi?
1171 1097 1380 1154 Totiens
1430 1115 1550 1170 ergo
1597 1099 1821 1153 membra
1864 1098 2071 1166 Clu-isti,

488 1190 674 1262 faciam
705 1189 924 1245 membra
949 1191 1260 1246 meretricis?
1283 1190 1446 1246 Absit.
1489 1191 1697 1246 Audeat
1727 1206 1854 1262 ergo
1883 1191 2076 1261 aliquis

487 1279 665 1336 dicere
711 1280 952 1336 membra
999 1279 1197 1335 Christi
1229 1291 1408 1335 sancta
1460 1298 1565 1336 non
1609 1297 1728 1336 esse
1780 1291 1916 1335 :aut
1946 1296 2073 1336 vero

488 1370 679 1428 audeat
701 1387 734 1428 a
761 1372 1013 1428 membris
1039 1373 1231 1429 Christi
1263 1373 1496 1428 ﬁdelium
1524 1373 1928 1444 conjugatarum
1955 1390 2049 1429 cor

488 1477 619 1534 pora
647 1477 919 1535 separare.
968 1465 1118 1521 Unde
1148 1467 1311 1521 etiam
1364 1467 1521 1537 paulo
1571 1476 1692 1537 post
1730 1468 1805 1521 ait
1838 1485 1850 1520 :
1881 1466 2076 1540 Corpus

486 1563 710 1611 oestrum
735 1556 978 1629 templum
1000 1556 1051 1610 in
1082 1555 1217 1611 vobis
1237 1567 1308 1610 est
1339 1557 1570 1628 Spiritus
1595 1559 1780 1622 sancti,
1803 1575 1948 1627 quem
1979 1559 2074 1612 ha-

489 1646 613 1703 betis
640 1664 672 1702 a
702 1645 811 1702 Deo
847 1663 867 1702 :
891 1656 938 1702 et
967 1664 1068 1703 non
1097 1651 1213 1703 estis
1236 1650 1381 1704 vestri
1397 1666 1416 1712 ;
1434 1651 1590 1721 empti
1613 1652 1744 1705 enim
1772 1653 1888 1706 estis
1919 1653 2077 1723 pretio

489 1757 674 1813 magno
701 1739 744 1814 (1
771 1738 891 1798 Cor.
939 1757 1014 1807 vr,
1060 1742 1147 1806 15,
1197 1743 1264 1798 19
1284 1752 1330 1796 et
1352 1742 1468 1812 20).
1514 1743 1722 1813 Corpus
1761 1744 1993 1800 ﬁdelium
2025 1755 2079 1801 et

491 1833 730 1889 tnemhra
755 1833 954 1890 Christi
985 1849 1105 1891 esse
1133 1834 1289 1903 dixit,
1315 1843 1370 1890 et
1396 1835 1652 1904 templum
1693 1835 1922 1906 Spiritus
1948 1853 2074 1892 san-

491 1923 584 1991 cti,
614 1923 701 1978 ubi
732 1922 972 1994 profecto
995 1924 1269 1994 utriusque
1297 1939 1456 2001 sexus
1480 1925 1662 1980 ﬁdeles
1688 1926 2074 1997 intelliguntur.

493 2014 570 2070 lbi
597 2030 726 2086 ergo
761 2022 887 2070 sunt
929 2023 1127 2086 nuptae,
1173 2016 1242 2070 ibi
1287 2025 1342 2072 et
1385 2017 1654 2088 innuptaa;
1693 2019 1787 2075 scd
1817 2019 2079 2075 distincta:

493 2106 719 2173 meritis,
748 2115 802 2162 et
834 2114 1084 2179 tanquam
1128 2108 1384 2164 membris
1409 2110 1647 2164 membra
1678 2111 1916 2180 przelata,
1948 2128 2080 2182 quo-

495 2214 615 2254 rum
633 2208 808 2255 tamen
831 2208 1015 2255 neutra
1033 2200 1138 2255 sint
1158 2214 1188 2255 a
1210 2214 1434 2270 corpore
1463 2210 1728 2271 separata.
1751 2201 1903 2270 Quod
1926 2204 2084 2274 igitur

497 2289 566 2345 dc
594 2290 813 2360 innupta
852 2289 1078 2361 loquens
1121 2290 1214 2356 ait,
1259 2289 1326 2347 Ut
1369 2291 1435 2346 sit
1475 2302 1654 2346 sancta
1701 2302 1749 2347 et
1783 2309 1992 2364 corpore
2036 2305 2083 2350 et

496 2381 713 2452 spiritu;
746 2381 1058 2452 ampliorem
1087 2383 1429 2453 innuptarum
1469 2392 1524 2438 et
1567 2383 1622 2438 in
1665 2399 1892 2455 corpore
1937 2393 1990 2441 et
2027 2385 2080 2440 in

497 2472 689 2542 spiritu
717 2471 1190 2529 sanctiﬁcationem
1235 2473 1460 2544 intelligi
1509 2475 1699 2542 voluit,
1749 2491 1853 2532 non
1885 2491 2083 2548 corpus

499 2574 783 2636 nuptarum
810 2567 955 2622 omni
985 2566 1409 2625 sanctiﬁcatione
1447 2569 1690 2641 privavit.

571 2655 626 2714 9.
670 2655 824 2713 Disce
850 2658 1030 2729 itaque
1056 2659 1257 2717 bonum
1279 2669 1448 2730 tuum,
1486 2661 1596 2718 imo
1624 2675 1897 2720 memento
1935 2664 2078 2734 quod

501 2746 756 2818 didicisti,
805 2751 1004 2807 bonum
1057 2760 1203 2808 tuum
1233 2753 1352 2824 plus
1397 2754 1624 2822 laudari,
1657 2755 1778 2826 quia
1822 2766 1906 2812 est
1942 2756 2086 2812 aliud

501 2841 700 2896 bonum
729 2857 835 2914 quo
864 2841 1058 2897 sithoc
1080 2843 1291 2912 melius,
1319 2859 1476 2914 quam
1510 2845 1560 2900 si
1584 2846 1741 2902 aliter
1767 2847 1871 2903 hoc
1891 2846 2087 2902 bomnn

503 2946 626 2987 esse
654 2947 759 2986 non
801 2941 1002 3000 posset,
1029 2931 1131 2987 nisi
1168 2932 1298 2988 illud
1326 2935 1525 2992 malum
1545 2945 1710 3004 esset,
1740 2947 1831 2991 aut
1867 2937 2088 2994 omnino

504 3035 612 3076 non
641 3028 803 3076 esset.
841 3021 1052 3076 Habent
1091 3022 1230 3078 oculi
1270 3022 1323 3079 in
1367 3039 1594 3094 corpore
1623 3041 1875 3097 magnum
1919 3025 2089 3083 hono-

503 3126 641 3179 rem,
685 3111 780 3168 sed
810 3113 1073 3168 minorem
1102 3112 1382 3183 haberent,
1427 3115 1472 3172 si
1515 3115 1618 3172 soli
1666 3125 1849 3174 essent
1888 3127 1942 3174 et
1984 3118 2088 3175 alia

505 3202 729 3258 minoris
772 3202 993 3259 honoris
1026 3205 1266 3261 membra
1294 3221 1400 3262 non
1438 3216 1640 3263 essent.
1677 3207 1736 3264 In
1785 3209 1923 3266 ctelo
1970 3209 2089 3280 ipso

504 3309 602 3350 sua
629 3296 748 3352 luce
775 3296 859 3352 sol
886 3297 1066 3353 lunam
1096 3308 1335 3370 superat,
1357 3315 1464 3355 non
1497 3300 1765 3373 vituperat
1798 3321 1812 3358 :
1849 3313 1904 3358 et
1934 3302 2088 3358 stella

504 3385 577 3442 ab
593 3386 745 3442 stella
775 3385 952 3444 differt
977 3389 1030 3443 in
1057 3390 1226 3461 gloria
1257 3388 1366 3462 (ld.
1399 3407 1488 3458 xv,
1512 3391 1626 3464 41),
1653 3408 1760 3449 non
1789 3393 2012 3450 dissidet
2031 3394 2087 3450 in

507 3479 778 3550 superbia.
811 3479 936 3537 Ideo
963 3482 1082 3553 fecit
1123 3481 1259 3539 Deus
1285 3485 1474 3552 omnia,
1513 3495 1560 3541 et
1587 3503 1699 3541 ecce
1729 3490 1860 3542 bona
1901 3489 2046 3544 valde
2069 3507 2088 3544 :

507 3586 612 3626 non
643 3579 846 3627 tantum
869 3572 1028 3640 bona,
1047 3573 1141 3631 sed
1164 3575 1323 3631 etiam
1350 3577 1538 3645 valde;
1571 3593 1677 3634 non
1704 3579 1773 3634 ob
1799 3580 1967 3649 aliud,
1989 3581 2091 3637 nisi

505 3663 631 3733 quia
657 3670 856 3719 omnia.
887 3663 1018 3720 Nam
1041 3675 1094 3722 et
1123 3682 1219 3737 per
1235 3668 1440 3739 singula
1469 3685 1630 3741 opera
1657 3670 1952 3738 dicebatur,
1990 3672 2091 3726 γέ-
2120 3733 2128 3744 ,

506 3753 583 3808 dit
618 3753 758 3810 Deus
783 3756 903 3829 quia
923 3757 1105 3812 bonum
1135 3767 1226 3814 est.
1265 3758 1364 3816 Ubi
1395 3769 1571 3816 autem
1601 3763 1769 3816 omnia
1811 3764 2090 3820 nominata

506 3854 652 3913 sunt,
694 3846 932 3903 additum
966 3856 1048 3904 est
1093 3849 1276 3917 valde;
1305 3859 1358 3906 et
1382 3850 1578 3907 dictum
1623 3863 1726 3920 est,
1767 3853 1906 3908 Vidit
1949 3853 2092 3910 Deus

507 3941 679 3995 omnia
707 3957 822 4015 qua:
848 3941 986 4013 fecit,
1016 3953 1062 3998 et
1096 3960 1205 3999 ecce
1239 3945 1370 4000 bona
1415 3947 1560 4001 valde
1585 3947 1739 4019 (Gen.
1772 3947 1832 4020 ι).
1871 3949 2090 4004 Meliora

508 4032 652 4088 enim
676 4031 918 4102 quaedam
940 4033 1142 4105 singula
1166 4050 1324 4106 quam
1345 4036 1448 4090 alia
1471 4037 1679 4108 singula
1705 4056 1720 4092 :
1749 4038 1843 4093 sed
1867 4040 2090 4094 meliora

506 4122 666 4179 simul
690 4123 866 4178 omnia
907 4140 1064 4195 quam
1109 4126 1360 4197 quaelibet
1400 4129 1627 4200 singula.
1672 4128 1870 4186 Christi
1915 4132 2091 4202 itaque

506 4218 748 4274 doctrina
793 4233 924 4273 sana
969 4219 1020 4274 in
1059 4219 1176 4290 ejus
1213 4235 1439 4291 corpore
1485 4237 1670 4278 sanam
1721 4233 1771 4278 te
1811 4225 1968 4280 faciat
1998 4239 2092 4294 per

507 4306 624 4378 ejus
651 4309 895 4380 gratiam,
919 4318 978 4364 ut
1001 4309 1052 4364 id
1070 4310 1212 4380 quod
1237 4311 1356 4366 aliis
1385 4313 1574 4368 melius
1601 4314 1767 4370 habes
1793 4315 1844 4369 iu
1867 4331 2092 4387 corpore

506 4409 561 4456 et
588 4401 798 4471 spiritu,
842 4401 983 4457 idem
1025 4403 1139 4471 ipse
1187 4403 1408 4474 Spiritus
1448 4413 1570 4461 tuus
1609 4408 1696 4477 qui
1740 4409 1952 4478 corpori
1998 4409 2092 4465 do-

507 4493 757 4561 minatur,
797 4507 897 4549 nec
945 4493 1166 4549 extollat
1209 4495 1520 4561 insolenter,
1554 4513 1651 4554 nec
1690 4499 1958 4555 discernat
2003 4503 2086 4557 in-

506 4583 758 4640 scienter.

578 4673 666 4730 10.
707 4675 816 4731 Nec
844 4676 965 4746 quia
985 4675 1096 4732 dixi
1119 4675 1258 4732 Ruth
1281 4677 1514 4746 beatam,
1541 4679 1749 4736 Annam
1771 4683 2089 4753 beatiorem,

507 4781 629 4821 cum
661 4767 747 4822 illa
776 4768 858 4823 bis
896 4770 1155 4840 nupserit,
1193 4771 1308 4826 haec
1348 4786 1454 4826 uno
1483 4772 1599 4827 viro
1625 4773 1732 4829 cito
1765 4774 1976 4830 viduata
2001 4777 2090 4834 diu

509 4855 721 4922 vixerit,
751 4856 1004 4913 continuo
1027 4857 1187 4915 etiam
1211 4869 1264 4916 te
1303 4861 1576 4918 meliorem
1600 4871 1754 4933 putes
1781 4879 1901 4920 esse
1927 4882 2089 4938 quam

509 4950 673 5006 Ruth.

577 5039 804 5096 CAPUT
845 5041 956 5096 Vll.
1000 5073 1070 5083 —
1089 5044 1298 5101 Sancta:
1325 5048 1527 5116 feminae
1562 5059 1784 5122 tempore
1811 5051 1963 5125 Legis
1988 5073 2088 5110 non

507 5131 914 5202 concupiscentia
944 5175 959 5202 ,
1002 5135 1090 5190 sed
1127 5135 1409 5192 obedientia
1455 5142 1780 5211 compellente
1816 5143 2088 5201 nubebant.

507 5225 626 5279 Alia
650 5224 845 5296 quippe
872 5227 1198 5297 propheticis
1225 5226 1555 5301 temporibus
1587 5245 1894 5292 sanctarum
1940 5237 2092 5293 femi-

508 5330 696 5370 narum
726 5315 1052 5388 dispensatio
1081 5317 1197 5386 fuit,
1230 5336 1363 5391 quas
1392 5323 1593 5380 nubere
1618 5325 1946 5396 obedientia,
1979 5345 2087 5386 non

507 5409 934 5479 concupiscentia
961 5412 1338 5482 compellebat,
1365 5425 1422 5470 ut
1447 5426 1830 5488 propagaretur
1860 5422 2088 5491 populus

509 5498 623 5565 Dei,
659 5501 844 5570 inquo
874 5504 1323 5571 prccutitterentur
1369 5507 1646 5577 PrOphetce
1677 5508 1877 5566 Christi
1923 5529 1934 5564 :
1966 5527 2086 5567 cum

507 5599 562 5646 et
591 5593 704 5661 ipse
739 5595 961 5665 populus
992 5613 1085 5666 per
1110 5614 1168 5654 ea
1200 5616 1318 5668 quae
1346 5601 1395 5652 in
1427 5599 1591 5670 ﬁgura
1621 5603 2003 5674 contingebant
2032 5609 2082 5661 iu

506 5683 612 5738 illis
635 5683 677 5754 (1
699 5683 816 5741 Cor.
861 5703 912 5753 κ,
953 5689 1064 5757 lt),
1103 5691 1213 5744 sive
1241 5691 1290 5744 in
1333 5690 1394 5745 iis
1421 5691 1506 5758 qui
1539 5692 1755 5760 scirent,
1781 5695 1894 5752 sive
1936 5696 1988 5752 in
2024 5698 2086 5752 iis

1710 251 1767 307 s.
1807 198 2172 308 suousiuvt
2215 245 2514 303 EPISCOPI
3673 258 3760 317 4.5,

2179 362 2268 430 qui
2305 363 2390 417 illa
2431 364 2720 432 nescirent,
2755 363 2885 418 nihil
2929 365 3073 420 aliud
3117 376 3263 424 esset
3312 383 3484 438 quam
3518 372 3751 441 propheta

2177 451 2395 521 Christi,
2418 470 2481 508 ex
2510 469 2616 525 quo
2637 466 2944 512 nasceretur
2962 457 3121 511 etiam
3147 473 3277 513 caro
3303 457 3539 514 Christi.
3562 459 3630 518 Ut
3646 477 3754 534 ergo

2180 547 2270 602 ille
2299 547 2526 622 populus
2550 557 2948 618 propagaretur,
2991 549 3316 604 maledictus
3350 550 3651 605 habebatur
3683 569 3758 622 per

2179 638 2312 708 legis
2341 621 2657 694 sententiam
2697 641 2785 709 qui
2830 654 2934 694 non
2965 641 3246 696 suscitaret
3295 657 3498 696 semen
3536 643 3590 696 in
3619 621 3761 702 Israel

2179 727 2358 795 (Deut.
2389 745 2518 797 xxv,
2549 730 2712 801 5-l0).
2738 728 2892 786 Unde
2915 740 2968 784 et
2993 740 3190 786 sancta:
3220 731 3496 786 mulieres
3522 734 3759 790 accende'

2178 821 2374 876 bantur
2399 837 2502 875 non
2551 821 2842 890 cupiditate
2867 821 3280 888 concumbendi,
3328 821 3436 877 sed
3471 823 3664 892 pietate
3687 841 3762 894 pa-

2182 911 2384 978 riendi;
2432 921 2489 967 ut
2535 912 2834 968 rectissime
2887 912 3178 968 credantur
3216 913 3435 968 coitum
3468 928 3577 968 non
3626 915 3764 972 luisse

2180 1001 2501 1072 quaesitum,
2538 1003 2580 1056 si
2611 1002 2788 1072 proles
2818 1012 2994 1072 posset
3015 1003 3172 1058 aliter
3199 1003 3531 1074 provenire.
3567 1004 3634 1058 Et
3656 1007 3763 1062 viris

2183 1107 2309 1146 usus
2356 1092 2701 1162 plurimarum
2747 1093 2985 1146 vivarum
3034 1092 3454 1149 concedebatur
3499 1109 3764 1150 uxorum:

2182 1182 2332 1254 cujus
2359 1184 2434 1239 rei
2465 1199 2569 1238 non
2601 1183 3086 1254 concupiscentiam
3123 1187 3332 1252 carnis,
3371 1185 3475 1242 sed
3506 1187 3768 1257 providen-

2184 1277 2308 1330 tiam
2340 1278 2702 1348 generationis
2738 1275 2904 1333 l‘uisse
2931 1292 3148 1333 causam
3179 1278 3314 1334 illud
3345 1279 3618 1347 ostendit,
3647 1283 3766 1351 quod

2181 1368 2320 1424 sicut
2342 1367 2469 1422 viris
2493 1369 2692 1423 sanctis
2718 1367 2916 1424 habere
2940 1369 3118 1439 plures
3147 1384 3351 1426 uxores
3384 1369 3562 1436 vivas,
3584 1386 3682 1426 non
3710 1373 3766 1427 ita

2183 1459 2342 1513 etiam
2372 1461 2570 1514 sanctis
2601 1458 2811 1514 feminis
2837 1459 3030 1515 licebat
3060 1461 3268 1516 misceri
3304 1461 3529 1516 maritis
3561 1463 3768 1533 pluribus

2183 1549 2619 1619 vivis;quoniam
2647 1553 2802 1604 tanto
2831 1559 3011 1606 essent
3047 1551 3343 1622 turpiores,
3393 1563 3601 1621 quanto
3627 1554 3769 1623 magis

2183 1649 2498 1711 appeterent
2516 1640 2658 1696 unde
2676 1657 2780 1697 non
2799 1650 2981 1698 essent
3006 1641 3375 1698 facundiores.
3404 1641 3641 1698 Proinde
3667 1657 3767 1696 san.

2184 1743 2269 1787 cta
2295 1731 2454 1798 Ruth,
2485 1748 2604 1787 cum
2627 1749 2810 1789 semen
2851 1732 3007 1804 quale
3031 1733 3120 1786 illo
3147 1743 3404 1805 tempore
3426 1734 3768 1788 necessarium

2185 1824 2282 1879 luit
2322 1825 2375 1879 in
2405 1824 2565 1880 Israel
2593 1839 2697 1880 non
2747 1825 2988 1890 haberet,
3025 1835 3235 1881 mortuo
3272 1826 3400 1880 viro
3428 1825 3674 1896 quaesivit
3705 1829 3766 1880 al-
3846 1839 3847 1894 ἐ

2188 1927 2356 1972 terum
2383 1915 2452 1973 de
2478 1932 2587 1988 quo
2613 1917 2850 1972 haberet.
2888 1917 2996 1972 llae
3027 1917 3202 1988 itaque
3232 1916 3320 1972 bis
3353 1917 3645 1986 coniugata
3669 1916 3765 1971 ideo

2185 2014 2336 2063 Anna
2363 2007 2568 2063 univira
2599 2007 2754 2062 vidua
2776 2009 2791 2039 ¹
2819 2007 3022 2064 beatior
3045 2008 3161 2074 l‘uit,
3197 2009 3323 2077 quia
3361 2017 3420 2062 et
3454 2006 3761 2078 prophetissa

2185 2100 2384 2156 Christi
2432 2115 2551 2156 esse
2589 2100 2814 2166 meruit;
2858 2116 3016 2171 quam
3053 2099 3397 2156 credendum
3439 2109 3547 2167 cst,
3585 2100 3762 2154 etiamsi
3846 2099 3847 2171 γ

2189 2192 2327 2249 ﬁlios
2346 2193 2520 2249 nullos
2547 2193 2748 2259 habuit,
2779 2193 2919 2264 quod
2943 2192 3156 2262 quidem
3187 2192 3479 2263 Scriptura
3518 2190 3759 2246 reticendo

2188 2285 2400 2356 reliquit
2423 2287 2707 2350 incertum,
2740 2301 2804 2341 eo
2834 2285 3034 2356 Spiritu
3062 2284 3380 2356 prxvidisse
3411 2283 3688 2340 Christum
3709 2299 3762 2336 ex

2189 2377 2392 2448 virgine
2435 2377 2679 2448 proxime
2733 2391 2854 2432 esse
2900 2384 3206 2442 venturum,
3254 2393 3370 2448 quo
3405 2376 3579 2446 potuit
3624 2388 3759 2444 agno.

2187 2483 2340 2525 scere
2381 2478 2436 2525 et
2464 2469 2738 2539 parvulum
2774 2486 2787 2523 :
2823 2469 2963 2524 unde
3005 2469 3196 2524 merito
3223 2469 3394 2524 etiam
3425 2468 3546 2523 sine
3575 2467 3700 2530 ﬁliis,
3725 2466 3759 2520 si

2190 2569 2368 2618 tamen
2396 2577 2489 2617 eos
2523 2577 2630 2617 non
2685 2562 2887 2629 habuit,
2920 2561 3184 2618 secundas
3232 2561 3462 2633 nuptias
3492 2559 3753 2624 recusarit;

2189 2654 2313 2726 quia
2353 2664 2575 2712 noverat
2613 2655 2724 2726 jam
2754 2665 2964 2726 tempus
2992 2671 3112 2712 esse
3141 2671 3246 2727 quo
3285 2655 3512 2712 Christo
3541 2670 3640 2709 non
3663 2652 3757 2708 olli-

2191 2747 2275 2801 cio
2305 2746 2566 2818 pariendi,
2595 2745 2691 2802 sed
2717 2747 2897 2803 studio
2921 2748 3252 2816 continendi,
3279 2763 3389 2804 nec
3415 2745 3752 2817 conjugatibus

2191 2839 2420 2896 fetandis
2445 2839 2760 2907 visceribus,
2787 2839 2880 2895 sed
2914 2839 3274 2896 castiﬁcandis
3291 2841 3316 2871 ³
3347 2838 3643 2895 vidualibus
3668 2850 3757 2889 mo-

2193 2931 2360 2999 ribus,
2388 2932 2580 3008 melius
2611 2932 2922 2988 serviretur.
2956 2933 3013 2989 Si
3041 2947 3171 2988 vero
3197 2932 3368 2989 etiam
3411 2930 3612 2987 sciebat
3637 2927 3750 2982 Ruth

2194 3039 2291 3095 per
2317 3040 2468 3080 suam
2499 3039 2716 3080 carnem
2765 3026 3044 3098 propagari
3095 3041 3305 3094 semen,
3361 3024 3506 3081 unde
3549 3021 3752 3078 Christus

2193 3129 2410 3171 carnem
2452 3114 2627 3172 fuerat
2656 3116 2954 3186 habiturus,
2986 3125 3043 3172 et
3089 3117 3215 3173 huic
3261 3116 3515 3174 scientiae
3543 3110 3752 3169 nubendo

2195 3206 2435 3264 exhibuit
2454 3209 2830 3277 ministerium,
2853 3226 2956 3266 non
2976 3211 3147 3266 audeo
3160 3211 3270 3281 jam
3289 3211 3480 3266 dicere
3496 3207 3749 3264 beatiorem

2194 3299 2357 3357 fuisse
2383 3303 2549 3358 Anum
2573 3303 2882 3359 viduitatem
2911 3318 3070 3374 quam
3102 3303 3246 3358 illius
3273 3301 3670 3359 fecunditatem.

2265 3393 2489 3452 CAPUT
2528 3394 2660 3451 Vill.
2691 3425 2762 3434 —
2783 3396 2870 3450 H.
2912 3393 3125 3465 Nuptiae
3165 3403 3210 3448 et
3242 3393 3486 3449 secundae
3521 3399 3568 3446 et
3599 3387 3743 3460 prima:

2195 3487 2561 3558 hoctempore,
2592 3487 2690 3542 nisi
2724 3486 3088 3541 incontinentia
3125 3486 3190 3540 sit
3226 3485 3615 3557 impedimento,
3656 3494 3748 3532 con-

2196 3578 2492 3632 temnendae.
2521 3575 2730 3649 Nuptia:
2757 3576 2880 3631 olim
2905 3577 3029 3649 legis
3056 3576 3373 3646 obsequium,
3397 3589 3531 3629 nunc
3557 3567 3743 3638 inﬁrmi-

2196 3671 2312 3724 tatis
2340 3669 2634 3736 remedium,
2653 3678 2698 3724 et
2725 3668 3049 3722 humanitatis
3069 3668 3326 3724 solatium.
3358 3666 3442 3722 Tu
3462 3677 3626 3719 autem
3655 3672 3745 3729 qua:

2197 3777 2251 3819 et
2269 3764 2402 3820 ﬁlios
2419 3763 2608 3831 habes,
2627 3773 2679 3818 et
2692 3765 2820 3819 ineo
2837 3763 3018 3820 sseculi
3041 3762 3147 3818 ﬁne
3159 3763 3312 3828 vivis,
3327 3777 3438 3835 quo
3449 3761 3555 3832 jam
3575 3767 3743 3824 tempus

2197 3865 2276 3911 est
2299 3870 2402 3910 non
2430 3854 2674 3909 mittendi
2700 3854 2932 3925 lapides,
2965 3853 3061 3910 sed
3086 3853 3410 3925 colligendi;
3441 3867 3542 3907 non
3579 3845 3740 3916 ample-

2196 3949 2396 4017 ctendi,
2413 3947 2506 4004 sed
2527 3947 2833 4002 continendi
2861 3947 2927 4002 ab
2949 3947 3194 4018 amplexu
3215 3945 3416 4018 (Eccle.
3445 3961 3522 4010 tu,
3541 3942 3594 4012 5)
3613 3957 3626 4005 ;
3645 3949 3738 3993 cum

2197 4039 2391 4095 clamet
2423 4039 2742 4110 Apostolus,
2795 4037 2908 4092 Hoc
2945 4048 3110 4094 autem
3147 4037 3282 4104 dico,
3327 4023 3556 4110 fratres:
3579 4042 3736 4098 tempus

2197 4129 2338 4184 breve
2358 4139 2466 4194 est;
2491 4129 2738 4201 reliquum
2761 4138 2830 4184 est
2860 4139 2913 4183 ut
2941 4138 2985 4183 et
3003 4130 3088 4199 qui
3115 4128 3297 4183 habent
3316 4143 3516 4189 uxores,
3539 4130 3736 4190 tanquam

2196 4238 2296 4276 non
2322 4221 2556 4278 habentes
2579 4223 2677 4276 sint
2701 4238 2720 4276 :
2742 4221 2976 4293 profecto
3005 4221 3050 4275 si
3080 4219 3340 4276 secundas
3371 4215 3577 4287 nuptias
3607 4222 3736 4279 appt“

2198 4315 2382 4383 tisses,
2424 4315 2627 4370 nullum
2657 4314 2952 4387 prophetia:
2981 4313 3064 4369 vel
3108 4312 3239 4383 legis
3281 4310 3619 4381 obsequium,
3644 4299 3732 4356 nuto

2197 4405 2302 4459 lum
2337 4405 2500 4476 prolis
2523 4406 2709 4461 saltem
2742 4405 2956 4460 carnale
2976 4403 3298 4460 desiderium
3319 4446 3334 4471 ,
3375 4402 3472 4460 sed
3494 4399 3643 4456 solius
3668 4392 3732 4445 in-

2196 4495 2534 4550 continentiae
2558 4494 2746 4551 luisset
2771 4495 3043 4552 indicium.
3077 4495 3321 4552 Fecisses
3358 4495 3498 4552 enim
3529 4484 3650 4560 quod
3673 4479 3728 4534 ait

2196 4587 2517 4657 Apostolus,
2550 4601 2672 4642 cum
2693 4585 2944 4654 dixisset,
2974 4586 3161 4641 bonum
3208 4603 3314 4641 esse
3332 4586 3438 4640 illis
3477 4582 3521 4637 si
3560 4579 3623 4633 sic
3643 4588 3728 4645 per

2196 4679 2471 4734 manserint
2500 4679 2626 4734 sicut
2650 4687 2696 4733 et
2717 4696 2806 4750 ego
2834 4696 2852 4734 :
2881 4679 3133 4735 continuo
3154 4680 3348 4751 quippe
3375 4675 3580 4738 addidit,
3604 4662 3720 4734 ρκοά

2195 4765 2239 4824 si
2263 4787 2316 4825 se
2341 4787 2441 4824 non
2461 4770 2735 4836 continent,
2756 4771 2982 4825 nubant:
3004 4770 3138 4824 malo
3158 4770 3290 4824 enim
3310 4787 3394 4824 eas
3414 4765 3583 4823 nubere
3605 4767 3723 4830 quam

2195 4860 2278 4915 uri
2309 4861 2351 4935 (1
2380 4859 2498 4917 Cor.
2531 4866 2620 4926 vit,
2650 4861 2857 4929 29,8et
2877 4861 2956 4933 9).
2987 4863 3098 4918 lloc
3138 4862 3279 4918 enim
3317 4861 3475 4928 dixit,
3517 4863 3565 4910 ut
3601 4845 3721 4905 etfre-

2198 4963 2336 5009 nataz
2365 4953 2595 5009 libidinis
2637 4955 2834 5009 malum
2882 4970 2988 5010 non
3019 4955 3433 5026 prmeipitaretur
3460 4951 3508 5006 in
3535 4939 3720 5012 turpitu-

2196 5044 2374 5101 dinem
2405 5045 2752 5116 ﬁagitiorum,
2779 5061 2898 5101 cum
2954 5047 3289 5116 exciperetur
3339 5046 3593 5102 honestate
3640 5041 3715 5132 ll":

2197 5139 2445 5208 ptiarum.
2475 5138 2684 5195 Gratias
2709 5147 2888 5194 autem
2933 5139 3179 5205 Domino,
3229 5139 3471 5210 quoniam
3513 5128 3713 5202 petieris“

2195 5232 2338 5301 quod
2384 5247 2504 5286 esse
2551 5231 2803 5297 noluisti,
2852 5241 2906 5286 et
2949 5232 3220 5300 virginitas
3259 5231 3421 5301 prolis
3467 5235 3558 5280 tuae
3594 5225 3710 5270 CM"

2198 5323 2437 5394 pensavit
2461 5321 2796 5392 dispendium
2826 5321 3138 5391 virginitatis
3167 5330 3288 5376 tum.
3326 5321 3448 5375 Nam
3485 5309 3707 5380 diligenter.

2197 5416 2518 5484 interrogata
2542 5413 2782 5470 doctrina
2809 5412 3118 5478 christiana,
3143 5421 3197 5467 et
3223 5413 3414 5481 primas
3428 5395 3704 5474 nuptiaslﬂ'"

2195 5509 2296 5562 isto
2327 5515 2602 5576 tempore,
2651 5505 2750 5559 nisi
2809 5505 3189 5560 incontinentia
3234 5506 3300 5559 sit
3347 5495 3700 5572 impedimento,

2261 5646 2274 5675 ι
2305 5644 2374 5690 sic
2397 5649 2468 5690 Er.
2499 5650 2549 5690 et
2574 5643 2784 5701 potiores
2807 5648 2914 5689 Mss.
2936 5647 2990 5702 At
3014 5648 3142 5702 μοι,
3169 5653 3260 5692 uno
3278 5635 3572 5692 cii-onmem.

2261 5710 2279 5736 ι
2303 5704 2514 5753 Nonnulli
2542 5711 2671 5762 Mss,
2697 5701 3005 5768 castigandis.
