3880 6284
33 362 111 416 i3!
1083 335 1169 390 DE
1211 330 1387 387 ΒΟΝΟ
1426 326 1816 385 VIDUITATIS
1845 325 2068 382 LIBER.

31 466 384 524 contemnendas
409 478 531 520 esse
561 457 864 530 respondet.
893 453 992 521 Qui
1037 451 1177 506 enim
1206 447 1357 512 dixit,
1403 444 1462 499 Si
1502 459 1554 496 se

32 581 104 615 non
121 561 361 624 continent,
388 557 582 610 nubant
612 569 631 608 :
652 551 817 624 potuit
837 548 1016 602 dicere
1036 586 1051 610 ,
1078 543 1134 599 Si
1161 543 1298 596 ﬁlios
1329 555 1430 592 non
1461 537 1555 590 ha-

31 646 150 714 bent,
177 649 390 712 nubant;
433 647 476 701 si
523 652 647 716 post
683 637 1124 697 resurrectionem
1158 635 1173 664 ¹
1215 630 1552 702 praedicatio-

31 756 208 810 nemque
229 739 452 802 Christi,
484 735 697 806 quando
721 732 829 803 jam
861 727 1112 785 omnibus
1141 723 1387 796 gentibus
1417 720 1552 775 ﬁlio-

31 848 114 886 rum
135 829 449 900 spiritualiter
474 824 862 897 gignendorum
903 827 1046 875 tanta
1096 814 1331 886 suppetit
1363 812 1514 882 Copia
1536 853 1549 877 ,

31 929 106 980 tale
129 922 332 979 ofﬁcium
361 927 507 975 esset
555 935 621 974 ex
650 931 810 973 carne
856 913 992 969 ﬁlios
1043 922 1370 981 propagare,
1403 904 1559 975 quale

32 1018 170 1086 primis
191 1013 508 1086 temporibus
539 1011 654 1066 fuit.
685 1010 749 1065 Et
773 1005 916 1086 quod
945 1004 1072 1060 alibi
1103 1001 1253 1068 dicit,
1295 999 1424 1053 Volo
1461 997 1558 1068 igi-

32 1122 88 1163 tur
104 1108 303 1179 juniores
348 1105 560 1172 nubere,
605 1104 738 1175 ﬁlios
796 1115 1098 1171 procreare,
1146 1091 1558 1163 matresfamilias

31 1197 435 1268 essemupliat'um
481 1196 682 1250 bonum
708 1191 1001 1265 apostolica
1032 1188 1324 1244 sobrietate
1363 1194 1417 1239 et
1457 1197 1558 1236 au-

32 1289 218 1345 claritate
242 1286 608 1351 commendat;
639 1302 742 1339 non
780 1280 1093 1354 procreandi
1124 1277 1360 1332 ol'licium
1397 1275 1558 1329 etiam

32 1383 111 1445 eis,
146 1397 243 1450 qua:
279 1379 625 1434 continentiae
664 1377 864 1430 bonum
907 1372 1162 1444 capiunt,
1211 1378 1464 1436 tanquam
1492 1362 1560 1418 ad

38 1471 305 1540 obsequelam
332 1468 466 1540 legis
496 1467 742 1538 imponit.
787 1464 1027 1534 Denique
1059 1477 1156 1517 cur
1201 1459 1303 1513 hoc
1328 1455 1558 1521 dixerit,

39 1563 201 1633 pandit,
237 1577 347 1616 cum
396 1559 643 1631 adjungit
677 1568 731 1613 et
766 1556 930 1622 dicit,
990 1552 1205 1608 Nullam
1250 1548 1562 1604 occasionem

35 1657 126 1708 dare
140 1653 391 1708 adversaria
416 1651 679 1707 maledicti
700 1652 895 1722 gratia;
909 1649 1024 1720 jam
1041 1652 1179 1701 enim
1198 1641 1429 1715 quendam
1451 1656 1566 1694 con-

32 1763 148 1800 verae
179 1757 278 1800 sunt
307 1758 438 1800 retro
477 1755 593 1816 post
621 1755 853 1799 satanam
877 1759 896 1796 :
925 1749 983 1796 ut
1009 1741 1092 1795 his
1131 1738 1310 1793 verbis
1339 1737 1455 1806 ejus
1484 1733 1566 1788 iu-

32 1841 299 1909 telligatnus,
331 1855 422 1894 cas
448 1855 588 1910 quas
611 1838 812 1893 nubere
839 1836 1042 1903 voluit,
1096 1833 1286 1888 melius
1327 1831 1565 1902 potuisse

32 1934 248 1986 continere
263 1947 414 2002 quam
439 1933 677 1996 nubere;
709 1929 806 1985 sed
835 1929 1027 1985 melius
1054 1927 1259 1981 nubere
1288 1938 1445 1994 quam
1480 1937 1565 1976 re-

34 2037 92 2078 tro
112 2034 208 2094 post
227 2034 455 2079 satanam
490 2025 609 2090 ire,
639 2023 687 2077 id
712 2032 824 2089 est,
859 2021 927 2076 ab
953 2021 1043 2075 illo
1086 2015 1366 2074 excellenti
1407 2014 1565 2084 virgi-

34 2117 134 2169 nalis
154 2117 220 2171 vel
246 2115 466 2170 vidualis
505 2114 771 2170 castitatis
815 2111 1129 2183 proposito,
1178 2109 1229 2163 iu
1271 2107 1565 2178 posteriora

37 2206 323 2276 respiciendo,
353 2207 556 2262 cadere
584 2214 637 2261 et
672 2205 910 2261 interire.
939 2201 1170 2258 Proinde
1198 2215 1315 2271 qua:
1357 2213 1415 2252 se
1459 2211 1567 2249 non

37 2299 271 2365 continent,
297 2298 518 2364 nubant,
545 2306 828 2367 antequam
857 2293 1238 2350 continentiam
1276 2289 1564 2360 proﬁtean-

39 2399 112 2449 lut‘,
136 2398 392 2458 antequam
422 2389 538 2444 Deo
568 2396 830 2442 voveant:
858 2384 999 2456 quod
1028 2384 1127 2438 nisi
1167 2380 1410 2443 reddant,
1449 2379 1568 2450 jure

41 2476 314 2542 «nutriantur.
348 2478 469 2533 Alio
499 2477 700 2548 quippe
728 2477 848 2532 loco
885 2475 954 2530 de
1012 2473 1204 2528 talibus
1251 2471 1407 2537 dicit,
1442 2469 1569 2523 Cum

41 2567 131 2617 (nim
154 2568 196 2619 in
224 2568 408 2622 deliciis
437 2569 633 2639 egerint
674 2567 728 2621 in
771 2565 992 2632 Christo,
1011 2563 1196 2618 nubere
1239 2561 1446 2625 volunt;
1477 2561 1571 2613 ha-

43 2661 162 2712 bentes
183 2661 548 2715 damnationem
575 2660 814 2728 quoniam
844 2659 1061 2729 primam
1087 2656 1240 2724 ﬁdem
1263 2655 1460 2708 irritam
1487 2653 1571 2724 fe-

43 2749 268 2804 tertmt:id
313 2758 417 2818 est,
463 2751 800 2804 voluntatem
844 2746 912 2802 ad
958 2746 1168 2816 nuptias
1214 2759 1244 2798 a
1298 2743 1571 2816 proposito

48 2839 320 2895 continentia:
365 2840 705 2896 deﬁexerunt
745 2841 788 2894 ’.
840 2837 1048 2892 lrritam
1093 2835 1289 2907 quippe
1331 2834 1574 2889 fecerunt

48 2928 179 2996 ﬁdem,
200 2945 289 3000 qua
307 2931 450 3001 prius
475 2939 743 2986 voverant
762 2928 900 3000 quod
925 2926 1322 2999 perseverantia
1349 2925 1572 2995 implere

52 3021 275 3077 noluerunt
300 3023 342 3093 (l
364 3022 494 3079 Tim.
522 3022 601 3094 v).
622 3021 932 3092 Nuptiarum
956 3019 1114 3091 igitur
1137 3018 1333 3074 bonum
1357 3032 1573 3087 semper

51 3120 106 3163 est
125 3112 305 3181 quidem
332 3115 535 3170 bonum
565 3132 578 3167 :
609 3112 702 3168 sed
730 3113 783 3166 in
816 3112 1012 3183 populo
1041 3110 1128 3165 Dei
1154 3109 1252 3164 fuit
1288 3107 1573 3179 aliquando

54 3200 146 3271 legis
165 3204 483 3278 obsequium;
538 3221 678 3261 nustc
721 3213 803 3260 est
829 3203 1150 3258 inﬁrmitatis
1172 3201 1488 3266 remedium,
1520 3201 1572 3254 in

53 3294 302 3361 quibusdam
359 3314 486 3353 vero
560 3296 902 3351 humanitatis
972 3294 1240 3350 solatium.
1316 3292 1573 3346 Filiorum

57 3385 204 3455 quippe
222 3388 564 3456 procreationi
590 3403 808 3457 operam
833 3386 960 3442 dare
981 3428 995 3451 ,
1031 3401 1137 3439 non
1186 3383 1378 3439 canino
1424 3396 1575 3437 more

58 3487 125 3541 per
145 3491 270 3532 usum
299 3481 656 3548 promiscuum
676 3478 992 3535 feminarum
1011 3518 1024 3543 ,
1057 3474 1151 3531 sed
1177 3475 1405 3530 honesto
1431 3471 1576 3528 ordi-

62 3581 108 3621 ne
124 3570 372 3641 oonjugali,
397 3589 508 3628 non
545 3580 629 3628 est
661 3573 713 3626 in
757 3571 972 3626 homine
1017 3565 1396 3636 improbandus
1436 3563 1572 3620 alie-

63 3666 145 3712 ctus
169 3677 180 3713 :
205 3662 343 3717 etiam
372 3665 548 3734 ipsum
596 3673 770 3719 tamen
818 3660 1136 3716 laudabilius
1165 3655 1494 3712 transcendit
1520 3663 1574 3710 et

68 3750 183 3806 vincit
204 3756 416 3811 ctelcstia
443 3756 688 3827 cogitans
727 3756 935 3809 animus
962 3751 1307 3808 christianos.

113 3841 294 3900 CAPUT
321 3846 405 3903 IX.
434 3847 618 3904 -12.
649 3845 854 3900 Nubere
896 3853 1006 3915 post
1031 3841 1352 3897 continentia:
1380 3849 1573 3906 votam,

66 3931 289 3992 damnabile
307 3951 370 3995 est
390 3957 409 3996 :
425 3959 531 3996 non
557 3950 723 3994 tamen
751 3935 1056 3992 damnanda:
1085 3935 1212 3988 tales
1239 3933 1447 4005 nuptite.
1469 3929 1576 3987 Sed

68 4026 275 4095 ‘luoniam,
297 4030 423 4086 sicut
445 4032 524 4086 ait
559 4030 814 4085 Dominus
833 4070 847 4094 ,
886 4027 1006 4082 Non
1034 4042 1204 4080 ontnes
1231 4023 1438 4096 capiunt
1468 4039 1580 4078 uer-

69 4111 153 4165 btnu
173 4116 248 4171 hoc
267 4121 463 4192 (Matth.
499 4137 613 4187 xix,
639 4120 730 4189 Η)
765 4136 778 4172 :
809 4135 927 4189 quae
968 4125 1142 4187 potest
1190 4129 1318 4186 ergo
1361 4127 1575 4184 capere,

71 4205 226 4272 ωμίακ
253 4220 300 4265 et
320 4229 428 4282 qua:
457 4225 646 4268 senon
676 4211 935 4274 continet,
968 4207 1132 4262 nnbat
1155 4224 1168 4261 :
1195 4222 1314 4277 quae
1341 4220 1444 4260 non
1469 4219 1579 4260 cm-

72 4293 140 4358 νίι,
161 4297 410 4370 deliberet;
433 4320 554 4374 qua:
585 4316 835 4373 aggressa
879 4308 961 4355 est
983 4340 999 4365 ,
1049 4305 1361 4370 perseveret
1390 4314 1404 4353 :
1435 4296 1578 4351 nulla

77 4383 312 4447 adversario
335 4395 486 4451 detur
524 4395 765 4459 occasio,
809 4393 953 4446 nulla
981 4391 1194 4446 Christo
1237 4388 1582 4446 subtrahatur

77 4473 220 4532 oblatio
241 4481 277 4534 ³.
297 4482 345 4537 lu
369 4485 629 4556 conjugali
653 4484 848 4555 quippe
871 4482 1086 4537 vinculo
1107 4482 1151 4536 si
1181 4480 1431 4551 pudicitia
1452 4494 1583 4534 con-

83 4577 278 4636 servatur,
303 4575 562 4631 damnatio
600 4591 704 4630 non
753 4576 971 4629 timetur
1001 4572 1132 4628 :sed
1184 4573 1236 4626 in
1291 4570 1487 4626 viduali
1529 4579 1584 4626 et

85 4657 260 4724 ‘lf‘éinali
297 4668 641 4735 continentia,
671 4665 986 4721 excellentia
1033 4663 1270 4717 muneris
1309 4662 1585 4732 amplioris

87 4753 315 4820 θἰμθιὶίυτς
365 4777 461 4830 qua
527 4760 758 4829 expetita
813 4766 866 4813 et
918 4757 1086 4812 electa
1137 4764 1188 4810 et
1251 4755 1359 4809 voti
1404 4753 1585 4810 debito

87 4837 212 4896 oblata
233 4845 268 4911 ⁸,
303 4849 403 4919 jam
449 4867 558 4907 non
611 4852 784 4906 solum
833 4848 1167 4920 capessere“
1207 4847 1441 4917 nuptias,
1491 4847 1586 4902 sed

92 4930 239 4990 Bliamsi
257 4955 346 4996 non
361 4945 600 5010 nubatur,
627 4943 826 4998 nubere
853 4941 989 4996 velle
1014 4940 1316 4994 damnabile
1332 4947 1432 4995 est.
1453 4937 1586 4993 Nam

93 5023 222 5119 "illoc
243 5031 603 5093 demonstraret
632 5036 949 5106 Apostolus,
979 5049 1083 5088 non
1107 5033 1199 5101 ait,
1227 5032 1354 5088 Cum
1381 5033 1435 5086 in
1455 5032 1587 5088 deli-

97 5112 156 5165 ciis
174 5122 319 5188 egerint
339 5127 386 5182 in
409 5128 623 5195 Christo,
651 5127 890 5190 nubunt;
919 5124 1037 5193 sed,
1066 5124 1252 5178 nubere
1275 5123 1448 5178 volunt
1466 5125 1590 5179 :ha-

123 5228 154 5310 It
171 5230 224 5278 sic
249 5243 332 5285 ηδε,
358 5243 466 5293 [diu
501 5255 641 5301 γει-ο,
677 5239 764 5294 sed
785 5245 889 5305 post
913 5235 1344 5299 resurrectionem;
1369 5243 1423 5288 et
1444 5236 1590 5299 paulo

101 5295 186 5342 Ρυδὶ,
204 5293 274 5342 tale
293 5299 474 5342 ofﬁcium
500 5309 666 5342 casula

103 5299 186 5378 vo‘st.
204 5299 274 5344 tale
293 5299 474 5361 alliciam
499 5299 667 5354 cesset.
785 5299 796 5305 '

103 5404 156 5454 um
463 5365 700 5416 uoluntate
721 5363 788 5414 ad
816 5360 1008 5426 nuptias
1031 5373 1065 5412 a
1080 5357 1322 5425 proposito
1347 5358 1589 5411 continen-

108 5434 155 5454 ,με
173 5434 194 5459 υ
275 5441 279 5446 .

108 5472 161 5575 “0‘
178 5434 454 5539 vigiliis
504 5494 612 5540 uss.
631 5523 646 5550 ,
693 5484 828 5538 milia
877 5482 1059 5537 Christi
1103 5481 1414 5534 subtrahatur
1455 5480 1589 5533 obla-

110 5593 323 5702 Pa:ﬂttliquot
353 5615 446 5661 Mss.
463 5648 476 5671 ,
519 5617 564 5661 et
592 5609 686 5663 voti
709 5608 866 5661 debito
899 5607 1068 5660 oblato.
1094 5607 1219 5657 Beda
1241 5621 1330 5658 seu
1353 5605 1520 5656 Florus
1543 5607 1593 5655 in

185 5671 259 5707 nm.
279 5673 314 5707 ρι
333 5679 418 5707 mm
439 5675 605 5707 Ammln
621 5673 777 5707 nhlnln
812 5694 818 5699 .

152 5673 264 5766 ξιὲιὰιξιι
279 5673 314 5716 et
333 5679 418 5721 toto
439 5675 605 5724 devoto
620 5673 794 5724 oblata.
812 5694 818 5699 -

225 5729 280 5772 ιιι.
298 5739 372 5772 nan
391 5744 631 5772 unum”
680 5735 836 5772 ΑΙιοςΙ-
863 5745 972 5772 smn-
992 5745 1019 5772 α
1037 5739 1143 5772 λιες
1181 5746 1208 5772 ιι

115 5731 646 5830 ﬂiummcapmere.
677 5735 838 5796 Abest,
863 5739 1143 5796 non,aatss.
1181 5738 1232 5782 et
1268 5746 1295 5782 a
1338 5731 1460 5781 Beda
1501 5742 1592 5779 seu

3143 327 3248 384 438

1662 441 1852 509 bentes,
1894 440 2082 511 inquit,
2124 439 2516 505 damnationem,
2563 443 2802 508 quoniam
2832 442 3048 510 primatu
3091 442 3247 511 [idem

1662 533 1860 585 irritam
1882 535 2140 602 fecerunt;
2163 531 2262 585 etsi
2288 545 2393 584 non
2425 528 2675 586 nubendo
2699 572 2715 598 ,
2740 541 2946 586 tantum
2977 533 3246 589 valendo:

1665 639 1770 678 non
1800 621 1920 692 quia
1947 621 2074 691 ipsa:
2101 621 2301 691 nuptias
2325 621 2410 676 vel
2455 621 2638 676 talium
2665 621 2980 678 damnanda;
3003 622 3250 692 judiCan-

1667 724 1790 778 tur;
1816 712 1910 768 sed
1939 712 2225 767 damnatur
2269 713 2530 782 propositi
2565 713 2709 768 fraus
2736 753 2752 780 ,
2772 713 3057 769 damnatur
3079 714 3244 770 fracta

1665 809 1771 862 voti
1799 806 1948 874 ﬁdes,
1979 805 2264 861 damnatur
2290 821 2394 860 non
2420 807 2691 876 susceptio
2733 821 2761 858 a
2792 807 2934 862 bono
2966 807 3240 875 inferiore,

1664 903 1760 959 sed
1799 903 1948 958 ruina
1990 916 2055 956 ex
2102 899 2243 955 bono
2288 902 2896 971 superiorezpostremo
2930 901 3252 958 damnantur

1666 997 1815 1061 tales,
1842 1011 1948 1049 non
1978 993 2098 1064 quia
2125 995 2456 1065 eonjugalem
2493 995 2648 1050 Iidem
2688 996 2960 1066 posterius
2990 997 3245 1064 inierunt,

1664 1086 1760 1143 sed
1788 1087 1910 1157 quia
1938 1087 2279 1143 continentia:
2305 1087 2526 1156 primum
2561 1085 2716 1142 ﬁdem
2746 1087 2948 1141 irritam
2979 1086 3241 1142 fecerunt.

1665 1179 1817 1248 Quod
1841 1188 1896 1234 ut
1925 1180 2157 1234 breviter
2184 1179 2475 1233 insinuaret
2502 1179 2808 1246 Apostolus,
2853 1179 3022 1233 noluit
3049 1195 3141 1235 cas
3167 1179 3248 1234 di-

1665 1286 1789 1327 cere
1828 1271 2027 1326 habere
2069 1270 2488 1335 damnationem,
2520 1285 2641 1339 qua:
2673 1280 2790 1339 post
2823 1271 3098 1340 amplioris
3127 1287 3251 1325 san-

1666 1361 1863 1418 ctitatis
1890 1363 2215 1432 propositum
2245 1361 2446 1414 nubunt
2465 1360 2592 1433 (non
2619 1362 2740 1430 quia
2769 1376 2874 1415 non
2900 1361 3241 1430 damnantur,

1668 1451 1760 1508 sed
1792 1467 1858 1507 ne
1880 1453 1931 1507 in
1958 1453 2037 1507 eis
2086 1454 2214 1522 ipsa:
2245 1451 2440 1520 nuptia:
2486 1451 2727 1506 damnari
2761 1451 3090 1522 putarentur)
3118 1472 3131 1508 :
3155 1456 3252 1509 sed

1668 1562 1787 1603 cum
1814 1547 2052 1614 dixisset,
2068 1546 2250 1601 nubere
2269 1547 2462 1612 volunt,
2478 1547 2731 1600 continuo
2751 1545 2976 1613 addidit,
3008 1545 3249 1603 habentes

1668 1638 2059 1692 damnationem.
2091 1636 2156 1690 Et
2176 1637 2310 1691 dixit
2354 1651 2536 1706 quare,
2570 1638 2808 1707 quoniam
2852 1637 3072 1706 priorem
3097 1637 3254 1706 [idem

1668 1728 1864 1782 irritam
1887 1727 2110 1796 fecerunt
2137 1743 2156 1780 :
2177 1737 2234 1782 ut
2256 1727 2580 1781 voluntatem
2609 1742 2772 1796 quam
2802 1728 3073 1796 proposito
3108 1728 3254 1782 ceci-

1669 1823 1766 1886 dit,
1798 1830 2052 1891 appareat
2082 1837 2202 1875 esse
2229 1819 2554 1888 damnatam,
2596 1819 2711 1875 sive
2737 1820 3129 1891 subsequantur
3149 1837 3217 1874 nu
3235 1850 3253 1862 η

1673 1913 1815 1980 μὶω,
1843 1912 1958 1965 sive
1986 1911 2181 1966 desint.

1741 2001 1967 2057 CAPUT
2009 2001 2073 2055 X.
2101 2032 2173 2040 —
2196 2002 2279 2055 15.
2313 1999 2377 2053 In
2397 2017 2479 2054 eos
2504 2000 2589 2069 qui
2614 2001 2922 2069 lapsaruma
2939 2009 3115 2054 sancto
3137 2018 3257 2072 pro-

1672 2095 1832 2165 posito
1860 2095 2063 2164 nuptias
2092 2093 2344 2147 adulteria
2367 2109 2476 2147 esse
2495 2093 2687 2146 dicunt.
2718 2091 2944 2147 Ecclesia
2970 2101 3076 2147 tota
3095 2093 3254 2164 virgo.

1673 2186 1904 2242 Proinde
1927 2187 2012 2258 qui
2042 2185 2226 2241 dicunt
2253 2187 2437 2241 talium
2470 2186 2681 2255 nuptias
2725 2201 2832 2240 non
2869 2200 2990 2241 esse
3019 2186 3258 2255 nuptias,

1673 2280 1768 2337 sed
1797 2282 1968 2350 potius
1995 2279 2278 2344 adulteria,
2308 2295 2415 2333 non
2447 2278 2576 2332 mihi
2602 2277 2845 2332 videntur
2865 2278 2993 2332 satis
3013 2286 3171 2333 acute
3196 2294 3262 2334 ac

1673 2374 1951 2445 diligenter
1993 2372 2336 2427 considerare
2377 2369 2506 2442 quid
2533 2369 2714 2425 dicant
2742 2387 2754 2423 :
2785 2369 2918 2424 fallit
2945 2385 3038 2424 eos
3061 2371 3259 2440 quippe

1674 2465 1969 2521 similitudo
1995 2464 2248 2519 veritatis.
2283 2463 2415 2529 Quia
2444 2463 2588 2516 enim
2609 2461 2916 2533 conjugiqu
2954 2459 3151 2516 Christi
3179 2461 3262 2516 di-

1674 2565 1866 2612 cuntur
1893 2556 2089 2626 eligere
2111 2571 2229 2625 qum
2258 2553 2550 2608 christiana
2583 2552 2864 2608 sanctitate
2891 2567 2998 2606 non
3025 2551 3253 2616 nubunt,

1678 2646 1800 2702 hinc
1847 2651 2286 2717 argumentantur
2332 2642 2548 2714 quidam
2589 2640 2948 2698 dicentes:Si
3001 2642 3116 2696 viro
3163 2659 3262 2697 suo

1679 2740 1801 2795 vivo
1823 2756 1941 2810 qua:
1970 2739 2123 2793 alteri
2157 2737 2326 2798 nubit.
2354 2735 2594 2790 adultera
2623 2742 2726 2801 est,
2758 2734 2894 2789 sicut
2925 2735 3038 2804 ipse
3078 2735 3262 2788 Domi-

1677 2849 1778 2888 nus
1799 2832 1849 2886 in
1879 2832 2164 2902 Evangefio
2193 2830 2429 2886 deﬁnivit
2455 2827 2665 2900 (Matth.
2695 2843 2805 2895 xtx,
2839 2826 2926 2901 9);
2968 2827 3090 2881 vivo
3133 2842 3262 2897 ergo

1677 2923 1908 2989 Christo,
1932 2923 2014 2978 cui
2045 2939 2188 2978 mors
2219 2923 2352 2977 ultra
2384 2936 2487 2976 non
2522 2919 2828 2976 dominatur
2848 2918 3024 2990 (Rom.
3061 2935 3136 2986 vt,
3156 2919 3259 2991 9)‘,

1678 3031 1796 3086 quae
1824 3015 2124 3086 conjugium
2161 3013 2276 3085 ejus
2316 3014 2584 3084 elegerat,
2614 3014 2658 3066 si
2685 3009 2886 3065 homini
2919 3008 3087 3076 nubit,
3118 3011 3265 3065 adul-

1680 3116 1793 3163 tera
1832 3115 1931 3163 est.
1965 3107 2064 3175 Qui
2096 3105 2196 3161 hoc
2221 3105 2427 3172 dicunt,
2462 3113 2616 3159 acute
2673 3102 2889 3174 quidem
2939 3112 3261 3167 moventur;

1679 3198 1774 3254 sed
1803 3213 1986 3268 parum
2014 3195 2294 3252 attendunt
2328 3195 2462 3250 hanc
2509 3194 3022 3266 argumentationem
3063 3202 3263 3264 quanta

1679 3306 1858 3347 rerum
1889 3298 2140 3359 sequatur
2184 3287 2506 3343 absurditas.
2561 3287 2695 3340 Cum
2741 3285 2881 3340 enim
2925 3284 3261 3338 laudabiliter

1681 3382 1842 3439 etiam
1862 3382 2074 3436 vivente
2103 3381 2216 3435 viro
2241 3395 2306 3433 ex
2328 3379 2453 3448 ejus-
2467 3392 2730 3432 consensu
2766 3375 3148 3430 continentiam
3181 3374 3264 3429 fe-

1683 3473 1824 3528 mina
1850 3470 2063 3526 Christo
2083 3477 2296 3535 voveat,
2313 3469 2421 3538 jam
2448 3466 2738 3524 secundum
2762 3465 2982 3520 istorum
3003 3464 3264 3519 rationem

1683 3565 1826 3619 nulla
1853 3563 1956 3618 hoc
1995 3561 2172 3618 facere
2219 3561 2396 3623 debet,
2450 3574 2517 3615 ne
2558 3559 2728 3629 ipsum
2783 3555 3078 3624 Christum,
3122 3556 3265 3626 quod

1683 3655 1882 3711 sentire
1903 3654 2050 3710 nel‘as
2067 3664 2168 3721 est,
2193 3652 2490 3708 adulterum
2515 3650 2690 3713 faciat,
2714 3649 2798 3704 cui
2827 3649 3038 3703 vivente
3067 3647 3260 3701 marito

1683 3747 1856 3804 nubit.
1889 3746 2094 3802 Deinde
2115 3761 2236 3801 cum
2263 3745 2448 3815 prima:
2477 3742 2674 3813 nuptiae
2701 3739 2936 3796 melioris
2965 3739 3071 3794 sint
3092 3737 3266 3792 meriti

1684 3854 1842 3912 quam
1889 3837 2170 3904 secundae,
2201 3837 2338 3891 absit
2385 3844 2441 3890 ut
2479 3842 2781 3890 sanctarum
2829 3831 3109 3886 viduarum
3167 3830 3269 3884 iste

1685 3930 1756 3986 sit
1781 3943 1994 3996 sensus,
2045 3935 2101 3983 ut
2136 3927 2381 3982 Chrisms
2430 3927 2508 3980 eis
2542 3925 2784 3979 videatur
2810 3922 2960 3992 quasi
3000 3920 3269 3977 secundus

1686 4021 1931 4077 maritus.
1961 4019 2134 4090 Ipsum
2162 4017 2302 4073 enim
2330 4016 2598 4070 habebant
2622 4023 2672 4068 et
2700 4022 2876 4077 antea,
2905 4010 3117 4081 quando
3139 4010 3268 4064 viris

1686 4112 1796 4168 suis
1863 4109 2091 4165 ﬁdeliter
2148 4107 2453 4162 serviebant
2500 4103 2765 4166 subditm,
2796 4117 2902 4154 non
2954 4099 3264 4165 carnaliter,

1686 4201 1783 4259 sed
1832 4198 2180 4271 spiritualitcr
2236 4199 2410 4250 virum
2445 4211 2457 4247 :
2491 4194 2575 4248 cui
2629 4191 2862 4247 Ecclesia
2910 4189 3020 4260 ipsa
3052 4231 3066 4254 ,
3118 4188 3271 4258 cujus

1688 4294 1929 4353 membra
1975 4300 2120 4358 sunt,
2167 4289 2367 4358 conjnx.
2404 4296 2513 4352 est;
2559 4301 2678 4356 qua:
2730 4283 2887 4349 lidei,
2939 4281 3091 4353 spei,
3143 4282 3273 4334 elia-

1687 4389 1859 4446 ritatis
1888 4386 2221 4458 integritate,
2271 4398 2376 4436 non
2423 4382 2474 4436 in
2525 4379 2654 4435 solis
2699 4377 2995 4448 virginibus
3047 4371 3268 4438 sanctis,

1689 4479 1786 4536 sed
1814 4479 1974 4534 etiam
2003 4477 2055 4531 in
2089 4474 2262 4530 viduis
2283 4481 2335 4526 et
2360 4471 2657 4541 cunjugatis
2686 4467 2951 4531 ﬁdelibus,
2979 4473 3086 4519 tota
3117 4463 3267 4532 virgo

1690 4579 1790 4628 est.
1817 4569 2085 4627 Universae
2111 4566 2305 4637 quippe
2326 4563 2602 4627 Ecclesiae,
2623 4560 2776 4630 cujus
2797 4558 2882 4613 illa
2901 4556 3078 4612 omnia
3106 4567 3278 4607 meru-

1690 4664 1786 4720 bra
1815 4673 1972 4730 sunt,
2019 4659 2308 4732 Apostolus
2333 4657 2461 4712 dicit
2488 4673 2500 4708 :
2533 4654 2712 4724 Aptari
2737 4667 2823 4705 vos
2853 4650 2944 4704 uni
2968 4651 3076 4702 viro
3120 4646 3273 4717 virgi-

1693 4774 1806 4813 nem
1832 4766 2021 4811 castam
2046 4753 2276 4808 exhibere
2298 4750 2497 4806 Christo
2526 4746 2591 4819 (ll
2617 4743 2736 4801 Cor.
2769 4759 2841 4809 x1,
2867 4741 2951 4813 2).
2989 4741 3147 4796 Novit
3175 4755 3274 4794 au-
3366 4769 3372 4777 -

1695 4857 1801 4903 tem
1831 4847 1922 4902 ille
1958 4845 2236 4914 conjugem
2265 4841 2522 4910 virginem
2567 4836 2682 4890 sine
2711 4833 3053 4903 corruptione
3079 4831 3277 4894 l'etare,

1695 4954 1851 5010 quem
1881 4939 1932 4993 in
1955 4938 2066 5006 ipsa
2094 4935 2252 4990 etiam
2281 4946 2439 4987 carne
2467 4929 2636 5000 potuit
2657 4934 2824 4981 mater
2841 4926 2956 4980 sine
2981 4923 3282 4993 corruptio-

1695 5047 1765 5087 ne
1790 5042 2089 5101 procreare.
2125 5025 2208 5080 Fit
2253 5033 2427 5077 autem
2474 5035 2569 5090 per
2596 5020 2734 5072 hanc
2768 5016 2944 5071 minus
2972 5014 3284 5070 considam-

1696 5135 1802 5181 tam
1830 5121 2134 5193 opinionem
2155 5159 2169 5183 ,
2201 5133 2303 5187 qua
2337 5122 2522 5184 putant
2555 5113 2821 5183 lapsarum
2865 5123 2896 5164 a
2942 5115 3128 5163 sancto
3157 5120 3282 5174 pro-

1698 5215 1870 5290 posito
1908 5210 2228 5266 feminarum
2252 5251 2265 5271 ,
2297 5206 2342 5262 si
2366 5203 2666 5274 nupserim,
2707 5215 2814 5257 non
2846 5214 2967 5255 esse
2992 5195 3237 5265 conjugia
3259 5233 3274 5259 ,

1697 5322 1803 5362 non
1826 5318 2043 5376 parvum
2067 5301 2264 5356 malum
2286 5341 2299 5366 ,
2331 5306 2392 5352 ιιι
2431 5313 2460 5351 a
2506 5295 2710 5350 maritis
2737 5301 3058 5363 separentur
3089 5300 3283 5342 uxores

1697 5397 1847 5469 quasi
1875 5394 2130 5449 adulterae
2173 5391 2309 5458 sint,
2343 5404 2448 5444 non
2486 5401 2720 5451 uxores;
2749 5392 2803 5440 et
2832 5396 2953 5438 cum
2982 5378 3164 5433 volunt
3191 5389 3286 5430 eas

1699 5495 1967 5558 separatas
1983 5483 2205 5540 reddere
2231 5479 2594 5542 continentiae,
2619 5476 2820 5533 faciunt
2847 5471 3070 5527 maritos
3098 5481 3281 5551 earum

1700 5555 1968 5636 adulteros
2015 5591 2172 5633 veros
2199 5577 2237 5641 ί,
2278 5588 2399 5628 eum
2451 5571 2562 5627 suis
2615 5565 2870 5626 uxoribus
2909 5559 3042 5616 vivis
3088 5555 3286 5614 alteras

1699 5671 1966 5728 duxerint.

1766 5789 1784 5819 ³
1801 5792 1872 5834 Er.
1895 5789 1946 5833 et
1969 5782 2192 5846 uerique
2209 5787 2333 5841 Mss,
2361 5775 2505 5829 viros.
