3880 6284
595 409 694 471 ιόξ)

657 522 882 579 CAPUT
915 519 1001 576 XI.
1022 550 1091 562 --
1114 519 1199 574 14.
1228 517 1425 589 Lapsus
1443 533 1476 569 a
1497 525 1670 571 sancto
1691 516 1952 587 proposito
1983 516 2165 579 malus,

588 616 781 685 nuptia:
809 623 973 668 tamen
999 613 1261 682 lapsorum
1279 610 1441 664 (tanta.
1469 608 1803 678 Quapropter
1832 623 1935 664 non
1957 622 2176 677 possum

587 706 800 776 quidem
831 705 1029 768 dicere,
1052 719 1082 758 a
1114 703 1386 774 proposito
1414 702 1635 755 meliore
1662 702 1866 770 lapsas,
1898 700 1944 755 si
1976 713 2176 770 nupse-

587 798 713 863 rint,
764 796 987 852 feminas
1012 837 1027 859 ,
1088 792 1349 849 adulteria
1400 807 1526 848 esse
1548 832 1564 857 ,
1617 806 1726 846 non
1762 789 2006 860 conjugia
2039 807 2053 843 :
2082 788 2175 844 sed

545 879 564 892 “
587 892 742 959 plane
771 904 879 943 non
908 887 1258 942 dubitaverim
1289 884 1499 947 dicere,
1526 884 1705 953 lapsus
1727 889 1782 938 et
1807 882 1989 938 ruinas
2018 896 2048 935 a
2079 895 2171 936 ca-

586 981 765 1034 stitate
788 979 1072 1042 sanctiore,
1097 992 1216 1046 qua:
1242 986 1463 1030 voretur
1482 974 1729 1042 Domino,
1752 973 2029 1028 adulteriis
2054 987 2175 1028 esse

586 1070 817 1141 pejores.
841 1068 895 1123 Si
923 1069 1087 1130 enim,
1119 1065 1262 1136 quod
1294 1065 1443 1121 nullo
1485 1065 1647 1120 modo
1674 1064 2027 1121 dubitandum
2054 1072 2136 1119 est
2154 1107 2169 1131 ,

583 1162 652 1216 ad
678 1160 1032 1216 offensionem
1061 1157 1259 1213 Christi
1285 1157 1549 1226 pertinet,
1575 1171 1696 1212 cum
1725 1155 2025 1211 membrum
2052 1154 2171 1224 ejus

587 1252 745 1307 fidem
774 1265 878 1305 non
902 1258 1077 1305 servat
1107 1250 1298 1303 marito
1323 1265 1338 1315 ;
1366 1256 1567 1318 quanto
1610 1247 1825 1318 gravius
1861 1246 2170 1312 offenditur,

584 1357 706 1400 cum
733 1343 807 1397 illi
835 1342 934 1412 ipsi
961 1336 1070 1396 non
1091 1349 1336 1396 servatur
1361 1339 1494 1395 fides
1515 1340 1568 1393 in
1591 1354 1658 1395 eo
1678 1338 1822 1408 quod
1842 1338 2007 1409 exigit
2022 1338 2174 1393 obla-

536 1473 545 1483 .
584 1444 697 1489 tum
716 1475 732 1501 ,
762 1434 853 1504 qui
884 1449 989 1488 non
1013 1440 1265 1503 exegerat
1287 1430 1658 1487 offerendum?
1686 1430 1821 1486 Cum
1846 1430 1990 1484 enim
2013 1431 2169 1501 quis-

584 1542 691 1597 que
717 1541 819 1581 non
850 1524 1042 1591 reddit,
1084 1523 1228 1594 quod
1280 1537 1389 1577 non
1431 1521 1659 1593 imperio
1709 1522 2041 1592 compulsus,
2074 1521 2169 1577 sed

582 1616 811 1677 consilio
838 1615 1197 1671 commonitus
1223 1614 1399 1679 vovit;
1419 1621 1567 1667 tanto
1586 1613 1755 1683 magis
1784 1612 2011 1668 fraudati
2059 1613 2170 1668 voti

582 1716 741 1779 auget
760 1708 1087 1778 iniquitatem
1106 1747 1122 1770 ,
1146 1713 1347 1776 quanto
1375 1704 1553 1760 minus
1593 1703 1779 1759 habuit
1808 1704 2038 1759 vovendi
2068 1719 2169 1759 ne-

582 1800 909 1855 cessitatem.
941 1796 1066 1852 llaec
1091 1796 1210 1852 ideo
1233 1796 1447 1867 disputo
1463 1837 1478 1863 ,
1502 1809 1568 1851 ne
1596 1795 1873 1851 arbitreris
1884 1797 1965 1851 vel
1980 1811 2171 1852 secun-

583 1889 680 1945 das
706 1889 916 1957 nuptias
943 1887 1144 1943 crimen
1170 1902 1289 1943 esse
1308 1928 1325 1955 ,
1375 1887 1462 1943 vel
1509 1902 1870 1958 quascumque
1913 1889 2125 1959 nuptias
2148 1931 2166 1957 ,

582 1994 705 2034 cum
733 1981 840 2034 sint
868 1978 1093 2050 nuptiae,
1123 1978 1321 2032 malum
1346 1992 1467 2034 esse
1495 1979 1534 2030 ι.
1565 1976 1681 2034 Νοη
1713 1978 1893 2049 itaque
1922 1979 2039 2034 illas
2069 1979 2167 2036 abs

583 2076 637 2124 te
655 2067 933 2124 damnatas
960 2068 1093 2123 velis
1116 2082 1258 2134 csse,
1282 2066 1377 2123 sed
1406 2075 1634 2138 spretas.
1658 2067 1862 2122 Bonum
1884 2083 2014 2139 ergo
2037 2084 2167 2124 con-

581 2159 820 2217 tinentiae
847 2158 1076 2213 vidualis
1116 2157 1435 2213 luculentius
1472 2157 1646 2224 decet,
1685 2172 1805 2213 cum
1832 2172 1930 2226 pro
1959 2158 2049 2214 illo
2074 2174 2168 2214 vo-

583 2249 758 2307 vendo
783 2259 836 2306 et
865 2249 1162 2321 profitendo
1181 2257 1411 2321 possunt
1433 2258 1779 2305 contemnere
1795 2248 2010 2306 feminae
2025 2250 2166 2320 quod

492 2396 493 2399 η
582 2352 639 2401 et
663 2342 792 2399 libet
818 2353 870 2399 et
899 2344 1045 2398 licet.
1075 2341 1186 2397 Sed
1221 2352 1340 2412 post
1367 2342 1474 2397 voti
1503 2342 1886 2412 professionem
1919 2358 2167 2412 perseve-

581 2444 764 2491 ranter
791 2434 1105 2491 frenaudum
1126 2444 1181 2491 et
1201 2434 1520 2491 vincendum
1550 2444 1634 2490 est
1663 2435 1805 2506 quod
1835 2435 2000 2501 libet,
2046 2435 2164 2506 quia

580 2527 692 2598 jam
715 2544 820 2583 non
851 2528 993 2584 licet.

652 2620 878 2678 CAPUT
896 2620 1171 2678 BNL—15.
1188 2619 1377 2677 Nullas
1386 2621 1681 2694 quotaslibet
1696 2623 1897 2694 nuptias
1913 2622 2165 2677 damnan-

580 2712 674 2768 das
700 2729 825 2769 esse.
860 2713 932 2768 De
970 2714 1138 2768 tertiis
1163 2721 1218 2769 et
1242 2713 1309 2768 de
1335 2715 1540 2784 quartis
1564 2723 1620 2769 et
1650 2712 1719 2769 de
1756 2715 1893 2769 ultra
1927 2714 2165 2784 pluribus

580 2806 779 2875 nuptiis
798 2805 974 2861 solent
1009 2804 1252 2861 homines
1279 2821 1496 2862 movere
1519 2807 1888 2877 quaestionem.
1928 2805 2078 2862 Unde
2109 2814 2166 2861 ut

580 2899 811 2954 breviter
825 2897 1201 2967 respondeam,
1220 2912 1318 2954 nec
1337 2898 1469 2953 ullas
1481 2898 1689 2969 nuptias
1705 2898 1876 2953 audeo
1885 2896 2159 2965 damnare,

580 3002 679 3043 nec
697 2989 774 3043 eis
789 2989 1159 3043 verecundiam
1180 2990 1578 3043 numerositatis
1594 2988 1825 3044 auferre.
1841 2988 1946 3044 Sed
1965 3005 2033 3044 ne
2048 2990 2164 3045 cui-

578 3092 737 3149 quam
759 3077 992 3134 hrevitas
1009 3078 1163 3146 hujus
1183 3078 1545 3146 responsionis
1565 3093 1698 3134 mea:
1713 3077 1849 3133 forte
1862 3077 2161 3149 displiceat,

580 3168 797 3223 uberius
816 3167 1169 3237 disputantem
1192 3167 1637 3238 reprehensorem
1660 3184 1837 3224 meum
1864 3169 2051 3226 audire
2065 3184 2161 3240 pa-

582 3268 725 3313 ratus
736 3258 1154 3314 sum.Fortassis
1165 3257 1713 3329 euimatl‘ertaliquam
1727 3259 2009 3327 rationem,
2027 3276 2159 3332 qna-

579 3364 640 3403 re
689 3348 938 3404 secunda:
968 3350 1165 3419 nuptiae
1192 3363 1297 3404 non
1327 3348 1665 3418 damnentur,
1699 3351 1867 3406 tertia:
1901 3351 2162 3408 damnen-

581 3449 685 3496 tur.
715 3440 847 3495 Nam
872 3456 991 3511 ego,
1015 3442 1150 3496 sicut
1177 3442 1227 3495 in
1257 3441 1477 3496 exordio
1501 3442 1767 3497 sermonis
1792 3441 1949 3512 hujus
1976 3444 2161 3500 admo-

582 3534 701 3599 nui,
735 3548 840 3587 non
892 3534 1064 3588 audeo
1109 3534 1226 3603 plus
1269 3548 1459 3604 sapere
1510 3550 1668 3605 quam
1708 3544 1925 3606 oportet
1964 3552 2158 3607 sapere

581 3625 754 3697 (Rom.
788 3641 883 3692 xu,
913 3625 991 3698 5).
1019 3625 1150 3693 Quis
1197 3627 1339 3681 enim
1362 3642 1504 3691 sum,
1540 3628 1631 3697 qui
1682 3637 1863 3698 putem
1906 3628 2166 3684 definien-

581 3716 729 3783 dum,
752 3717 890 3786 quod
919 3732 1017 3773 nec
1041 3718 1357 3788 Apostolum
1380 3719 1535 3775 video
1547 3719 1838 3776 definisse?
1863 3722 1954 3777 Ait
1977 3722 2121 3790 enim
2147 3741 2160 3778 :

581 3806 770 3862 Mulier
798 3808 1010 3879 alligata
1051 3818 1142 3874 est,
1173 3810 1414 3881 quamdiu
1441 3811 1516 3865 vir
1539 3811 1649 3882 ejus
1668 3812 1809 3866 vivit.
1841 3811 1956 3867 Non
1987 3813 2120 3869 dixit
2145 3857 2159 3882 ,

580 3898 821 3967 primus;
851 3909 975 3966 aut,
1006 3900 1303 3966 secundus;
1334 3910 1444 3967 aut,
1475 3902 1695 3968 tertius;
1727 3912 1838 3971 aut,
1870 3909 2160 3973 quartus’:

579 3989 704 4056 sed,
728 3989 937 4057 Mulier,
966 3991 1153 4063 inquit,
1190 3992 1404 4065 alligata
1440 4003 1535 4061 est,
1573 3995 1819 4066 quamdiu
1843 3997 1919 4050 vir
1942 3999 2053 4068 ejus
2082 3999 2159 4053 vi-

577 4082 648 4136 ait
669 4096 690 4137 :
713 4083 759 4137 si
786 4094 954 4137 autent
979 4095 1205 4141 mortuus
1229 4085 1381 4152 fuerit
1419 4088 1494 4141 vir
1530 4087 1662 4160 ejus,
1701 4089 1912 4143 liberata
1937 4100 2052 4157 est;
2080 4094 2163 4147 cui

577 4175 682 4230 vult
721 4177 911 4243 nnbat,
944 4186 1139 4232 tantum
1185 4179 1239 4232 in
1286 4178 1524 4234 Domino.
1558 4179 1763 4235 Beatior
1790 4194 1959 4237 autent
1979 4185 2092 4251 en't,
2121 4187 2166 4240 si

577 4268 651 4322 sic
675 4269 1004 4338 pernumserit
1036 4268 1075 4340 (Ι
1104 4269 1221 4324 Cor.
1252 4285 1342 4334 vn,
1377 4270 1464 4337 59,
1492 4270 1606 4341 40).
1638 4272 1774 4339 Quid
1798 4273 1920 4329 huic
1947 4289 2164 4332 sentcn-

581 4358 669 4413 tiae
689 4401 703 4423 ,
735 4366 990 4429 quantum
1021 4359 1087 4413 ad
1119 4359 1255 4414 hanc
1283 4375 1395 4416 rem
1428 4362 1637 4427 attinet,
1680 4362 1801 4417 addi
1833 4365 1911 4419 vel
1953 4365 2163 4422 dett-abi

577 4447 767 4518 possit,
802 4448 1011 4516 ignoro.
1032 4447 1230 4503 Deinde
1259 4449 1432 4519 ipsum
1462 4465 1674 4521 quoque
1698 4454 2074 4523 Apostolorum
2095 4472 2161 4515 ac

578 4547 823 4596 nostrum
851 4539 1159 4611 Magistrum
1210 4547 1265 4595 et
1316 4540 1599 4597 Dominum
1647 4543 1805 4599 audio
1856 4545 2164 4605 Sadducaeis

580 4634 995 4704 respondentem
1024 4676 1040 4701 ,
1091 4649 1214 4690 cum
1259 4635 1672 4706 proposuissent
1727 4639 2009 4695 mulierem
2053 4657 2159 4697 non

579 4726 842 4781 univiram
868 4728 948 4784 vel
978 4727 1233 4792 biviram,
1277 4726 1372 4783 sed
1398 4768 1415 4796 ,
1466 4726 1513 4783 si
1547 4727 1652 4783 dici
1698 4738 1896 4799 potest,
1946 4732 2165 4802 septivi-

579 4830 694 4870 ram
716 4857 732 4881 ,
757 4816 810 4869 in
844 4819 1235 4875 resurrectione
1254 4818 1405 4889 cujus
1430 4817 1605 4875 futura
1632 4829 1777 4877 esset
1797 4837 1950 4876 uxor.
1983 4822 2162 4880 Incre-

580 4920 712 4974 pans
741 4905 881 4960 enim
910 4922 1035 4972 eos,
1065 4911 1139 4963 ait
1165 4926 1178 4963 :
1212 4906 1435 4978 Erratis,
1470 4926 1572 4965 non
1597 4911 1809 4967 scientes
1836 4911 2155 4984 Scripturas,

580 5013 740 5068 neque
758 4999 986 5053 uirtutem
1010 4999 1126 5054 Dei.
1150 4999 1217 5055 In
1256 5002 1622 5057 resurrectione
1658 5004 1792 5058 enim
1837 5020 1927 5058 nec
1952 5004 2159 5072 nubent,

582 5106 673 5143 nec
710 5104 891 5143 mres
915 5088 1098 5143 ducent
1121 5105 1140 5143 :
1164 5107 1265 5145 non
1290 5092 1424 5146 enim
1448 5093 1689 5163 incipient
1715 5096 1866 5162 mori,’
1893 5097 1981 5151 sed
2017 5108 2163 5153 erunt

580 5179 798 5250 aequales
823 5180 1029 5251 Angelis
1055 5180 1147 5234 Dei
1179 5181 1390 5254 (Matth.
1409 5199 1540 5251 xm,
1557 5184 1626 5241 '29
1645 5196 1690 5240 et
1708 5185 1820 5258 50).
1852 5187 2046 5243 Eorum
2065 5189 2164 5243 ita-

579 5289 686 5345 que
707 5274 1152 5329 resurrectionem
1176 5278 1642 5345 commemoravit,
1666 5279 1756 5347 qui
1779 5290 2061 5351 resurgeut
2090 5281 2157 5336 ad

578 5369 763 5431 vitam,
794 5381 897 5419 non
926 5364 1016 5434 qui
1047 5376 1323 5436 resurgent
1350 5365 1417 5421 ad
1457 5383 1690 5436 penam.
1722 5368 2047 5441 Potuitergo
2074 5371 2156 5425 di-

576 5470 703 5512 cere
720 5498 736 5521 ,
778 5456 982 5511 Erratis
999 5497 1014 5521 ,
1041 5457 1337 5537 nescientes
1362 5456 1684 5528 Scripturas.
1713 5475 1886 5530 neque
1907 5462 2156 5518 virtutem

579 5550 709 5615 Dei;
741 5550 792 5604 in
825 5549 911 5604 illa
946 5552 1085 5604 enim
1116 5549 1507 5607 resurrectione
1545 5552 1857 5633 multinubae
1894 5554 2009 5609 ista:
2039 5569 2160 5613 esse

642 5705 796 5774 “uate
818 5705 989 5774 verba,
1011 5703 1091 5774 vel
1107 5716 1431 5774 quascumque
1450 5701 1657 5770 nuptias,
1683 5718 1794 5758 cum
1828 5707 1922 5761 sint
1954 5708 2155 5774 nuptiae,

528 5776 531 5779 ‘
575 5765 762 5819 malum
782 5779 903 5828 esse,
926 5767 1100 5828 absunt
1119 5764 1149 5814 ξι
1173 5764 1422 5828 plerisque
1448 5764 1551 5817 Mss.

646 5830 666 5860 ⁸
687 5826 808 5876 Libri
827 5825 1039 5890 quidam,
1055 5833 1137 5875 aut
1160 5825 1458 5891 Quotuslibet.

1824 399 1879 456 S.
1922 395 2280 455 AUGUSTINI
2323 394 2619 452 EPISCUPI
3746 396 3823 456 uo

2288 523 2392 563 non
2420 517 2670 580 poterunt
2695 529 2708 567 :
2737 508 2929 567 deinde
2955 510 3173 575 addere,
3195 512 3317 584 quia
3344 531 3441 572 nec
3465 516 3640 588 aliqua
3666 517 3728 573 ibi
3754 536 3822 574 utr

2284 599 2381 654 bit.
2403 600 2509 656 Sed
2540 616 2637 656 nec
2666 601 2857 671 ipsam,
2892 611 2948 656 ut
2979 603 3218 658 videmus
3239 647 3254 670 ,
3294 613 3370 660 tot
3395 608 3696 662 maritorum
3724 626 3818 663 tmt-

2282 689 2468 746 lierem
2500 692 2602 746 ulla
2644 706 2756 746 suae
2802 694 3081 760 sententia:
3127 696 3521 766 signiﬁcatione
3569 698 3816 756 damnavit.

2284 779 2616 852 Quapropter
2650 797 2750 839 nec
2777 793 2960 839 contra
3008 785 3253 842 humana:
3280 789 3617 843 verecundia:
3643 805 3820 846 sensum

2281 872 2455 928 audeo
2487 872 2669 928 dicere
2689 916 2705 939 ,
2740 884 2797 929 ut
2822 875 3032 945 quoties
3060 876 3327 943 voluerit,
3353 880 3485 933 viris
3510 881 3724 936 mortuis
3746 898 3823 934 nu-

2281 963 2372 1018 bat
2398 963 2590 1018 femina
2625 984 2639 1020 :
2668 979 2767 1020 nec
2790 980 2856 1020 ex
2887 982 3008 1022 meo
3032 967 3192 1022 corde
3221 978 3417 1037 prazter
3442 969 3720 1040 Scriptura:
3734 987 3827 1025 san.

2281 1061 2381 1108 ctu:
2423 1054 2792 1110 auctoritatem
2828 1057 3148 1128 quotaslibet
3178 1060 3195 1090 ί
3218 1059 3435 1129 nuptias
3460 1061 3634 1116 audeo
3673 1064 3828 1117 coinlc-
3868 1078 3869 1137 ι

2281 1160 2484 1201 mnare.
2517 1145 2670 1214 Quod
2709 1157 2887 1202 autem
2936 1147 3057 1203 dico
3104 1149 3324 1204 univira:
3351 1150 3551 1218 vidum,
3598 1152 3695 1208 hoc
3735 1155 3826 1208 dico
3868 1148 3869 1199 ἓ

2281 1236 2426 1289 omni
2454 1236 2626 1291 vidua:
2655 1254 2667 1289 :
2693 1236 2899 1292 beatior
2924 1238 3051 1304 eris,
3078 1239 3124 1293 si
3151 1239 3228 1294 sic
3255 1242 3642 1310 permanseris.

2349 1328 2576 1384 CAPUT
2604 1328 2740 1383 XIII.
2764 1360 2836 1369 —
2860 1329 2945 1384 i6.
2988 1328 3205 1384 Viduam
3226 1331 3436 1386 bivirant
3463 1332 3732 1403 aliquando
3751 1353 3829 1388 esse

2279 1418 2646 1489 prteferendam
2671 1421 2901 1476 univira.
2946 1420 3224 1476 Viduarwn
3255 1424 3431 1478 merita
3460 1441 3530 1479 ea:
3562 1425 3714 1496 ipsius
3734 1443 3827 1479 con-

2278 1512 2499 1567 tinentia:
2544 1513 2730 1568 viribus
2776 1514 3056 1586 pensanda.
3108 1512 3239 1570 Nam
3293 1526 3349 1572 et
3396 1516 3532 1572 illud
3584 1533 3689 1572 non
3727 1518 3825 1572 insi-
3868 1546 3869 1559 ι

2277 1602 2485 1673 pienter
2512 1604 2735 1674 proponi
2762 1606 2934 1673 solet,
2973 1614 3027 1659 ut
3060 1606 3203 1661 dicat
3239 1607 3331 1678 qui
3367 1616 3585 1678 potest,
3620 1624 3824 1678 qua‘uzutt
3868 1628 3869 1678 ;

2277 1691 2433 1747 vidua
2472 1694 2675 1748 meritis
2713 1693 3046 1764 praeferenda
3085 1696 3154 1750 sit
3196 1713 3209 1750 :
3250 1706 3427 1752 utrum
3470 1698 3711 1763 univira,
3736 1715 3822 1769 quae

2275 1798 2398 1840 cum
2427 1784 2647 1840 vixisset
2671 1785 2869 1840 diutius
2890 1801 3010 1841 cum
3042 1787 3255 1855 marito,
3289 1787 3413 1843 filiis
3442 1792 3730 1860 procreatis
3751 1792 3825 1844 Sal-

2274 1876 2460 1947 visque
2488 1877 2723 1944 viduata,
2745 1879 3122 1934 continentiam
3153 1880 3391 1949 professa
3422 1893 3539 1948 est;
3567 1897 3637 1936 an
3664 1898 3717 1936 ea
3736 1898 3822 1952 qua:

2274 1967 2674 2025 adolescentula
2705 1968 2841 2024 intra
2873 1972 3007 2026 duos
3030 1986 3198 2028 annos
3231 1974 3442 2029 amissis
3463 1975 3676 2030 duobus
3694 1976 3819 2037 viris,

2275 2060 2436 2117 nullis
2476 2061 2543 2117 ad
2591 2061 3006 2117 consolationem
3052 2065 3385 2121 exstantibus
3433 2065 3653 2131 liberis,
3693 2068 3823 2121 conti-

2274 2150 2507 2207 nentiam
2536 2151 2645 2206 Deo
2667 2152 2829 2220 vovit,
2853 2159 2907 2207 et
2933 2152 2984 2207 in
3009 2169 3068 2208 ea
3099 2155 3630 2224 perseverantissimo
3660 2156 3819 2211 sancti-

2276 2250 2380 2298 tate
2404 2243 2703 2299 conscnuit.
2740 2245 2839 2300 Hic
2863 2260 2922 2300 se
2955 2258 3269 2314 exerceant,
3296 2248 3340 2302 si
3382 2258 3645 2318 possunt,
3677 2248 3820 2318 dispu.

2274 2334 2455 2404 tando,
2485 2343 2541 2391 et
2568 2335 2722 2392 nobis
2741 2336 2940 2408 aliquid
2962 2338 3397 2405 demonstrando,
3424 2342 3517 2410 qtti
3542 2340 3612 2396 de
3641 2358 3820 2395 numero

2272 2425 2504 2481 virorum
2531 2468 2545 2495 ,
2580 2442 2687 2482 non
2725 2426 2791 2482 de
2828 2427 2994 2499 ipsius
3030 2429 3371 2484 continentia:
3403 2430 3609 2487 viribus
3634 2440 3819 2502 pensant

2270 2521 2460 2573 merita
2486 2517 2788 2575 viduarum.
2819 2519 2874 2576 Si
2901 2521 3044 2575 enim
3075 2520 3342 2589 dixerint,
3376 2521 3450 2577 illi
3497 2522 3677 2578 bivira:
3709 2523 3815 2577 illam

2273 2608 2532 2664 univiram
2557 2623 2680 2665 esse
2709 2609 3093 2681 prteferendam
3115 2629 3129 2676 ;
3152 2612 3251 2668 nisi
3269 2612 3551 2669 attulerint
3575 2613 3815 2684 specialem

2270 2700 2499 2772 aliquam
2540 2699 2802 2756 rationem
2849 2701 2929 2758 vel
2973 2705 3339 2759 auctoritatem
3367 2744 3383 2772 ,
3426 2703 3667 2775 proiecto
3704 2705 3815 2759 inve-

2271 2792 2485 2848 nientur
2518 2792 2699 2847 virtuti
2741 2792 2904 2849 animi
2943 2809 3047 2850 non
3088 2794 3344 2866 majorem
3374 2796 3629 2852 virtutem
3655 2797 3812 2862 animi,

2268 2882 2366 2940 sed
2408 2885 2587 2940 carnis
2643 2885 2953 2941 felicitatem
3008 2896 3354 2958 anteponam.
3411 2887 3496 2942 Ad
3548 2886 3813 2943 felicitatem

2268 2974 2467 3046 quippe
2506 2976 2685 3032 carnis
2725 2977 3013 3047 pertinuit,
3044 2987 3099 3033 et
3123 2978 3215 3033 diu
3244 2994 3366 3034 cum
3401 2978 3520 3035 viro
3557 2980 3753 3045 vivere,
3776 2991 3813 3033 et

2268 3065 2408 3121 filios
2442 3082 2742 3136 procreare.
2774 3067 2878 3125 Sed
2907 3068 2953 3123 si
2991 3085 3095 3123 non
3124 3085 3242 3126 eam
3272 3071 3343 3125 ob
3377 3070 3482 3126 hoc
3512 3082 3811 3143 pra-ponunt.

2269 3150 2393 3226 quia
2423 3157 2801 3227 filioshabuit;
2844 3159 3074 3230 idipsum
3103 3170 3250 3216 certe
3273 3160 3415 3233 quod
3450 3162 3542 3217 diu
3580 3178 3694 3218 cum
3728 3163 3811 3215 viro

2268 3250 2432 3317 vixit,
2473 3250 2601 3322 quid
2625 3252 2769 3307 aliud
2797 3268 2953 3323 quam
2981 3255 3159 3309 carnis
3189 3253 3412 3310 felicitas
3440 3254 3575 3309 fuit?
3611 3255 3807 3310 Meritum

2268 3358 2432 3415 porro
2453 3346 2620 3400 Anna:
2641 3345 2781 3402 illius
2801 3362 2864 3401 eo
2886 3347 3114 3401 maxime
3135 3347 3559 3412 commendatur,
3589 3349 3701 3420 quia
3720 3363 3807 3401 cum

2270 3444 2377 3491 tam
2400 3436 2506 3492 cito
2529 3436 2812 3493 extulisset
2836 3438 3029 3506 virum,
3061 3454 3154 3508 per
3182 3439 3440 3508 prolixam
3471 3448 3675 3495 mtatcm
3693 3454 3806 3492 suam

2268 3528 2361 3585 diu
2386 3544 2508 3585 cum
2536 3545 2697 3585 carne
2722 3529 2995 3598 conflixit,
3024 3541 3079 3585 et
3102 3532 3249 3586 vicit.
3288 3530 3377 3588 Sic
3416 3532 3558 3587 enim
3599 3531 3805 3601 scriptum

2268 3627 2352 3676 est
2380 3638 2394 3675 :
2423 3619 2493 3674 Et
2517 3630 2623 3674 erat
2650 3624 2796 3675 Anna
2832 3621 3149 3691 prOphetissa
3181 3622 3291 3692 ﬁlia
3323 3621 3587 3689 Phanuel,
3624 3622 3682 3675 de
3707 3620 3805 3672 tribu

2268 3712 2395 3768 Aser
2426 3728 2446 3768 :
2468 3713 2577 3769 lucc
2598 3723 2907 3784 processerat
2937 3715 2987 3769 in
3017 3714 3086 3768 ἀὶι
3100 3715 3188 3769 bus
3216 3714 3384 3769 multis
3407 3757 3423 3781 ,
3452 3724 3499 3769 et
3525 3715 3703 3770 vixerat
3720 3728 3804 3766 t'ttttl

2268 3806 2374 3861 viro
2404 3822 2496 3861 suo
2523 3806 2671 3860 annis
2695 3815 2885 3875 septem
2921 3824 2953 3861 a
2992 3807 3275 3878 uirginitate
3301 3823 3394 3861 sua
3406 3823 3428 3873 ;
3467 3818 3515 3862 et
3556 3807 3656 3860 hac
3690 3804 3805 3858 titius

2268 3912 2426 3969 usque
2448 3896 2516 3952 ad
2549 3914 2709 3953 annos
2742 3899 2995 3971 octoginta
3018 3908 3233 3968 quatuor
3251 3941 3265 3964 ,
3295 3915 3409 3970 quae
3444 3916 3542 3953 non
3568 3896 3803 3953 discedebat

2268 3987 2333 4042 de
2359 3988 2546 4060 templo
2566 4030 2581 4054 ,
2598 3989 2815 4060 jejuniis
2852 3998 2901 4044 et
2935 3988 3357 4044 obsecrationibus
3381 3990 3594 4044 serviens
3618 3997 3740 4042 nocte
3760 4000 3802 4035 ac

2269 4079 2352 4133 die
2382 4076 2544 4152 (Luc.
2577 4094 2644 4146 ll,
2686 4079 2788 4143 56.
2836 4077 2961 4146 ‘57).
3000 4077 3159 4134 Vides
3196 4079 3635 4150 quemadmodum
3661 4086 3800 4133 sancta

2271 4170 2426 4227 vidua
2453 4187 2557 4227 non
2586 4171 2758 4227 solum
2785 4186 2851 4226 eo
2883 4171 3202 4242 prtcdicatur
3242 4172 3383 4243 quod
3412 4172 3615 4228 univira
3650 4168 3798 4228 fuerit.

2269 4276 2454 4318 verum
2482 4262 2647 4317 etiam
2676 4261 2817 4331 quod
2850 4277 3047 4332 paucos
3085 4279 3253 4319 annos
3283 4279 3405 4320 cum
3437 4265 3622 4319 marito
3653 4259 3798 4316 vixerit

2267 4367 2299 4408 a
2325 4352 2626 4423 virginitate
2656 4366 2781 4419 sua,
2817 4362 2872 4408 et
2898 4353 3124 4409 vidualis
3167 4353 3511 4410 continentia:
3542 4368 3712 4408 munus
3733 4365 3778 4403 us

2268 4459 2373 4515 que
2417 4442 2483 4498 ad
2530 4450 2727 4498 tantam
2774 4453 3101 4499 senectutem
3149 4452 3291 4499 tanta
3344 4444 3558 4515 pietatis
3597 4443 3798 4499 scrtitute

2268 4534 2595 4604 perduxerit.

2338 4625 2565 4682 CAPUT
2594 4624 2734 4682 XIV.
2772 4656 2842 4666 --
2870 4629 2953 4683 i7.
2988 4625 3309 4698 Comparatio
3339 4630 3443 4683 alia
3477 4631 3602 4684 inter
3629 4625 3797 4696 tripliru

2267 4714 2464 4771 viduas.
2507 4715 2733 4772 Juliana:
2770 4716 2934 4772 vidua:
2959 4718 3056 4772 tria
3082 4726 3284 4788 exoptat
3323 4736 3438 4790 qua:
3464 4721 3619 4774 Anna:
3638 4719 3796 4788 fuerat“

2269 4812 2418 4866 bona.
2458 4809 2857 4866 Constituamus
2900 4811 3059 4882 igitur
3101 4820 3225 4866 ante
3268 4813 3457 4867 oculos
3504 4821 3693 4867 nostros
3732 4804 3791 4857 νὶ-

2268 4903 2402 4960 duas
2423 4910 2561 4970 tres,
2590 4900 2848 4957 habentes
2874 4902 3081 4973 singula
3113 4918 3297 4957 eorum
3333 4919 3454 4972 qua:
3486 4902 3605 4958 huic
3637 4901 3792 4955 inerant

2269 4994 2446 5050 omnia
2480 5011 2493 5046 :
2524 5009 2680 5048 unam
2710 5008 2968 5063 ponamus
3006 4994 3264 5047 univiram
3288 5035 3303 5061 ,
3335 4994 3420 5049 cui
3448 4995 3583 5050 desit
3609 5002 3653 5048 et
3685 4996 3791 5042 tanta

2268 5083 2548 5154 prolixitas
2576 5082 2864 5150 viduitatis,
2897 5082 3037 5153 quod
3063 5082 3151 5137 diu
3180 5097 3301 5137 cum
3334 5085 3528 5139 marito
3561 5080 3733 5138 vixerit,
3755 5080 3792 5126 el

2271 5182 2474 5230 tantum
2505 5173 2738 5229 studium
2767 5173 2996 5242 pietatis,
3024 5173 3164 5244 quod
3198 5189 3303 5229 non
3333 5174 3406 5229 ita
3430 5173 3636 5245 jejuniis
3659 5180 3701 5226 et
3720 5164 3790 5217 ob'

2270 5263 2659 5320 secrationibus
2680 5264 2879 5319 serviat
2911 5282 2924 5319 :
2953 5264 3196 5332 alteram,
3230 5280 3363 5335 quur
3376 5275 3495 5335 post
3523 5262 3692 5334 prioris
3710 5270 3788 5310 ma-

2272 5356 2360 5411 riti
2380 5354 2749 5411 brevissimam
2771 5355 2954 5420 vitam,
2971 5357 3131 5410 etiam
3154 5357 3444 5411 secundum
3467 5358 3568 5411 cito
3581 5347 3783 5409 amiserit,

2271 5456 2327 5505 et
2350 5447 2599 5503 diuturna
2626 5455 2783 5502 aetate
2810 5447 2880 5503 sit
2902 5448 3091 5514 vidua,
3120 5446 3215 5502 sed
3243 5447 3406 5503 etiam
3448 5449 3556 5518 ipsa
3581 5459 3672 5501 non
3699 5447 3782 5493 tan-

2273 5549 2378 5596 tam
2405 5540 2497 5595 det
2516 5552 2732 5610 operam
2751 5540 3077 5609 jejuniorum
3108 5550 3161 5595 et
3184 5541 3600 5597 obsecrationum
3625 5528 3781 5600 religio'

2272 5632 2496 5687 sissimac
2517 5631 2759 5686 servituti
2787 5647 2799 5683 :
2826 5631 3056 5697 tertiam,
3081 5646 3197 5701 qum
3227 5647 3329 5686 non
3356 5634 3522 5687 solum
3545 5630 3662 5683 duos
3678 5620 3780 5673 viros

2273 5722 2547 5788 habuerit,
2588 5720 2682 5776 sed
2722 5722 2881 5776 etiam
2924 5738 3045 5776 cum
3085 5723 3342 5778 ambobus
3386 5717 3689 5792 singillatim.
3717 5703 3778 5759 τά

2348 5835 2361 5865 ι
2384 5834 2456 5883 sic
2479 5841 2584 5884 Mss.
2616 5840 2667 5884 Αι
2684 5832 2818 5893 editi,
2841 5831 3175 5894 quantaslibet.
