3880 6284
110 447 186 507 ιιι
1190 417 1275 476 DE
1314 413 1494 471 BONO
1538 405 1924 466 VlDUlTATlS
1962 404 2181 462 LIBER.

108 579 202 618 cum
225 558 384 626 aliquo
409 564 592 607 eorum
616 542 812 600 diutius
840 536 1052 602 vixerit,
1079 542 1134 590 et
1159 530 1458 603 posteriore
1485 533 1640 581 :etate

108 624 376 712 vitluata,_in
403 655 504 712 qua
534 636 745 708 quidem
772 633 813 686 si
843 630 1044 684 nubere
1067 625 1339 684 voluisset,
1375 625 1554 689 posset
1589 624 1644 670 et

108 743 216 796 ﬁlius
249 708 549 806 procreare,
583 723 871 792 susceperit
909 714 1293 773 continentiam
1335 708 1642 767 vidualcm;

105 831 178 887 sed
210 797 315 897 plus
347 825 546 876 intenta
584 819 632 872 in
681 817 847 869 Deum
869 853 881 875 .
922 810 1040 880 plus
1065 808 1133 861 sit
1167 803 1392 859 sollicita
1423 816 1539 871 qum
1571 797 1645 851 illi

107 891 307 992 placeant
334 914 554 968 actitare
577 951 590 974 ,
620 907 705 962 die
734 921 796 959 ac
823 915 980 958 nocte
1007 901 1143 955 sicut
1174 897 1324 950 Anna
1347 891 1565 962 jejuniis
1595 895 1649 943 et

105 989 516 1068 obsecrationibus
565 999 824 1056 serviens.
877 996 934 1051 Si
988 989 1348 1048 contendatur
1401 997 1646 1055 quaenam

106 1112 285 1163 istarum
319 1101 384 1156 sit
426 1097 636 1152 meritis
670 1094 877 1164 potior,
923 1089 1042 1159 quis
1086 1102 1191 1140 non
1233 1082 1412 1136 videat
1452 1079 1504 1133 in
1549 1077 1651 1130 hoc

104 1196 348 1255 certamine
378 1191 611 1261 palmam
634 1185 863 1241 dandam
885 1195 1004 1236 esse
1026 1176 1212 1246 majori
1236 1169 1651 1239 ferventiorique

108 1291 286 1366 pietati?
309 1289 378 1343 lta
405 1297 461 1342 et
494 1285 541 1341 si
573 1295 682 1338 tres
715 1282 834 1336 alia:
869 1277 1283 1336 constituantur,
1311 1271 1503 1341 quibus
1527 1267 1650 1321 illo-

111 1359 200 1440 rum
224 1385 238 1414 ι
263 1380 411 1436 trium
439 1377 570 1432 bina
610 1374 773 1428 insint
791 1413 808 1434 .
836 1369 1042 1440 singula
1070 1365 1275 1429 desint;
1305 1362 1423 1432 quis
1448 1359 1655 1414 dubitet

119 1492 190 1534 eas
211 1473 434 1530 meliores
460 1469 600 1535 fore,
629 1465 820 1538 quibus
847 1457 1244 1533 praepollentius
1272 1454 1429 1509 fuerit
1457 1452 1510 1507 in
1539 1447 1654 1504 suis

115 1568 231 1624 bonis
250 1564 447 1620 duobus
476 1561 565 1630 pia
593 1556 865 1613 humilitas
885 1595 899 1622 ,
926 1562 981 1608 ut
1001 1551 1107 1605 alta
1137 1550 1204 1603 sit
1231 1544 1442 1617 pietas?

165 1657 232 1714 l8.
251 1655 392 1712 Nulla
418 1652 643 1724 quidem
664 1660 884 1704 istarum
906 1661 1001 1701 sex
1022 1643 1302 1698 viduarum
1326 1648 1430 1693 tua:
1451 1647 1655 1690 normae

107 1750 388 1819 sdzequatur.
435 1743 518 1798 Tu
567 1741 713 1797 enim
756 1740 801 1793 si
845 1737 948 1792 hoc
993 1743 1175 1790 votum
1219 1729 1287 1785 ad
1325 1733 1655 1785 senectutem

107 1856 240 1912 usque
275 1835 616 1909 perduxeris,
660 1833 838 1888 omnia
875 1829 972 1884 tria
1013 1837 1166 1898 potes
1202 1823 1398 1878 habere
1421 1862 1434 1886 ,
1467 1819 1658 1889 quibus

107 1908 242 1990 Anime
261 1908 503 1986 meritum
537 1923 812 1981 excelluit.
837 1921 967 1976 Nam
992 1928 1048 1975 et
1076 1931 1237 1972 unum
1269 1915 1437 1969 virum
1467 1908 1656 1964 habui-

105 2027 186 2092 sti,
208 2035 257 2080 et
288 2037 388 2078 non
427 2020 522 2074 diu
564 2028 742 2074 tecum
776 2016 907 2070 vixit
941 2015 995 2068 in
1037 2026 1198 2068 carne
1232 2027 1245 2063 :
1274 2023 1338 2062 ac
1369 2021 1462 2075 per
1486 2004 1588 2058 hoc
1612 2001 1658 2056 si

106 2121 371 2178 exbibueris
394 2113 762 2172 obedientiam
791 2109 969 2166 verbis
993 2103 1229 2177 Apostoli
1255 2100 1504 2162 dicentis,
1535 2095 1661 2161 Quia

105 2222 241 2268 autem
264 2225 370 2264 vere
394 2207 550 2262 vidua
578 2213 650 2260 est
677 2213 723 2257 et
745 2201 996 2264 desolata,
1022 2195 1236 2267 speravit
1263 2193 1316 2246 in
1344 2190 1618 2244 Dominum
1641 2227 1658 2252 ,

106 2314 143 2360 et
172 2302 368 2377 persistit
397 2302 416 2332 ²
443 2299 498 2352 in
542 2295 860 2351 orationibus
905 2300 1050 2345 nocte
1081 2304 1142 2341 ac
1179 2285 1293 2350 die;
1339 2292 1496 2351 atque
1532 2278 1660 2334 illud

107 2371 219 2466 quod
242 2392 476 2461 sequitur
506 2387 692 2444 sobria
721 2382 992 2457 vigilantia
1018 2375 1342 2435 devitaveris
1363 2415 1378 2441 ,
1412 2371 1537 2438 Quae
1567 2386 1662 2423 au-

108 2460 182 2541 lem
204 2487 251 2539 in
275 2460 453 2537 diliciis
482 2482 626 2552 agit,
650 2479 817 2532 uiuens
847 2483 1047 2529 mortua
1069 2481 1140 2526 est
1167 2469 1223 2542 (1
1250 2467 1380 2522 Tim.
1405 2482 1456 2532 ν,
1488 2465 1542 2532 5,
1567 2460 1658 2536 6):

109 2578 253 2634 omnia
280 2579 362 2632 illa
390 2577 492 2631 tria
516 2577 659 2631 bona
681 2588 800 2643 quae
824 2570 993 2624 Anna:
1021 2565 1254 2627 fuerunt,
1287 2570 1343 2616 et
1363 2569 1450 2616 tua
1480 2565 1658 2614 erunt.

111 2668 390 2723 'fibiautem
417 2673 546 2722 sunt
585 2672 643 2719 et
685 2662 800 2726 ﬁlii,
838 2673 972 2730 quos
1011 2655 1146 2710 forte
1170 2653 1260 2707 illa
1297 2666 1402 2706 non
1431 2647 1616 2702 habuit
1646 2663 1661 2699 :

111 2775 189 2814 nec
212 2759 322 2814 ideo
347 2755 612 2812 laudanda
645 2768 704 2809 es
724 2795 740 2818 ,
768 2751 890 2823 quia
927 2763 1021 2805 eos
1050 2746 1214 2801 habes
1235 2785 1250 2812 ,
1288 2742 1380 2798 sed
1421 2741 1543 2811 quia
1581 2738 1666 2808 pie

114 2849 279 2904 nutrire
303 2858 458 2918 atque
482 2844 719 2901 educare
746 2840 949 2898 studes.
978 2837 1047 2894 Ut
1075 2838 1217 2891 enim
1253 2834 1343 2888 tibi
1378 2844 1664 2886 nasceren-

113 2949 204 3006 tur,
233 2939 598 3004 fecunditatis;
627 2944 686 2992 ut
711 2935 922 2994 vivant,
949 2918 1214 2986 felicitatis
1241 2933 1321 2980 est
1357 2943 1369 2978 :
1399 2931 1455 2977 ut
1487 2929 1664 2974 autem

117 3034 176 3088 sic
199 3034 522 3088 instituantur
544 3070 560 3095 ,
587 3025 877 3082 voluntatis
917 3030 972 3078 et
1011 3018 1308 3090 potestatis.
1352 3013 1408 3068 ln
1442 3013 1544 3067 illis
1573 3010 1667 3066 tibi

117 3124 324 3178 homines
347 3121 686 3194 gratulentur
708 3117 749 3183 ³,
777 3116 826 3168 itt
856 3114 958 3168 hoc
980 3121 1031 3166 te
1063 3110 1352 3164 imitentur.
1387 3107 1538 3159 Anna
1571 3117 1668 3171 per

122 3214 443 3284 propheticam
473 3211 492 3242 ⁵
531 3207 815 3266 scientiam
844 3202 1090 3273 cognovit
1127 3199 1266 3270 apud
1304 3204 1528 3250 matrem
1558 3195 1666 3247 vir-

120 3304 260 3372 ginem
293 3291 598 3365 Christum;
647 3310 696 3353 te
737 3294 1038 3365 evangelica
1068 3291 1236 3362 gratia
1281 3287 1405 3343 fecit
1448 3294 1670 3339 matrem

122 3395 301 3465 virginis
319 3393 534 3449 Christi.
561 3391 656 3445 llla
682 3390 858 3459 itaque
879 3393 1064 3442 sancta
1087 3384 1252 3453 virgo,
1280 3394 1437 3450 quam
1456 3377 1672 3432 Christo

123 3488 350 3541 volentem
378 3493 430 3540 et
457 3491 733 3554 petentem
767 3477 1053 3540 obtulistis,
1085 3472 1388 3528 vidualibus
1408 3469 1538 3523 avia:
1562 3482 1674 3522 ma-

126 3580 286 3649 trisque
310 3578 510 3634 meritis
537 3573 743 3631 addidit
769 3569 969 3642 aliquid
997 3568 1063 3623 de
1088 3566 1280 3621 merito
1304 3561 1545 3634 virginali
1569 3559 1671 3630 (tl).

125 3668 221 3724 Non
244 3671 372 3724 enim
393 3669 527 3724 nihil
553 3665 680 3721 inde
705 3661 928 3727 habetis,
955 3675 1072 3730 qua:
1102 3657 1240 3712 hanc
1268 3655 1476 3711 habetis
1506 3672 1518 3706 :
1547 3653 1673 3708 etin

127 3759 196 3814 illa
218 3763 353 3824 estis,
380 3758 520 3830 quod
545 3759 599 3812 in
632 3755 783 3811 vobis
807 3767 912 3808 non
940 3751 1088 3807 estis.
1115 3749 1246 3804 Nam
1275 3757 1332 3803 ut
1357 3754 1541 3802 sancta
1566 3745 1674 3800 vir-

127 3850 287 3917 ginitas
306 3849 632 3905 adimeretur
653 3842 976 3900 nubentibus
1005 3841 1176 3904 vobis,
1202 3839 1321 3894 ideo
1348 3838 1541 3892 factum
1573 3844 1674 3903 cst,

131 3950 175 3995 ut
191 3953 479 3998 nasceretur
503 3957 568 3996 ex
603 3937 776 3994 vobis.

184 4035 384 4090 CAPUT
411 4035 528 4089 XV.
561 4062 634 4071 —
665 4029 752 4085 l9.
787 4027 1033 4100 Epilogus
1054 4023 1391 4094 superiorum.
1417 4021 1543 4075 llaec
1574 4019 1678 4073 ita-

132 4141 213 4195 que
232 4126 291 4181 de
314 4127 512 4182 meritis
556 4120 783 4180 diversis
815 4119 1218 4189 conjugatarum
1243 4114 1680 4180 diversarumque

136 4215 370 4270 viduarum
394 4219 493 4272 hoc
523 4229 691 4286 opere
714 4228 818 4267 non
848 4211 1200 4280 disputarem,
1223 4206 1267 4261 si
1297 4205 1350 4260 id
1377 4203 1517 4275 quod
1539 4202 1604 4256 ad
1630 4211 1680 4257 te

137 4307 298 4374 scribo,
322 4308 409 4361 tibi
432 4303 799 4361 tantummodo
820 4301 1131 4357 scriberem.
1159 4297 1264 4354 Sed
1287 4294 1535 4366 quoniam
1557 4302 1681 4349 sunt

137 4400 340 4467 quadam
370 4401 423 4456 in
447 4401 550 4455 hoc
572 4412 771 4470 genere
796 4393 1060 4451 sermonis
1081 4390 1405 4446 difficillima:
1426 4387 1682 4458 qumstio-

141 4505 234 4558 nes,
258 4491 441 4562 aliquid
470 4489 700 4560 amplius
725 4502 884 4558 quam
913 4483 1054 4556 quod
1085 4481 1151 4536 ad
1193 4492 1242 4536 te
1271 4478 1482 4550 proprie
1518 4476 1684 4547 perti-

143 4592 231 4651 net,
256 4585 418 4641 dicere
447 4585 610 4650 volui,
643 4590 860 4652 propter
890 4577 1147 4648 quosdam
1173 4574 1262 4645 qui
1288 4572 1384 4627 sibi
1408 4571 1549 4626 docti
1579 4568 1684 4624 n‘bn

147 4673 368 4741 videntur,
398 4677 492 4730 nisi
519 4675 723 4729 alienos
754 4670 966 4726 labores
993 4683 1097 4722 non
1115 4664 1406 4736 judicando
1426 4671 1688 4718 conentur

147 4763 390 4832 discutere,
407 4768 498 4824 sed
523 4764 803 4822 laceranda
825 4760 1176 4818 conscindere
1200 4776 1212 4812 :
1237 4756 1430 4812 deinde
1453 4763 1508 4810 ut
1528 4755 1687 4810 etiam

151 4863 194 4908 tu
214 4856 311 4926 ipsa
335 4875 434 4914 non
455 4859 626 4914 solum
662 4870 846 4912 serves
869 4851 1010 4924 quod
1041 4850 1261 4914 vovisti,
1291 4857 1345 4904 et
1370 4849 1420 4902 in
1449 4862 1513 4902 eo
1548 4846 1689 4902 bono

154 4947 386 5015 proficias;
409 4967 586 5006 verum
609 4950 767 5004 etiam
793 4943 1099 5015 diligentius
1122 4941 1429 5010 firmiusque
1454 4936 1686 5003 noveris,

157 5034 268 5092 idem
292 5041 475 5096 bonum
505 5049 650 5096 tuum
679 5055 784 5094 non
816 5053 847 5092 a
876 5037 1016 5094 malo
1059 5035 1361 5104 nuptiarum
1403 5031 1688 5101 distingui,

159 5129 234 5182 sed
256 5131 380 5188 bono
417 5138 716 5205 nuptiarum
759 5130 1032 5200 anteponi.
1076 5127 1206 5184 Nam
1240 5127 1328 5198 qui
1358 5126 1691 5180 viduatarum

161 5219 429 5282 feminarum
474 5227 680 5298 nuptias
725 5226 1009 5291 danmant,
1057 5221 1267 5278 etiamsi
1312 5217 1692 5276 continentiam

216 5423 285 5472 'tn
299 5432 414 5480 alas...
435 5428 489 5480 ill

217 5428 285 5472 'tn
299 5432 414 5486 Mss...
435 5428 644 5481 illarum.

217 5484 314 5554 is“:
329 5492 526 5554 mlieres
545 5498 652 5542 Mss.
687 5491 828 5554 juxta
855 5501 1086 5554 graecum,
1102 5486 1299 5554 Δρέιρίιίεη
1315 5483 1400 5554 _ep't
1421 5484 1500 5535 tim
1524 5481 1696 5554 Theon,

173 5538 522 5656 fg“
547 5538 827 5613 Heaut,“
853 5538 1168 5615 ξρεταωίίη·
1187 5538 1469 5607 Domitium,
1507 5549 1554 5595 et
1585 5538 1696 5608 per;

367 5674 620 5758 90199193;
628 5675 988 5758 caelifera-

259 5731 382 5794 Fditi,
415 5731 692 5800 prephctiaf
721 5740 880 5800 Aptius
1039 5773 1053 5796 ,
1093 5733 1434 5799 propheticum.

227 5811 285 5882 ςσ)
313 5818 436 5879 Virgo
456 5820 733 5882 Demetrias,
773 5823 909 5882 cujus
939 5820 1042 5882 avia
1084 5817 1229 5882 Proba
1263 5816 1469 5865 Faltoaia
1488 5849 1500 5872 ,
1549 5819 1701 5861 mater

185 5870 342 5926 Miaaa.
364 5870 431 5928 .(di
456 5897 500 5943 ej
517 5881 678 5931 iste-las
696 5870 934 5946 A'Ugttstini
963 5880 1047 5930 1750
1073 5887 1119 5928 et
1153 5880 1250 5928 1:50.

3238 394 3350 455 442

1753 533 1900 573 suam
1928 518 2210 572 multarum
2235 555 2248 578 .
2281 512 2472 584 quibus
2498 521 2554 568 tu
2579 512 2745 568 uteris
2765 553 2780 580 ,
2811 526 2989 567 rerum
3019 510 3342 567 abstinentia

1753 609 2065 664 mirabiliter
2089 617 2144 663 et
2168 609 2438 663 ferventer
2464 613 2786 669 exerceant,
2816 618 2922 658 non
2948 602 3068 658 ideo
3099 613 3149 658 te
3176 602 3341 658 sedu-

1753 710 1909 766 cant,
1943 710 2000 755 ut
2041 700 2242 755 sentias
2286 698 2426 770 quod
2475 697 2752 764 sentiunt,
2787 695 2994 750 etiamsi
3039 695 3341 749 facerenon

1755 793 1928 863 possis
1943 792 2081 862 quod
2103 792 2318 846 faciunt.
2341 789 2510 845 Nemo
2536 790 2678 844 enim
2700 789 2811 843 vult
2835 804 2954 844 esse
2973 786 3337 857 phreneticus,

1756 884 1966 938 etiamsi
1998 883 2175 938 videat
2209 881 2504 952 phrenetici
2539 881 2680 934 vires
2709 879 2910 934 viribus
2941 893 3194 932 sanorum
3222 892 3345 932 esse

1757 973 2029 1029 fortiores.
2084 975 2358 1044 Praecipue
2404 973 2562 1043 igitur
2599 971 2846 1026 doctrina
2886 987 3011 1026 sana
3051 971 3343 1026 bonitatem

1758 1067 2014 1136 prepositi
2063 1075 2117 1120 ct
2156 1075 2311 1121 ornet
2346 1074 2400 1120 et
2435 1066 2656 1119 muniat.
2700 1063 2828 1118 Inde
2857 1071 2939 1118 est
2966 1064 3161 1133 quippe
3202 1064 3344 1133 quod

1757 1157 2035 1212 catholica)
2075 1157 2287 1212 femina:
2330 1157 2488 1211 etiam
2534 1156 2728 1223 saepius
2770 1164 2986 1226 nuptze,
3024 1171 3128 1208 non
3169 1155 3344 1210 solum

1759 1249 1980 1304 univiris
2008 1249 2220 1312 viduis,
2253 1247 2348 1302 sed
2378 1257 2431 1302 et
2458 1247 2750 1318 virginibus
2785 1246 3158 1302 haereticorum
3199 1248 3346 1315 justo

1754 1341 1958 1411 judicio
1987 1341 2361 1411 prznferuntur.
2394 1330 2540 1394 Multi
2567 1349 2693 1394 sunt
2718 1339 2930 1410 quidem
2957 1339 3025 1395 de
3055 1339 3139 1392 his
3169 1341 3342 1394 tribus

1759 1431 1939 1498 rebus,
1965 1431 2217 1502 conjugii,
2245 1431 2517 1485 viduitatis
2540 1438 2596 1485 et
2625 1429 2960 1500 virginitatis,
2984 1429 3343 1499 qumstionum

1760 1525 1930 1592 sinus,
1959 1524 2138 1578 multa:
2165 1522 2540 1593 perplexitates
2571 1538 2585 1576 :
2615 1521 2808 1591 quibus
2837 1518 3156 1590 disputando
3183 1535 3348 1590 pcne-

1761 1615 1963 1669 trandis
1989 1614 2073 1669 vel
2098 1613 2450 1668 dissolvendis
2469 1654 2484 1680 ,
2515 1619 2570 1667 et
2598 1611 2799 1682 majore
2828 1627 2957 1666 cura
2987 1626 3122 1681 opus
3149 1619 3267 1678 est,
3291 1619 3350 1666 et

1762 1705 2060 1777 copiosiorc
2091 1720 2367 1770 sermone;
2407 1713 2466 1758 ut
2490 1704 2574 1759 vel
2606 1703 2657 1758 in
2686 1703 2934 1758 omnibus
2967 1704 3045 1758 eis
3080 1713 3225 1759 recte
3253 1719 3344 1757 sa-

1763 1799 1970 1869 piamus
1991 1839 2005 1863 ,
2034 1798 2118 1852 vel
2141 1798 2182 1850 si
2213 1796 2338 1866 quid
2375 1795 2530 1851 aliter
2564 1795 2801 1865 sapimus
2821 1836 2836 1862 ,
2871 1794 2922 1848 id
2952 1809 3162 1864 quoque
3192 1793 3351 1849 nobis

1765 1889 1906 1964 Deus
1943 1889 2160 1943 revolet.
2207 1887 2611 1951 Verumtamen,
2641 1885 2783 1956 quod
2809 1886 2971 1940 etiam
3013 1885 3118 1941 illic
3162 1901 3349 1942 conse-

1763 1989 1990 2062 quenter
2029 1980 2156 2034 dicit
2201 1979 2518 2048 Apostolus,
2546 1976 2612 2032 In
2637 1977 2772 2048 quod
2803 1978 3146 2048 perveniatur,
3189 1979 3244 2032 in
3282 1994 3340 2031 eo

1763 2071 2076 2126 ambulemus
2098 2071 2352 2143 (Philipp.
2382 2085 2459 2136 nt,
2489 2071 2578 2138 15,
2613 2070 2724 2139 l6).
2755 2070 3101 2126 Pervenimus
3126 2078 3306 2126 autem
3329 2111 3347 2136 ,

1766 2163 1905 2234 quod
1936 2162 2002 2216 ad
2035 2163 2172 2217 hanc
2202 2177 2340 2230 rem,
2369 2162 2437 2217 de
2460 2178 2563 2233 qua
2590 2163 2880 2232 loquimur,
2902 2162 3111 2228 attinet,
3141 2171 3200 2217 ut
3223 2178 3355 2216 con-

1768 2256 2042 2310 tinentiam
2074 2255 2320 2326 conjttgio
2345 2268 2737 2324 praeponamus,
2769 2263 3006 2308 sanctam
3037 2269 3163 2309 vero
3192 2254 3355 2323 virgi-

1766 2347 1986 2402 nitatem
2031 2347 2191 2401 etiam
2245 2344 2590 2399 continentia:
2640 2343 2870 2409 viduali;
2920 2352 2976 2399 et
3031 2359 3100 2398 ne
3151 2344 3355 2413 aliquas

1769 2438 2000 2509 nuptias,
2040 2453 2159 2507 qua:
2191 2446 2364 2490 tamen
2399 2449 2502 2488 non
2530 2435 2787 2488 adulteria
2809 2475 2823 2502 ,
2853 2434 2947 2488 sed
2979 2434 3173 2504 nuptiae
3197 2442 3352 2498 sunt,

1768 2531 2049 2601 cujuslibet
2077 2530 2243 2584 nostri
2269 2537 2640 2582 nostrorumve
2664 2527 2920 2596 propositi
2949 2527 3103 2581 laude
3131 2525 3356 2581 damne-

1769 2638 1907 2678 mus.
1942 2622 2101 2675 Multa
2142 2621 2244 2674 alia
2281 2620 2347 2674 de
2388 2620 2502 2673 istis
2549 2619 2707 2672 rebus
2733 2617 2873 2673 dicta
2901 2627 3024 2671 sunt
3052 2631 3081 2670 a
3109 2616 3260 2670 nobis
3303 2616 3355 2669 in

1769 2717 1905 2772 libro
1930 2715 1998 2769 de
2026 2714 2174 2768 Bono
2201 2711 2476 2782 Conjttgali
2496 2752 2510 2775 ,
2543 2719 2597 2765 et
2627 2710 2679 2764 in
2719 2710 2825 2762 alio
2861 2709 2998 2762 libro
3027 2710 3044 2739 ³
3067 2707 3132 2762 de
3162 2706 3356 2762 Sancta

1770 2807 2121 2878 Virginitate;
2173 2813 2226 2858 et
2279 2805 2330 2858 in
2388 2818 2552 2872 opere
2605 2799 2746 2871 quod
2793 2799 3050 2854 adversus
3099 2797 3356 2852 Faustum

1771 2899 2116 2954 Manichteum
2155 2903 2354 2966 quanto
2385 2894 2652 2964 potuimus
2681 2892 2863 2947 labore
2890 2890 3306 2961 conscripsimus
3341 2906 3356 2942 :

1777 2991 2026 3064 quoniam
2056 2988 2479 3044 Patriareharum
2506 2996 2559 3041 et
2588 2985 2971 3054 Prophetarum
2993 2992 3140 3037 casta
3166 2982 3348 3051 conju-

1774 3083 1860 3155 gia
1887 3080 2286 3137 mordacissime
2317 3077 2758 3149 reprehendendo
2797 3075 3012 3145 scriptis
3040 3075 3152 3130 suis
3173 3116 3188 3139 ,
3221 3088 3360 3144 quo-

1774 3173 2017 3231 rumdam
2043 3172 2376 3227 indoctorum
2410 3170 2618 3224 animos
2647 3184 2676 3223 a
2707 3167 2830 3223 fidei
2857 3168 3086 3222 sanitate
3110 3166 3359 3221 detorsit.

1845 3264 2069 3321 CAPUT
2099 3263 2236 3318 XVI.
2261 3293 2330 3302 —
2349 3262 2437 3317 20.
2463 3260 2592 3315 Pars
2613 3261 2842 3332 apusculi
2864 3260 3085 3314 secunda
3109 3259 3362 3328 pertinens

1777 3359 1843 3412 ad
1873 3356 2287 3412 exhortationem.
2321 3353 2691 3408 Contitteutiam
2726 3367 2830 3406 esse
2864 3351 3052 3404 donum
3083 3348 3198 3403 Dei.
3231 3349 3362 3403 Pro-

1778 3450 1904 3506 inde
1932 3449 2181 3520 quoniam
2209 3448 2260 3501 in
2288 3445 2509 3502 exordio
2537 3443 2694 3514 hujus
2715 3442 2958 3514 opusculi
2985 3441 3091 3495 duo
3117 3440 3362 3510 quaedam

1777 3541 2078 3598 necessaria
2093 3533 2897 3610 proposueram,etexsequenda
2912 3533 3181 3604 pollicitus
3193 3546 3363 3595 eram;

1780 3647 1946 3687 unum
1973 3629 2115 3701 quod
2139 3629 2206 3684 ad
2231 3628 2527 3684 doctrinam
2550 3669 2563 3691 ,
2591 3626 2819 3681 alterum
2850 3624 2991 3695 quod
3019 3623 3086 3677 ad
3115 3623 3367 3679 exhorta-

1782 3724 1981 3779 tionem
2014 3723 2277 3792 pertinet;
2309 3730 2362 3776 et
2391 3720 2552 3791 priori
2578 3719 2741 3790 parti,
2773 3729 2831 3773 ut
2861 3717 3027 3788 potui,
3056 3732 3155 3787 pro
3185 3730 3368 3771 susce-

1781 3825 1873 3885 pto
1908 3814 2120 3884 negotio
2148 3828 2252 3867 non
2279 3811 2420 3866 defui
2455 3828 2468 3865 :
2500 3810 2565 3865 ad
2595 3809 3023 3865 exhortationem
3055 3807 3329 3863 veniamus
3349 3848 3364 3872 ,

1784 3915 1842 3962 ut
1865 3904 2007 3976 quod
2043 3904 2242 3958 bonum
2275 3902 2561 3972 prudenter
2592 3901 2777 3966 scitur,
2810 3901 2972 3954 etiam
3001 3899 3250 3970 diligatur
3277 3915 3369 3953 ar-

1783 3997 1996 4052 denter.
2020 3994 2133 4061 Qua
2163 3993 2213 4048 in
2239 4009 2298 4048 re
2323 3993 2467 4062 prius
2493 3991 2618 4045 illud
2647 4005 2859 4056 moneo,
2885 3999 2943 4046 ut
2964 3990 3369 4060 quantamcum-

1784 4104 1888 4160 que
1919 4088 2012 4143 tibi
2056 4087 2232 4141 inesse
2267 4085 2433 4140 sentis
2475 4083 2574 4154 pia:
2603 4083 2950 4137 continentite
2991 4081 3365 4146 dilectionem,

1786 4177 2048 4237 beneficio
2076 4177 2167 4231 Dei
2201 4175 2423 4239 tribuas,
2455 4174 2608 4243 eique
2632 4173 2828 4244 gratias
2857 4187 3007 4242 agas,
3035 4171 3125 4241 qui
3162 4172 3230 4226 de
3251 4171 3372 4240 Spi-

1785 4272 1891 4328 ritu
1915 4284 2013 4324 suo
2039 4267 2131 4321 tibi
2163 4275 2367 4320 tantum
2403 4265 2622 4335 largitus
2650 4271 2752 4328 est,
2787 4271 2844 4317 ut
2868 4263 2985 4332 ejus
3015 4261 3066 4316 in
3092 4261 3252 4317 corde
3280 4272 3372 4317 tuo

1789 4365 2049 4422 charitate
2076 4360 2473 4428 diffusa,1icit:n
2499 4359 2576 4414 rei
2600 4349 2878 4414 licentiam
2893 4357 2986 4413 tibi
3010 4372 3160 4411 amor
3180 4355 3372 4410 melio-

1791 4460 1866 4514 ris
1885 4456 2012 4514 boni
2033 4456 2286 4511 auferret.
2313 4452 2538 4508 Donavit
2560 4450 2702 4506 enim
2725 4465 2792 4505 ne
2812 4450 3005 4504 liberet
3027 4448 3230 4503 nubere
3250 4462 3372 4502 cum

1791 4552 1996 4615 liceret,
2031 4557 2087 4602 ut
2105 4547 2214 4618 jam
2243 4561 2348 4600 non
2371 4545 2557 4599 liceret
2580 4544 2601 4574 ¹
2629 4541 2840 4597 etiamsi
2861 4541 3084 4604 liberet;
3107 4549 3162 4593 et
3183 4554 3247 4594 ex
3273 4537 3377 4592 hoe

1793 4643 2000 4699 firmius
2024 4657 2128 4695 non
2153 4640 2371 4703 liberet,
2405 4654 2470 4691 ne
2503 4635 2654 4690 ﬁeret
2682 4632 2824 4704 quod
2851 4647 2957 4686 non
2987 4632 3205 4699 liceret,
3234 4631 3378 4702 quod

1794 4735 1989 4790 factum
2014 4747 2120 4786 non
2144 4740 2227 4785 est
2252 4730 2411 4784 etiam
2449 4743 2569 4782 cum
2603 4725 2788 4778 liceret
2816 4740 2830 4775 :
2856 4733 3169 4791 tantumque
3199 4737 3378 4777 mere-

1793 4829 1932 4885 reris
1965 4827 2122 4881 vidua
2148 4823 2347 4879 Christi
2371 4863 2384 4887 ,
2421 4830 2480 4875 ut
2510 4820 2668 4874 tiliam
2697 4832 2912 4888 quoque
2939 4817 2959 4848 ³
2985 4816 3195 4871 videres
3223 4815 3384 4887 virgi-

1797 4937 1922 4975 nem
1949 4916 2147 4973 Christi
2180 4933 2192 4968 :
2216 4914 2342 4968 dum
2367 4911 2509 4964 enim
2535 4918 2587 4964 tu
2611 4923 2734 4962 oras
2761 4908 2898 4963 sicut
2924 4907 3098 4972 Anna,
3134 4905 3269 4962 facta
3300 4917 3384 4961 est

1798 5013 1885 5068 illa
1915 5007 2058 5080 quod
2093 5006 2276 5061 Maria.
2324 5003 2448 5057 Haec
2492 5001 2629 5056 dona
2673 4999 2766 5054 Dei
2813 5014 2935 5054 esse
2972 5008 3172 5068 quanto
3215 4997 3386 5066 magis

1799 5100 1962 5160 nosti,
1996 5109 2144 5151 tanto
2197 5095 2362 5164 magis
2408 5107 2466 5147 es
2513 5091 2712 5147 eisdem
2742 5090 2896 5146 donis
2922 5090 3074 5145 beata
3104 5106 3117 5142 :
3152 5089 3258 5143 imo
3286 5088 3387 5141 ali-

1803 5202 1883 5249 ter
1909 5206 2016 5245 non
2048 5204 2107 5244 es
2128 5229 2143 5254 ,
2172 5185 2274 5242 nisi
2304 5184 2447 5256 quod
2480 5184 2644 5239 habes
2672 5183 2818 5238 noris
2849 5198 2879 5237 a
2909 5198 3014 5253 quo
3041 5182 3258 5235 habeas.
3287 5179 3386 5232 At-

1805 5284 1964 5340 tende
2005 5283 2149 5339 enim
2190 5281 2318 5353 quid
2364 5279 2432 5335 de
2481 5279 2581 5334 hac
2629 5293 2689 5333 re
2733 5276 3024 5346 Apostolus
3069 5274 3200 5329 dixit
3233 5290 3247 5324 :
3277 5268 3390 5323 Nos

1804 5387 1972 5431 autem
1995 5392 2095 5429 non
2123 5374 2357 5444 spiritum
2379 5372 2530 5442 hujus
2554 5369 2729 5424 mundi
2757 5368 3044 5437 itccepimus
3064 5406 3080 5430 ,
3102 5363 3192 5418 sed
3217 5361 3393 5432 Spiri-

1807 5476 1910 5521 tum
1931 5465 2017 5536 qni
2037 5481 2099 5519 ea:
2122 5463 2232 5518 Deo
2261 5471 2367 5528 cst;
2405 5471 2461 5514 ut
2489 5461 2708 5516 sciamus
2734 5473 2846 5529 qua:
2872 5473 2905 5509 a
2933 5454 3038 5509 Deo
3063 5453 3250 5506 donata
3277 5458 3394 5504 situt

1873 5624 1887 5654 ¹
1916 5621 2066 5671 ῐίὤὶὶο
2089 5627 2163 5669 Er.
2184 5618 2286 5669 sola
2300 5618 2495 5671 omittit.
2517 5615 2710 5666 debona
2730 5607 2980 5676 coniugali
3001 5615 3047 5660 et
3071 5607 3122 5658 in
3143 5605 3240 5657 alio
3254 5604 3400 5658 libro.

1871 5687 1892 5715 ⁸
1915 5691 2043 5741 Mss,
2068 5695 2178 5732 cum
2201 5680 2382 5739 liceret,
2400 5687 2445 5728 et
2463 5685 2513 5728 ut
2527 5677 2637 5740 jam
2659 5689 2752 5724 non
2777 5673 2955 5723 liceret.
3068 5732 3078 5741 ⁸
3214 5739 3220 5741 _
3343 5729 3353 5738 ο

1875 5748 1894 5777 ³
1913 5732 2247 5805 sieplerique
2262 5732 2437 5805 ttss.:_A__t
2454 5732 2586 5795 ιοῦ..
2603 5742 2827 5805 tantaque
2845 5732 3189 5805 trtcrereris,_tt_t
3205 5739 3249 5805 te
3269 5732 3402 5805 eris-

1811 5813 1933 5857 tente
1959 5795 2111 5866 vidtur
2133 5795 2507 5866 t'hristidiliuat
2537 5795 2861 5866 quoque,'etc.
2884 5795 3100 5866 ,κ’-παρεξιλί
3128 5795 3259 5866 Ιὶὶξιῆι
3283 5799 3333 5866 ut
3352 5797 3399 5844 ιε

1813 5854 2044 5920 mittente
2069 5864 2214 5916 tidua
2228 5854 2419 5922 t'ht’ilti,
2443 5860 2486 5910 ri
2508 5854 2575 5925 go
2592 5854 2736 5909 etiam
2759 5856 2894 5921 [icrct
2910 5862 2992 5904 tua
3016 5855 3121 5920 [ilia
3144 5854 3338 5908 tiltristt.
