3880 6284
64 371 143 427 μδ
1096 355 1184 411 DE
1225 355 1402 411 nouo
1442 350 1837 410 V‘lDUlTATlS
1876 356 2105 416 LIBER.

62 499 140 541 tem
164 483 207 536 in
229 479 297 534 eis
319 478 427 533 haec
454 483 636 547 agunt,
670 473 810 530 itane
838 473 1052 529 tandem
1084 473 1246 529 homo
1268 474 1318 528 in
1346 472 1579 527 hominis

60 580 275 631 voluntate
298 580 430 626 tanta
455 571 563 639 agit
610 568 894 638 loquendo,
924 575 978 622 et
1021 567 1161 621 Deus
1205 566 1313 621 illic
1340 581 1446 620 non
1476 565 1583 636 agit

56 667 209 737 aliquid
235 661 557 732 adjuvando?
589 660 697 714 luto
724 675 874 723 vero,
906 658 1238 729 quantalibet
1275 657 1436 712 homo
1462 671 1577 711 ser-

57 760 188 815 monis
213 755 437 810 Laettlmtc
482 752 810 822 prmpolleat,
855 759 914 804 ut
941 750 1159 804 solertia
1186 746 1490 818 disputandi
1528 755 1583 802 ct

56 852 260 905 suavitate
282 844 483 901 dicendi
514 845 567 899 in
596 844 824 898 heminis
852 842 1123 897 voluntate
1154 843 1354 897 inserat
1380 841 1578 897 verita-

58 958 149 1005 tem,
176 940 345 994 nutriat
371 936 705 1000 charitatcm,
739 934 983 991 docendo
1011 935 1159 989 tollat
1190 950 1451 1001 errorem,
1487 949 1579 989 ex-

56 1030 259 1089 hortando
296 1038 563 1097 turparem
597 1045 610 1081 :
643 1025 817 1099 Neque
859 1026 945 1097 qui
984 1026 1181 1095 plantat
1225 1036 1297 1080 est
1344 1024 1576 1093 aliquid,

57 1141 171 1194 neque
191 1122 266 1191 qui
288 1122 447 1191 rigat;
475 1120 567 1174 sed
594 1120 678 1191 qui
707 1120 1064 1173 incrementum
1089 1117 1177 1170 dat
1211 1116 1343 1171 Deus
1371 1113 1427 1190 (l
1455 1115 1573 1171 Cor.

58 1234 111 1280 nt,
144 1216 216 1283 7).
252 1214 455 1268 Frustra
507 1214 705 1282 quippe
754 1212 1031 1283 operarius
1075 1212 1253 1265 omnia
1298 1211 1579 1267 moliretur

57 1310 334 1370 extrinsecus,
367 1306 464 1360 nisi
503 1304 727 1359 Greater
771 1305 1092 1359 intrinsecus
1122 1305 1351 1359 latenter
1389 1319 1579 1374 opera-

59 1413 183 1459 retur.
213 1399 359 1469 Spero
383 1414 515 1469 ergo
547 1397 646 1453 has
672 1398 875 1452 litteras
901 1412 1047 1451 meas
1077 1396 1269 1452 merito
1296 1396 1576 1451 Excellen-

66 1495 129 1548 tie
148 1502 288 1547 vestra:
311 1490 412 1545 cito
438 1490 491 1543 in
522 1504 719 1544 manus
748 1488 906 1543 ctiam
938 1487 1119 1542 talium
1147 1502 1268 1542 esse
1294 1494 1574 1542 venturas:

61 1583 149 1636 ideo
170 1580 378 1633 nonnulla
430 1579 561 1633 hinc
609 1577 832 1632 dicenda
876 1576 1163 1631 arbitratus
1194 1591 1333 1630 sum.
1374 1575 1577 1631 Deinde

58 1684 98 1728 ut
117 1684 155 1727 tu
176 1674 264 1741 ipsa
286 1680 334 1725 et
360 1684 716 1741 qurccumque
744 1668 861 1722 alia:
892 1667 1063 1722 vidum
1091 1668 1187 1721 ista
1213 1667 1457 1737 legerint,
1491 1666 1575 1721 vel

53 1780 139 1817 cum
161 1763 373 1833 leguntur
413 1761 706 1823 audierint,
743 1759 995 1813 noveritis
1022 1772 1116 1811 vos
1151 1757 1216 1811 ad
1246 1756 1574 1827 diligendum

54 1864 91 1908 et
118 1852 372 1907 habendum
402 1851 754 1906 continentia:
783 1849 981 1904 bonum
1018 1848 1137 1918 plus
1168 1846 1426 1918 prolicere
1456 1862 1577 1901 ora-

53 1946 227 1999 tionibus
253 1944 451 2006 vestris,
485 1957 650 2012 quam
678 1938 1138 1995 exhortationibus
1176 1938 1370 1993 nostris
1402 1954 1416 1991 :
1443 1953 1577 2007 quo-

52 2038 155 2090 niam
190 2035 227 2089 si
268 2033 382 2103 quid
412 2049 507 2087 vos
534 2032 771 2103 adjuvat,
805 2030 951 2100 quod
998 2030 1147 2084 vobis
1184 2029 1344 2084 etiam
1392 2038 1576 2083 nostra

54 2128 353 2179 ministrantur
373 2123 629 2194 alloquia,
662 2132 828 2176 totum
859 2122 999 2176 illius
1023 2119 1208 2191 gratia:
1236 2118 1574 2174 tribuendum

55 2228 123 2276 ιρι.
152 2218 192 2269 in
220 2217 349 2287 cujus
374 2232 523 2269 manu
546 2224 684 2279 sunt,
717 2215 856 2268 sicut
887 2212 1143 2283 scriptum
1170 2218 1272 2278 est,
1320 2220 1366 2264 et
1415 2227 1505 2265 nos
1530 2219 1576 2264 et

52 2326 242 2363 tt’rttlom‘s
264 2308 411 2362 nostri
437 2307 597 2381 (Sap.
628 2322 720 2371 vlt,
750 2305 861 2374 16).

100 2399 280 2456 CAPUT
331 2398 569 2455 XlX.-—
594 2398 685 2453 25.
728 2396 1047 2451 Exltortatur
1086 2396 1155 2449 ad
1184 2395 1440 2449 viduitatis
1480 2393 1573 2447 bo-

57 2513 150 2547 ιιιιιιι.
186 2493 243 2548 Ut
270 2503 365 2547 tota
388 2493 598 2547 intentio
626 2491 853 2545 Julianus
890 2490 1054 2543 vidua:
1081 2489 1144 2543 sit
1168 2489 1236 2541 ad
1274 2487 1576 2558 placendum

57 2584 142 2639 Deo.
178 2585 486 2639 Dentetriadis
532 2584 745 2655 virginis
775 2582 994 2652 uviwque
1021 2581 1201 2651 ipsius,
1246 2578 1452 2649 perinde
1496 2586 1576 2632 at-

54 2695 118 2743 que
146 2680 313 2742 matris,
335 2676 437 2730 ruit
467 2692 575 2731 esse
618 2691 776 2728 unum
815 2673 1038 2728 studium
1080 2671 1183 2725 Deo
1228 2669 1480 2740 placendi.
1517 2668 1575 2723 Si

56 2784 143 2838 ergo
167 2769 374 2823 nondum
418 2770 527 2823 Deo
561 2767 804 2822 vovisscs
833 2763 1216 2819 continentiam
1261 2761 1526 2816 vidualem
1556 2801 1572 2826 ,

59 2861 392 2915 etltortaremur
429 2858 675 2930 proiecto
724 2864 779 2910 ttt
825 2870 1050 2910 voveres
1079 2872 1092 2908 :
1122 2854 1245 2923 quia
1291 2869 1416 2907 vero
1464 2852 1573 2923 jam

59 2952 209 3015 vovisti,
235 2952 570 3007 exhortamur
610 2934 669 3003 ut
697 2962 1027 3018 perseveres.
1068 2945 1213 2999 Talia
1236 2943 1363 2998 mihi
1397 2953 1575 2998 tamen

59 3040 167 3095 oleo
186 3058 290 3096 esse
328 3042 571 3107 dicenda,
603 3040 796 3111 quibus
826 3053 944 3092 eam
988 3036 1212 3106 diligant
1235 3044 1290 3091 et
1316 3036 1575 3104 arripiant

58 3144 203 3203 ctqua:
222 3134 378 3189 adhuc
418 3135 625 3190 nubere
650 3130 972 3202 cogitabant.
1014 3130 1210 3183 Aurem
1242 3128 1403 3199 igitur
1424 3128 1576 3183 incli-

59 3240 196 3280 nemus
220 3226 456 3296 Apostolo
490 3244 505 3280 :
538 3225 669 3292 Quae
694 3224 905 3292 innupta
930 3228 1021 3288 est,
1048 3219 1237 3290 inquit,
1257 3220 1473 3274 sollicita
1496 3227 1571 3273 est

59 3330 97 3366 ea
118 3334 205 3381 qutt’
223 3328 326 3371 sunt
351 3317 578 3381 Domini,
606 3324 664 3368 ut
683 3314 747 3367 sit
770 3323 945 3367 sancta
969 3320 1015 3367 et
1042 3327 1251 3381 corpore
1284 3318 1331 3364 et
1355 3310 1579 3381 spiritu;

60 3424 137 3473 que
151 3418 288 3462 autem
314 3420 468 3478 nupta
488 3418 584 3475 est,
609 3406 826 3461 sollicita
846 3413 916 3458 est
942 3419 1056 3474 qua
1075 3412 1193 3457 sunt
1221 3404 1416 3469 mundi,
1447 3418 1578 3474 quo-

62 3503 167 3551 modo
190 3502 360 3567 placeat
386 3502 489 3556 viro
516 3499 575 3573 (1
606 3499 725 3554 Cor.
773 3514 867 3565 vu,
900 3498 1015 3567 54).
1056 3496 1170 3552 Non
1210 3498 1305 3566 ait,
1338 3496 1577 3554 Sollicita

63 3599 118 3641 est
138 3606 184 3644 ea
206 3608 309 3663 quae
335 3602 454 3648 sunt
490 3592 697 3659 mundi,
732 3601 790 3646 ut
817 3599 1000 3646 sancta
1030 3605 1135 3646 non
1167 3592 1237 3645 sit
1263 3610 1277 3646 :
1305 3591 1400 3647 sed
1430 3601 1577 3648 certe

66 3679 189 3733 minor
208 3692 278 3736 est
316 3698 372 3738 ea
398 3682 696 3754 coniugalis
722 3683 974 3737 sanctitas
996 3684 1037 3750 ⁸,
1064 3698 1131 3738 ex
1157 3697 1217 3737 ea
1247 3692 1396 3752 parte
1422 3697 1579 3737 cura-

66 3785 147 3825 rum
167 3789 249 3843 qua
275 3775 532 3831 mundana
574 3775 840 3845 cogitatur
867 3776 1135 3845 voluptas.
1176 3774 1440 3846 Quidquid
1474 3774 1577 3828 ita-

64 3876 135 3929 que
158 3864 433 3922 intentionis
459 3868 627 3922 animi
654 3867 815 3921 etiam
846 3865 929 3921 his
972 3866 1133 3921 rebus
1179 3866 1579 3936 impenderetur

64 3951 205 4018 quibus
227 3956 520 4025 placendum
547 3966 694 4012 esset
716 3957 853 4024 viro,
881 3956 1133 4028 colligere
1160 3957 1390 4027 quodam
1417 3958 1577 4013 modo

64 4050 103 4093 et
122 4044 319 4117 redigere
341 4049 493 4105 debet
522 4050 747 4121 innupta
775 4049 1065 4104 christiana
1096 4050 1149 4103 in
1181 4064 1297 4104 eam
1327 4050 1581 4106 intentio-

65 4148 154 4188 nem
176 4154 259 4207 qua
295 4141 603 4211 placendum
648 4151 732 4198 est
775 4142 1021 4197 Domino.
1065 4142 1128 4196 Et
1156 4142 1276 4198 vide
1305 4143 1326 4175 ¹
1352 4144 1433 4197 cui
1464 4144 1580 4214 pla-

67 4236 167 4289 ceat,
188 4244 286 4298 qua:
306 4232 522 4288 Domino
550 4233 723 4303 placet
754 4250 768 4289 :
794 4241 850 4288 et
873 4233 1054 4303 utique
1077 4241 1223 4288 tanto
1245 4241 1329 4288 est
1354 4233 1576 4301 beatior,

71 4329 217 4382 fimmo
248 4323 355 4393 plus
379 4326 555 4396 placet
598 4326 676 4392 ei;
717 4334 918 4396 quanto
962 4334 1141 4381 autent
1188 4327 1357 4397 magis
1383 4329 1581 4398 cogitat

72 4419 113 4457 ea
134 4424 226 4477 qua:
249 4424 359 4469 sunt
398 4416 600 4482 mundi,
631 4424 779 4471 tanto
814 4416 990 4470 minus
1018 4417 1210 4486 placet.
1244 4416 1455 4473 Placete
1483 4418 1580 4473 ita-

75 4511 144 4563 fine
160 4509 247 4558 tota
269 4506 547 4565 intentione
567 4509 810 4581 specioso
827 4508 995 4564 forma
1014 4525 1123 4580 prae
1144 4510 1267 4565 liliis
1284 4511 1577 4567 hominum.

77 4585 166 4653 Eius
183 4595 299 4650 enim
322 4601 477 4668 gratia
505 4601 579 4655 illi
608 4602 848 4672 placetis,
875 4617 993 4672 qua:
1021 4602 1209 4657 dill‘usa
1238 4614 1321 4659 est
1346 4605 1395 4659 in
1430 4606 1581 4661 labiis

77 4676 173 4744 eius.
203 4683 387 4744 Placete
426 4691 497 4745 illi
527 4706 589 4747 ea
627 4706 840 4762 quoque
885 4700 1031 4762 parte
1073 4694 1429 4765 cogitationis,
1463 4712 1582 4766 quzc

80 4780 351 4840 occuparetur
394 4782 609 4845 mundo,
659 4789 717 4837 ut
760 4783 1061 4853 placeretur
1091 4786 1224 4839 viro.
1267 4785 1477 4841 Placete
1506 4787 1581 4841 illi

81 4860 142 4925 Qui
162 4862 387 4936 displicuit
412 4874 625 4940 mundo,
659 4884 716 4929 ut
745 4875 1016 4944 placentes
1054 4876 1103 4931 ei
1136 4876 1489 4932 liberarentur
1517 4894 1579 4934 ex

85 4956 243 5011 mundo.
278 4962 412 5020 llune
438 4967 575 5021 enim
620 4968 921 5038 speciosum
968 4968 1137 5024 forma
1181 4986 1289 5039 pra:
1322 4970 1441 5025 filiis
1488 4971 1582 5025 ho-

86 5043 234 5104 minum
254 5053 472 5112 viderunt
512 5060 752 5116 homines
779 5061 831 5115 in
872 5076 1031 5117 cruce
1055 5063 1357 5133 passionis;
1391 5073 1445 5119 et
1481 5082 1582 5120 non

88 5133 212 5193 habuit
232 5149 415 5215 speciem
452 5169 602 5223 neque
626 5154 878 5221 decorem,
922 5155 1011 5209 sed
1039 5157 1193 5227 facies
1218 5159 1325 5227 ejus
1349 5158 1542 5229 objecta
1566 5202 1580 5226 ,

88 5229 327 5319 “cimus
355 5243 523 5309 positio
558 5246 667 5316 ejus
699 5244 849 5316 (Isai.
881 5262 993 5314 LIII,
1036 5246 1112 5319 5).
1158 5248 1235 5303 Ex
1267 5249 1365 5304 hac
1407 5258 1581 5305 tamen

92 5313 351 5384 deformitate
373 5313 732 5407 Redemptoris
757 5339 939 5403 vestri,
971 5313 1203 5395 manavit
1230 5342 1457 5410 pretium
1486 5344 1581 5398 de-

94 5412 193 5506 “litis
213 5423 367 5490 vestri,
406 5427 491 5482 sed
520 5428 727 5485 decoris
755 5431 1041 5487 interioris.
1084 5433 1261 5487 Omnis
1291 5434 1430 5489 enim
1464 5437 1582 5506 pul-

99 5497 270 5560 chritudo
286 5512 391 5579 ﬁlia:
414 5520 533 5589 regis
552 5522 847 5577 intrinsecus
872 5522 1044 5594 (Psal.
1079 5540 1220 5589 XLIV,
1252 5526 1304 5594 5,
1334 5525 1442 5598 14).
1464 5497 1586 5581 Illac

105 5654 317 5767 ηὲέιᾘθδ
336 5679 469 5730 Il‘Opc
488 5678 585 5720 Mss.
607 5678 659 5720 et
681 5672 856 5736 Florus,
900 5675 985 5727 sed
1010 5682 1135 5727 certe
1161 5676 1313 5729 mino."
1339 5683 1406 5728 cst
1426 5676 1587 5729 divina

149 5774 227 5827 ’διε
244 5788 329 5833 Mss.
348 5794 393 5837 At
416 5790 540 5850 editi,
573 5800 619 5845 et
636 5792 804 5846 videat.

3175 365 3282 423 «μϐ

1694 474 2082 543 pulchritudine
2110 478 2185 533 illi
2234 481 2474 548 plaeete;
2507 480 2641 534 hanc.
2684 482 3132 550 pulchritudinem
3160 468 3277 540 stu-

1688 566 1837 622 diosa
1884 585 2010 625 cura
2060 579 2115 626 et
2158 571 2382 626 sollicita
2434 572 2755 641 cogitatione
2799 576 3121 644 componite.
3163 575 3278 631 Non

1684 668 1831 713 amat
1853 659 1942 715 ille
1974 659 2299 716 fallaciarum
2330 660 2479 717 lucos
2513 680 2526 716 :
2557 662 2699 717 veris
2728 664 2923 718 veritas
2952 663 3278 729 delectatur;

1687 760 1740 805 et
1767 751 1877 818 ille,
1906 754 1949 807 si
1978 754 2118 824 quod
2149 754 2321 825 legisti
2366 754 2633 825 agnoscis,
2666 756 2861 811 veritas
2887 765 3125 811 vocatur.
3172 758 3279 829 Ego

1686 857 1817 906 sunt,
1848 842 2037 912 inquit,
2067 845 2164 908 via,
2190 854 2237 898 et
2264 846 2461 909 veritas,
2494 854 2540 898 et
2565 847 2664 898 vita
2693 846 2870 911 (Joan.
2900 862 3013 911 Iuv,
3038 846 3118 912 6).
3146 846 3281 901 Cur-

1686 931 1787 986 rite
1816 931 1881 987 ad
1922 933 2070 987 illum
2122 950 2215 1003 per
2258 934 2441 999 illum;
2487 936 2691 1005 plaeete
2737 936 2808 989 illi
2839 952 2903 990 ex
2938 937 3067 1001 illo;
3116 938 3279 993 vivite

1685 1036 1806 1077 cum
1838 1023 1948 1091 illo,
1981 1024 2031 1078 in
2064 1025 2171 1093 illo,
2205 1025 2272 1081 de
2314 1026 2421 1081 illo.
2468 1026 2758 1082 Alicctibus
2786 1029 2925 1083 veris
2959 1038 3016 1084 et
3056 1030 3279 1085 sanctis-

1685 1114 1819 1169 sima
1846 1116 2087 1171 castitate
2108 1132 2137 1171 a
2165 1116 2279 1172 viro
2307 1118 2393 1171 tali
2424 1126 2598 1173 amate
2623 1120 2814 1173 amari.

1754 1206 1845 1261 24.
1887 1208 2081 1263 Audiat
2126 1208 2241 1264 lucc
2274 1210 2493 1277 virginis
2530 1210 2691 1264 etiam
2721 1219 2918 1265 sancta:
2966 1210 3134 1281 prolis
3174 1220 3279 1267 tua:

1684 1301 1830 1354 auris
1858 1301 2097 1356 interior.
2134 1301 2329 1357 Videre
2353 1304 2639 1373 ‘quantum
2672 1317 2720 1357 te
2746 1304 3006 1373 prmcedat
3032 1306 3083 1359 in
3113 1320 3280 1375 regno

1683 1391 1844 1463 Regis
1874 1393 2011 1448 illius
2041 1411 2054 1448 :
2082 1393 2184 1448 alia
2214 1396 2436 1465 qu:estio
2480 1404 2579 1450 est.
2623 1396 2899 1452 lnvenistis
2930 1406 3126 1462 tamen,
3159 1414 3276 1453 ma-

1685 1490 1765 1537 tcr
1794 1492 1848 1539 et
1891 1483 2017 1552 filia,
2061 1485 2146 1539 cui
2185 1486 2504 1555 contemptis
2535 1487 2750 1556 nuptiis,
2781 1488 2866 1542 illa
2917 1487 3183 1555 omnibus,
3217 1498 3275 1543 tu

1682 1576 1954 1641 secundis,
1977 1576 2639 1648 pulchritudinecastitatis
2667 1578 2821 1632 simul
2844 1578 3055 1648 placere
3075 1578 3274 1634 debea-

1685 1666 1770 1721 tis.
1811 1667 1966 1722 Certe
2009 1668 2053 1721 si
2085 1669 2258 1722 mariti
2306 1678 2487 1723 essent
2516 1670 2705 1739 quibus
2750 1670 3062 1740 placendum
3090 1680 3274 1737 esset,

1677 1757 1786 1827 jam
1816 1767 1865 1813 te
1911 1759 2133 1814 fortasse
2174 1775 2293 1813 cum
2327 1759 2429 1813 lilia
2461 1760 2681 1828 puderet
2729 1763 2906 1815 ornari
2937 1780 2949 1814 :
2984 1778 3125 1817 nunc
3168 1780 3277 1818 non

1684 1850 1875 1919 pudeat
1919 1866 2074 1921 agere
2117 1850 2306 1921 quibus
2337 1852 2491 1905 simul
2533 1852 2834 1918 orncmini;
2884 1854 3003 1921 quia
3037 1869 3142 1908 non
3190 1861 3274 1910 est

1681 1941 2048 2002 criminosum,
2082 1942 2174 1996 sed
2220 1943 2392 2010 potius
2417 1941 2727 2011 gloriosum,
2762 1951 2816 1996 ut
2841 1942 2906 1997 ah
2933 1943 3022 1997 illo
3050 1959 3157 1998 uno
3204 1944 3277 1999 si-

1683 2032 1790 2086 mul
1830 2034 2099 2088 amcmiui.
2144 2034 2459 2089 Simulatum
2487 2044 2662 2089 autem
2695 2034 2979 2090 candorem
3007 2051 3070 2091 ac
3108 2037 3275 2092 ruho-

1682 2138 1793 2177 rem
1841 2133 1895 2178 ct
1938 2126 2219 2194 pigmentis
2270 2124 2455 2179 illitum
2506 2141 2611 2180 non
2662 2125 3016 2190 adhiberetis,
3066 2128 3276 2183 etiamsi

1682 2216 1823 2272 viros
1848 2217 2116 2272 haberetis
2145 2235 2159 2282 ;
2191 2233 2292 2272 non
2326 2228 2571 2288 putantes
2600 2218 2790 2289 dignos
2814 2236 2947 2290 quos
2977 2220 3229 2276 falleretis
3252 2264 3270 2290 ,

1683 2322 1781 2361 nec
1810 2322 1904 2361 vos
1934 2324 2051 2378 qua:
2091 2307 2275 2363 fallere
2305 2309 2569 2363 deberetis
2603 2325 2616 2360 :
2651 2326 2789 2366 nunc
2834 2326 2960 2381 ergo
3004 2312 3073 2365 illi
3101 2312 3276 2384 Regi,

1680 2398 1768 2468 qui
1797 2399 1963 2453 unicae
1993 2414 2221 2469 sponszn,
2252 2400 2402 2469 cujus
2431 2400 2666 2455 membra
2696 2402 2841 2465 estis,
2872 2404 3102 2471 Speciem
3146 2420 3275 2460 eon-

1680 2492 1896 2561 cupivit,
1926 2494 2186 2547 veraciter
2212 2493 2372 2548 simul
2401 2494 2623 2563 plaeete,
2654 2495 2812 2549 simul
2859 2497 3150 2562 inltzrrcte;
3184 2498 3274 2552 illa

1682 2584 1982 2654 integritate
2030 2585 2305 2654 virginali,
2354 2595 2407 2638 tu
2456 2585 2779 2640 continentia
2842 2585 3056 2654 viduali,
3103 2589 3276 2642 amba:

1680 2673 2072 2743 pulchritudine
2106 2674 2384 2743 spirituali.
2428 2674 2482 2728 lu
2530 2689 2632 2743 qua
2677 2674 3067 2743 pulchritudine
3113 2678 3274 2731 etiam

1681 2766 1822 2821 illius
1846 2766 1982 2829 avia,
2012 2780 2197 2820 socrus
2228 2774 2337 2827 tua,
2366 2781 2482 2835 qua:
2503 2765 2610 2836 jam
2642 2776 2788 2821 certe
2818 2767 3012 2830 senuit,
3041 2776 3123 2821 est
3153 2768 3274 2836 pul-

1679 2857 1806 2913 chra
1838 2858 2108 2913 vobiscum
2144 2858 2239 2929 (a).
2279 2857 2527 2928 Vigorem
2555 2860 2749 2928 quippe
2795 2859 2952 2927 hujus
2981 2860 3274 2929 pulchritu-

1680 2950 1821 3007 dinis
1862 2951 1986 3006 dum
2034 2950 2273 3006 extendit
2313 2952 2364 3004 in
2412 2950 2675 3005 anteriora
2722 2953 2973 3011 eharitas,
3006 2969 3188 3022 rugam
3220 2954 3273 3008 in

1680 3058 1744 3099 ea
1772 3058 1875 3099 non
1902 3041 2027 3097 facit
2055 3042 2349 3097 annositas.
2394 3042 2613 3097 llabetis
2642 3043 2915 3098 vobiscum
2948 3059 3106 3098 anum
3144 3060 3271 3099 sau-

1680 3145 1820 3191 ctam
1848 3145 1901 3190 et
1927 3134 1979 3189 in
2008 3134 2167 3191 domo
2192 3142 2244 3189 et
2272 3134 2321 3188 in
2351 3134 2581 3198 Christo,
2609 3150 2766 3204 quam
2790 3134 2856 3188 de
2883 3134 3274 3203 perseverantia

1680 3227 2005 3290 consulatis;
2034 3225 2300 3296 quomodo
2325 3241 2442 3280 cum
2473 3226 2560 3279 illa
2584 3225 2664 3280 vel
2693 3225 2775 3278 illa
2805 3226 3095 3281 tentatione
3120 3228 3141 3257 '
3173 3242 3273 3295 pu-

1680 3318 1947 3390 gnandum
1974 3319 2059 3383 sit,
2094 3317 2219 3388 quid
2246 3317 2509 3389 agendum
2540 3326 2593 3372 ut
2626 3317 2775 3372 facile
2805 3327 3107 3387 superetur,
3130 3319 3271 3388 quod

1682 3409 2067 3465 munimentum
2099 3410 2434 3474 sumendum,
2467 3425 2534 3464 ne
2567 3408 2719 3464 facile
2743 3424 2929 3463 rursus
2956 3409 3270 3464 insidietur:

1682 3511 1736 3558 et
1764 3501 1809 3557 si
1837 3501 1960 3573 quid
1992 3499 2292 3571 hujusmodi
2334 3510 2436 3565 est,
2479 3500 2636 3555 docet
2665 3516 2758 3556 vos
2796 3500 3141 3555 diuturnitate
3160 3501 3271 3573 jam

1682 3600 1848 3657 certa,
1870 3607 2052 3647 amore
2077 3591 2353 3649 benevola.
2385 3590 2578 3659 pietate
2606 3591 2851 3656 sollicita,
2881 3601 3037 3646 mtate
3062 3608 3271 3647 secura.

1683 3684 1761 3739 Tu
1786 3683 2070 3754 praecipue,
2106 3691 2158 3737 tu
2190 3683 2407 3737 consule
2438 3683 2488 3736 in
2521 3682 2712 3735 talibus
2734 3697 2874 3748 eam,
2902 3698 3019 3752 qum
3056 3695 3273 3753 experta

1683 3785 1766 3831 est
1805 3775 1943 3846 quod
1987 3784 2203 3845 experta
2237 3791 2314 3830 cs.
2356 3775 2487 3829 Nam
2522 3775 2698 3844 proles
2741 3784 2913 3829 vestra
2945 3775 3070 3829 illud
3100 3777 3271 3830 cauti-

1683 3882 1803 3922 cunt
1831 3875 2028 3932 cantat,
2060 3864 2198 3936 quod
2229 3865 2282 3919 in
2326 3864 2642 3936 Apocalypsi
2675 3865 2773 3917 nisi
2807 3866 3033 3935 virgines
3059 3876 3276 3921 cantare

1684 3974 1788 4013 non
1834 3964 2057 4028 possunt
2103 3955 2282 4029 (Apoc.
2331 3972 2440 4018 xrv,
2472 3957 2523 4019 ’5,
2558 3956 2637 4026 4).
2676 3955 2780 4009 Pro
2810 3955 3065 4009 ambabus
3096 3964 3272 4011 tamen

1683 4050 1835 4105 vobis
1880 4048 2156 4103 sollicitius
2201 4057 2315 4100 orat
2341 4062 2497 4115 quam
2544 4062 2640 4115 pro
2679 4061 2738 4099 se
2778 4046 2887 4114 ipsa
2924 4045 3055 4099 :scd
3107 4048 3276 4116 magis

1684 4160 1781 4215 pro
1823 4152 1981 4213 nepte
2005 4142 2226 4196 sollicita
2255 4150 2356 4203 cst,
2388 4140 2470 4193 cui
2503 4138 2882 4193 vinceudarum
2925 4139 3270 4193 tentationum

1684 4238 1910 4306 spatium
1954 4235 2073 4305 plus
2119 4241 2285 4289 restat
2334 4247 2592 4285 annorum
2629 4248 2640 4285 :
2674 4240 2724 4285 te
2758 4239 2932 4285 autem
2974 4231 3116 4286 videt
3158 4248 3270 4287 arvo

1685 4344 1782 4384 suo
1808 4328 2138 4392 vicittiorem,
2171 4334 2225 4381 et
2271 4326 2387 4395 ejus
2432 4324 2554 4378 filia:
2595 4332 2843 4386 matrem,
2896 4338 3053 4393 quam
3106 4322 3148 4377 si
3183 4339 3273 4377 nu-

1687 4428 1848 4491 plant,
1882 4417 2020 4488 quod
2047 4417 2155 4487 jam
2184 4431 2287 4471 non
2318 4417 2453 4479 licet,
2490 4423 2648 4483 atque
2678 4414 2833 4477 absit,
2874 4414 3116 4476 vidisses,
3148 4423 3273 4483 puto

1685 4510 1823 4582 quod
1858 4525 2047 4581 parere
2071 4524 2188 4564 cum
2233 4509 2317 4563 illa
2346 4508 2670 4563 erubuisses.
2712 4507 2978 4574 Quantum
3022 4515 3102 4559 cst
3145 4522 3273 4576 ergo

1685 4603 1823 4675 quod
1848 4603 1958 4674 jam
1988 4603 2079 4657 tibi
2117 4601 2428 4672 periculosm
2459 4607 2624 4654 restat
2645 4598 2837 4664 aetatis,
2868 4614 2984 4667 qua:
3016 4598 3135 4652 ideo
3166 4614 3272 4651 non

1686 4697 1882 4752 diceris
1920 4695 2057 4760 avia,
2105 4704 2161 4748 ut
2207 4703 2510 4748 sanctarum
2560 4691 2937 4759 cogitationum
2970 4697 3023 4743 et
3050 4705 3272 4758 operum

1687 4788 1878 4843 fetibus
1921 4802 2041 4842 cum
2090 4786 2195 4840 ﬁlia
2244 4784 2414 4852 possis
2454 4797 2571 4836 esse
2618 4780 2885 4835 fecunda?
2931 4780 3043 4833 Non
3097 4781 3274 4850 itaque

1688 4877 1955 4933 immerito
1980 4876 2147 4946 magis
2192 4890 2285 4945 pro
2312 4875 2397 4927 illa
2428 4872 2652 4927 sollicita
2682 4881 2762 4926 est
2788 4872 2925 4937 avia,
2957 4887 3053 4940 pro
3080 4888 3181 4941 qua
3221 4882 3270 4927 ct

1688 4979 1743 5024 tu
1774 4978 1941 5022 mater
1967 4986 1979 5021 :
2017 4967 2136 5035 quia
2165 4973 2217 5019 et
2261 4964 2432 5032 majus
2462 4972 2543 5017 est
2571 4962 2708 5033 quod
2741 4963 2903 5029 vovit,
2952 4972 3003 5017 et
3032 4972 3197 5027 totum
3225 4964 3271 5019 ei

1690 5070 1853 5116 restat
1893 5057 2030 5128 quod
2060 5055 2216 5110 modo
2245 5056 2406 5124 etrapit
2432 5055 2472 5107 ³.
2514 5054 2773 5109 Exaudiat
2806 5055 3061 5109 Dominus
3092 5071 3276 5124 preces

1688 5151 1823 5221 ejus,
1854 5156 1910 5203 ut
1935 5155 2114 5203 sancto
2144 5144 2166 5177 ⁸
2196 5145 2560 5215 obsequamini
2591 5145 2793 5200 meritis
2824 5146 2959 5217 ejus,
3007 5162 3125 5217 qua:
3153 5162 3274 5201 car-

1754 5307 1770 5337 ί
1804 5304 1938 5377 editi,
1972 5314 2083 5375 quoe
2102 5315 2229 5377 vero.
2258 5308 2313 5377 at
2333 5308 2471 5377 uss,
2504 5301 2699 5363 videro;
2723 5305 2903 5353 omisso
2926 5338 2941 5364 ,
2974 5316 3100 5367 qum.
3149 5310 3280 5352 tinus

1691 5364 2113 5416 Aunustinen'sium
2131 5364 2295 5423 habet,
2317 5365 2494 5415 tidere.
2987 5364 2995 5367 '

1758 5405 1869 5477 {sic
2035 5441 2132 5475 uno
2168 5435 2379 5488 excepto
2411 5426 2850 5488 Augustinensium,
2878 5428 2957 5487 qui
2978 5424 3142 5488 habet,
3167 5436 3279 5472 cum

1690 5488 1776 5540 illa
1798 5489 2005 5541 beuuina
2018 5484 2371 5540 tentationefttt
2389 5484 2525 5547 editi,
2546 5500 2655 5536 cum
2676 5486 2765 5537 illa
2788 5484 2954 5536 contra
2976 5484 3099 5533 bella
3120 5490 3274 5534 tenta-

1678 5548 1824 5602 'toris.

1755 5614 1776 5645 ³
1796 5614 2100 5683 ςιθώεἱθιιείε
2118 5612 2473 5662 vetustissimus
2495 5616 2543 5658 et
2566 5608 2644 5658 alii
2667 5617 2767 5659 tres
2790 5615 2917 5665 Mss,
2943 5606 3069 5667 quod
3088 5606 3277 5657 modico

1692 5682 1963 5784 ωῬίειῙυιγρ
1986 5742 2109 5784 uctre
2134 5744 2258 5791 Mss,
2276 5742 2321 5783 et
2342 5739 2538 5783 sanctae.

1764 5800 1836 5863 (a)
1870 5798 2017 5848 Froba
2035 5796 2351 5846 Demetriatlis
2368 5796 2489 5855 avia,
2510 5806 2675 5843 socrus
2697 5791 2907 5840 tuliamc.
