3880 6284
613 352 716 410 H7

607 484 729 523 nem
759 467 860 523 viri
895 465 972 521 tui
1001 463 1080 539 (a)
1109 465 1162 520 in
1200 464 1417 536 juventa
1463 462 1687 535 peperit,
1716 476 1810 516 cor
1856 460 1976 515 filia:
2011 469 2112 513 tit-.e
2141 459 2193 512 in

605 560 823 607 senecta
855 551 1104 623 parturit.
1144 551 1343 606 Omnes
1370 551 1547 621 itaque
1569 549 1766 618 pariter
1791 556 1950 618 atque
1976 561 2200 600 concor—

607 644 746 699 diter
786 645 992 700 univiro
1023 645 1178 701 unius
1206 643 1469 714 conjugis,
1520 643 1571 696 in
1615 641 1766 710 cujus
1814 655 2039 709 corpore
2093 652 2198 692 uno

609 737 795 806 spiritu
845 736 1020 791 vivitis
1041 776 1056 799 ,
1090 736 1292 805 placete
1319 734 1554 789 moribus
1579 775 1592 798 ,
1626 734 1816 786 instate
1847 731 2198 785 orationibus.

680 827 908 884 CAPUT
945 826 1066 882 XX.
1100 856 1173 868 -—
1195 826 1287 881 23.
1331 824 1589 880 Illecebra:
1625 823 1893 877 sa'cularcs
1937 837 2049 892 qua:
2094 830 2197 874 tant

610 921 711 976 cito
737 921 997 990 deﬁciunt,
1026 919 1422 976 contemnendae.
1466 918 1778 973 Prietcrltus
1818 916 1930 971 dies
1961 931 2067 969 non
2110 931 2195 969 re-

612 1012 837 1068 vertitur
858 1012 908 1066 in
937 1011 1189 1071 futurum.
1219 1020 1272 1066 et
1303 1018 1422 1080 post
1447 1009 1756 1063 hesternum
1780 1007 1951 1077 pergit
1982 1005 2201 1061 hodier-

616 1119 738 1170 nus,
767 1111 819 1157 et
847 1112 967 1172 post
995 1102 1308 1156 hodicrmnn
1344 1107 1682 1171 perrecturus
1709 1108 1790 1154 est
1810 1099 2076 1152 crastinus
2104 1115 2116 1150 :
2149 1106 2203 1151 et

614 1212 740 1254 ecce
767 1197 942 1251 omnia
972 1206 1210 1265 tempora
1251 1203 1305 1249 et
1341 1194 1650 1264 temporalia
1681 1202 1974 1256 transeunt,
2018 1201 2073 1247 ut
2106 1206 2197 1245 ve-

616 1289 727 1343 niat
755 1303 1002 1342 mansura
1033 1287 1351 1358 promiSsio;
1383 1286 1544 1357 etqui
1572 1285 1952 1355 perseveraverit
1978 1300 2131 1348 usque
2150 1283 2204 1335 in

616 1380 791 1449 ﬁnem,
832 1380 913 1434 hic
934 1380 1105 1434 salvus
1132 1380 1224 1433 erit
1252 1378 1462 1449 (.llatt/t.
1500 1393 1557 1438 Χ.
1587 1376 1703 1445 22).
1737 1375 1791 1432 Si
1835 1375 2064 1430 tumidus
2093 1374 2201 1444 jam

615 1473 774 1541 perit,
812 1478 975 1540 nupta
1004 1471 1086 1525 cui
1127 1470 1292 1539 parit?
1321 1471 1427 1524 Aut
1471 1468 1631 1523 corde
1660 1468 1915 1537 paritura,
1961 1476 2015 1521 et
2042 1482 2202 1521 carne

616 1576 723 1617 non
758 1562 1014 1632 paritura,
1059 1561 1385 1616 curonubit?
1426 1560 1481 1617 Si
1507 1569 1685 1615 autem
1714 1559 1891 1615 adhuc
1918 1558 2204 1614 duraturus

619 1662 706 1711 est
730 1652 979 1716 mundus,
1006 1667 1103 1707 cur
1142 1666 1245 1706 non
1288 1652 1455 1722 magis
1491 1660 1701 1706 amatur
1726 1667 1820 1720 per
1845 1666 2001 1721 quem
2035 1648 2204 1704 factus

623 1754 709 1801 est
747 1743 1007 1800 mundus?
1045 1742 1099 1799 Si
1135 1743 1244 1813 jam
1288 1743 1542 1798 deficiunt
1583 1743 1847 1798 illecebra:
1897 1742 2201 1807 saeculares,

621 1850 730 1891 non
769 1843 852 1891 est
877 1835 1019 1905 quod
1062 1835 1385 1889 christianos
1423 1834 1631 1888 animus
1670 1833 1956 1903 cupiditate
1984 1834 2205 1903 conqui-

620 1938 705 1986 rat
729 1946 744 1984 :
768 1928 815 1983 si
853 1936 1033 1984 autem
1073 1926 1247 1981 adhuc
1284 1926 1593 1990 manebunt,
1638 1925 1885 1996 estquod
1926 1926 2208 1981 sanctitate

616 2027 947 2077 contemnat.
983 2019 1178 2075 llorum
1207 2017 1434 2072 duorum
1480 2017 1536 2073 in
1561 2016 1733 2072 altero
1756 2030 1882 2086 spes
1909 2015 2054 2070 nulla
2088 2015 2205 2070 libi-

620 2109 783 2175 diuis,
814 2110 865 2163 in
895 2110 1066 2165 altero
1102 2110 1271 2178 major
1306 2117 1389 2164 est
1414 2108 1583 2178 gloria
1609 2107 1907 2165 cbaritatis.
1944 2106 2085 2173 Quot
2113 2115 2206 2161 aut

621 2201 837 2271 quanti‘
880 2207 1007 2256 sunt
1044 2201 1141 2270 ipsi
1191 2200 1338 2265 anni,
1383 2200 1576 2270 quibus
1629 2198 1838 2253 videtur
1886 2198 2063 2269 vigere
2108 2197 2207 2252 llos

621 2291 852 2347 carnalis
877 2291 1082 2346 anatis?
1121 2290 1395 2345 Nonnule
1425 2290 1634 2345 femina:
1671 2289 1885 2360 nuptias
1913 2288 2207 2359 cogitantes

622 2390 677 2436 et
697 2381 944 2437 ardenter
971 2389 1235 2451 Optantes,
1264 2381 1391 2436 dum
1418 2390 1738 2451 spernuntur
1758 2389 1849 2434 aut
1867 2379 2202 2445 differuntur,

623 2480 844 2542 repente
882 2482 1191 2539 senuerunt,
1225 2479 1283 2527 ut
1322 2486 1414 2527 eas
1455 2472 1655 2528 nubere
1682 2471 1794 2541 jam
1837 2471 2060 2541 puderet
2088 2486 2205 2525 am-

625 2563 762 2633 plius
790 2579 947 2633 quam
978 2564 1187 2620 liberet.
1215 2564 1393 2619 Multa:
1429 2573 1605 2620 autem
1635 2573 1812 2634 nupta.-
1841 2564 2205 2620 recentissima

621 2670 716 2710 sua
755 2655 1128 2725 conjunctione
1173 2656 1225 2710 in
1268 2655 1553 2727 longinqua
1597 2656 1851 2726 profectis
1895 2654 2024 2710 viris
2068 2656 2198 2717 suis,

622 2746 852 2801 reditum
881 2761 1063 2801 eorum
1082 2746 1443 2816 exspectando
1468 2745 1764 2817 grandmva:
1792 2745 1945 2800 facta:
1973 2754 2119 2813 sunt,
2150 2754 2204 2800 et

621 2849 870 2912 tanquam
912 2838 1017 2893 cito
1044 2838 1271 2892 viduata}
1307 2838 1594 2909 aliquando
1624 2854 1720 2893 nec
1764 2848 2063 2894 remeantes
2102 2838 2208 2892 sal-

622 2938 727 2983 tem
768 2918 926 2986 senes
960 2943 1094 2987 suos
1133 2944 1267 2983 anus
1312 2928 1585 2999 suscipere
1621 2938 1949 2985 meruerunt.
1993 2929 2048 2984 Si
2078 2944 2206 2999 ergo

619 3021 707 3076 vel
735 3022 1107 3090 Spernentibus
1139 3023 1220 3076 vel
1245 3006 1822 3092 tarditatibus-Sponsis,
1852 3024 1935 3079 vel
1968 3025 2204 3095 pcregri-

622 3110 872 3167 nai.tibus
901 3113 1122 3179 maritis,
1163 3114 1393 3168 carnalis
1420 3114 1849 3184 concupiscentia
1882 3116 2050 3185 potuit
2076 3132 2206 3172 con-

622 3203 777 3257 tineri
811 3218 876 3258 ne
905 3213 1144 3275 stuprunt
1170 3213 1260 3260 aut
1285 3205 1602 3261 adulterium
1638 3207 2075 3271 committeretur,
2110 3225 2206 3264 cur

620 3295 882 3349 eontineri
912 3311 1015 3350 non
1048 3304 1222 3364 potest
1260 3312 1327 3352 ne
1355 3297 1691 3367 sacrilegium
1717 3301 2118 3355 committatur?
2147 3300 2202 3357 Si

622 3399 863 3454 repressa
893 3395 979 3441 est
1006 3402 1127 3441 cum
1155 3387 1381 3443 ferveret
1410 3388 1596 3456 dilata,
1633 3404 1729 3444 cur
1756 3405 1863 3444 non
1891 3392 2206 3461 opprimitur

620 3489 743 3528 cum
772 3475 1009 3545 friguerit
1032 3480 1339 3547 amputata?
1370 3479 1494 3534 Plus
1511 3481 1653 3535 enim
1684 3482 1996 3538 ardentcm'
2026 3484 2206 3542 ferunt

624 3566 916 3630 libidinem,
956 3584 1075 3637 qua;
1118 3584 1223 3624 non
1262 3569 1550 3640 desperant
1586 3572 1829 3643 ejusdem
1855 3575 2087 3633 libidinis
2112 3594 2207 3633 vo-

624 3658 902 3729 luptatem.
927 3660 1054 3728 Qua:
1078 3669 1255 3716 autem
1284 3662 1620 3735 innuptarum
1648 3666 1947 3723 castitatem
1981 3669 2089 3725 Deo
2112 3684 2206 3724 vo-

623 3758 765 3815 vent,
802 3752 966 3820 ipsam
996 3769 1143 3822 spent
1170 3754 1505 3822 subtrahunt,
1535 3773 1654 3827 qua:
1686 3758 1854 3817 fomes
1879 3763 2077 3818 amoris
2100 3772 2199 3819 est.

624 3841 775 3898 Unde
806 3842 1012 3899 facilius
1057 3847 1487 3915 concupiscentia
1530 3848 1849 3919 refrenatur,
1904 3868 2023 3923 qua:
2059 3854 2201 3909 nulla

621 3936 1020 4003 exspectatione
1063 3936 1402 3992 succenditur
1430 3956 1441 3990 :
1473 3948 1656 3995 contra
1697 3957 1855 4012 quam
1890 3950 2066 3999 tamen
2098 3945 2200 4000 nisi

619 4036 821 4091 oretur,
851 4036 906 4081 ut
926 4038 1226 4098 superetur,
1258 4030 1370 4099 ipsa
1402 4031 1578 4086 illicita
1603 4042 1884 4103 exaptatur
1901 4035 2197 4093 ardentius.

689 4117 916 4174 CAPUT
954 4118 1093 4173 XXI.
1120 4150 1192 4160 -——
1213 4119 1303 4176 26.
1346 4121 1552 4178 Deliciae
1579 4124 1868 4194 spirituales
1900 4127 2063 4181 viduis
2098 4129 2199 4182 sint

620 4211 730 4264 loco
758 4212 1056 4265 carnalium.
1088 4214 1301 4269 Deliciae
1330 4215 1487 4285 igitur
1510 4216 1813 4286 spirituales
1841 4219 2045 4275 deliciis
2070 4238 2192 4277 car-

619 4300 826 4356 nalibus
855 4302 905 4356 in
943 4314 1125 4357 saneta
1152 4305 1393 4360 castitate
1429 4306 1752 4371 succedant;
1786 4309 1963 4376 lectio,
2004 4313 2195 4380 oratio,

622 4393 875 4462 psalmus,
909 4392 1045 4448 bona
1087 4394 1361 4463 cogitatiO,
1404 4395 1663 4450 b0uormn
1699 4413 1920 4467 cperunt
1948 4400 2199 4473 frequen—

621 4484 770 4547 tatio,
813 4496 937 4551 spes
975 4481 1131 4535 futuri
1171 4484 1372 4547 smenli,
1422 4492 1477 4538 et
1518 4501 1610 4539 cor
1651 4501 1859 4543 sursum
1893 4509 1905 4544 :
1937 4501 2096 4563 atque
2133 4493 2201 4549 de

622 4573 702 4627 Itis
731 4573 978 4629 onmibus
1020 4575 1308 4644 gratiarum
1354 4590 1381 4627 a
1420 4576 1492 4629 tio
1537 4577 1674 4633 Patri
1724 4579 2006 4649 luminum,
2036 4599 2066 4638 a
2094 4600 2199 4655 quo

619 4664 733 4720 sine
771 4666 873 4720 ulla
902 4666 1232 4721 dubitatione
1256 4681 1415 4722 omne
1441 4667 1620 4723 datum
1665 4672 1923 4741 optimum
1951 4685 2002 4728 et
2038 4690 2199 4732 o.nue

618 4753 815 4810 donum
864 4760 1148 4825 perlectum
1175 4801 1189 4824 ,
1241 4758 1508 4829 Scriptura
1555 4770 1716 4825 teste,
1762 4763 2037 4821 descendit
2087 4767 2203 4834 (Ja-

619 4845 730 4899 cobi
768 4863 803 4908 l,
840 4848 950 4914 l7).
977 4848 1107 4903 Nam
1136 4849 1346 4920 quando
1386 4866 1480 4921 pro
1506 4852 1711 4908 deliciis
1756 4864 2039 4922 nuptarum
2067 4874 2200 4928 quas

621 4939 673 4992 iu
704 4954 863 4995 carne
904 4942 1135 4997 virorum
1162 4944 1379 5007 habent,
1410 4945 1632 5002 aliarum
1669 4949 1959 5003 carnalium
1985 4950 2202 5008 delicia-

619 5046 737 5084 rum
770 5041 1013 5102 tanquam
1056 5034 1106 5088 in
1150 5037 1392 5093 solatium
1430 5055 1555 5094 usus
1593 5041 1902 5108 assumitur,
1930 5043 2056 5114 quid
2096 5061 2197 5116 ego

615 5116 790 5177 dicam
826 5139 944 5193 qu:c
972 5138 1261 5195 sequantur
1292 5130 1449 5195 mala,
1493 5149 1613 5188 cum
1649 5132 1884 5190 breviter
1910 5137 2199 5208 Apostolus

617 5210 832 5279 dixerit,
864 5214 1132 5270 viventem
1164 5228 1421 5274 mortuam
1448 5210 1567 5279 esse
1594 5225 1804 5280 viduam
1840 5244 1956 5297 qua:
1988 5229 2036 5282 in
2063 5229 2198 5285 deli-

617 5306 713 5360 ciis
740 5307 866 5361 vivit
894 5307 933 5378 (l
967 5306 1098 5362 Tim.
1129 5326 1181 5376 v,
1213 5311 1309 5381 6)?
1335 5314 1486 5370 Absit
1527 5324 1703 5371 autem
1734 5334 1762 5372 a
1794 5319 1944 5375 vobis
1982 5329 2038 5375 ut
2063 5319 2199 5377 divi-

619 5399 807 5452 tiarum
826 5400 1110 5480 cupiditate
1133 5404 1410 5472 capiamini
1437 5423 1530 5476 pro
1553 5409 1842 5476 cupiditate
1869 5411 2191 5480 nuptiarum,

616 5500 669 5544 et
701 5491 750 5545 in
790 5477 1041 5548 eoi-dibus
1070 5498 1258 5551 vestris
1304 5515 1551 5553 omnmus
1576 5501 1672 5554 viri
1712 5502 1879 5556 amori
1924 5506 2190 5562 succedat.

618 5580 891 5639 lutueutes
915 5586 1057 5639 enim
1092 5587 1363 5642 hominum
1409 5591 1890 5657 convcrsalioaem,
1934 5610 2075 5666 s:rpe
2104 5614 2193 5653 cx-

684 5701 699 5768 ξ
727 5700 800 5749 sic
815 5707 920 5750 Mss.
952 5708 1002 5768 {\t
1025 5702 1160 5761 editi,
1185 5706 1315 5768 quot
1326 5710 1493 5768 autem
1514 5710 1561 5754 et
1581 5707 1762 5768 quanti.

681 5762 850 5825 {tm},
872 5764 1115 5812 (ἐνάρκων.
1140 5762 1254 5813 l-lditi
1274 5764 1352 5814 alii
1378 5781 1484 5813 eum
1511 5762 1632 5825 Mss.”
1662 5769 1927 5818 ardentem.

679 5820 756 5888 (a)
779 5821 944 5874 ohbrii
979 5838 1039 5875 ex
1075 5827 1266 5877 Hieron.
1296 5841 1343 5889 el
1359 5829 1435 5876 ist.
1457 5829 1559 5878 8nd
1596 5820 1807 5881 tit-meti.

1816 300 1823 307 “
1853 347 1910 402 s.
1955 342 2317 403 .ttgeusrm
2363 343 2662 400 EPISCOPI
3727 361 3800 418 ιιθ

2312 458 2445 525 pet-ti
2482 473 2686 524 sumus,
2732 458 2784 512 in
2826 457 3140 528 quibusdam
3172 458 3387 516 lascivia
3427 477 3693 535 compressa
3721 488 3802 528 ere.
3852 472 3853 541 ξ

2306 549 2446 604 visse
2472 550 2772 605 avaritiam.
2802 549 2935 632 Nam
2978 553 3116 607 sicut
3144 553 3194 607 in
3227 553 3356 624 ipsis
3381 558 3611 613 sensibus
3631 568 3805 633 corporis

2308 640 2514 694 acutius
2555 640 2777 696 audiunt
2817 642 2906 711 qui
2953 657 3058 696 non
3100 642 3298 712 vident,
3349 656 3405 700 et
3433 649 3670 718 tangendo
3692 656 3806 711 multa

2308 730 2637 795 discernunt,
2682 749 2781 788 nec
2828 742 2970 789 tanta
3003 735 3284 793 vivacitate
3329 746 3545 809 tangunt
3577 743 3655 811 qui
3690 749 3806 803 oculis
3852 788 3853 803 η

2310 831 2562 887 utuntur;
2595 822 2683 877 ubi
2721 823 3036 895 intelligitur
3066 841 3133 882 ex
3162 842 3268 882 uno
3307 828 3478 895 aditu,
3510 828 3559 885 id
3583 842 3673 895 est,
3706 836 3810 891 lumi-
3852 830 3853 895 ξ

2309 929 2456 978 num,
2487 929 2729 984 repressa
2772 916 3068 972 intentione
3107 919 3395 987 sentiendi,
3425 935 3539 976 eam
3565 937 3617 978 se
3651 924 3694 979 in
3723 928 3811 985 alios
3852 916 3853 989 l

2308 1019 2496 1058 sensus
2528 1006 2908 1074 promptiorem
2930 1008 2945 1039 ³
2974 1006 3318 1077 dignoscendi
3347 1012 3583 1067 acumine
3603 1029 3807 1085 exserere,

2313 1106 2563 1166 tanquam
2602 1114 2665 1151 ex
2695 1099 2864 1152 altero
2906 1108 3131 1154 conetur
3158 1101 3383 1170 implere
3411 1102 3549 1172 quod
3586 1111 3812 1177 negaturin

2308 1188 2479 1243 altero
2508 1206 2522 1237 :
2554 1189 2621 1243 ita
2663 1191 2824 1245 etiam
2855 1206 2997 1262 sarpe
3026 1193 3256 1249 carnalis
3279 1195 3541 1263 cupiditas
3575 1212 3602 1250 a
3639 1213 3815 1254 concute

2309 1279 2467 1334 bendi
2499 1280 2771 1350 voluptate
2796 1282 3052 1349 Ctthibita,
3098 1283 3394 1352 majoribus
3417 1285 3608 1341 viribus
3643 1286 3686 1341 iu
3709 1306 3814 1359 pecu

2312 1370 2412 1424 nia:
2460 1386 2517 1424 se
2547 1371 2766 1440 porrigit
2803 1372 3117 1439 appetitum,
3163 1380 3218 1428 et
3264 1374 3412 1430 illinc
3455 1391 3647 1439 aversa,
3678 1378 3754 1434 huc
3780 1396 3814 1435 se

2310 1460 2507 1530 impetu
2537 1462 2839 1518 ardentiore
2860 1464 3140 1519 convertit.
3168 1463 3222 1518 In
3248 1465 3402 1520 vobis
3429 1478 3598 1521 autem
3625 1483 3744 1523 amor
3761 1470 3813 1524 ὧν

2309 1554 2556 1609 vitiarmn
2604 1555 2759 1609 simul
2790 1554 3042 1626 frigescat
3088 1571 3207 1611 cum
3236 1573 3425 1614 amore
3470 1560 3812 1628 nuptiarum;ct

2309 1643 2429 1714 pius
2458 1659 2584 1700 usus
2610 1661 2785 1699 rerum
2821 1660 2953 1715 quas
2983 1647 3288 1715 possidetis,
3319 1647 3390 1702 ad
3433 1649 3707 1718 Spirituales
3727 1651 3811 1706 deli-

2309 1736 2420 1791 cias
2458 1736 2780 1800 Conferatur,
2829 1748 2883 1792 ut
2931 1737 3223 1794 liberalitas
3263 1747 3442 1795 vestra
3484 1742 3640 1812 magis
3678 1741 3814 1799 ferveat

2309 1826 2628 1895 adjuvandis
2656 1828 2840 1899 egenis
2877 1844 3036 1898 quam
3079 1829 3312 1884 ditandis
3351 1831 3549 1887 avaris.
3588 1831 3636 1886 In
3670 1832 3812 1887 thesea.

2310 1932 2427 1972 rum
2461 1918 2655 1989 quippe
2700 1920 2974 1975 ccelestcm
3024 1935 3131 1977 non
3176 1922 3462 1977 mittuntur
3508 1923 3636 1978 dona
3663 1926 3814 1994 cupido-

2310 2024 2451 2073 rum,
2491 2010 2586 2065 sed
2616 2012 2970 2084 cleemosynzn
2998 2029 3316 2084 paupermn,
3354 2031 3474 2085 qua:
3498 2016 3547 2069 in
3577 2017 3812 2072 immensum

2311 2098 2529 2154 modum
2572 2102 2843 2158 orationes
2880 2103 3137 2172 adjuvant
3182 2104 3485 2160 viduarum.
3525 2106 3705 2177 Jejnnia
3727 2125 3813 2178 quo-

2311 2206 2416 2261 que
2452 2207 2515 2247 ac
2557 2193 2744 2263 vigiliae
2780 2193 2833 2248 in
2870 2205 3125 2265 quantum
3153 2196 3521 2253 valetudinem
3553 2214 3810 2269 nnnpeuur.

2312 2281 2463 2351 bant,
2503 2283 2550 2338 si
2587 2285 2810 2351 orando,
2843 2287 3139 2356 psallendo,
3183 2289 3435 2359 legendo,
3480 2300 3534 2347 et
3568 2293 3615 2346 in
3645 2293 3732 2361 lege
3753 2293 3809 2346 bri

2311 2376 2618 2433 meditando
2664 2379 3012 2445 insumantur,
3056 2381 3109 2435 in
3147 2381 3370 2438 delicias
3411 2370 3686 2453 spirituales
3707 2385 3808 2438 etiam

2311 2468 2424 2539 ipsa
2464 2485 2583 2539 qua:
2614 2470 2858 2527 videntur
2879 2511 2885 2519 .
2907 2473 3166 2529 laboriosa
3195 2482 3502 2531 vertuntur.
3546 2475 3678 2531 Nullo
3707 2476 3813 2529 tut.th

2311 2560 2452 2616 enim
2479 2571 2605 2616 sunt
2628 2564 2840 2618 onerosi
2871 2564 3083 2621 labores
3119 2567 3439 2630 amantium,
3478 2568 3569 2623 sed
3595 2568 3721 2623 etiam
3747 2568 3811 2635 ipsi

2310 2651 2604 2719 delectant,
2653 2658 2790 2711 sicut
2833 2658 3167 2723 venantium,
3216 2660 3621 2729 aucupantium,
3664 2660 3806 2729 piscan-

2314 2747 2466 2810 tium,
2492 2744 2954 2811 vindemiantium,
2990 2750 3406 2818 negotiantium,
3432 2750 3555 2805 ludo
3575 2751 3717 2818 aliquo
3734 2764 3808 2803 scsé

2311 2836 2708 2894 oblectantium.
2740 2839 2967 2896 Interest
2999 2856 3126 2911 ergo
3155 2841 3280 2911 quid
3325 2854 3555 2898 ametur.
3576 2842 3685 2897 Nam
3714 2842 3748 2894 in
3767 2855 3809 2892 eo

2310 2929 2452 3001 quod
2490 2940 2717 2998 amatur,
2748 2941 2840 2986 aut
2870 2947 2975 2986 non
3019 2933 3308 2999 laboratur,
3344 2946 3437 2988 aut
3490 2944 3542 2990 et
3576 2933 3699 2988 labor
3714 2946 3807 2985 ama-

2312 3028 2416 3074 tur.
2449 3021 2519 3076 Ει
2541 3021 2658 3078 \ide
2681 3038 2838 3093 quam
2872 3023 3178 3095 pudendum
3206 3031 3257 3077 et
3289 3025 3576 3080 dolendum
3608 3026 3682 3088 sit,
3701 3024 3732 3076 si
3747 3021 3806 3074 de.

2311 3111 2472 3167 lectat
2501 3112 2650 3167 labor
2675 3121 2730 3168 ut
2758 3113 2865 3168 fera
2895 3114 3157 3183 capiatur,
3190 3122 3251 3169 ut
3277 3129 3418 3184 cupa
3442 3125 3496 3170 et
3520 3112 3803 3169 saeculnsim.

2314 3201 2538 3272 plealur,
2576 3189 2655 3256 ut.
2688 3203 2792 3272 pila
2826 3202 3075 3274 jaciatur,
3132 3211 3186 3259 et
3233 3220 3344 3259 non
3386 3203 3604 3261 delectat
3642 3212 3686 3257 ut
3715 3202 3805 3256 Deus

2311 3292 2636 3362 acquiratur.

2380 3382 2606 3440 CAPUT
2646 3383 2811 3439 XXll.
2838 3384 3017 3438 ——27.
3064 3384 3239 3439 Fﬂmd’
3266 3384 3415 3440 bona:
3446 3401 3582 3439 cura.
3612 3382 3659 3438 la
3690 3379 3802 3435 omni-

2311 3472 2411 3527 bus
2436 3488 2562 3528 sane
2591 3474 2952 3544 spiritualibus
2977 3474 3203 3540 deliciis,
3236 3475 3432 3545 quibus
3458 3475 3676 3530 fruuntur
3698 3472 3800 3524 inmt-

2312 3571 2436 3635 ptae,
2489 3573 2669 3619 sancta
2720 3580 2902 3620 earum
2950 3575 3284 3621 conversatio
3331 3574 3485 3621 cauta
3527 3565 3664 3622 etiam
3699 3560 3802 3615 debet

2310 3671 2460 3723 esse;
2502 3672 2570 3713 ne
2600 3657 2735 3713 forte
2776 3673 2896 3713 cum
2928 3659 3063 3712 mala
3094 3659 3198 3713 vita
3238 3674 3350 3713 non
3382 3659 3452 3714 sit
3475 3674 3567 3731 per
3589 3655 3801 3711 lasciviam,

2312 3748 2448 3801 mala
2488 3748 2556 3802 sit
2595 3746 2731 3802 fama
2759 3764 2856 3819 per
2891 3748 3286 3820 negligentiam.
3316 3750 3430 3806 Nec
3460 3746 3678 3805 audiendi
3706 3751 3799 3807 sunt.

2309 3838 2421 3892 sive
2452 3838 2548 3893 viri
2589 3840 2779 3906 sancti,
2828 3841 2939 3895 sive
2971 3841 3203 3906 feminae,
3235 3842 3451 3911 quando
3488 3834 3800 3911 reprcbensain

2308 3930 2485 4002 aliquo
2516 3932 2831 4002 negligentia
2860 3947 2975 3998 sua,
3006 3948 3100 4002 per
3122 3949 3280 4004 quam
3309 3933 3370 3989 fit
3400 3943 3458 3989 ut
3498 3934 3546 3987 in
3576 3931 3727 3987 malam
3744 3940 3799 3977 νει

2309 4021 2459 4076 niant
2502 4022 2881 4091 suspicionem,
2929 4022 3067 4078 unde
3108 4037 3256 4078 suam
3295 4025 3461 4079 vitam
3505 4023 3644 4092 longe
3675 4018 3797 4071 abesse

2309 4111 2504 4177 sciunt,
2536 4111 2717 4166 dicunt
2746 4112 2843 4166 sibi
2876 4128 3055 4168 coram
3080 4114 3187 4169 Deo
3214 4114 3459 4171 sufficere
3484 4111 3794 4169 conscientum.

2307 4201 2753 4259 existimationem
2786 4202 3060 4260 hominum
3106 4220 3209 4260 non
3252 4205 3606 4276 imprudenter
3627 4205 3644 4233 ²
3665 4198 3795 4255 solum.

2308 4308 2490 4347 verum
2516 4294 2673 4347 etiam
2704 4292 2992 4349 crudeliter
3021 4306 3456 4358 contemnentes;
3486 4310 3594 4351 cum
3624 4288 3794 4347 occidunt

2308 4384 2511 4439 animas
2530 4384 2776 4451 aliorum,
2814 4386 2925 4440 sive
2957 4388 3436 4457 blasphemantium
3458 4389 3584 4444 viam
3608 4385 3698 4450 Dei,
3719 4380 3790 4449 φή·

2308 4474 2407 4529 bus
2451 4476 2742 4531 secundum
2787 4495 2936 4533 suam
2986 4481 3344 4549 suspicionem
3374 4482 3519 4552 quasi
3548 4477 3689 4548 turpis
3718 4486 3791 4540 qu?

2306 4574 2449 4621 casta
2491 4575 2573 4620 est
2601 4565 2847 4636 displicet
2887 4569 2993 4623 vita
3040 4579 3367 4638 sanctorum,
3417 4572 3523 4626 sive
3557 4570 3689 4623 etiam
3716 4576 3790 4615 cum

2307 4657 2649 4712 excusatione
2681 4659 3023 4724 imitantium,
3064 4677 3168 4715 non
3208 4662 3351 4732 quod
3378 4663 3565 4725 vident,
3602 4647 3791 4722 se,thil

2308 4756 2510 4816 putant.
2563 4748 2794 4805 Proinde
2837 4752 3074 4821 quisquis
3121 4767 3149 4806 a
3195 4755 3503 4809 criminibus
3552 4749 3787 4820 flagitiorum

2306 4848 2464 4910 atque
2500 4840 2790 4896 facinorum
2819 4842 2978 4897 vitam
3018 4859 3167 4900 suam
3211 4847 3459 4914 custodit,
3501 4845 3589 4900 sibi
3614 4834 3788 4896 benelr

2305 4930 2377 4985 cit
2401 4949 2414 4985 :
2440 4932 2680 5003 quisquis
2708 4942 2885 4987 autem
2913 4935 3070 4989 etiam
3104 4937 3322 5002 famam,
3351 4948 3405 4993 ct
3432 4938 3480 4991 in
3505 4936 3621 4989 alios
3644 4924 3786 4985 miseri

2305 5037 2428 5077 cors
2458 5032 2560 5078 est.
2592 5022 2755 5078 Nobis
2783 5026 2923 5078 enim
2958 5027 3255 5081 necessaria
3281 5036 3364 5082 est
3389 5028 3489 5081 vita
3520 5031 3687 5080 nostra.
3709 5014 3784 5067 aliis

2306 5113 2442 5167 fama
2475 5123 2653 5169 nostra
2685 5123 2776 5170 :ct
2806 5115 2987 5186 utique
3011 5117 3170 5172 etiam
3210 5119 3349 5188 quod
3375 5119 3485 5173 aliis
3508 5114 3782 5170 ministram!Is

2306 5204 2723 5261 misericorditer
2759 5206 2823 5262 ad
2866 5208 3111 5271 salutem,
3154 5208 3219 5263 ad
3269 5218 3493 5264 nostram
3528 5214 3697 5275 quoque
3726 5206 3781 5247 rc-

2304 5295 2503 5351 dundat
2533 5298 2826 5354 utilitatem.
2867 5297 3019 5355 Unde
3047 5316 3150 5355 non
3178 5300 3364 5356 frustra
3391 5295 3642 5369 Apostolus
3662 5306 3673 5342 :
3693 5283 3778 5339 Ρνο-

2302 5388 2547 5454 videmus,
2589 5390 2778 5459 inquit,
2809 5391 2960 5458 bona,
3008 5409 3108 5446 non
3145 5393 3310 5447 solum
3338 5408 3499 5447 coram
3535 5385 3644 5448 Deo,
3665 5385 3775 5474 ta?“

2303 5480 2453 5533 etiam
2492 5496 2663 5535 coram
2705 5480 2989 5539 hominibus
3015 5484 3079 5555 (ll
3110 5482 3227 5539 Cor.
3257 5502 3366 5553 vin,
3394 5480 3499 5555 2i).
3526 5479 3631 5533 Item
3654 5468 3769 5526 dicit:

2369 5656 2383 5686 ¹
2411 5655 2484 5704 sic
2506 5662 2613 5704 Mss.
2641 5663 2694 5705 At
2720 5656 2857 5725 editi.
2901 5670 3122 5720 repressa
3160 5659 3420 5725 fatentium,
3448 5646 3649 5725 ,τέρψειηρ
3659 5633 3770 5725 ζίξξζ

2304 5715 2422 5766 alios
2445 5730 2607 5826 sqlssns
2630 5711 2982 5781 promptiorem.
3007 5726 3079 5769 Er.
3100 5731 3149 5771 et
3171 5723 3343 5785 aliqu-.1
3367 5711 3479 5779 .\t.§s.,
3498 5716 3542 5767 in
3557 5711 3650 5766 alii”

2305 5791 2472 5827 meum
2494 5792 2593 5827 mre

2305 5791 2551 5838 promptam

2368 5843 2386 5870 ²
2414 5840 2578 5891 t'lurcs
2593 5848 2720 5899 3155.,
2745 5840 2925 5906 inquit}:
2941 5847 3059 5892 nter.
