3880 6284
75 326 162 386 μθ
1197 305 1282 362 DE
1322 303 1498 361 ΒοΝο
1541 298 1928 357 VIDUITATIS
1970 300 2188 355 LIBER.

73 443 248 494 Placete
282 433 506 488 omnibus
543 444 628 500 per
663 425 849 488 omnia,
879 423 1010 477 sicut
1056 428 1102 474 et
1145 435 1235 490 ego
1268 417 1498 472 ontnibus
1524 431 1612 484 per

69 530 211 586 nantia
249 526 431 594 placeo,
485 536 579 574 non
620 530 847 588 quterens
886 511 1020 582 quod
1061 509 1184 562 milii
1215 509 1335 562 utile
1381 517 1476 573 est,
1524 505 1611 559 sed

66 621 178 692 quod
202 617 380 678 multis,
423 621 476 665 ut
509 610 629 665 salvi
656 609 782 676 ﬁant
813 603 856 673 (Ι
895 602 1015 658 Cor.
1047 617 1105 664 ιι,
1134 599 1246 668 33).
1286 598 1342 652 In
1381 595 1610 666 quadam

67 691 198 771 etiam
246 705 608 764 exhortatione
659 699 829 754 dicit:
859 695 937 749 De
980 701 1180 757 cretero,
1229 691 1432 759 fratres,
1470 701 1610 756 qua:-

65 819 243 872 cumque
279 805 396 853 sunt
427 811 564 860 vero,
595 803 920 862 quacumque
949 794 1143 846 sancta,
1182 793 1504 852 quaecumque
1520 778 1614 847 ju-

65 910 145 962 sta,
176 903 490 963 quacumque
533 894 692 950 casta,
733 893 1060 952 qutccmnque
1113 872 1431 936 charissima,
1477 883 1615 939 qua?-

65 1002 241 1055 cumqne
261 983 404 1036 bona:
440 979 612 1048 famw,
644 975 688 1029 si
709 990 806 1044 qua
828 973 1004 1034 virtus,
1031 968 1075 1021 si
1105 983 1206 1039 qua
1235 966 1368 1028 laus,
1395 964 1502 1016 [nec
1526 977 1614 1014 co-

65 1083 206 1153 gitate,
244 1089 352 1148 qua:
402 1082 449 1126 et
495 1068 760 1132 didicistis,
805 1074 852 1121 et
881 1061 1165 1132 accepistis,
1213 1067 1258 1112 et
1280 1055 1518 1121 audistis,
1569 1061 1616 1108 et

63 1146 222 1226 ridetis
248 1146 295 1221 in
325 1183 403 1219 me
427 1162 687 1237 (Philipp.
713 1175 764 1214 IV
782 1200 796 1224 ,
825 1157 857 1212 8
877 1165 922 1209 et
951 1152 1030 1225 9).
1060 1151 1248 1207 Cernis
1275 1146 1618 1219 quemadmo-

65 1265 165 1318 dum
205 1261 332 1314 inter
369 1255 539 1310 multa
587 1267 706 1322 quae
745 1243 1076 1304 exhortando
1119 1241 1467 1301 commonuit,
1511 1250 1616 1291 non

69 1349 314 1424 neglexerit
353 1360 582 1418 ponere,
631 1353 956 1414 qntecninqne
995 1336 1137 1389 bona:
1166 1337 1352 1404 (anne;
1383 1328 1620 1382 duobus-

73 1464 154 1518 que
174 1443 326 1499 verbis
363 1446 560 1494 cuncta
591 1433 929 1496 concluserit,
967 1428 1057 1484 ubi
1096 1429 1190 1492 ait,
1227 1425 1270 1478 si
1306 1439 1403 1493 qua
1440 1421 1616 1487 virtus,

75 1517 111 1590 si
127 1553 204 1605 qua
224 1535 342 1586 laus.
390 1528 476 1583 Ad
508 1527 756 1582 virtutem
799 1534 1028 1591 namque
1067 1517 1336 1588 pertinent
1361 1528 1478 1584 qua:
1520 1527 1619 1565 an-

71 1603 142 1683 tea
171 1621 470 1678 memoravit
517 1620 694 1681 bona;
739 1615 877 1669 tanta
908 1626 1058 1676 vero,
1106 1608 1173 1664 ad
1223 1606 1456 1661 laudem.
1487 1603 1620 1658 Puto

66 1717 294 1787 quodnon
325 1712 546 1767 laudem
575 1706 848 1763 hominum
880 1717 976 1772 pro
1002 1715 1197 1770 magno
1219 1697 1458 1753 sumebat
1481 1700 1623 1764 Apo-

65 1809 218 1871 stolas,
247 1806 348 1858 alio
382 1804 507 1857 loco
539 1795 910 1863 dicens,.Mihi
938 1801 1103 1846 autem
1130 1791 1390 1844 minimum
1415 1796 1484 1842 est
1514 1795 1565 1839 ut
1591 1803 1624 1839 a

64 1901 172 1952 ubis
199 1897 464 1966 dijudicer,
510 1903 599 1946 aut
639 1890 700 1944 ab
740 1889 958 1942 lnonano
989 1886 1068 1938 die
1099 1883 1138 1954 (I
1166 1881 1286 1937 Cor.
1324 1896 1394 1946 tv,
1436 1879 1521 1948 5);
1570 1885 1626 1932 et.

62 1990 180 2051 alibi,
211 1989 267 2042 Si
295 1986 591 2040 hominibus
620 1982 890 2053 placerem,
927 1976 1114 2031 Clu-isti
1142 1989 1310 2027 servus
1342 1987 1440 2024 non
1469 1985 1625 2024 essent

65 2082 208 2150 (Colat
251 2097 284 2145 ι,
316 2079 445 2148 10);
490 2085 546 2132 et
581 2075 802 2139 itermn,
848 2071 981 2124 Nam
1006 2067 1169 2137 gloria
1199 2073 1368 2118 nostra
1397 2061 1503 2115 lucc
1532 2068 1622 2126 est,

63 2173 360 2226 testiuwninnt
401 2166 731 2222 conscientia:
762 2171 945 2217 nostra:
977 2159 1042 2234 (ll
1074 2157 1191 2212 Cor.
1212 2172 1248 2223 ι,
1283 2155 1393 2225 12).
1426 2152 1530 2209 Sed
1563 2151 1628 2205 il-

62 2266 204 2318 lorum
230 2263 485 2326 duorum,
523 2259 576 2313 id
607 2267 709 2322 est,
740 2255 894 2310 bona:
927 2254 1045 2306 vitae
1075 2260 1127 2306 et
1153 2249 1308 2303 bona!
1344 2247 1518 2312 fartim,
1543 2244 1627 2299 vel

62 2355 176 2425 quod
214 2354 426 2410 brevius
481 2350 703 2413 dicitur,
743 2345 955 2401 virtutis
993 2350 1047 2398 et
1075 2339 1265 2402 laudis,
1313 2353 1474 2392 unum
1506 2350 1632 2406 pro-

64 2459 158 2516 pter
185 2464 238 2502 se
275 2448 449 2515 ipsum
485 2439 884 2511 sapientissime
925 2433 1205 2498 retinebat,
1249 2431 1474 2484 alterum
1504 2442 1629 2496 pro-

65 2550 158 2608 pter
182 2538 312 2592 alios
340 2530 854 2590 misericordissima
882 2525 1208 2596 providebat.
1239 2522 1343 2578 Sed
1380 2521 1628 2591 quoniam

65 2630 355 2699 quantalibet
385 2629 631 2681 humana
673 2620 878 2677 cautela
927 2617 1258 2687 suspiciones
1302 2613 1632 2668 malevolen-

66 2723 266 2776 tis‘simas
313 2735 418 2774 non
465 2723 650 2788 potest
689 2714 833 2768 onmi
879 2727 943 2764 ex
989 2717 1139 2780 parte
1167 2707 1356 2771 vitare,
1404 2704 1491 2759 ubi
1536 2718 1632 2774 pro

66 2812 436 2867 existimatione
488 2815 674 2862 nostra
712 2800 964 2873 quidquid
1004 2809 1150 2854 recte
1175 2811 1458 2867 possumus
1497 2794 1636 2850 fece-

65 2906 223 2969 rimus,
249 2904 291 2956 si
324 2901 496 2971 aliqui
521 2898 591 2952 de
614 2897 764 2951 nobis
789 2895 872 2949 vel
895 2892 1030 2946 mala
1059 2891 1361 2962 ﬁngentlo‘,
1393 2889 1474 2943 vel
1498 2889 1635 2943 male

69 2994 330 3060 credendo,
361 2994 572 3046 famam
597 2996 830 3042 nostram
853 2983 1163 3040 decolorare
1186 2990 1464 3046 conantur,
1499 2980 1637 3033 adsit

69 3087 381 3141 conscientia:
408 3083 689 3146 solatium,
718 3079 980 3150 planeque
1015 3075 1171 3130 etiam
1203 3073 1471 3143 gaudium,
1497 3072 1635 3142 quod

71 3193 247 3234 merces
273 3188 457 3233 nostra
491 3189 686 3244 magna
714 3181 795 3226 est
826 3171 877 3224 in
917 3169 1088 3233 malis,
1112 3167 1272 3222 etiam
1311 3181 1430 3220 cum
1457 3164 1638 3218 dicunt

72 3270 285 3326 homines
326 3269 472 3324 mala
525 3266 686 3319 multa
727 3262 794 3317 de
840 3260 1013 3324 nobis,
1065 3258 1148 3328 pie
1188 3266 1364 3311 tamen
1392 3255 1639 3324 justeque

71 3364 340 3418 viventibus
368 3359 594 3433 (Matth.
624 3372 678 3422 v,
712 3356 798 3421 il,
832 3352 945 3422 12).
972 3350 1064 3405 llla
1103 3349 1244 3404 enim
1286 3361 1490 3402 merces
1526 3355 1641 3398 tan-

73 3471 206 3524 quam
229 3454 562 3524 stipendium
597 3457 679 3504 est
704 3445 1065 3510 militantium,
1099 3457 1195 3512 per
1219 3456 1367 3495 arma
1399 3440 1639 3509 justitizv,

74 3562 161 3599 non
189 3547 350 3602 solum
383 3545 634 3607 dextera,
667 3553 850 3595 verum
895 3545 948 3592 et
989 3535 1241 3599 sinistra;
1288 3548 1383 3602 per
1420 3531 1640 3602 gloriam

76 3638 248 3692 scilicet
276 3647 329 3691 et
367 3633 784 3706 ignobilitatem,
819 3645 914 3700 per
939 3627 1210 3683 infamiam
1249 3634 1303 3680 et
1344 3624 1532 3679 bonam
1567 3623 1642 3677 fa-

78 3746 194 3784 mam
219 3730 280 3802 (ll
303 3728 424 3784 Cor.
457 3743 538 3791 vr,
571 3727 622 3792 7,
653 3725 731 3794 8).

134 3821 344 3878 CAPUT
385 3816 588 3876 XXIII.
627 3845 699 3856 -——
725 3815 817 3870 28.
863 3813 1184 3868 Continentes
1233 3817 1561 3880 perseverent,
1600 3818 1645 3860 et

79 3917 174 3969 aliis
198 3915 533 3985 persuadeant
562 3909 936 3965 continentiam.
969 3905 1255 3960 Conclusio.
1288 3904 1436 3974 Agite
1469 3903 1644 3971 itaque

81 4026 265 4064 cursum
293 4017 560 4069 vestrum,
602 4013 656 4059 et
694 4007 1099 4073 perseveranter
1141 3998 1356 4060 currite,
1405 4005 1460 4049 ut
1499 4010 1647 4048 com—

84 4101 430 4170 prehendatis;
478 4108 535 4153 et
572 4095 819 4164 exemplo
845 4094 964 4146 vine
1009 4087 1498 4156 exhortadonisque
1529 4102 1644 4140 ser-

85 4207 218 4247 mone
262 4193 428 4261 rapite
480 4189 535 4242 in
565 4185 811 4242 eumdem
850 4197 1064 4238 cursum
1097 4191 1328 4234 vestrum
1359 4192 1644 4247 quascum-

85 4299 172 4350 qne
195 4283 494 4352 potueritis.
525 4279 638 4334 Non
667 4293 761 4332 vos
785 4277 853 4330 ab
881 4275 981 4329 hoc
1007 4271 1203 4335 studio,
1231 4286 1336 4340 quo
1364 4269 1554 4322 multas
1584 4267 1647 4320 ad

88 4375 369 4430 imitandum
414 4372 686 4435 excitatis,
726 4369 932 4438 frangat
977 4365 1189 4436 querela
1235 4376 1518 4427 vanorum,
1560 4359 1650 4428 qui

88 4466 247 4522 dicunt
288 4487 300 4520 :
348 4463 637 4535 Quomodo
698 4461 952 4517 subsistet
1003 4471 1169 4529 genus
1221 4456 1545 4518 humanum,
1608 4452 1651 4506 si

89 4576 253 4615 omnes
292 4560 495 4616 iuerint
536 4553 902 4612 continentes?
939 4551 1098 4620 Quasi
1130 4557 1346 4619 propter
1387 4545 1526 4600 aliud
1569 4561 1655 4599 re-

92 4652 302 4706 tardetur
326 4653 428 4707 hoc
460 4650 734 4713 saeculum,
770 4647 868 4701 nisi
908 4656 966 4700 ut
995 4645 1277 4713 impleatur
1306 4639 1652 4710 prmdestiua-

95 4751 168 4796 tus
189 4759 433 4800 numerus
463 4743 553 4796 ille
580 4749 904 4804 sanctorum,
938 4751 1042 4806 quo
1084 4734 1238 4789 citius
1267 4732 1502 4802 impleto,
1534 4744 1656 4800 pro-

97 4831 217 4888 iecto
248 4851 344 4891 nec
387 4834 648 4890 terminus
689 4831 868 4888 smculi
907 4827 1200 4883 differetur.
1238 4825 1346 4879 Nec
1391 4822 1519 4877 illud
1562 4837 1656 4875 vos

154 4962 316 5026 ‘Editi,
337 4965 413 5017 vel
445 4963 570 5015 male
590 4961 833 5029 ﬁngendo.
860 4960 1083 5011 Meliores
1100 4964 1227 5017 Mss,
1248 4956 1392 5006 mala.

3202 297 3309 359 450

1719 414 1953 473 retardet
1983 413 2048 467 ab
2072 413 2246 466 studio
2276 411 2625 481 persuadendi
2660 411 2776 467 aliis
2817 415 3010 466 bonum
3037 427 3298 482 vestrum,

1720 507 1763 562 si
1803 507 2010 561 dicatur
2053 506 2203 560 vobis
2236 504 2408 559 :Cum
2454 513 2508 558 et
2554 505 2746 573 nuptias
2787 504 2938 558 boum
2983 505 3119 569 sint,
3165 521 3298 575 quo-

1721 599 1882 654 modo
1904 607 2060 654 erunt
2080 597 2258 651 omnia
2283 595 2422 650 bona
2451 596 2502 650 in
2525 595 2721 651 Christi
2745 609 2987 664 corpore,
3016 603 3069 650 et
3098 596 3298 666 majora

1722 690 1925 772 scilicet
1951 697 2004 743 et
2035 689 2258 752 minora,
2289 689 2331 741 si
2359 702 2548 742 omnes
2573 686 2914 741 continentia:
2954 687 3109 741 laude
3144 696 3301 756 atque

1723 796 1904 838 amore
1934 781 2289 835 ‘imitentur?
2333 781 2530 844 Primo,
2575 780 2697 849 quia
2737 778 2978 833 conando
3026 787 3082 832 ut
3124 794 3310 834 omnes

1723 876 1830 930 sint
1861 874 2215 938 continentes,
2251 880 2376 926 tunc
2402 879 2556 926 erunt
2594 871 2676 924 vel
2713 876 2912 939 panem.
2949 870 3127 938 Neque
3164 871 3306 924 enim

1724 983 1892 1022 omnes
1921 966 2124 1035 capiunt
2147 963 2344 1017 verbum
2376 963 2487 1015 hoc.
2520 961 2622 1015 Sed
2646 962 2894 1030 quoniam
2923 961 3175 1030 scriptum
3202 969 3308 1024 est,

1729 1059 1830 1126 Qui
1858 1067 2017 1130 potest
2060 1073 2257 1127 capere,
2299 1056 2463 1126 capiat
2499 1053 2713 1123 (Matth.
2745 1069 2853 1117 xrx,
2898 1053 2985 1116 Η,
3021 1051 3146 1124 12);
3187 1061 3312 1106 tunc

1725 1151 1940 1220 capiunt
1978 1165 2094 1219 qua:
2144 1156 2385 1217 possunt,
2427 1147 2470 1199 si
2513 1160 2611 1200 nec
2647 1145 2754 1198 illis
2782 1159 2900 1213 qua:
2941 1159 3046 1197 non
3092 1143 3308 1213 capiunt

1728 1249 1981 1295 taceatur.
2015 1239 2233 1304 Deinde,
2263 1253 2362 1293 nec
2383 1237 2569 1291 timere
2595 1236 2849 1290 debemus
2880 1251 2945 1290 ne
2967 1236 3100 1289 forte
3125 1251 3314 1289 omnes

1728 1329 1962 1399 capiant,
1995 1338 2047 1382 et
2086 1328 2282 1397 aliquid
2308 1327 2374 1382 de
2405 1326 2698 1380 n'iinoribus
2723 1325 2898 1388 bouis,
2933 1325 2984 1378 id
3018 1334 3100 1380 est
3128 1325 3316 1394 conju-a

1727 1419 1858 1488 galis
1888 1417 1994 1471 vita
2014 1420 2056 1482 ’,
2084 1417 2278 1471 Christi
2311 1416 2450 1470 desit
2483 1415 2535 1468 in
2578 1429 2820 1484 corpore.
2859 1413 2915 1469 Si
2953 1415 3094 1468 enim
3124 1428 3314 1467 omnes

1729 1510 1994 1565 audierint
2021 1518 2074 1564 et
2102 1524 2288 1564 omnes
2317 1509 2576 1578 ceperint,
2611 1507 2903 1577 intelligere
2931 1507 3187 1562 debemus
3213 1507 3316 1562 hoc

1731 1601 1902 1671 ipsum
1949 1601 2113 1655 fuisse
2149 1599 2602 1669 prmdestinatum,
2657 1608 2712 1652 ul
2749 1598 3045 1668 conjugalia
3078 1599 3213 1651 bona
3260 1597 3313 1651 in

1731 1692 1939 1746 illorum
1967 1706 2188 1745 numero
2219 1691 2576 1743 membrorum
2602 1689 2708 1758 jam
2741 1688 3021 1752 sufficiant,
3055 1704 3170 1758 qua:
3210 1698 3314 1742 tam

1731 1783 1894 1838 multa
1943 1799 2008 1836 ex
2045 1782 2141 1836 hac
2170 1783 2273 1834 vita
2304 1780 2644 1834 transierunt.
2676 1778 2859 1848 Neque
2897 1779 3038 1832 enim
3081 1794 3239 1843 nunc,
3269 1780 3315 1834 si

1731 1889 1918 1928 omnes
1966 1872 2159 1926 fuerint
2204 1872 2576 1934 continentes,
2625 1869 2881 1922 honorem
2930 1868 3315 1922 continentium

1733 1965 1907 2020 daturi
1937 1971 2060 2017 sunt
2089 1964 2166 2016 eis
2203 1963 2289 2032 qui
2324 1961 2664 2015 tricenarium
2692 1960 2937 2022 fructum,
2967 1959 3011 2013 si
3049 1959 3100 2012 in
3129 1958 3319 2027 conju-

1733 2057 1835 2127 gali
1881 2057 2022 2111 bono
2062 2055 2174 2124 ipse
2223 2054 2533 2122 intelligitur
2553 2051 2593 2116 ³,
2631 2052 2738 2120 jam
2786 2049 3067 2104 dominicis
3111 2048 3321 2104 horreis

1736 2147 2026 2201 intulerunt
2071 2143 2176 2218 (Id.
2210 2160 2328 2208 xui,
2369 2144 2445 2214 8).
2497 2142 2774 2196 Habebunt
2820 2156 2947 2211 ergo
2989 2140 3098 2194 illic
3138 2140 3316 2195 omnia

1738 2238 1836 2291 ista
1869 2237 2004 2290 bona
2050 2251 2202 2289 suum
2233 2235 2431 2298 locum,
2472 2233 2678 2287 etiamsi
2729 2232 2980 2302 deinceps
3022 2232 3162 2286 nulla
3187 2231 3319 2287 velit

1737 2329 1958 2394 nubere,
1987 2327 2067 2380 vel
2110 2341 2268 2380 nemo
2297 2325 2492 2378 ducere
2535 2339 2774 2377 uxorem.
2807 2324 3005 2378 Securo
3034 2322 3209 2392 itaque
3236 2323 3322 2377 in-

1739 2429 1874 2476 state
1903 2420 2094 2490 quibus
2122 2419 2363 2489 ροιοςιῑς,
2397 2427 2453 2470 ιιι
2476 2419 2601 2470 liant
2629 2415 2768 2486 quod
2789 2430 2881 2470 vos
2909 2415 3036 2470 estis
3059 2433 3072 2469 :
3094 2422 3148 2469 et
3174 2423 3326 2470 orate

1740 2515 2018 2583 vigilanter
2044 2522 2200 2581 atque
2231 2511 2521 2576 ferventer,
2555 2517 2609 2561 ut
2647 2508 2913 2577 adjutorio
2942 2507 3176 2562 dextera:
3226 2508 3332 2562 Ex-

1739 2607 1867 2662 celsi
1898 2613 1952 2659 et
1990 2603 2308 2658 abundantia
2342 2599 2852 2655 misericordissima
2881 2599 3066 2668 gratiae
3096 2598 3328 2664 Domini,

1741 2707 1793 2752 et
1819 2695 2169 2766 perseveretis
2201 2693 2250 2746 in
2292 2707 2357 2746 eo
2398 2689 2536 2760 quod
2569 2689 2717 2755 estis,
2763 2696 2814 2743 et
2857 2688 3144 2758 proﬁciatis
3173 2687 3241 2742 ad
3279 2688 3331 2742 id

1743 2789 1880 2860 quod
1911 2787 2080 2841 eritis.

1813 2881 1902 2935 ‘29.
1937 2877 2138 2932 Deinde
2167 2875 2389 2929 obsecro
2415 2888 2511 2927 vos
2541 2887 2634 2942 per
2661 2871 2804 2924 illum
2830 2884 2858 2924 a
2886 2885 2989 2940 quo
3020 2878 3074 2925 et
3101 2869 3205 2924 hoc
3230 2867 3327 2925 do-

1745 2985 1871 3024 num
1918 2967 2234 3037 aecepistis,
2283 2975 2334 3020 et
2379 2963 2535 3034 hujus
2578 2962 2701 3017 doni
2742 2961 2956 3031 prmmia
2985 2962 3248 3031 speratis,
3280 2970 3336 3016 ut

1747 3080 1832 3119 me
1873 3075 2081 3132 quoque
2120 3057 2448 3113 orationibus
2491 3055 2679 3111 vestris
2721 3053 3071 3108 memineritis
3099 3053 3336 3108 inserere

1747 3172 1865 3210 cum
1913 3163 2020 3208 tota
2065 3151 2354 3206 domestica
2403 3156 2574 3202 vestra
2625 3145 2880 3201 Ecclesia.
2924 3144 3332 3199 Ordinatissime

1749 3248 1942 3315 quippe
1987 3243 2228 3312 provenit
2273 3250 2329 3295 ut
2376 3239 2530 3292 matri
2566 3247 2756 3291 vestrze
2789 3236 2898 3306 jam
2937 3235 3233 3306 graudtevte
3271 3235 3339 3290 de

1749 3337 1987 3392 oratione
2032 3333 2310 3403 epistolam
2359 3331 2647 3385 scriberem
2693 3325 2805 3398 (a);
2846 3326 2913 3381 ad
2945 3326 3112 3395 ipsam
3143 3326 3340 3396 quippe

1753 3430 1982 3484 maxime
2023 3427 2252 3497 pertinet
2295 3421 2498 3478 orando
2540 3430 2852 3475 concertare
2887 3433 2982 3489 pro
3005 3418 3157 3474 vobis
3178 3460 3192 3483 ,
3221 3433 3339 3488 qua:

1752 3521 1818 3576 de
1856 3536 1914 3574 se
1953 3520 2128 3574 minus
2157 3517 2382 3572 sollicita
2409 3523 2674 3583 estquam
2705 3511 2771 3566 de
2800 3510 2951 3566 vobis
2981 3527 2993 3563 :
3023 3519 3075 3564 et
3103 3518 3162 3564 ut
3190 3509 3257 3564 ad
3291 3518 3343 3564 te

1753 3617 1930 3688 potius
1959 3629 2116 3684 quam
2146 3611 2210 3666 ad
2243 3611 2384 3665 illam
2417 3609 2516 3662 hoc
2539 3606 2607 3661 de
2631 3604 2954 3661 continentia
2983 3603 3178 3657 viduali
3207 3618 3342 3672 opu-

1753 3711 1956 3764 sculum
2007 3705 2275 3768 facerem;
2324 3702 2446 3773 quia
2493 3699 2584 3755 tibi
2632 3711 2888 3769 superare
2929 3695 3102 3750 adhuc
3135 3705 3339 3762 restat,

1755 3803 1893 3876 quod
1939 3803 2048 3871 jam
2092 3808 2220 3854 mtas
2267 3797 2410 3851 illius
2451 3794 2739 3864 superavit.
2770 3789 2933 3860 Virgo
2957 3797 3132 3843 autem
3161 3797 3342 3843 saneta

1755 3900 1933 3970 proles
1963 3903 2137 3949 vestra
2162 3934 2176 3959 ,
2209 3892 2251 3946 si
2277 3889 2473 3959 aliquid
2502 3887 2568 3940 de
2598 3901 2691 3940 sua
2724 3883 3055 3954 professione
3077 3881 3347 3936 desiderat

1757 4009 1824 4048 ex
1856 3987 2127 4045 laboribus
2159 3983 2352 4038 nostris
2374 4023 2388 4048 ,
2417 3979 2574 4033 habet
2600 3975 2858 4047 grandem
2887 3974 3079 4028 librum
3110 3973 3176 4027 de
3204 3971 3347 4027 San-

1757 4092 1839 4137 cta
1875 4077 2216 4148 Virginitate,
2251 4085 2406 4142 quem
2440 4070 2596 4138 legat.
2629 4068 2700 4120 De
2727 4080 2832 4134 quo
2859 4063 3080 4134 legendo
3109 4063 3268 4117 etiam
3295 4072 3348 4118 te

1759 4181 2188 4228 commonucram
2211 4207 2224 4230 ,
2264 4163 2512 4233 quoniam
2549 4159 2714 4213 multa
2749 4155 2982 4210 continet
3014 4154 3228 4222 utrique
3254 4168 3348 4207 ne-

1760 4264 1987 4322 cessaria
2017 4257 2264 4319 castitati,
2295 4256 2394 4308 hoc
2420 4261 2520 4316 est,
2551 4248 2790 4320 virginali
2813 4255 2971 4315 atque
2992 4243 3206 4308 viduali,
3230 4258 3350 4313 qua:

1763 4359 1849 4412 hic
1893 4362 2172 4424 propterea
2217 4346 2408 4419 partim
2449 4342 2677 4398 tenuiter
2703 4339 2880 4408 attigi,
2913 4336 3101 4406 partim
3133 4333 3351 4388 omnino

1765 4444 2076 4520 pr.rtermisi
2104 4485 2117 4506 ,
2156 4441 2277 4512 quia
2317 4437 2388 4492 ibi
2420 4434 2688 4506 e0piosius
2715 4427 2999 4501 diSputavi.
3034 4427 3352 4481 Perseveres

1764 4542 1815 4597 in
1843 4538 2011 4612 gratia
2037 4532 2257 4590 Christi.

1829 4683 1845 4713 ί
1877 4681 1949 4728 sic
1968 4685 2078 4726 Mss.
2106 4681 2160 4724 At
2183 4671 2317 4728 editi,
2346 4667 2541 4719 laudent
2562 4671 2702 4728 atque
2726 4673 2954 4713 amorem.

1829 4745 1849 4775 ²
1875 4750 1948 4789 Er.
1977 4747 2028 4788 et
2052 4736 2218 4799 plures
2242 4741 2368 4799 viss”
2386 4728 2513 4799 vitaz.

1973 4777 2367 4852 deiﬁcari;
2394 4777 2488 4854 ani
2529 4783 2774 4850 eonjugali
2821 4783 2938 4833 bono
2985 4780 3138 4832 iitesse
3182 4777 3356 4829 intr-lli-

1800 4867 1913 4917 itur.

1767 4882 2131 5011 gilgit'ipistola
2153 4940 2254 4997 150,
2284 4936 2344 4986 ad
2373 4935 2590 4984 t‘robam.

106 5117 2896 5172 ________________________________________.___——___.

177 5307 245 5366 In
273 5307 463 5368 libros
501 5305 576 5366 de
606 5301 934 5382 Conjugiis
968 5294 1358 5358 Adulterinis
1396 5289 1534 5351 vide
1581 5285 1691 5348 lib.
1723 5283 1784 5342 2.
1820 5297 1953 5357 cap.
1999 5276 2097 5348 57,
2130 5270 2707 5338 Rctraclalionum,
2758 5271 2904 5323 toni.
2941 5259 2996 5329 1,
3042 5253 3161 5315 col.
3205 5250 3362 5319 653,

111 5405 557 5486 rerbis,Sc'ipsi
587 5372 1003 5471 duos'livbros,
1034 5414 1223 5476 usque
1253 5394 1332 5454 ad
1362 5389 1564 5453 verba.
1613 5385 1768 5446 Mihi
1802 5381 2178 5456 scripseras.
2267 5372 2350 5431 M.
