3866 6386
103 323 182 377 453
571 308 651 364 DE
694 302 1045 363 CONJUGIIS
1083 296 1555 359 ADULTERlNlS,
1602 295 1659 346 Β.
1710 294 2077 353 AUGUSTINI
2135 296 2337 352 LIBER
2378 298 2654 358 PRIMUS.

103 432 255 490 Deinde
280 442 381 484 cum
415 427 593 481 dictum
626 432 706 477 est
725 463 740 487 ,
772 422 1083 490 Quicumque
1112 418 1355 472 dimiserit
1382 430 1590 469 uxorem

101 541 235 587 suam,
266 528 441 589 excepta
471 532 612 569 causa
649 511 999 584 fornicationis
1015 553 1030 577 ,
1069 510 1190 581 facit
1213 525 1324 563 eam
1351 506 1591 561 maechari

102 615 258 684 (Matth.
281 626 336 677 v,
361 607 477 676 32);
505 605 765 676 quomodo
790 602 991 657 dictum
1017 600 1340 656 intellecturi
1368 611 1556 653 sumus
1573 638 1588 664 ,

100 706 173 759 nisi
210 699 486 772 prohibitum
532 708 644 750 esse
690 693 894 748 homini
936 692 1201 746 dimittere
1243 704 1498 756 uxorem,
1546 688 1589 742 si

101 795 205 849 nulla
245 804 377 845 causa
416 785 767 842 fornicationis
809 783 1113 839 exstiterit?
1156 782 1225 836 Et
1262 780 1463 835 dictum
1511 786 1594 833 est

99 899 247 955 quare,
271 896 327 935 ne
350 880 532 935 scilicet
556 875 713 932 faciat
741 891 860 931 eam
891 873 1145 931 maschari
1176 889 1191 929 :
1219 872 1407 943 utique
1435 870 1589 934 ideo,

100 980 185 1049 quia
213 973 386 1029 etiamsi
422 988 517 1025 non
555 971 665 1040 ipsa
699 970 993 1032 dimiserit,
1032 967 1126 1022 sed
1151 966 1366 1020 dimissa
1394 962 1550 1018 fuerit
1573 1003 1589 1030 ,

99 1072 170 1124 erit
190 1065 356 1121 moecha
373 1105 387 1129 ,
415 1063 457 1117 si
485 1060 739 1131 nupserit.

149 1156 324 1215 CAPUT
348 1154 423 1209 Ill.
453 1185 512 1194 —
538 1153 701 1208 Locus
730 1151 960 1223 Apostoli
985 1151 1051 1205 de
1068 1150 1277 1203 muliere
1303 1162 1415 1218 qua:
1434 1164 1467 1201 a
1485 1149 1593 1201 uiro

103 1253 311 1323 {emicante
345 1246 574 1310 discedit,
624 1243 1004 1314 intelligendus.
1053 1241 1279 1310 Propter
1320 1239 1422 1294 hoc
1465 1252 1594 1308 ergo

104 1354 179 1397 tam
201 1355 400 1409 ntagnum
424 1339 614 1392 malum
632 1377 646 1400 ,
678 1351 783 1391 non
810 1336 929 1389 licet
952 1334 1154 1389 homini
1175 1332 1441 1387 dimittere
1461 1345 1596 1386 uxo-

106 1450 213 1496 rem,
232 1432 307 1485 nisi
329 1446 385 1485 ex
411 1443 561 1483 causa
590 1426 976 1482 fornicationis.
1010 1426 1160 1480 Tune
1183 1425 1325 1479 enim
1353 1438 1456 1478 non
1481 1422 1596 1493 ipse

111 1524 335 1581 dimittenda
368 1521 483 1577 facit
518 1521 812 1576 adulteram
835 1561 850 1585 ,
894 1519 989 1574 sed
1031 1517 1251 1573 dimittit
1274 1516 1593 1572 adulteram.

110 1617 205 1684 Quid
232 1617 265 1671 si
297 1630 406 1685 ergo
444 1614 621 1679 dicat,
670 1611 885 1665 Dimitto
919 1609 1133 1680 quidem
1174 1622 1393 1663 uxorem
1420 1621 1595 1661 meam

106 1711 187 1762 sine
216 1707 297 1761 ulla
329 1721 472 1761 causa
514 1703 881 1759 fornicationis
901 1742 916 1766 ,
962 1700 1057 1755 sed
1083 1700 1363 1755 continens
1388 1711 1601 1768 perma-

102 1799 233 1855 nebo?
264 1798 424 1852 ideone
454 1797 696 1851 dicemus
724 1809 846 1849 eum
879 1794 1095 1861 impune
1120 1789 1315 1845 fecisse
1342 1787 1486 1859 quod
1515 1787 1595 1842 fc-

99 1892 181 1944 cit?
209 1890 311 1957 Quis
342 1888 432 1942 hoc
466 1887 650 1941 dicere
687 1884 935 1946 audebit,
981 1882 1069 1952 qui
1111 1880 1443 1935 voluntatem
1489 1876 1597 1932 Do-

99 1980 191 2034 mini
221 1978 313 2033 bzcc
342 1977 550 2032 dicentis
590 1973 874 2044 intelligit?
905 1972 1166 2039 Quoniam
1194 1986 1294 2025 nec
1318 1969 1599 2025 continen-

102 2072 302 2125 tiecausa
326 2069 501 2124 dimitti
525 2068 809 2138 coniugem
837 2066 1034 2132 voluit,
1065 2064 1155 2135 qui
1183 2064 1351 2119 solam
1380 2073 1597 2118 causam

101 2159 379 2215 fornicationis
404 2158 630 2229 excepit.

149 2252 187 2305 ὅ.
216 2250 469 2305 Redeamus
502 2251 667 2320 igitur
694 2248 761 2303 ad
798 2250 908 2318 ipsa
940 2247 1181 2318 Apostoli
1220 2246 1384 2302 verba
1409 2247 1597 2303 dicen-

108 2340 177 2405 tis,
200 2340 270 2394 llis
285 2352 426 2394 autent
446 2343 530 2412 qui
555 2352 678 2395 sunt
702 2342 754 2393 in
776 2340 1010 2410 cottjngio
1040 2339 1281 2409 prteeipio
1301 2379 1315 2404 ,
1342 2355 1443 2393 non
1470 2355 1560 2410 ego
1581 2379 1596 2405 ,

112 2431 388 2500 tulDomiaus,
408 2451 622 2489 uxorem
646 2451 677 2486 a
698 2435 803 2487 viro
826 2450 924 2487 non
947 2433 1201 2488 discedere
1228 2448 1247 2497 ;
1270 2436 1405 2503 quod
1433 2434 1478 2486 si
1500 2433 1602 2487 dis-

116 2524 270 2590 ttsurit,
295 2542 473 2579 manere
506 2526 780 2595 innuptam
812 2541 830 2587 ;
872 2535 926 2579 et
955 2538 1077 2578 eum
1120 2524 1264 2578 velut
1300 2523 1599 2593 interroge-

122 2626 509 2689 m,ettanquam
539 2626 865 2687 przesentem
891 2614 1121 2685 quodam
1153 2614 1314 2669 modo
1353 2614 1601 2669 consula-

134 2706 319 2763 mullus
335 2710 527 2776 dixisti,
569 2709 851 2779 Apostole,
890 2707 1026 2777 quod
1061 2707 1105 2761 si
1130 2706 1445 2771 discesserit,
1491 2721 1602 2760 ma-

128 2801 417 2875 mlvuptam
446 2806 471 2858 Ρ
498 2805 726 2859 Licetne
751 2803 1060 2870 discedere,
1088 2817 1154 2856 an
1184 2817 1291 2857 non
1338 2802 1464 2856 licet
1488 2799 1513 2854 ?
1541 2800 1599 2855 Si

119 2889 417 2960 mﬁch,cur
458 2895 713 2965 prmeipis
752 2893 1046 2949 discedenti
1076 2901 1135 2947 ut
1182 2902 1395 2947 maneat
1440 2892 1601 2946 innu-

114 2982 258 3051 pbiSi
278 2997 429 3043 autem
451 2988 578 3043 licet
604 3027 622 3052 ,
655 2985 899 3055 profecto
939 2992 1022 3039 est
1061 2983 1238 3054 aliqua
1288 2996 1447 3037 causa
1496 2997 1601 3053 qua

109 3070 228 3129 liceat.
249 3077 351 3133 Haec
373 3090 544 3134 autem
573 3078 827 3149 inquisita
855 3094 965 3133 non
991 3078 1278 3143 invenitur,
1311 3077 1411 3131 nisi
1442 3091 1601 3146 quam

103 3166 218 3222 solam
240 3167 449 3225 Salvator
485 3171 742 3240 excepit,
775 3170 826 3223 id
854 3178 936 3224 est
956 3210 972 3235 ,
1023 3183 1183 3224 causa
1214 3167 1598 3224 fornicationis.

102 3254 155 3309 lle
182 3271 256 3326 per
286 3259 372 3315 hoc
407 3277 509 3317 non
556 3261 816 3332 prmcepit
865 3260 1153 3331 Apostolus
1192 3260 1508 3325 mulierem,
1556 3260 1602 3315 si

98 3342 344 3419 discesserit,
372 3367 587 3408 manere
619 3352 913 3422 innuptam,
936 3352 1036 3407 nisi
1062 3366 1181 3422 quat
1208 3352 1294 3406 illa
1318 3365 1478 3406 causa
1502 3350 1605 3406 dis-

96 3437 197 3492 cedit
228 3455 254 3495 a
273 3443 392 3511 viro,
416 3461 516 3515 qua
547 3444 669 3501 sola
698 3445 747 3500 ei
775 3445 973 3500 licitum
1000 3454 1084 3500 est
1109 3444 1385 3500 discedere
1410 3461 1440 3499 a
1465 3445 1600 3500 viro.

96 3525 294 3587 Uh'euitn
327 3534 545 3601 dicitur,
598 3533 856 3606 Pracipio
898 3552 1001 3589 non
1039 3535 1293 3589 discedere
1325 3551 1346 3601 ,°
1385 3534 1520 3605 quod
1560 3535 1605 3588 si

95 3617 325 3690 diremerit,
345 3641 538 3680 manere
562 3626 834 3696 innuptam
855 3642 876 3690 ;
894 3625 1035 3679 absit
1055 3636 1113 3680 ttt
1132 3634 1317 3680 contra
1341 3624 1445 3681 hoc
1468 3640 1605 3695 prin-

94 3720 246 3777 eeptum
278 3710 438 3781 faciat,
477 3731 603 3786 qua:
632 3715 712 3771 sic
743 3715 970 3770 discedit
1013 3724 1071 3769 ut
1124 3715 1341 3784 innupta
1389 3729 1607 3784 perma-

95 3809 195 3853 neat.
231 3802 326 3859 Nisi
362 3822 484 3877 ergo
513 3808 606 3861 illa
652 3806 981 3875 intelligatur
1024 3806 1111 3861 cui
1160 3806 1284 3861 licet
1327 3805 1606 3861 discedere

92 3888 106 3957 (
122 3906 200 3945 non
219 3904 372 3952 autem
400 3899 520 3955 licet
549 3898 655 3954 nisi
693 3898 809 3953 viro
836 3896 1159 3970 fornicante)
1182 3939 1198 3965 ,
1225 3897 1494 3969 quomodo
1514 3898 1606 3967 iu-

92 3977 205 4036 betur
236 3986 427 4058 innupta
446 4032 460 4057 ,
492 3990 537 4045 si
566 3990 871 4044 discesserit
903 4031 917 4053 ,
952 3989 1312 4058 permanere?
1350 3988 1481 4055 Quis
1523 3996 1607 4044 est

92 4073 154 4139 qui
177 4074 290 4133 dicat
334 4098 346 4134 :
390 4081 444 4137 Si
488 4081 806 4137 discesserit
855 4081 1046 4137 mulier
1083 4096 1114 4135 a
1149 4081 1265 4137 viro
1292 4096 1397 4136 non
1425 4080 1606 4136 forni-

91 4177 234 4233 cante.
273 4172 475 4244 innupta
506 4184 841 4245 permaneat,
873 4189 994 4229 cum
1024 4175 1073 4229 ei
1106 4174 1206 4230 nisi
1228 4189 1259 4229 a
1294 4175 1409 4230 viro
1439 4174 1606 4229 forni-

92 4266 206 4313 tante
248 4261 506 4322 discedere
548 4266 771 4321 omnino
802 4280 909 4320 non
952 4266 1159 4321 liceat?
1186 4266 1389 4323 Sensus
1431 4266 1611 4336 itaque

93 4343 165 4401 iste
184 4359 284 4407 tuus
304 4366 548 4425 quantum
581 4357 894 4412 adversetur
938 4360 1150 4414 vinculo
1176 4360 1441 4430 coniugali
1469 4401 1484 4425 ,
1519 4360 1606 4416 ubi

92 4433 290 4499 Dominus
314 4461 408 4502 nec
444 4451 828 4505 continentiam
860 4450 1026 4505 voluit
1080 4452 1319 4522 suscipi,
1359 4452 1459 4506 nisi
1496 4454 1609 4523 pari

92 4534 383 4608 concordique
409 4555 672 4596 consensu
696 4582 711 4605 ,
742 4551 870 4612 puto
907 4543 1049 4613 quod
1076 4543 1186 4613 iam
1218 4544 1500 4615 intelligas.

141 4619 327 4681 CAPUT
364 4628 448 4684 IV.
477 4662 553 4671 —
571 4632 625 4687 4.
656 4631 931 4701 Apostolus
954 4635 1086 4688 male
1106 4633 1393 4689 intellectus
1414 4636 1477 4689 de
1494 4652 1609 4690 mu-

95 4711 180 4766 liere
196 4716 246 4770 ob
263 4723 568 4777 continentia:
588 4725 826 4795 placitum
849 4726 1152 4780 discedente.
1177 4727 1282 4783 Sed
1306 4742 1417 4783 rem
1440 4730 1610 4799 ipsam

24 4824 27 4827 '
95 4804 213 4865 Paulo
244 4814 463 4878 apertius
509 4816 890 4884 proloquamur
911 4858 925 4882 ,
957 4827 1011 4871 et
1047 4818 1198 4887 quasi
1228 4819 1614 4874 constituamus

24 4942 25 4945 η
93 4903 185 4949 ante
220 4903 403 4960 oculos.
449 4908 590 4962 Ecce
631 4909 827 4978 placuit
856 4910 1181 4964 continentia
1226 4911 1466 4976 mulieri,
1498 4912 1614 4968 viro

99 4998 172 5041 non
198 4990 366 5060 placuit
395 5018 409 5053 :
440 4999 688 5056 discessit
723 5001 793 5055 ab
821 5016 887 5057 eo
912 5003 1121 5070 mulier,
1148 5013 1203 5058 et
1246 5005 1409 5073 coepit
1436 5006 1615 5061 vivere

98 5083 383 5153 continenter,
410 5091 525 5160 ipsa
546 5092 750 5147 scilicet
768 5104 911 5148 casta
940 5109 1185 5148 mansura
1204 5136 1219 5160 ,
1257 5096 1349 5149 sed
1376 5095 1573 5151 factura
1596 5138 1611 5164 ,

97 5172 201 5234 ‘lltOd
226 5175 458 5236 Dominus
487 5200 596 5239 non
621 5184 735 5239 vult
758 5228 773 5251 ,
804 5186 1104 5240 adulterum
1134 5186 1303 5240 virum
1336 5203 1350 5251 ;
1379 5189 1465 5258 qui
1492 5203 1615 5242 cum

97 5272 138 5313 εε
157 5278 241 5321 non
271 5273 598 5341 continuerit,
619 5278 839 5331 alteram
861 5286 1085 5347 quzeret.
1111 5278 1245 5346 Quid
1288 5294 1473 5334 sumus
1530 5281 1614 5335 di-

97 5354 198 5407 Cluvi
228 5360 433 5427 mulieri,
453 5366 554 5420 nisi
579 5367 717 5437 quod
745 5367 871 5422 dicit
900 5368 1151 5423 Ecclesia:
1173 5386 1296 5424 sana
1325 5370 1563 5426 doctrina
1593 5372 1618 5426 ‘i

99 5436 239 5534 βαιὴ
260 5450 480 5510 debitum
509 5436 647 5525 viro,
675 5475 742 5514 ne
766 5459 891 5513 dum
921 5469 974 5515 tu
1000 5461 1195 5530 qumris
1224 5463 1363 5519 unde
1392 5465 1618 5534 amplius

100 5528 338 5629 hortareris,
377 5547 463 5605 ille
502 5551 644 5607 unde
672 5551 953 5608 damnetur
981 5554 1232 5609 inveniat.
1268 5554 1377 5610 lloc
1398 5557 1541 5610 enim
1565 5565 1619 5611 et

102 5622 161 5726 illi.
177 5628 441 5726 diceremus
461 5682 478 5707 ,
504 5640 549 5697 si
589 5655 638 5699 te
662 5645 874 5700 nolente
895 5647 1171 5702 continere
1196 5649 1469 5703 voluisset.
1500 5648 1617 5703 Non

103 5721 206 5771 enim
230 5721 375 5785 habes
415 5741 730 5802 potestatem
770 5738 1008 5808 corporis
1034 5738 1143 5804 tui,
1177 5739 1269 5794 sed
1313 5739 1403 5795 ille
1438 5740 1616 5797 :sicut

3183 306 3289 364 456

1705 425 1804 465 nec
1833 411 1922 466 ille
1956 412 2115 467 habet
2143 422 2454 482 potestatem
2481 418 2722 486 corporis
2743 419 2845 484 sui,
2874 418 2969 476 sed
3004 430 3079 476 tu.
3111 423 3289 480 Nolite

1700 503 1929 557 invicem
1959 502 2224 569 fraudare,
2254 507 2353 561 nisi
2384 522 2449 562 ex
2493 523 2780 564 consensu.
2816 509 2950 566 Cum
2990 512 3104 569 hme
3128 525 3287 585 atque

1700 593 2003 664 huiusmodi
2031 597 2182 666 plura
2212 614 2329 668 qua:
2374 599 2439 653 ad
2482 599 2582 654 hoc
2620 602 2919 670 pertineant
2957 605 3286 673 dixerimus,

1700 686 1943 756 plaeetne
1974 689 2065 743 tibi
2106 697 2167 743 ut
2208 690 2358 744 nobis
2388 691 2577 745 mulier
2603 707 2665 745 ex
2706 693 2805 746 ista
2837 703 2923 749 tua
2952 698 3154 752 ratione
3205 715 3289 754 re-

1700 778 1960 847 spondeat
1995 779 2018 832 ?
2047 780 2157 850 Ego
2184 782 2494 850 Apostolnm
2520 784 2678 838 audio
2701 784 2962 841 dicentem
2989 828 3004 854 ,
3039 787 3289 858 Prweipio

1699 869 1957 925 mulierem
1981 888 2011 923 a
2033 872 2139 926 uiro
2160 888 2259 926 non
2298 874 2550 927 discedere
2581 877 2759 946 ;quod
2781 878 2825 931 si
2859 878 3158 945 discesserit,
3191 900 3292 937 ma-

1699 975 1816 1015 nere
1836 961 2124 1033 innuptam,
2148 972 2233 1016 aut
2255 964 2359 1017 viro
2378 981 2475 1019 suo
2497 968 2817 1023 reconciliari
2846 986 2863 1022 :
2893 986 3017 1027 cecc
3039 972 3284 1041 discessi,

1700 1050 1827 1106 nolo
1867 1053 2199 1108 reconciliari
2242 1054 2355 1108 viro
2381 1097 2394 1120 ,
2441 1056 2535 1111 sed
2577 1059 2794 1128 innupta
2838 1077 3144 1130 permaneo.
3174 1065 3291 1120 Non

1699 1141 1844 1196 enim
1878 1142 1989 1209 ait,
2019 1142 2074 1199 8i
2116 1143 2461 1212 discesserit,
2505 1160 2723 1204 manere
2762 1150 3072 1223 innuptam,
3119 1155 3291 1212 donec

1698 1233 1817 1288 viro
1848 1246 1949 1288 suo
1995 1236 2413 1303 reconcilietur;
2447 1238 2571 1302 sed,
2607 1256 2812 1296 manere
2833 1283 2848 1308 ,
2891 1244 3096 1315 inquit,
3136 1247 3291 1301 innu-

1700 1332 1856 1395 ptam,
1884 1336 1971 1380 aut
2006 1329 2113 1381 uiro
2141 1344 2233 1381 suo
2255 1330 2589 1384 reconciliari.
2618 1332 2748 1398 lloc,
2777 1334 2964 1405 inquit,
2997 1336 3171 1403 faciat,
3200 1348 3293 1394 aut

1699 1414 1829 1471 illud
1874 1434 1886 1471 :
1941 1432 2104 1472 unum
2145 1419 2413 1475 eduobus
2459 1421 2763 1492 eligendum
2819 1429 3057 1495 permisit
3109 1445 3124 1495 ;
3178 1446 3290 1487 non

1699 1516 1877 1563 autem
1918 1508 1971 1563 in
2003 1509 2191 1565 horum
2236 1512 2461 1567 alterum
2507 1516 2781 1584 compulit.
2813 1517 3027 1575 Mancre
3069 1522 3288 1593 innupta

1700 1600 1863 1670 eligo,
1897 1617 1959 1656 ac
1981 1601 2056 1657 sic
2078 1613 2398 1674 praeceptum
2428 1607 2639 1677 impleo.
2679 1609 2917 1681 Corripe,
2964 1628 3157 1685 argue,
3204 1616 3292 1671 in-

1699 1704 1881 1763 crepa,
1913 1702 2062 1748 utere
2087 1710 2188 1765 qua
2220 1697 2447 1752 volucris
2475 1700 2786 1766 severitate,
2821 1702 2865 1757 si
2896 1719 3144 1774 nupsero.

1772 1782 1997 1840 CAPUT
2036 1783 2251 1841 V.-5.
2302 1786 2571 1856 Refutatur
2617 1790 2707 1845 illa
2751 1793 3098 1864 interpretatio
3146 1799 3288 1869 Apo-

1701 1873 1839 1929 stolt.
1882 1876 2017 1943 Quid
2046 1878 2169 1933 huic
2214 1882 2574 1937 contradicam
2607 1900 2622 1949 ;
2658 1885 2756 1940 nisi
2780 1928 2795 1954 ,
2839 1887 3154 1955 Apostolum
3183 1908 3291 1949 non

1702 1964 1844 2021 bene
1888 1967 2187 2039 intelligis?
2229 1969 2412 2041 Neque
2442 1973 2583 2027 enim
2631 1973 2720 2030 ille
2747 1979 3127 2050 praecepisset,
3177 1984 3220 2038 si
3259 2000 3292 2039 a

1703 2058 1819 2115 viro
1867 2058 2210 2126 discesserit,
2255 2063 2527 2132 innuptam
2579 2081 2795 2122 manere
2837 2069 3148 2140 mulierem,
3189 2074 3293 2129 nisi

1704 2166 1822 2208 eam
1858 2154 1945 2208 cui
1965 2154 2240 2210 discedere
2271 2155 2545 2225 licuisset,
2573 2158 2661 2213 illa
2691 2176 2792 2214 una
2820 2162 3063 2219 videlicet
3091 2180 3249 2221 causa
3274 2208 3291 2235 ,

1704 2260 1824 2316 quae
1848 2246 1918 2301 ibi
1951 2256 2228 2317 propterea
2255 2251 2409 2303 tacita
2436 2259 2548 2315 est,
2576 2251 2696 2321 quia
2726 2252 3000 2308 notissima
3027 2265 3109 2311 est
3130 2299 3145 2324 ,
3193 2258 3296 2314 hoc

1705 2344 1808 2404 est,
1833 2336 2216 2392 fornicationis.
2246 2338 2394 2394 lianc
2413 2341 2554 2395 enim
2580 2342 2748 2396 solam
2765 2343 2904 2399 Deus
2931 2348 3183 2417 magister
3201 2364 3294 2405 ex-

1704 2429 1864 2498 cepit,
1891 2445 2011 2484 cum
2034 2430 2102 2486 de
2126 2431 2439 2487 dimittenda
2462 2433 2773 2504 loqueretur
2798 2452 2963 2492 uxore
2995 2455 3010 2503 ;
3043 2439 3295 2511 deditque

1705 2520 1929 2591 intelligi
1956 2523 2116 2577 talem
2141 2523 2364 2579 formam
2387 2525 2545 2579 etiam
2575 2524 2625 2580 in
2657 2527 2771 2581 viro
2794 2545 2912 2584 esse
2941 2533 3291 2588 servandam:

1704 2612 1955 2683 quoniam
2002 2629 2109 2668 non
2150 2615 2321 2669 solum
2367 2616 2557 2670 mulier
2603 2633 2708 2671 non
2756 2618 2915 2674 habet
2971 2631 3290 2691 potestatem

1704 2703 1946 2773 corporis
1981 2704 2094 2772 sui,
2134 2704 2228 2759 sed
2260 2705 2341 2760 vir
2371 2723 2384 2772 ;
2418 2706 2511 2761 sed
2543 2707 2789 2763 similiter
2816 2720 2871 2765 et
2894 2711 2973 2766 vir
3000 2714 3296 2770 nonhabet

1706 2805 2023 2867 potestatem
2050 2799 2293 2868 corporis
2321 2800 2424 2866 sui,
2454 2800 2545 2854 sed
2574 2801 2785 2857 mulier.
2814 2802 2946 2858 Cum
2974 2820 3100 2875 ergo
3145 2816 3293 2862 tuum

1705 2888 1954 2943 maritum
1998 2904 2222 2960 arguere
2251 2890 2317 2946 de
2365 2890 2708 2947 fornicatione
2755 2909 2859 2949 non
2911 2898 3118 2965 possis,
3157 2916 3293 2970 quo-

1706 2979 1866 3035 modo
1892 2987 2045 3050 putas
2071 2981 2209 3052 quod
2245 2982 2311 3037 ab
2338 2997 2402 3037 eo
2429 2983 2657 3039 discedis
2700 3001 2804 3040 non
2848 2988 3093 3044 nubendo
3135 3005 3297 3045 excu-

1707 3087 1856 3139 sare,
1898 3087 1927 3127 a
1956 3089 2063 3145 quo
2105 3074 2199 3129 tibi
2241 3090 2344 3129 non
2392 3076 2517 3130 licet
2559 3077 2777 3132 omnino
2803 3078 3125 3136 discedere?
3162 3082 3294 3138 Cum

1708 3164 1824 3220 hzec
1853 3180 1882 3220 a
1922 3166 2073 3221 nobis
2102 3166 2292 3221 mulier
2317 3166 2582 3232 audierit,
2628 3179 2755 3237 puto
2798 3169 2938 3240 quod
2989 3173 3126 3227 nolis
3174 3189 3295 3229 eam

1707 3258 1787 3313 sic
1811 3259 2137 3329 respondere
2163 3300 2177 3322 ,
2207 3268 2264 3313 ut
2288 3259 2427 3314 dicat
2472 3269 2750 3330 propterea
2790 3276 2848 3317 se
2890 3278 3104 3319 manere
3133 3265 3295 3320 inuu-

1707 3356 1851 3419 ptam
1872 3392 1887 3417 ,
1918 3350 2039 3420 quia
2068 3351 2183 3404 sine
2206 3351 2313 3404 ulla
2345 3351 2440 3405 viri
2472 3350 2821 3407 fornicatione
2847 3352 3125 3419 discessit;
3174 3371 3295 3412 nam

1707 3442 1753 3495 si
1802 3440 1891 3496 ille
1941 3439 2233 3495 fornicatus
2260 3450 2438 3506 esset,
2471 3457 2579 3497 non
2619 3444 2790 3498 solum
2839 3445 2939 3499 sibi
2979 3447 3293 3515 discedere,

1707 3546 1892 3587 verum
1919 3532 2077 3587 etiam
2115 3532 2317 3588 nubere
2344 3535 2602 3590 licuisset.

1778 3622 2005 3679 CAPUT
2029 3623 2113 3679 Vl.
2139 3650 2206 3664 ι-
2226 3625 2277 3680 6.
2305 3623 2546 3679 Pollentii
2564 3628 2828 3693 sententia,
2854 3629 3054 3684 mulieri
3073 3631 3135 3684 ab
3156 3631 3298 3687 adul-

1710 3722 1815 3770 tero
1844 3715 2119 3769 discedenti
2154 3718 2355 3787 nuptias
2379 3733 2493 3772 cum
2516 3718 2619 3772 alio
2660 3737 2760 3774 non
2788 3738 2896 3775 esse
2933 3735 3180 3793 pra’eepto
3218 3741 3300 3780 ve-

1711 3806 1847 3873 titas,
1888 3805 1976 3859 sed
2001 3816 2194 3860 tantum
2225 3819 2430 3878 propter
2461 3810 2784 3881 opprobrium
2811 3814 3063 3872 vitandas.
3092 3814 3301 3886 Nequa-

1709 3910 1867 3965 quam
1891 3895 1992 3950 hoc
2032 3896 2118 3951 illa
2148 3896 2387 3962 diceret,
2411 3914 2531 3954 cum
2567 3911 2621 3954 et
2661 3901 2773 3969 ipse
2798 3901 2872 3956 sis
2901 3906 3295 3961 verecundatns

1710 3987 1866 4042 istam
1893 3988 2209 4043 mulieribus
2231 3990 2359 4044 dare
2386 3990 2679 4044 licentiam.
2711 3992 2895 4047 Dixisti
2950 3995 3092 4049 enim
3124 4014 3138 4049 :
3177 4015 3195 4048 ι
3243 3997 3299 4053 Si

1720 4096 1739 4130 ι
1785 4078 1868 4133 vir
1894 4094 2114 4133 uxorem
2143 4079 2437 4134 adulteram
2460 4080 2759 4145 dimiserit,
2787 4091 2840 4136 et
2867 4083 3024 4137 aliam
3054 4086 3298 4151 duxerit,

1716 4188 1737 4222 ι
1783 4171 1976 4225 mulier
2005 4180 2210 4224 tantum
2243 4170 2586 4241 opprobrium
2628 4171 2863 4227 habebit.
2892 4174 2947 4229 Si
2974 4185 3150 4230 autem
3180 4194 3299 4231 mu-

1719 4279 1739 4313 ι
1786 4262 1885 4316 lier
1922 4275 2080 4331 supra
2106 4261 2244 4315 dicta
2280 4276 2435 4315 causa
2466 4261 2635 4317 virum
2679 4258 2961 4332 dimiserit,
3001 4276 3054 4320 ct
3075 4267 3163 4321 alii
3204 4285 3305 4323 utt-

1720 4370 1739 4404 ι
1789 4352 1951 4421 pserit
1970 4393 1983 4415 ,
2019 4365 2124 4406 non
2155 4353 2239 4405 vir
2269 4361 2493 4417 tantum,
2523 4352 2618 4407 sed
2648 4364 2703 4409 ct
2744 4355 2932 4409 mulier
2959 4358 3301 4427 approbrium

1720 4460 1739 4494 ι
1786 4441 2021 4497 habebit.
2061 4462 2081 4495 ι
2112 4441 2273 4511 Cuius
2302 4442 2582 4498 sententiae
2613 4454 2718 4498 tum
2740 4445 2999 4501 rationem
3030 4448 3261 4503 reddens
3286 4468 3301 4504 :

1721 4554 1743 4589 ο
1789 4538 1975 4593 Dicent
1998 4538 2161 4602 enim,
2191 4537 2386 4608 inquis,
2410 4551 2528 4592 eam
2557 4537 2678 4593 ideo
2698 4538 3032 4603 discessisse,
3060 4549 3118 4594 ut
3142 4542 3303 4598 alium

1723 4650 1743 4684 ι
1787 4630 1960 4686 virum
1989 4631 2091 4686 sibi
2121 4631 2506 4701 coniungeret,
2536 4633 2636 4686 etsi
2679 4631 2799 4686 talis
2828 4633 2963 4687 forte
2990 4632 3146 4688 fuerit
3171 4652 3305 4705 qna-

1724 4740 1742 4775 ι
1791 4723 1858 4778 lis
1901 4737 1930 4776 a
1972 4738 2078 4793 quo
2121 4722 2368 4777 discessit
2420 4739 2435 4788 ;
2484 4737 2740 4793 perquam
2788 4723 2947 4779 facile
2994 4725 3138 4780 enim
3179 4729 3309 4784 viris

1725 4831 1745 4866 ι
1789 4823 1904 4881 est,
1956 4814 2009 4867 in
2043 4814 2143 4867 hoc
2168 4813 2338 4867 morbi
2366 4813 2549 4866 vitium
2580 4815 2802 4868 irruere.
2831 4813 2886 4869 Si
2921 4824 3099 4872 autem
3145 4827 3199 4874 et
3228 4821 3309 4890 ip.

1725 4928 1744 4961 ι
1793 4923 1908 4963 sum
1955 4906 2256 4971 dimiserit,
2307 4914 2361 4960 et
2402 4905 2489 4959 alii
2521 4906 2789 4975 nupserit,
2830 4909 3000 4979 magis
3038 4911 3312 4981 magisque

1725 5019 1744 5052 t
1791 4999 1971 5054 dicent
2014 5012 2132 5052 eam
2181 4996 2614 5051 numerositatem
2655 4997 2891 5053 virorum
2942 5002 3228 5071 appetisse.
3290 5023 3308 5054 ι

1720 5092 1830 5147 liae
1870 5089 2073 5145 reddita
2114 5089 2318 5143 ratione
2342 5088 2618 5143 concludis
2642 5132 2657 5157 ,
2704 5101 2759 5145 et
2792 5090 2965 5146 dicis:
3000 5111 3019 5144 ι
3063 5093 3155 5148 His
3182 5110 3312 5163 ergo

1726 5205 1745 5237 ι
1794 5184 2132 5255 pertractatis
2159 5183 2242 5236 vel
2268 5182 2426 5236 etiam
2457 5181 2713 5238 discussis
2743 5227 2756 5251 ,
2786 5195 2999 5254 Oportet
3031 5186 3310 5241 mulierem

1726 5293 1746 5329 ι
1792 5276 1966 5329 virum
2014 5274 2266 5339 tolerare,
2306 5282 2398 5327 aut
2444 5272 2717 5343 innuptam
2758 5288 2994 5330 manere.
3035 5295 3055 5328 ι
3105 5276 3311 5329 Bonum

1721 5370 1878 5440 plane
1929 5365 2123 5422 dedisti
2172 5366 2453 5421 consilium
2498 5366 2849 5432 mulieribus,
2880 5376 2936 5420 ut
2973 5382 3094 5421 cum
3140 5367 3311 5421 sciant
3410 5364 3419 5371 ’

1722 5464 1822 5520 sibi
1849 5478 1969 5519 esse
2014 5462 2333 5532 permissum
2359 5501 2374 5526 ,
2419 5460 2465 5515 si
2486 5460 2761 5515 adulteros
2793 5461 2933 5513 viros
2962 5457 3258 5512 dimiserint
3289 5499 3304 5523 ,

1722 5556 1839 5610 aliis
1879 5552 2183 5624 coniugari,
2232 5567 2337 5606 non
2384 5559 2557 5605 tamen
2610 5549 2805 5603 faciant
2842 5556 3062 5617 promer
3107 5560 3310 5614 oppro-

1722 5649 1895 5704 brium
1930 5665 1943 5713 ;
1975 5647 2069 5702 sed
2095 5646 2270 5717 potius
2301 5643 2527 5699 tolerent
2556 5643 2713 5697 etiam
2738 5640 3010 5693 adulteros
3038 5638 3198 5703 viros,
3241 5655 3313 5695 ne

1725 5740 2007 5797 videantur
2034 5738 2132 5792 hac
2157 5737 2440 5791 occasione
2462 5733 2639 5787 multis
2662 5730 2797 5785 velle
2818 5728 3053 5796 misceri,
3081 5741 3145 5782 co
3166 5730 3312 5797 quod
