3880 6284
589 272 697 328 455

582 384 799 443 dimcile
835 383 905 438 sit
946 389 1000 438 ul
1028 395 1132 435 non
1162 379 1324 434 talem
1354 379 1589 432 inveniat
1620 377 1808 432 mulier
1836 377 1918 430 cui
1967 376 2166 439 nubat,

582 478 756 550 qualis
799 475 956 532 fuerit
992 489 1149 544 quem
1179 472 1410 536 dimisit,
1443 471 1692 541 quoniam
1734 469 1888 524 valde
1937 470 1989 524 in
2032 468 2172 523 hunc

583 569 828 624 morbum
875 574 998 622 sunt
1029 564 1292 635 proclives
1317 562 1435 616 viri.
1468 561 1599 615 Cum
1640 575 1769 630 ergo
1811 574 1909 614 nos
1945 559 2170 614 dicimus

495 658 538 701 ’Ὗ
580 663 741 716 etiam
772 660 846 716 illi
878 657 1116 723 mulieri,
1147 672 1266 726 qua:
1297 656 1463 709 virum
1491 652 1840 707 fornicantem
1870 650 2165 716 dimiserit,

580 751 733 807 alteri
758 750 957 805 nubere
979 764 1082 802 non
1115 747 1294 807 licere,
1327 755 1378 798 ιιι
1401 753 1575 798 autem
1598 743 1730 797 dicis
1752 742 1911 795 licere
1930 740 2166 810 quidem,

580 844 675 900 sed
707 859 810 898 non
841 841 1093 912 expedire
1127 856 1141 905 ;
1175 839 1380 906 utrique
1406 836 1591 905 procul
1620 833 1780 889 dubio
1799 833 2024 888 dicimus
2048 847 2168 888 eam

579 951 701 1004 qua:
719 933 1080 998 ,fornicantem
1108 930 1275 983 virum
1304 927 1553 991 dimittit,
1582 925 1783 981 nubere
1813 939 1919 979 non
1948 924 2165 981 debere.

577 1025 777 1082 Verum
828 1024 928 1079 hoc
979 1024 1236 1087 interest,
1293 1017 1431 1088 quod
1483 1031 1616 1083 nos,
1663 1015 1876 1088 quando
1914 1016 2168 1086 coniuges

576 1117 735 1172 ambo
763 1113 1033 1171 christiani
1064 1121 1220 1176 sunt,
1268 1109 1517 1174 mulieri,
1571 1108 1616 1164 si
1660 1123 1691 1163 a
1719 1109 1834 1164 viro
1869 1107 2166 1164 fornicante

576 1207 918 1271 discesserit,
949 1205 1172 1260 dicimus
1199 1217 1303 1258 non
1334 1202 1494 1258 licere
1520 1201 1674 1257 alteri
1708 1201 1912 1256 nubere
1935 1242 1949 1266 ,
1989 1216 2020 1256 a
2051 1201 2166 1256 viro

575 1310 752 1356 autem
780 1315 885 1354 non
926 1296 1224 1352 fornicante
1263 1309 1369 1350 non
1409 1294 1569 1349 licere
1600 1293 1818 1348 omnino
1842 1291 2160 1348 discedere:

575 1403 632 1447 tu
659 1406 785 1446 vero
814 1389 967 1454 dicis,
999 1389 1042 1443 si
1071 1388 1260 1442 mulier
1283 1401 1313 1438 a
1351 1387 1469 1440 viro
1496 1399 1604 1438 non
1641 1383 1936 1439 fornicante
1964 1382 2166 1438 disces-

572 1483 702 1538 serit
730 1523 745 1547 ,
773 1495 877 1535 non
908 1480 956 1535 ei
1003 1479 1166 1534 licere
1207 1477 1361 1532 alteri
1426 1475 1658 1540 nubere,
1713 1482 1932 1544 propter
1957 1488 2162 1543 prame-

573 1586 719 1646 ptum
747 1593 760 1639 ;
785 1575 828 1629 si
855 1583 1031 1628 autem
1057 1588 1088 1626 a
1115 1571 1406 1626 fornicante
1432 1568 1758 1633 discesserit,
1774 1581 1878 1622 non
1908 1567 1958 1622 ei
1989 1580 2160 1635 expe-

571 1669 687 1722 dire
730 1665 931 1720 nubere
982 1671 1196 1733 propter
1242 1659 1606 1730 opprobrium.
1661 1658 1940 1714 Mulierem
1982 1657 2160 1726 itaque

573 1775 678 1813 non
707 1766 986 1827 nupturam
1009 1753 1285 1810 discedere
1311 1767 1341 1806 a
1365 1752 1502 1819 viro,
1534 1752 1647 1807 sive
1681 1749 2013 1818 fornicante,
2046 1749 2160 1806 sive

572 1865 678 1904 non
711 1848 1004 1902 fornicante
1025 1886 1040 1912 ,
1075 1844 1355 1914 permittis.

640 1938 867 1995 CAPUT
911 1937 1099 1991 \‘ll.——
1117 1937 1169 1990 7.
1208 1934 1427 2005 Prwcipi
1455 1942 1510 1987 ut
1540 1935 1756 2003 innupta
1780 1941 1981 1988 maneat
2007 1933 2160 1987 etiam

570 2045 685 2099 quae
728 2031 789 2083 ab
839 2027 1071 2081 adultero
1116 2025 1345 2079 discedit.
1394 2025 1563 2078 Porro
1609 2024 1795 2079 beatus
1831 2023 2154 2093 Apostolus,

571 2123 679 2176 imo
709 2135 803 2190 per
856 2117 1168 2188 Apostolum
1213 2115 1507 2181 Dominus,
1553 2115 1674 2184 quia
1721 2114 1998 2169 mulierem
2049 2128 2154 2168 non

569 2211 825 2284 permittit
850 2226 880 2264 a
923 2210 1035 2263 viro
1066 2224 1168 2262 non
1201 2206 1492 2262 fornicante
1521 2206 1798 2263 discedere
1837 2224 1853 2272 ;
1897 2215 2065 2262 restat
2089 2214 2149 2261 ut

566 2321 684 2360 eam
713 2303 1026 2375 prohibeat,
1053 2302 1095 2355 si
1118 2299 1456 2365 discesserit,
1488 2298 1692 2354 nubere
1710 2339 1724 2364 ,
1753 2313 1910 2368 quam
1939 2299 2158 2368 permit-

570 2398 630 2451 tit
659 2412 689 2450 a
721 2395 1016 2449 foruicantc
1041 2392 1336 2448 discedere.
1379 2392 1454 2446 De
1491 2406 1593 2460 qua
1619 2393 1761 2446 enim
1791 2389 2003 2455 dicitur,
2037 2390 2092 2445 Si
2122 2406 2152 2445 a

567 2489 683 2543 viro
711 2486 1047 2551 discesserit,
1078 2499 1182 2538 non
1213 2482 1373 2537 nubat
1397 2498 1410 2545 ;
1457 2496 1518 2536 ea
1546 2480 1849 2536 conditione
1877 2480 2154 2538 discedere

566 2579 890 2651 permittitur
914 2617 929 2643 ,
962 2584 1018 2630 ut
1051 2590 1158 2629 non
1185 2574 1365 2628 nubat.
1409 2573 1462 2628 Si
1496 2587 1622 2641 ergo
1652 2572 1870 2642 elegerit
1914 2588 2018 2626 non
2053 2588 2153 2626 nu-

564 2673 723 2738 bere,
775 2685 879 2732 non
913 2677 996 2723 est
1030 2682 1127 2721 cur
1163 2665 1511 2735 prohibeatur
1540 2663 1834 2719 discedere.
1886 2663 2035 2718 Sicut
2063 2663 2149 2717 illa

565 2763 634 2818 de
660 2776 761 2832 qua
792 2759 1018 2825 dicitur,
1048 2755 1102 2812 Si
1129 2771 1186 2811 se
1213 2771 1319 2809 non
1348 2754 1605 2819 continet,
1629 2754 1793 2808 nubat
1823 2752 1876 2826 (1
1909 2753 2027 2808 Cor.
2057 2769 2149 2820 vn,

565 2855 634 2924 9)
665 2869 680 2920 ;
709 2853 805 2907 hac
828 2852 1010 2920 utique
1035 2849 1345 2904 conditione
1371 2862 1474 2901 non
1500 2846 1774 2902 continere
1800 2846 2149 2917 permittitur,

563 2954 624 3000 ut
645 2953 817 2999 tamen
845 2941 1024 2997 nubat.
1047 2941 1103 2996 Si
1129 2953 1258 3008 ergo
1278 2938 1499 3008 elegerit
1521 2937 1740 3002 nubere,
1768 2939 1886 3008 cogi
1923 2952 2026 2991 non
2050 2952 2150 3007 po-

563 3046 671 3095 test
710 3037 1002 3092 continere.
1046 3033 1196 3090 Sicut
1239 3047 1366 3102 ergo
1408 3032 1507 3086 ista
1548 3031 1882 3085 incontinens
1911 3031 2149 3100 compel-

564 3131 692 3186 litur
739 3127 972 3189 nubere,
1015 3134 1071 3180 ut
1115 3123 1283 3193 possit
1306 3120 1448 3193 quod
1489 3135 1593 3175 non
1623 3121 1861 3176 continet
1882 3136 1989 3177 non
2032 3137 2152 3178 esse

561 3221 865 3278 damnabile
900 3237 915 3275 ς
947 3220 1026 3274 sic
1061 3232 1090 3272 a
1123 3217 1237 3272 viro
1280 3216 1366 3270 illa
1395 3214 1710 3280 discedens,
1745 3215 1964 3286 innupta
2005 3231 2154 3271 com-

565 3315 780 3386 pellitur
805 3325 1146 3383 permanere,
1180 3318 1240 3364 ut
1268 3309 1432 3379 possit
1463 3307 1604 3378 quod
1633 3307 1856 3362 discedit
1887 3323 1992 3364 non
2031 3323 2152 3366 esse

560 3403 846 3476 culpabile.
870 3403 1216 3473 Culpabiliter
1254 3412 1431 3456 autem
1475 3415 1505 3453 a
1549 3401 1664 3454 viro
1705 3416 1810 3455 non
1858 3401 2151 3459 fornicante

563 3496 810 3560 discedit,
840 3495 1046 3550 etiamsi
1074 3494 1293 3562 innupta
1323 3492 1691 3562 permanserit.
1719 3493 1811 3546 Illa
1840 3508 1967 3563 ergo
1992 3494 2147 3549 innu-

565 3598 657 3660 pta
696 3601 912 3642 manere
942 3585 1246 3655 praccipitur
1266 3626 1280 3650 ,
1322 3583 1367 3638 si
1398 3584 1735 3646 discesserit,
1768 3600 1886 3653 quae
1911 3599 1942 3638 a
1984 3584 2148 3640 furni.

563 3691 722 3736 caute
760 3677 1006 3734 discedit.
1035 3677 1163 3742 Quae
1187 3690 1307 3729 eum
1338 3676 1406 3730 ita
1433 3690 1493 3730 se
1523 3675 1791 3743 habeant,
1821 3676 1864 3730 si
1892 3691 1959 3732 eo
1992 3677 2151 3733 modo

562 3770 981 3828 intellexerimus
1028 3766 1342 3836 Apostolum
1369 3807 1382 3832 ,
1426 3775 1483 3820 ut
1522 3765 1836 3822 mulieribus
1875 3767 2148 3834 dicamus,

560 3864 637 3920 lla
669 3863 830 3919 nolite
857 3859 1132 3916 discedere
1158 3873 1190 3912 a
1237 3859 1365 3914 viris
1391 3860 1583 3915 vestris
1621 3860 1779 3914 etiam
1822 3861 2026 3930 pudicis
2046 3903 2060 3927 ,
2095 3871 2153 3918 ut

560 3957 608 4011 si
651 3952 928 4017 discedere
972 3949 1278 4012 volueritis,
1332 3949 1565 4019 innuptae
1617 3951 1920 4016 maneatis;
1961 3967 2150 4008 omnes

561 4046 756 4120 quibus
792 4042 1053 4116 placuerit
1094 4041 1444 4104 continentia,
1481 4041 1640 4095 etiam
1673 4058 1780 4096 non
1809 4044 2147 4100 consentien-

560 4141 700 4196 tihus
731 4137 860 4192 viris
883 4177 898 4201 ,
926 4133 1307 4190 existimabunt
1335 4132 1433 4188 sibi
1473 4132 1633 4189 licere
1669 4132 1964 4190 discedere.
1996 4135 2147 4203 Quod

561 4230 751 4304 procul
791 4227 953 4284 dubio
989 4225 1112 4296 quia
1155 4224 1464 4294 permittere
1504 4239 1608 4278 non
1635 4223 1930 4293 debemus,
1983 4235 2147 4283 restat

561 4335 620 4381 ut
648 4321 791 4393 quod
820 4319 1020 4375 dictum
1047 4326 1130 4372 est
1151 4355 1168 4382 ,
1217 4317 1258 4371 si
1280 4316 1580 4381 discesserit,
1613 4332 1814 4370 manere
1835 4319 2102 4382 innuptam
2126 4361 2141 4386 ,

559 4419 627 4474 de
649 4417 738 4472 illa
765 4414 964 4469 dictum
995 4409 1191 4464 docere
1210 4407 1518 4472 debeamus,
1551 4409 1637 4462 cui
1659 4408 1820 4466 licere
1848 4410 2142 4478 discedere,

560 4529 666 4569 non
690 4511 868 4580 utique
899 4504 1001 4561 nisi
1031 4518 1060 4556 a
1087 4501 1382 4558 fornicante
1404 4540 1420 4566 ,
1453 4500 1757 4555 didicimus.
1785 4501 1863 4557 Nc
1899 4503 1945 4558 si
1987 4505 2146 4559 aliter

558 4602 925 4662 docuerimus,
957 4596 1178 4653 obtentu
1217 4593 1556 4648 continentia:
1600 4595 1974 4660 perturbemus
2003 4597 2144 4651 chri-

559 4699 730 4752 stiana
769 4690 1042 4763 conjngia,
1091 4697 1146 4744 et
1192 4694 1376 4742 contra
1422 4687 1976 4744 misericordissiinum
2027 4690 2140 4746 Do-

559 4787 690 4844 mini
717 4791 1040 4854 ιιι-ωςθρωω
1071 4779 1320 4835 dimissos
1359 4793 1389 4832 a
1411 4777 1806 4834 continentibus
1836 4782 2145 4838 mulieribus

556 4878 952 4936 incontinentes
978 4873 1150 4940 viros,
1171 4867 1265 4930 vel
1311 4885 1340 4924 a
1368 4869 1766 4926 continentibus
1801 4873 1928 4928 viris
1957 4874 2140 4930 incon-

559 4972 794 5027 tinentes
813 4965 1061 5020 mulieres
1087 4963 1140 5016 in
1169 4960 1431 5016 adulteria
1463 4961 1866 5030 compellamus.

629 5055 854 5116 CAPUT
897 5053 1024 5126 \’lll_.
1044 5082 1115 5094 --
1138 5052 1193 5106 8.
1227 5051 1412 5106 Parem
1437 5068 1546 5106 esse
1570 5055 1622 5107 in
1649 5070 1706 5107 ea
1731 5070 1786 5108 re
1810 5059 2024 5127 formam
2051 5059 2144 5113 viri

559 5165 607 5211 et
646 5148 892 5205 mulieris.
916 5143 1047 5198 Illud
1075 5158 1201 5213 ergo
1224 5142 1363 5212 quod
1399 5144 1669 5208 Dominus,
1700 5162 1804 5200 non
1843 5148 2058 5216 quidem
2088 5150 2140 5205 in

557 5258 808 5305 sermone
838 5242 955 5312 ipso
982 5237 1071 5308 qui
1105 5236 1465 5307 exponebatur
1505 5253 1532 5290 a
1583 5239 1736 5295 nobis
1762 5282 1776 5306 ,
1826 5241 1920 5298 sed
1962 5251 2141 5302 tamen

478 5379 482 5384 .
554 5339 683 5396 alibi
705 5337 781 5392 ait
807 5375 824 5401 ,
855 5333 1163 5402 Quicumque
1201 5329 1444 5384 dimiserit
1479 5347 1684 5385 uxorem
1717 5349 1863 5388 suam
1885 5377 1900 5400 ,
1947 5337 2044 5391 nisi
2080 5354 2144 5393 ea:

552 5446 710 5488 causa
731 5423 1080 5500 fornicationis
1094 5462 1110 5487 ,
1133 5428 1179 5475 et
1198 5419 1351 5474 aliam
1377 5420 1595 5486 duxerit,
1619 5423 1895 5477 moechatur
1915 5425 2137 5493 (Matth.

553 5539 668 5586 xix,
695 5518 794 5586 9),
825 5517 869 5572 si
897 5515 998 5569 hoc
1023 5511 1182 5567 modo
1213 5510 1606 5580 intelligendum
1634 5521 1714 5565 est
1739 5552 1753 5574 ,
1797 5523 1853 5567 ut
1897 5517 2139 5584 quicum-

554 5629 660 5683 que
705 5624 863 5666 causa
908 5604 1268 5662 fornicationis
1313 5602 1571 5657 dimiserit
1601 5613 1654 5657 et
1697 5603 1852 5659 aliam
1891 5608 2134 5677 duxerit,

555 5719 666 5759 non
693 5699 988 5758 mmchetur
1015 5715 1030 5765 ;
1076 5712 1180 5754 non
1208 5693 1415 5751 videtur
1447 5695 1498 5751 in
1527 5694 1624 5752 hac
1650 5710 1804 5751 causa
1834 5713 1927 5768 par
1967 5701 2137 5761 forma

1466 261 1552 318 ne
1590 257 1936 318 CONJUGIIS
1975 256 2453 333 ADULTERINIS,
2495 265 2554 322 s.
2595 268 2959 328 AUGUSTINI
3713 293 3790 351 ,δε

2279 392 2399 431 esse
2426 381 2598 436 mariti
2637 391 2689 437 ct
2721 387 2899 442 uxoris
2933 407 2944 440 :
2979 389 3398 462 quandoquidem
3426 397 3601 453 mulier
3631 405 3788 463 etiamsi

2276 484 2435 525 causa
2465 471 2828 534 fornicationis
2853 477 3158 535 discesserit
3185 497 3216 536 a
3245 483 3361 538 viro
3387 494 3440 540 et
3462 488 3545 542 alii
3572 499 3785 563 nupserit,

2276 560 2574 618 mtechatur
2605 583 2618 631 ;
2653 567 2732 621 vir
2757 577 2935 634 autem
2973 571 3015 626 si
3059 572 3246 629 eadem
3271 590 3426 631 causa
3453 560 3657 637 uxorem
3679 560 3792 643 dimi.

2275 653 2405 707 serit
2427 664 2482 709 et
2504 655 2661 711 aliam
2684 658 2915 728 duxerit,
2947 676 3050 719 non
3074 664 3387 722 moechatur.
3413 670 3480 723 At
3502 672 3542 724 si
3569 689 3652 741 par
3669 673 3789 733 forma

2272 752 2358 800 est
2385 745 2436 800 iu
2468 756 2722 818 utroque,
2751 760 2972 822 uterque
2994 756 3291 812 mtechatur
3313 798 3327 822 ,
3356 759 3398 812 si
3435 775 3494 814 se
3529 762 3664 818 alteri
3697 767 3788 834 jum-

2275 840 2451 903 xerit,
2481 841 2641 896 etiam
2681 857 2800 898 cum
2831 859 2888 899 se
2930 861 2959 900 a
2985 846 3279 904 fornicante
3307 849 3627 921 disiunxerit.
3654 857 3791 915 Parem

2272 945 2400 985 vero
2438 945 2557 987 esse
2585 932 2808 989 formam
2841 936 2892 990 in
2925 935 3025 992 hac
3067 953 3225 994 causa
3253 941 3351 996 viri
3385 951 3541 1013 atque
3575 947 3792 1012 mulieris,

2273 1019 2344 1074 ibi
2362 1021 2597 1078 ostendit
2620 1025 2906 1094 Apostolus
2937 1028 3116 1099 (quod
3148 1045 3292 1102 saepe
3329 1041 3792 1094 commemorandum

2269 1116 2432 1181 est),
2479 1114 2566 1169 ubi
2611 1130 2733 1170 cum
2775 1117 3035 1187 dixisset,
3080 1120 3224 1176 Uxor
3245 1139 3345 1177 non
3382 1125 3527 1179 habet
3565 1138 3793 1196 potestatem

2269 1205 2494 1273 corporis
2516 1207 2596 1268 sui
2619 1248 2634 1274 ,
2665 1208 2754 1262 sed
2773 1209 2849 1262 vir
2876 1225 2897 1274 ;
2930 1211 3124 1281 adjecit
3159 1223 3319 1284 atque
3362 1216 3438 1270 ait
3463 1257 3479 1281 ,
3523 1217 3736 1275 Similiter
3765 1235 3796 1276 et

2269 1293 2344 1346 vir
2363 1310 2463 1348 non
2481 1295 2627 1351 habet
2651 1309 2942 1368 potestatem
2963 1306 3190 1374 corporis
3213 1307 3292 1360 sui
3314 1350 3328 1373 ,
3357 1310 3450 1362 sed
3475 1311 3660 1364 mulier.

2337 1384 2566 1442 CAPUT
2604 1389 2695 1444 IX.
2737 1421 2808 1431 —
2845 1393 2897 1448 9.
2942 1393 3169 1464 Objectio
3206 1397 3448 1453 Pollentii
3482 1417 3546 1455 ea:
3571 1405 3668 1456 loco
3692 1405 3793 1458 llat-

2271 1479 2411 1532 tha'i.
2457 1480 2729 1551 Refellitur
2764 1501 2830 1538 ea:
2856 1487 3013 1540 simili
3047 1488 3161 1542 loco
3201 1488 3402 1544 Jacobi.
3454 1491 3656 1547 Peccata
3688 1496 3794 1566 igno-

2275 1574 2516 1629 rantium.
2549 1575 2635 1630 Ea:
2665 1577 2842 1632 Marco
2887 1590 2932 1633 et
2974 1579 3115 1634 Luca
3159 1582 3434 1638 Mattheus
3475 1587 3791 1657 intelligendas.

2272 1680 2292 1714 ι
2327 1663 2434 1718 Cur
2457 1679 2602 1737 ergo,
2635 1667 2829 1738 inquis,
2860 1669 3174 1740 interposuit
3202 1670 3461 1729 Dominus
3485 1691 3682 1731 causam
3718 1677 3796 1733 ὢν·
3852 1741 3853 1746 η

2269 1773 2289 1806 ι
2323 1755 2623 1824 nicationis,
2651 1768 2704 1813 et
2731 1774 2836 1814 non
2865 1762 3038 1830 potius
3061 1766 3382 1835 generaliter
3407 1768 3499 1832 ait,
3523 1768 3795 1839 Quicumque

2269 1864 2288 1898 ι
2322 1846 2588 1904 dimiserit
2616 1865 2836 1906 uxorem
2880 1867 3028 1909 suam
3058 1866 3112 1910 et
3140 1857 3298 1912 aliam
3335 1859 3568 1927 duxerit,
3608 1864 3793 1918 mtecha-

2270 1957 2289 1991 ι
2327 1946 2444 2004 ιυι·;
2475 1940 2520 1995 si
2545 1950 2599 1996 et
2626 1942 2714 1998 ille
2735 1945 2975 2002 marches
3004 1957 3087 2002 est
3113 1950 3151 2014 ί,
3184 1950 3270 2019 qui
3293 1950 3517 2006 dimissa
3555 1952 3793 2010 fornimnte

2267 2046 2287 2082 ι
2318 2031 2547 2108 muliere
2577 2034 2795 2090 alteram
2837 2036 3017 2092 ducit?
3050 2057 3069 2090 ι
3117 2040 3309 2108 Credo,
3358 2044 3487 2114 quia
3531 2044 3649 2099 illud
3689 2047 3790 2116 quod

2259 2125 2431 2195 majus
2451 2136 2552 2193 est,
2576 2127 2678 2183 hoc
2702 2129 2956 2186 Dominus
2971 2147 3398 2191 commemorare
3431 2140 3450 2168 '
3479 2138 3651 2193 voluit.
3669 2139 3790 2208 Maius

2259 2216 2401 2270 enim
2426 2216 2744 2274 adulterium
2773 2235 2894 2276 esse
2911 2223 3030 2293 quis
3049 2235 3226 2295 negat,
3245 2242 3418 2282 uxore
3437 2243 3539 2283 non
3557 2231 3790 2287 loraic'mte

2257 2305 2474 2361 dimissa
2503 2308 2726 2364 alteram
2754 2310 2986 2381 ducere,
3017 2330 3175 2384 quam
3216 2317 3261 2372 si
3304 2317 3647 2376 fornicantem
3686 2323 3790 2390 quis-

2257 2412 2363 2467 que
2389 2397 2688 2467 dimiserit,
2725 2411 2781 2457 et
2812 2412 2936 2458 tunc
2977 2406 3200 2461 alteram
3230 2407 3480 2464 duxerit?
3505 2410 3612 2465 Non
3637 2413 3733 2481 quia
3753 2421 3788 2466 et

2258 2489 2362 2546 hoc
2385 2491 2706 2549 adulterium
2737 2511 2841 2551 non
2869 2508 2983 2564 est;
3013 2500 3104 2554 sed
3131 2503 3253 2572 quia
3281 2504 3463 2560 minus
3490 2515 3586 2571 est,
3613 2508 3686 2560 ubi
3715 2508 3787 2562 for-

2258 2583 2470 2640 nicante
2493 2586 2714 2643 dimissa
2743 2591 2910 2646 altera
2959 2591 3193 2654 ducitur.
3220 2595 3351 2650 Nam
3393 2597 3552 2652 simili
3580 2598 3786 2654 locutione

2258 2690 2382 2729 usus
2409 2678 2569 2732 etiam
2605 2681 2894 2749 Apostolus
2917 2683 3148 2740 Jacobus
3187 2686 3262 2740 ait
3289 2704 3302 2738 :
3333 2687 3532 2743 Scienti
3571 2692 3704 2761 igitur
3722 2691 3783 2744 bo-

2255 2782 2376 2819 num
2403 2772 2588 2838 facere,
2630 2781 2676 2825 et
2709 2790 2810 2827 non
2841 2774 3069 2842 facienti,
3109 2778 3371 2848 peccatum
3414 2789 3490 2834 est
3524 2781 3636 2850 illil
3655 2781 3784 2834 Jacobi

2255 2873 2328 2922 ιν,
2361 2858 2484 2930 l7).
2527 2862 2790 2933 Numquid
2832 2865 2950 2920 ideo
2994 2883 3098 2922 non
3143 2879 3422 2938 peccatum
3462 2885 3544 2926 est
3571 2873 3636 2926 illi
3667 2874 3782 2926 etiam

2260 2949 2350 3019 qui
2377 2953 2550 3007 nescit
2575 2952 2772 3009 bonum
2813 2954 3009 3023 facere,
3053 2967 3108 3012 et
3151 2959 3271 3014 ideo
3309 2976 3422 3016 non
3462 2961 3616 3017 facit?
3643 2961 3784 3031 Utique

2261 3054 2538 3114 peccatum
2568 3055 2680 3112 est;
2709 3048 2803 3103 sed
2835 3049 2937 3105 hoc
2960 3051 3198 3120 gravius,
3230 3053 3274 3107 si
3306 3054 3472 3108 etiam
3499 3056 3624 3110 sciat
3646 3066 3689 3110 et
3710 3070 3782 3108 non

2256 3135 2448 3190 faciat:
2481 3153 2580 3194 nec
2619 3139 2752 3194 illud
2796 3139 2915 3195 ideo
2941 3142 3176 3206 nullum,
3208 3144 3332 3214 quia
3363 3145 3562 3201 minus.
3604 3145 3660 3201 Ut
3693 3161 3782 3214 ergo

2255 3226 2443 3282 eodem
2491 3229 2656 3284 modo
2686 3239 2972 3300 utrumque
3016 3232 3294 3288 dicamus:
3341 3235 3486 3291 sicut
3527 3237 3782 3307 quicumque

2254 3315 2520 3373 dimiserit
2571 3335 2815 3386 uxorem,
2872 3331 3099 3393 excepta
3151 3339 3310 3379 causa
3355 3325 3713 3390 fornicationis,
3746 3335 3781 3378 et

2255 3409 2414 3463 aliam
2445 3409 2678 3478 duxerit,
2705 3412 3038 3481 mmchatur;
3070 3415 3139 3469 ita
3169 3417 3494 3489 quicumque
3520 3421 3614 3474 scit
3632 3419 3778 3474 bonum

2254 3498 2454 3565 facere,
2486 3510 2540 3556 et
2569 3517 2674 3557 non
2715 3502 2860 3567 facit,
2891 3513 3093 3574 peccat.
3122 3506 3226 3562 Sed
3263 3510 3689 3578 quemadmodum
3723 3509 3780 3562 hic

2257 3602 2404 3646 recte
2433 3591 2541 3647 dici
2584 3607 2692 3648 non
2721 3604 2926 3664 potest,
2967 3597 3106 3668 Ergo
3149 3599 3193 3653 si
3237 3602 3445 3668 nescit,
3476 3618 3575 3658 non
3617 3611 3777 3673 peccat;

2257 3689 2384 3735 sunt
2407 3682 2553 3736 enim
2592 3683 2752 3738 etiam
2800 3695 3014 3755 peccata
3044 3688 3404 3758 ignorantium
3431 3695 3691 3763 ,qnamvis
3712 3692 3780 3744 mi-

2258 3788 2388 3827 nora
2416 3790 2574 3843 qnam
2603 3777 2883 3830 sclentium
2912 3795 2924 3830 :
2955 3779 3026 3832 ita
3058 3791 3157 3835 nec
3185 3781 3292 3836 illic
3328 3795 3478 3840 recte
3514 3786 3608 3840 dici
3633 3793 3776 3854 potest,

2260 3864 2401 3934 Ergo
2433 3866 2476 3920 si
2508 3880 2667 3922 causa
2703 3867 3066 3926 fornicationis
3095 3873 3370 3939 dimiserit,
3407 3888 3461 3932 et
3485 3877 3629 3931 aliam
3653 3876 3777 3931 duxe-

2253 3958 2344 4021 rit,
2371 3971 2478 4010 non
2505 3960 2800 4014 mcechatur
2820 3977 2833 4024 ;
2857 3971 2940 4016 est
2965 3964 3106 4018 enim
3132 3967 3420 4022 moechatio
3442 3985 3618 4025 eorum
3641 3970 3772 4032 etiam,

2251 4049 2340 4118 qui
2371 4049 2504 4104 alias
2533 4050 2756 4118 ducunt,
2785 4053 2986 4109 relictis
3015 4067 3232 4126 propter
3262 4058 3649 4116 fornicationem
3675 4059 3774 4130 prio-

2252 4140 2435 4206 ribus;
2463 4141 2558 4196 sed
2595 4144 2779 4214 utique
2808 4146 2981 4201 minor
3003 4163 3162 4217 quam
3191 4165 3378 4206 eorum
3423 4155 3510 4224 qui
3553 4169 3647 4208 non
3684 4164 3773 4220 pro-

2251 4241 2370 4300 pter
2403 4231 2813 4291 fornicationem
2842 4236 3136 4307 dimittunt,
3167 4250 3223 4296 et
3253 4242 3448 4298 alteras
3476 4245 3674 4299 ducunt.
3700 4242 3771 4296 Pov

2254 4331 2360 4378 test
2385 4323 2600 4394 quippe,
2627 4326 2766 4380 sicut
2789 4327 2986 4383 dictum
3015 4341 3116 4390 est.
3151 4331 3345 4386 Scienti
3369 4335 3548 4388 bonum
3572 4338 3724 4406 facere,
3741 4341 3772 4384 et

2250 4431 2351 4468 non
2377 4416 2602 4486 facienti,
2637 4427 2896 4486 peccatum
2925 4429 2997 4474 est
3025 4421 3142 4487 illi;
3177 4423 3366 4478 eodem
3407 4427 3560 4480 modo
3597 4435 3644 4481 et
3678 4420 3769 4477 illud

2249 4504 2379 4572 dici,
2416 4506 2707 4561 Dimittenti
2740 4523 2958 4564 uxorem
2994 4511 3109 4566 sine
3147 4527 3305 4569 causa
3344 4515 3708 4576 fornicationis,
3734 4522 3768 4566 ct

2247 4596 2404 4650 aliam
2433 4596 2672 4665 ducenti,
2698 4600 2979 4655 mocchatio
3008 4611 3090 4656 est
3119 4603 3217 4658 illi.
3245 4603 3676 4672 Quemadmodum
3698 4604 3767 4673 igi-

2249 4697 2334 4744 tur
2354 4689 2399 4744 si
2421 4689 2737 4758 dixerimus,
2766 4692 3095 4764 Quicumque
3122 4697 3398 4753 mulierem
3423 4715 3450 4752 a
3477 4700 3648 4753 marito
3669 4711 3766 4767 pne

2250 4789 2330 4836 ter
2354 4797 2568 4837 causam
2603 4781 2965 4840 fornicationis
3005 4785 3276 4842 dimissam
3317 4789 3554 4856 duxerit,
3584 4786 3765 4843 moecha.

2249 4882 2356 4939 tur,
2389 4876 2572 4944 procul
2609 4876 2772 4931 dubio
2804 4893 2989 4933 verum
3035 4880 3294 4949 dicimus;
3344 4898 3439 4938 nec
3483 4894 3640 4937 tamen
3679 4879 3764 4933 idco

2253 4963 2401 5019 illum
2427 4969 2515 5036 qui
2548 4977 2767 5038 propter
2795 4983 3008 5024 causam
3037 4970 3399 5028 fornicationis
3426 4975 3670 5028 dimissam
3693 4969 3763 5022 du-

2247 5056 2402 5121 xerit,
2440 5055 2508 5110 ab
2537 5057 2637 5112 boc
2663 5057 2886 5115 crimine
2910 5061 3256 5130 absolvimus,
3285 5064 3372 5119 sed
3405 5073 3636 5132 utrosque
3661 5075 3759 5114 mtr-

2247 5149 2378 5204 chos
2417 5164 2538 5204 esse
2583 5150 2802 5206 minime
2842 5151 3147 5209 dubitamus
3180 5173 3192 5208 :
3234 5157 3304 5211 ita
3343 5172 3458 5212 eum
3494 5156 3576 5227 qui
3615 5161 3758 5224 preter

2247 5257 2460 5298 causam
2490 5243 2855 5300 fornicationis
2895 5262 3116 5303 uxorem
3141 5248 3400 5306 dimiserit
3426 5259 3479 5304 et
3519 5250 3654 5302 aliaat
3685 5243 3757 5297 du-

2247 5336 2406 5400 xerit,
2452 5336 2718 5392 mwclium
2759 5340 3198 5408 pronuntiamus;
3228 5358 3326 5398 nec
3353 5343 3464 5397 ideo
3491 5351 3644 5396 tamen
3668 5349 3753 5390 eulu

2247 5429 2336 5499 qui
2366 5437 2584 5498 propter
2617 5444 2831 5484 causam
2871 5429 3247 5513 fornicationis.
3274 5435 3539 5502 dimiserit,
3579 5438 3626 5487 et
3658 5428 3754 5482 alte-

2248 5537 2360 5576 ram
2388 5521 2623 5585 doxerit,
2654 5522 2722 5576 ab
2750 5521 2906 5593 hujus
2935 5527 3135 5594 peccati
3167 5526 3282 5584 labe
3309 5524 3632 5583 defendimus.
3657 5522 3748 5573 Am-

2309 5658 2322 5686 ί
2360 5662 2484 5712 Mss.,
2512 5652 2612 5705 siet
2635 5653 2716 5706 ille
2739 5656 3002 5710 nurchatns
3017 5667 3102 5712 est.

2307 5720 2326 5748 ²
2359 5722 2410 5766 lu
2433 5724 2560 5779 Mss,
2586 5721 2935 5770 commendare.
