3880 6284
88 379 163 437 ,5,
830 340 843 384 ί
900 340 907 347 ’
1014 336 1017 339 ’
1342 347 1543 406 LIBER

1682 345 1855 404 IMUS.

85 486 295 549 bosenim,
322 482 429 538 licet
458 476 667 532 alterum
704 471 876 527 altero
908 469 1142 541 gravius,
1182 465 1422 521 moechos
1460 474 1541 520 ta-

83 598 170 637 men
190 590 282 632 esse
299 567 658 641 cognoscimus.
681 563 865 633 Neque
892 561 1034 616 enim
1059 558 1341 630 quisquam
1370 555 1441 610 ita
1468 563 1553 610 est

82 667 292 729 absurdus,
327 672 377 716 ut
407 657 659 715 mtecbum
708 662 866 725 neget
909 667 1031 709 esse
1057 652 1146 721 qui
1174 648 1388 704 duxerit
1433 662 1550 702 eam

81 776 191 831 quam
222 755 409 811 maritus
434 758 641 823 prepter
672 760 888 804 causam
928 741 1293 800 fornicationis
1335 738 1550 808 abiecit,

80 870 162 911 cum
185 848 404 907 moechum
430 843 564 900 dicat
586 856 707 897 eum
746 840 837 911 qui
864 836 1079 893 duxerit
1103 849 1222 891 eam
1259 847 1379 904 quas
1418 847 1555 902 pra:-

84 953 325 999 tereausam
355 931 708 991 fornicationis
745 929 951 1000 abiecta
993 935 1078 982 est
1120 943 1134 979 :
1182 925 1263 980 sic
1300 934 1428 994 ergo
1465 921 1555 977 isti

80 1035 189 1089 ambo
213 1038 313 1086 sunt
345 1024 547 1083 mtecbi.
584 1022 737 1080 Unde
773 1037 896 1078 cum
934 1020 1182 1085 dicimus,
1224 1016 1555 1085 Quicumque

80 1124 283 1178 mulierem
307 1126 484 1190 prater
504 1129 718 1171 causam
754 1110 1118 1168 fornicationis
1157 1124 1187 1167 a
1228 1108 1346 1162 viro
1370 1104 1557 1162 dimis-

80 1233 156 1271 sam
178 1213 369 1279 duxerit,
393 1209 719 1273 mmchatur;
742 1205 812 1260 de
839 1218 947 1259 uno
969 1201 1185 1274 quidem
1214 1200 1451 1271 ipsorum
1476 1196 1558 1252 di-
1593 1190 1605 1200 ’

78 1310 211 1370 cimus,
236 1317 315 1359 nec
342 1310 509 1356 tamen
545 1297 666 1353 ideo
703 1294 963 1352 maschari
1005 1305 1265 1363 negamus
1304 1304 1426 1344 eum
1468 1286 1559 1357 qui

79 1413 160 1450 eam
178 1391 361 1455 duxerit,
385 1405 540 1461 quam
567 1395 792 1459 propter
816 1399 1032 1440 causam
1058 1380 1425 1438 fornicationis
1452 1392 1560 1433 ma-

85 1493 175 1544 ritus
196 1484 450 1542 dimiserit:
480 1481 552 1537 ita
590 1494 712 1535 eum
755 1477 915 1533 ambo
942 1476 1051 1531 sint
1097 1472 1336 1538 moechi,
1376 1478 1432 1525 et
1472 1468 1562 1524 ille

84 1581 220 1632 scilicet
236 1575 310 1646 qui
347 1572 604 1630 dimiserit
644 1583 867 1626 uxorem
910 1580 1063 1622 suam
1109 1572 1306 1637 praeter
1346 1575 1561 1617 causam

76 1664 354 1722 dimicationis
369 1673 421 1720 et
444 1664 607 1719 aliam
627 1659 862 1723 duxerit,
888 1664 945 1713 et
970 1655 1060 1712 ille
1084 1655 1174 1726 qui
1202 1660 1421 1724 propter
1437 1665 1562 1707 cau-

73 1775 150 1813 5am
172 1755 491 1812 fornicationis
517 1767 691 1810 uxore
718 1750 938 1807 dimissa
977 1762 1038 1804 se
1072 1745 1226 1803 alteri
1273 1743 1564 1815 copulave-

72 1852 142 1914 rit;
165 1847 363 1919 profecto
386 1846 599 1917 quando
625 1844 694 1901 de
720 1858 828 1899 uno
855 1855 1043 1899 eorum
1081 1839 1331 1911 legimus,
1357 1851 1466 1893 non
1491 1836 1563 1892 ita

70 1942 290 2010 intelligere
311 1938 581 2004 debemus,
610 1935 759 2007 quasi
787 1949 854 1991 ex
897 1933 999 1989 hoc
1033 1931 1169 1987 alter
1200 1929 1445 1987 moechus
1470 1943 1566 1985 ne-

66 2041 174 2102 gatus
195 2031 269 2097 sit,
292 2029 424 2101 quod
450 2028 593 2084 alter
617 2039 905 2097 expressus
931 2023 1023 2079 sit.

115 2124 179 2179 to.
200 2122 289 2179 Sed
308 2122 348 2177 si
376 2122 473 2177 hoc
499 2119 827 2190 evangelista
849 2116 1148 2179 Matthaaus,
1170 2114 1292 2184 quia
1313 2124 1569 2182 expressa

66 2231 136 2269 ulla
158 2216 307 2285 specie
326 2213 541 2268 alteram
571 2211 756 2277 tacuit,
777 2208 904 2265 facit
929 2208 1013 2282 ad,
1041 2205 1439 2277 intelligendum
1467 2202 1571 2259 dif-

68 2309 186 2367 lirile;
210 2303 441 2374 numquid
470 2317 579 2358 non
611 2301 701 2357 alii
721 2299 1044 2371 generaliter
1070 2297 1297 2368 idipsnm
1324 2297 1393 2350 ita
1421 2309 1571 2350 com-

66 2400 307 2467 plrxisunt,
332 2406 386 2451 ut
411 2395 478 2452 de
504 2403 734 2465 utroque
783 2400 964 2463 posset
1006 2390 1262 2461 intelligi?
1298 2388 1430 2445 Nam
1480 2403 1569 2444 se-

64 2489 234 2542 cundum
267 2488 485 2542 Marcum
522 2486 609 2542 sic
636 2484 889 2555 scriptum
916 2492 1035 2539 est:
1070 2481 1380 2552 Quicumque
1421 2478 1573 2534 dimi-

63 2584 145 2633 serit
183 2596 366 2633 uxorem
403 2595 575 2645 suam,
622 2586 668 2632 et
715 2577 924 2630 alteram
975 2570 1223 2637 duxerit,
1269 2572 1575 2626 adulterium

62 2674 262 2726 toumtittit
284 2689 427 2739 super
449 2687 561 2725 eam
577 2686 598 2735 ;
629 2678 676 2724 ct
700 2668 744 2724 si
773 2684 903 2724 uxor
931 2667 1177 2722 dimiserit
1213 2666 1376 2720 virum
1403 2680 1571 2730 suum,

62 2771 90 2811 rt
108 2762 174 2813 alii
199 2764 420 2832 nupserit,
445 2762 728 2818 nuccltatur
759 2759 949 2833 (Marc.
974 2775 1029 2823 κ,
1060 2760 1120 2814 ﬂ
1144 2767 1191 2813 et
1215 2755 1339 2830 12).
1367 2757 1574 2814 Secun-

61 2854 149 2907 dum
184 2855 354 2909 Lucam
380 2854 500 2911 sic:
549 2853 730 2908 Omnis
770 2852 855 2923 qui
899 2851 1104 2905 dimittit
1151 2866 1357 2905 uxorem
1404 2865 1573 2915 suam,

62 2960 89 2997 lt
122 2945 299 2997 alterunt
340 2945 496 3012 ducit,
546 2945 859 3008 nuce/tatur;
900 2950 949 2997 et
990 2942 1075 3013 qui
1104 2941 1365 2995 dimissam
1398 2957 1432 2995 a
1469 2940 1579 2995 viro

59 3036 187 3103 tlttt'll,
233 3036 494 3092 nurcltatur
540 3033 718 3108 (Luc.
760 3048 898 3105 Axvr,
956 3033 1095 3102 18).
1145 3032 1247 3098 Qui
1297 3046 1427 3102 ergo
1478 3046 1579 3087 nos

60 3144 228 3196 simius,
272 3138 326 3185 ut
368 3130 649 3195 dicamus,
709 3126 808 3183 Est
861 3125 951 3196 qui
1007 3123 1304 3181 moechatur
1331 3166 1347 3191 ,
1414 3136 1580 3179 uxore

59 3237 125 3273 sua
148 3222 337 3276 dimissa
364 3221 591 3277 alteram
621 3219 843 3282 ducens,
889 3226 944 3273 et
985 3224 1068 3272 est
1114 3216 1203 3285 qui
1236 3214 1339 3270 hoc
1377 3212 1580 3271 faciens

59 3328 135 3365 tum
156 3312 444 3380 nunt-batur,
484 3327 614 3368 cum
644 3310 991 3382 Evangelium
1020 3308 1164 3365 dicat
1190 3322 1405 3364 onmem
1439 3321 1581 3364 mte-

61 3406 170 3459 rliari
196 3408 272 3476 qui
299 3405 396 3461 hoc
423 3404 592 3460 facit?
621 3402 850 3459 Proinde
878 3401 924 3456 si
952 3401 1274 3471 quicumque
1300 3398 1405 3455 hoc
1440 3396 1583 3454 fece-

60 3496 125 3561 tit,
160 3497 201 3551 id
225 3506 317 3561 est,
347 3497 522 3553 omnis
551 3494 646 3566 qtti
674 3493 777 3550 hoc
800 3493 1009 3560 fecerit,
1052 3500 1111 3547 ut
1148 3505 1315 3546 uxore
1359 3503 1454 3545 sua
1495 3488 1580 3544 di-

59 3590 177 3642 llIlaSil
200 3590 402 3645 alteram
427 3589 615 3655 ducat,
644 3584 978 3651 intuebatur;
1010 3584 1127 3639 sine
1155 3582 1487 3639 dubitatione
1510 3581 1583 3636 ibi

60 3690 146 3732 sunt
181 3680 339 3746 ambo,
366 3690 422 3737 et
458 3678 552 3749 qui
601 3686 793 3748 praeter
832 3690 1048 3731 causam
1097 3672 1479 3739 fornicationis,
1528 3679 1585 3727 et

58 3772 119 3839 qui
159 3784 349 3844 propter
390 3786 613 3829 causam
658 3769 1022 3825 fornicationis
1063 3767 1281 3822 dimittit
1329 3779 1577 3821 uxorem.

60 3861 139 3916 lloc
162 3876 230 3919 est
251 3866 383 3921 enim
403 3906 419 3933 ,
453 3864 769 3934 Quicumque
804 3859 1092 3916 dimiserit:
1119 3856 1222 3913 hoc
1255 3865 1358 3925 est,
1395 3856 1574 3911 Omnis

55 3955 117 4018 qui
141 3956 337 4012 dimittit.
406 4012 409 4013 ,

107 4046 297 4103 (ZAI‘UT
349 4047 416 4104 Χ.
470 4075 545 4088 -
595 4045 685 4101 Η.
740 4041 973 4098 Mattluei
1021 4041 1160 4096 locus
1233 4048 1475 4095 tractatus
1531 4040 1587 4094 in

56 4136 163 4190 libris
208 4156 319 4207 quos
365 4140 485 4212 legit
544 4135 831 4192 Pollentina
852 4173 869 4199 ,
914 4132 1163 4203 quomodo
1221 4132 1420 4186 habent.
1469 4129 1586 4185 Non

57 4240 194 4284 autent
219 4230 364 4301 (sicut
419 4230 609 4288 nescio
661 4241 828 4299 quare
885 4227 977 4281 tibi
1030 4226 1199 4280 visum
1246 4225 1363 4296 est)
1397 4265 1412 4292 ,
1464 4239 1586 4279 cum

58 4317 275 4391 Evangelii
329 4320 628 4379 secundum
684 4316 988 4373 Matthzcunt
1052 4316 1211 4370 verba
1254 4315 1586 4385 proferrem,

60 4416 319 4477 Phl‘lt‘ﬂlliSl
350 4412 495 4484 quod
524 4415 782 4482 scriptum
811 4417 925 4475 est,
969 4417 1017 4463 et
1060 4408 1217 4462 aliam
1262 4406 1494 4471 duxerit;
1535 4413 1591 4460 et

60 4500 113 4554 sic
135 4502 244 4570 dixi,
267 4505 542 4560 niazrlmtur
573 4518 592 4557 :
630 4500 724 4557 sed
767 4515 829 4556 ea
855 4498 1015 4554 verba
1056 4498 1204 4568 posui
1233 4513 1351 4567 qua:
1380 4498 1433 4551 in
1470 4510 1587 4552 scr-

61 4606 182 4648 uione
222 4595 305 4648 illo
343 4596 557 4667 prolixo
596 4594 860 4664 leguntur,
902 4605 1062 4661 quem
1106 4588 1362 4643 Dominus
1406 4587 1591 4644 habuit

60 4680 294 4741 intuente.
328 4686 478 4740 llunc
507 4684 652 4740 enim
683 4679 1014 4737 tractandum
1054 4693 1388 4749 susceperant
1414 4718 1430 4744 ,
1470 4693 1591 4749 quae.

61 4776 184 4828 Vrrba
207 4776 303 4830 illic
334 4778 403 4831 ita
429 4777 677 4846 leguntur
707 4781 763 4828 ut
801 4770 950 4842 posui
978 4811 993 4838 ,
1040 4770 1092 4825 id
1122 4779 1237 4837 est,
1274 4769 1591 4840 Quicumque

60 4866 257 4922 dimimit
298 4885 507 4923 uxorem
553 4883 732 4934 suam,
772 4873 981 4934 excepta
1022 4879 1175 4917 causa
1219 4861 1587 4931 fornicationis,

60 4959 150 5022 {erit
170 4978 267 5013 eam
291 4959 531 5015 inmutari
554 4974 572 5024 ;
596 4969 641 5013 et
665 4959 751 5027 qui
776 4955 996 5011 solutam
1024 4973 1056 5009 a
1084 4955 1190 5008 viro
1221 4953 1441 5017 duxerit,
1468 4968 1592 5007 mae-

59 5047 218 5105 Cllltlltr.
261 5053 355 5109 libi
384 5052 486 5108 etsi
521 5050 773 5107 nonnulla
811 5047 1135 5117 exemplaria
1161 5047 1336 5101 verbis
1365 5044 1594 5101 diversis

60 5143 263 5198 eumdem
299 5159 517 5199 sensum
558 5142 754 5197 habent
782 5140 1183 5210 interpretatum
1208 5178 1223 5205 ,
1266 5153 1373 5193 non
1418 5146 1593 5192 tamen

56 5232 108 5285 ab
129 5249 184 5288 eo
217 5237 349 5307 quod
381 5235 696 5305 intelligitur
723 5234 1049 5303 discrepant.
1096 5231 1212 5287 Alia
1256 5231 1453 5301 quippe
1497 5229 1594 5285 ba—

56 5322 175 5390 bent,
202 5328 502 5399 Quicumque
530 5327 814 5381 dimiserit:
853 5324 976 5392 alia,
1020 5324 1194 5378 Omnis
1218 5323 1303 5394 qui
1330 5322 1593 5377 dimiserit.

57 5414 257 5491 Itemque
289 5422 410 5487 alia,
455 5431 662 5489 excepta
692 5435 845 5474 causa
871 5417 1218 5491 fornicationis
1241 5432 1260 5471 :
1286 5416 1388 5471 alia
1407 5458 1424 5485 ,
1465 5431 1596 5487 prte-

58 5517 115 5560 ιετ
136 5527 322 5566 causam
350 5514 701 5583 fornicationis
725 5529 744 5567 :
770 5512 896 5579 alia,
923 5512 1021 5566 nisi
1046 5510 1107 5567 ob
1135 5527 1338 5565 causam
1367 5510 1597 5583 fornica-

58 5598 199 5655 tionis.
228 5603 352 5659 Itcut
391 5606 518 5670 alia,
562 5607 647 5677 qui
672 5607 889 5661 solutam
918 5620 951 5658 a
978 5605 1086 5658 viro
1126 5604 1347 5671 duxerit,
1375 5604 1595 5658 nuce/ta-

56 5701 155 5746 tur:
179 5696 292 5761 alia,
318 5699 403 5767 qui
442 5698 698 5752 dimissam
724 5714 755 5751 α
779 5698 884 5753 viro
912 5698 1133 5762 duxerit,
1174 5697 1469 5751 moechatur.
1500 5696 1598 5753 Ubi

55 5788 162 5849 Wo
197 5787 328 5855 quod
369 5786 555 5843 videas
596 5788 724 5843 nihil
757 5789 1015 5843 interesse
1042 5787 1107 5841 ad
1139 5804 1297 5843 unum
1328 5789 1599 5847 eamdem-

377 5879 460 5942 Ss
473 5897 593 5942 uer
634 5883 911 5944 Aususr.
947 5880 1054 5941 Vl.

3137 358 3243 420 458

1661 479 1767 533 que
1812 466 2148 522 sententiam.
2188 468 2442 537 Quamvis
2469 470 2597 526 illud
2635 472 2902 541 ultimum,
2932 474 2983 529 id
3014 485 3120 545 est,
3150 478 3242 548 qui

1659 556 1918 613 dimissam
1963 576 1995 613 a
2042 560 2148 615 viro
2190 562 2409 629 duxerit,
2432 564 2744 631 moechatur;
2782 565 2836 621 in
2884 581 2948 621 eo
2992 581 3238 625 sermone

1657 663 1816 718 quem
1856 651 2112 708 Dominus
2141 653 2265 710 fecit
2306 654 2359 709 in
2402 666 2615 721 monte,
2664 658 2902 713 nonnulli
2943 658 3157 715 codices
3182 673 3243 718 et

1658 741 1815 808 graeci
1843 750 1897 797 et
1922 741 2070 798 latini
2096 758 2202 799 non
2232 744 2480 801 habeant.
2506 746 2682 802 Credo
2706 758 3005 819 propterea,
3035 751 3157 820 quia
3187 760 3245 807 et

1660 829 1734 886 ibi
1762 832 2053 901 explicatus
2096 832 2184 890 hic
2211 848 2403 891 sensus
2450 836 2621 905 putari
2666 837 2871 907 potuit,
2917 838 2970 893 in
3008 853 3074 893 eo
3102 840 3245 911 quod

1660 923 1904 993 superius
1918 922 2117 979 dictum
2136 934 2239 993 est,
2254 926 2375 995 facit
2395 943 2508 981 eam
2526 929 2785 983 mwchari.
2800 928 3080 997 Quomodo
3099 932 3241 988 enim

1660 1012 1878 1069 dimissa
1901 1015 1959 1070 fit
1978 1015 2207 1084 mtecha,
2233 1017 2335 1073 nisi
2359 1017 2451 1073 fiat
2468 1019 2561 1090 qui
2580 1034 2697 1074 eam
2728 1020 2946 1077 duxerit
2967 1022 3247 1079 moechus?

1733 1108 1961 1165 CAPUT
1998 1108 2092 1164 XI.
2122 1140 2195 1152 —-
2231 1109 2320 1166 12.
2353 1111 2497 1165 Alius
2538 1110 2771 1167 Matthan'
2811 1114 2952 1168 locus
2979 1114 3250 1171 subobscu-

1662 1215 1770 1266 rus,
1802 1200 1891 1255 sed
1931 1200 1996 1254 ab
2037 1202 2355 1273 evangelistis
2398 1202 2517 1257 aliis
2555 1203 2875 1274 explanatum
2910 1205 3081 1261 Verba
3119 1223 3250 1263 vero

1663 1304 1783 1360 qure
1812 1290 1929 1360 ipse
1954 1292 2200 1361 posuisti,
2230 1291 2371 1347 unde
2409 1292 2504 1347 tibi
2532 1293 2704 1349 visum
2745 1303 2826 1350 est
2855 1311 2961 1351 non
2991 1297 3251 1352 maschari

1664 1394 1789 1435 eum
1808 1380 1897 1451 qui
1926 1391 2143 1451 propter
2165 1396 2382 1437 causam
2409 1383 2771 1439 fornicationis
2793 1400 3010 1441 uxorem
3032 1386 3251 1443 dimise-

1665 1472 1737 1529 rit
1773 1481 1828 1528 et
1870 1474 2026 1529 aliam
2071 1474 2321 1543 duxerit,
2352 1476 2596 1542 jobscure
2636 1477 2848 1547 quidem
2889 1478 3059 1547 posita
3104 1486 3247 1532 sunt.

1666 1563 1821 1622 Unde
1848 1580 1954 1621 non
1984 1567 2150 1623 miror
2187 1568 2241 1622 in
2279 1568 2359 1623 eis
2395 1567 2750 1639 intelligendis
2794 1568 3039 1625 laborare
3082 1569 3253 1626 lecto-

1666 1673 1783 1714 rem
1807 1676 1822 1714 :
1852 1659 1946 1716 sed
1972 1673 2079 1715 non
2119 1671 2246 1716 sunt
2272 1660 2326 1716 in
2354 1676 2422 1717 eo
2451 1676 2698 1717 sermone
2726 1661 2964 1730 Domini,
3002 1661 3093 1732 qui
3129 1672 3256 1719 tunc

1668 1766 1698 1805 a
1726 1766 1814 1808 me
1842 1752 2187 1820 tractabatur,
2232 1754 2446 1824 quando
2473 1755 2560 1809 illa
2602 1756 2930 1827 conscripsi,
2969 1771 3088 1827 quae
3131 1771 3254 1812 cum

1668 1843 1878 1915 legeres
1905 1853 1959 1901 te
1982 1854 2287 1900 moverunt.
2320 1845 2459 1901 Alibi
2491 1845 2688 1916 quippe
2721 1845 2860 1901 idem
2887 1845 3168 1902 Matthteus
3192 1861 3256 1901 ea

1676 1935 1959 1991 Dominum
2002 1935 2205 1993 dixisse
2244 1937 2503 2004 narravit,
2536 1952 2641 1992 non
2669 1952 2791 1992 cum
2817 1938 2965 1993 illum
2994 1938 3258 2009 prolixum

1671 2027 1875 2082 faceret
1916 2027 1973 2081 in
2010 2035 2193 2082 monte
2222 2042 2550 2094 sermonem,
2597 2028 2691 2084 sed
2733 2044 2856 2084 cum
2904 2029 3261 2101 interrogatus

1672 2125 1819 2175 esset
1844 2133 1874 2173 a
1903 2117 2187 2173 Pharisaeis
2213 2127 2390 2173 utrum
2424 2118 2609 2175 liceret
2644 2134 2710 2174 ex
2740 2134 3074 2192 quacumque
3099 2136 3259 2176 causa

1674 2209 1943 2266 dimittere
1971 2226 2215 2266 uxorem.
2256 2212 2357 2267 Sec
2398 2211 2538 2282 quod
2579 2212 2755 2267 minus
2784 2213 3093 2285 intelligitur
3119 2215 3263 2286 apud

1675 2303 2007 2370 Matthteum,
2046 2304 2183 2374 apud
2223 2306 2356 2360 alios
2401 2305 2757 2375 evangelistas
2800 2306 3019 2379 intelligi
3064 2317 3260 2379 potest.

1676 2395 2011 2467 Quapropter
2050 2411 2170 2450 eum
2212 2396 2496 2467 legerimus
2536 2398 2589 2451 iu
2635 2398 2922 2469 Evangelia
2968 2399 3262 2455 secundum

1676 2486 2004 2553 Matthmum,
2032 2488 2350 2558 Quicumque
2372 2488 2617 2543 dimiserit
2645 2505 2855 2544 uxorem
2879 2490 2979 2545 nisi
3015 2490 3077 2545 ob
3103 2493 3266 2564 forni-

1680 2581 1950 2645 cationem,
1989 2588 2083 2634 aut
2116 2580 2256 2649 quod
2301 2580 2469 2648 magis
2508 2580 2561 2635 in
2604 2594 2781 2651 graeco
2820 2582 3033 2653 legitur,
3083 2593 3267 2651 praeter

1681 2687 1888 2725 causam
1916 2670 2285 2741 fornicationis,
2313 2679 2360 2725 ct
2384 2671 2542 2724 aliam
2569 2670 2792 2743 duxerit,
2815 2673 3093 2727 mmchatur
3114 2689 3134 2727 :
3155 2689 3262 2729 non

1679 2760 1942 2817 debemus
1969 2761 2226 2817 continuo
2265 2770 2454 2833 putare
2489 2760 2639 2816 illum
2685 2777 2793 2817 non
2832 2762 3129 2832 mmehari,
3173 2766 3265 2835 qui

1681 2860 1902 2923 propter
1929 2866 2144 2907 causam
2174 2850 2542 2906 fornicationis
2585 2851 2872 2917 dimiserit,
2902 2862 2956 2909 et
2981 2854 3138 2909 aliam
3167 2854 3269 2911 du-

1682 2946 1852 3011 xerit;
1898 2945 1992 3001 sed
2038 2944 2215 3000 adhuc
2268 2944 2560 3014 ambigere,
2591 2944 2761 3000 donec
2793 2944 3133 3017 Evangelium
3178 2962 3266 3003 se-

1685 3037 1918 3093 cundum
1939 3038 2074 3093 alios
2096 3037 2448 3108 evangelistas
2466 3052 2499 3093 a
2521 3037 2715 3107 quibus
2737 3036 2840 3093 hoc
2863 3049 3136 3094 narratum
3161 3050 3265 3107 est,

1687 3128 2047 3185 consulamus.
2074 3127 2215 3197 Quid
2240 3129 2286 3184 si
2315 3129 2459 3185 enim
2489 3128 2779 3184 secundum
2806 3128 3132 3197 Matthzeum,
3160 3147 3267 3187 non

1685 3222 1900 3292 quidem
1926 3219 2069 3291 quod
2095 3220 2161 3275 ad
2185 3220 2323 3275 hanc
2347 3236 2459 3275 rem
2490 3220 2721 3290 pertinet
2748 3220 2947 3275 dictum
2968 3230 3051 3276 est
3075 3229 3266 3288 totum,

1685 3313 1782 3370 sed
1812 3314 1883 3370 ita
1910 3328 2034 3384 pars
2060 3313 2202 3368 dicta
2226 3321 2327 3378 est,
2350 3322 2411 3366 ut
2429 3312 2814 3383 intelligeretur
2839 3328 2871 3368 a
2899 3322 3050 3384 parte
3077 3321 3268 3382 totum,

1685 3405 1827 3479 quod
1864 3415 2113 3478 tanquam
2157 3406 2504 3476 explanantes
2529 3404 2736 3461 Marcus
2764 3413 2819 3460 et
2850 3404 3043 3473 Lucas,
3073 3415 3129 3462 ut
3158 3408 3273 3463 cla-

1688 3508 1835 3555 reret
1859 3499 2015 3569 plena
2041 3496 2326 3564 sententia,
2357 3504 2526 3552 totum
2569 3496 2746 3552 dicere
2771 3497 3069 3553 maluerunt
3089 3498 3114 3552 ἰ
3136 3500 3271 3557 Cum

1688 3590 1867 3661 itaque
1893 3589 2122 3660 primum
2148 3603 2256 3643 non
2279 3587 2586 3643 dubitantes
2608 3603 2794 3643 verum
2818 3603 2937 3643 esse
2960 3589 3105 3659 quod
3131 3592 3271 3663 apud

1687 3680 1992 3737 Matthteum
2020 3678 2228 3749 legitur,
2261 3677 2573 3748 Quicumque
2609 3678 2853 3732 dimiserit
2894 3695 3100 3733 uxorem
3125 3698 3274 3736 suam

1690 3782 1896 3843 prapter
1904 3786 2108 3826 causam
2124 3769 2489 3840 fornicationis,
2504 3777 2549 3820 et
2560 3769 2715 3822 aliam
2730 3768 2948 3835 duxerit,
2965 3772 3239 3826 nunc/tatur
3254 3787 3276 3837 ;

1689 3863 2059 3936 quaesierimus
2094 3871 2273 3917 utrum
2312 3870 2516 3916 tantum
2558 3861 2658 3916 iste
2693 3861 2995 3917 mtechetur
3030 3863 3276 3920 ducendo

1690 3957 1915 4013 alteram
1963 3969 2219 4020 uxorem,
2276 3953 2368 4024 qtti
2412 3962 2608 4023 praeter
2650 3967 2865 4007 causam
2910 3954 3278 4010 fornicationis

1692 4049 1925 4120 priorem
1954 4046 2238 4112 dimiserit,
2270 4060 2338 4098 an
2364 4044 2540 4099 omnis
2565 4044 2657 4114 qui
2683 4044 2900 4099 dimissa
2938 4061 3104 4099 uxore
3143 4048 3277 4103 alte-

1692 4154 1809 4193 ram
1837 4136 2068 4200 duxerit,
2106 4143 2165 4190 ut
2192 4134 2263 4189 ibi
2299 4134 2369 4187 sit
2393 4133 2552 4188 etiam
2580 4132 2670 4186 ille
2694 4132 2784 4203 qui
2811 4132 3164 4189 fornicantem
3196 4136 3280 4191 di-

1692 4229 1898 4285 miserit
1925 4245 1938 4281 :
1970 4241 2147 4282 nonne
2171 4224 2463 4281 secundum
2490 4223 2721 4279 Marcum
2749 4226 3156 4296 respondebitur
3183 4243 3281 4283 no-

1692 4321 1795 4386 bis,
1824 4319 1961 4389 Quid
1990 4318 2230 4388 quaeritis
2258 4326 2435 4372 utrum
2467 4316 2558 4372 ille
2582 4316 2653 4372 sit
2679 4317 2944 4384 moechus,
2974 4328 3029 4373 et
3055 4320 3145 4374 ille
3171 4335 3276 4375 non

1693 4413 1795 4469 sit?
1823 4412 2135 4479 Quicumque
2162 4409 2409 4463 dimiserit
2435 4424 2643 4463 uxorem
2670 4425 2837 4475 suam,
2860 4419 2906 4463 et
2931 4410 3087 4463 aliam
3113 4412 3279 4465 duxe-

1693 4505 1779 4570 rit,
1805 4502 2109 4557 adutterium
2135 4500 2414 4554 committit.
2442 4498 2632 4556 Nonne
2660 4502 2819 4556 etiam
2847 4501 3141 4556 secundum
3168 4501 3279 4556 Lu-

1695 4610 1811 4651 cam
1854 4593 2060 4648 dicetur
2102 4592 2273 4660 nobis,
2314 4591 2451 4660 Quid
2491 4592 2758 4662 ambigitis
2802 4602 2976 4647 utrum
3045 4593 3136 4649 ille
3183 4592 3280 4663 qui

1699 4694 1917 4758 propter
1944 4698 2161 4739 causam
2206 4683 2571 4739 fornicationis
2614 4698 2835 4738 uxorem
2876 4683 3179 4752 dimiserit,
3224 4694 3284 4742 et

1698 4777 1855 4831 aliam
1898 4775 2144 4840 duxerit,
2190 4789 2298 4829 non
2345 4773 2676 4829 mascltetur?
2719 4772 2896 4827 Omnis
2940 4776 3023 4844 qui
3072 4778 3283 4835 dimittit

1697 4883 1907 4922 uxorem
1934 4882 2098 4932 suam,
2122 4873 2171 4919 et
2201 4864 2338 4917 ducit
2362 4864 2594 4929 alteram,
2621 4864 2915 4921 moechatur.
2940 4868 3017 4921 Ac
3038 4882 3135 4937 per
3156 4869 3283 4934 hoc,

1698 4957 1948 5027 quoniam
1977 4956 2054 5010 fas
2082 4969 2188 5009 non
2217 4961 2300 5008 est
2328 4962 2387 5008 ut
2424 4952 2809 5023 Evangelistas,
2837 4957 3080 5025 quamvis
3106 4960 3288 5015 direr-

1698 5049 1775 5105 sis
1798 5047 1975 5104 verbis
2003 5047 2069 5101 de
2098 5060 2201 5101 una
2227 5060 2289 5100 re
2315 5045 2614 5115 loquentes,
2637 5045 2705 5101 ab
2735 5062 2840 5101 uno
2868 5064 3028 5104 sensu
3065 5052 3283 5107 cadem-

1699 5154 1804 5210 que
1829 5137 2087 5193 scntentia
2114 5136 2400 5191 dissentire
2422 5135 2688 5203 dicamus;
2713 5148 2877 5194 restat
2904 5150 2961 5194 ut
2979 5141 3284 5198 Matthmum

1701 5194 2061 5302 intelligamus
2088 5244 2119 5285 a
2149 5239 2299 5301 parte
2330 5239 2496 5285 totum
2527 5230 2827 5301 significare
2853 5234 3106 5301 voluisse,
3133 5250 3285 5289 eam-
3338 5194 3359 5301 ξ

1701 5323 1823 5379 dem
1866 5331 2042 5377 tamen
2075 5322 2311 5378 tenuisse
2338 5321 2688 5385 sententiam,
2736 5332 2794 5377 ut
2836 5324 3109 5380 dimittens
3154 5340 3288 5382 uxo-

1700 5430 1816 5472 rem
1842 5423 1899 5470 et
1934 5414 2158 5470 alteram
2196 5414 2399 5471 ducens
2421 5454 2437 5482 ,
2479 5429 2588 5469 non
2627 5416 2841 5485 quidam
2886 5415 3203 5482 mcechetur,
3231 5415 3285 5471 id

1702 5514 1808 5572 est,
1836 5506 1924 5578 qui
1955 5515 2147 5578 praeter
2171 5505 2575 5563 fornicationem
2600 5507 2880 5571 dimiserit,
2911 5506 3121 5575 quidam
3158 5521 3286 5563 vero

1704 5615 1816 5656 non
1842 5599 2159 5666 mtecbetur,
2188 5599 2240 5654 id
2265 5608 2366 5665 est,
2395 5601 2484 5669 qui
2518 5608 2734 5669 propter
2764 5598 3168 5653 fornicationem
3205 5597 3290 5654 di-

1703 5694 1928 5758 miserit,
1954 5693 2049 5748 sed
2079 5693 2254 5747 omnis
2280 5692 2369 5763 qui
2406 5692 2625 5747 dimittit
2655 5705 2876 5746 uxorem
2915 5704 3086 5757 suam,
3111 5704 3168 5748 et
3189 5692 3279 5751 du-

1703 5786 1775 5842 cit
1802 5786 2045 5851 alteram,
2070 5783 2325 5839 mmchari
2353 5782 2569 5838 minime
2596 5781 2883 5837 dubitctur.

2669 5872 3004 5970 (Quinze.
