3880 6284
563 330 668 388 463

559 451 650 521 qui
677 462 782 503 non
831 446 990 503 habet
1014 460 1218 503 veram.
1250 444 1374 502 Ideo
1401 453 1579 501 autem
1610 461 1710 502 nec
1734 445 1908 516 juberi
1953 443 2153 498 debue-

560 550 687 595 runt
728 539 910 596 lideles
947 539 1016 594 ab
1069 538 1373 594 inﬁdelibus
1415 539 1689 608 separari,
1721 538 1844 608 quia
1884 550 1988 591 non
2018 549 2151 590 con-

562 643 643 690 tra
687 634 982 704 jussionem
1030 633 1238 688 Domini
1283 631 1526 688 Gentiles
1566 630 1778 686 inerant
1819 629 1979 684 ambo
2021 642 2150 684 con-

556 727 749 796 juncti.

631 825 721 878 2|.
765 823 1023 890 Quoniam
1073 836 1200 892 ergo
1245 821 1313 877 ab
1367 818 1566 874 inﬁdeli
1614 817 1824 873 ﬁdelem
1868 812 2149 871 discedere

561 931 662 970 nec
686 915 928 999 prohibet
956 929 1054 970 nec
1077 913 1228 984 jubet
1258 911 1518 966 Dominus
1540 951 1553 975 ,
1595 909 1715 964 idco
1742 918 1800 962 ιιι
1839 924 1944 962 non
1974 906 2150 961 disce-

560 1012 679 1076 dat,
718 1010 1005 1079 Apostolus
1033 1008 1189 1074 dicit,
1234 1021 1338 1061 non
1370 1005 1625 1059 Dominus
1673 1021 1689 1056 :
1733 1002 1936 1057 habens
1966 1000 2148 1070 utique

559 1106 814 1175 Spiritum
854 1113 1124 1166 sanctum,
1153 1103 1205 1156 in
1246 1118 1352 1172 quo
1378 1101 1507 1156 dare
1532 1109 1713 1170 posset
1743 1099 1870 1154 utile
1901 1106 1954 1152 et
1994 1095 2148 1150 ﬁdele

559 1196 857 1250 consilium.
891 1193 1041 1250 Unde
1083 1209 1204 1248 cum
1231 1193 1452 1248 dixisset
1482 1190 1550 1248 de
1571 1192 1794 1246 muliere
1814 1233 1827 1254 ,
1875 1188 2028 1258 cujus
2068 1187 2149 1240 vir

561 1297 801 1342 mortuus
841 1286 1029 1352 fuerit,
1061 1285 1268 1340 Beatior
1304 1295 1470 1338 autent
1499 1285 1626 1348 erit,
1666 1284 1710 1337 si
1747 1284 1819 1338 sic
1863 1295 2150 1351 permanse-

558 1379 645 1443 rit,
675 1377 949 1432 secundum
976 1394 1142 1430 meum
1167 1376 1472 1440 consilium;
1500 1390 1566 1430 ne
1591 1373 1710 1445 quis
1739 1375 1839 1427 hoc
1867 1371 2148 1427 consilium

559 1481 808 1538 tanquam
863 1469 1186 1532 humanum,
1232 1483 1340 1522 non
1379 1467 1614 1522 divinum
1642 1508 1656 1532 ,
1697 1463 2146 1522 contemnendum

557 1571 801 1634 putaret,
849 1561 1072 1632 adjecit,
1119 1561 1253 1614 Puto
1295 1569 1495 1626 autem,
1538 1568 1585 1612 et
1628 1575 1720 1629 ego
1760 1556 2010 1628 Spiritum
2051 1553 2148 1609 Dei

557 1654 735 1709 habeo.
783 1654 1013 1709 Proinde
1061 1651 1461 1722 intelligendum
1499 1658 1616 1715 est,
1663 1649 1822 1704 etiam
1868 1647 1983 1717 ipsa
2029 1661 2148 1715 qua:

554 1762 662 1802 non
699 1763 728 1801 a
777 1747 1002 1802 Domino
1033 1745 1323 1816 jubentur,
1365 1743 1459 1798 sed
1489 1758 1518 1796 a
1562 1752 1748 1798 sancto
1793 1741 1910 1811 ejtts
1951 1739 2148 1796 famulo

555 1842 757 1896 utiliter
779 1839 1103 1905 suadentur,
1135 1839 1323 1894 eodem
1356 1837 1584 1892 Domino
1628 1835 1924 1906 inSpirante
1948 1833 2146 1888 suade-

553 1936 624 1991 ri.
652 1935 809 1991 Absit
831 1935 974 1990 enim
1003 1943 1059 1988 ut
1093 1934 1370 2004 quisquam
1399 1930 1694 1986 catholicus
1713 1928 1942 1994 dixerit,
1971 1941 2146 1996 quan-

552 2027 627 2082 do
653 2027 841 2082 suadet
877 2026 1107 2096 Spiritus
1139 2034 1388 2090 sanctus,
1431 2039 1539 2079 non
1573 2023 1852 2078 Dominum
1882 2019 2140 2086 suadere;

549 2133 676 2174 cum
711 2128 763 2173 et
791 2119 904 2187 ipse
931 2117 1188 2172 Dominus
1232 2119 1335 2181 sit,
1365 2123 1418 2171 et
1445 2113 1817 2184 inseparabilia
1853 2111 1960 2167 sint
1981 2125 2144 2181 opera

553 2208 850 2264 Trinitatis.
889 2208 1024 2263 Dicit
1069 2219 1280 2274 tamen,
1320 2199 1396 2260 De
1421 2204 1696 2276 virginibus
1738 2213 1906 2258 autent
1951 2218 2142 2272 prwce-

551 2310 694 2371 ptum
725 2299 930 2354 Domini
969 2316 1072 2354 non
1099 2299 1286 2364 habeo,
1315 2298 1583 2353 consilium
1621 2307 1786 2351 autem
1810 2296 1897 2350 do.
1942 2293 2059 2350 Non
2086 2302 2145 2349 ut

549 2391 657 2446 hoc
681 2390 962 2448 consilium
988 2391 1222 2446 alienum
1249 2389 1620 2445 existimemus
1661 2404 1692 2442 a
1724 2387 1952 2442 Domino
1973 2426 1989 2453 ,
2019 2401 2142 2441 cum

550 2485 806 2541 continuo
853 2490 1106 2554 sequatur
1147 2490 1200 2538 et
1245 2481 1431 2536 dicat:
1462 2490 1699 2551 tanquam
1746 2478 2142 2533 misericordiam

546 2585 844 2630 consecutus
871 2592 904 2628 a
937 2574 1155 2629 Domino
1195 2581 1250 2626 ut
1279 2571 1447 2644 ﬁdelis
1476 2589 1635 2627 essem
1661 2571 1707 2642 (1
1729 2570 1846 2626 Cor.
1880 2587 1953 2626 vn
1973 2613 1990 2640 ,
2028 2570 2099 2626 40
2121 2611 2137 2638 ,

544 2664 662 2739 25).
686 2665 988 2722 Secundum
1020 2665 1188 2721 Deum
1218 2678 1348 2736 ergo
1371 2663 1465 2718 dat
1501 2662 1659 2719 ﬁdele
1685 2662 1963 2718 consilium
1993 2661 2046 2717 in
2075 2676 2141 2717 eo

540 2757 746 2830 Spiritu
762 2800 777 2826 ,
799 2758 868 2816 de
892 2773 1000 2830 quo
1020 2759 1140 2813 ait:
1169 2755 1305 2812 Puto
1325 2765 1496 2812 autem
1513 2797 1529 2823 ,
1556 2765 1602 2811 et
1628 2772 1719 2827 ego
1749 2754 2003 2824 Spiritum
2041 2752 2141 2808 Dei

545 2852 722 2907 habeo.

614 2945 706 2999 Ἡ.
747 2944 1131 3001 Verumtamen
1171 2941 1316 2998 aliud
1345 2951 1428 2999 est
1457 2942 1666 2999 Domini
1703 2941 1941 3012 iubentis
1969 2942 2140 3012 impe-

542 3037 686 3094 rium
709 3077 724 3101 ,
746 3035 887 3090 aliud
917 3033 1164 3091 conservi
1191 3033 1486 3089 secundum
1515 3032 1934 3088 misericordiam
1963 3031 2140 3087 chari-

543 3129 699 3194 tatis,
727 3144 846 3198 qum
869 3137 953 3184 est
981 3128 1054 3183 illi
1082 3143 1112 3181 a
1144 3126 1372 3182 Domino
1417 3126 1670 3197 inspirata
1701 3134 1862 3196 atque
1903 3125 2098 3180 donata
2119 3167 2134 3193 ,

543 3219 704 3276 ﬁdele
729 3220 1032 3276 consilium.
1058 3219 1134 3276 lbi
1157 3218 1300 3276 aliud
1332 3219 1510 3276 facere
1531 3235 1636 3275 non
1661 3219 1817 3288 licet,
1847 3219 1932 3275 hic
1956 3227 2136 3274 autent

542 3309 672 3366 licet
697 3326 708 3363 :
735 3310 805 3364 ita
836 3326 966 3366 sane
992 3318 1051 3365 ut
1079 3310 1251 3382 ipsum
1277 3310 1478 3366 licitum
1517 3312 1708 3380 partim
1735 3311 1949 3382 quidem
1976 3327 2139 3381 expe-

543 3405 676 3472 diat,
702 3406 892 3475 partim
915 3422 1048 3462 vero
1073 3422 1179 3463 non
1209 3407 1477 3478 expediat.
1502 3408 1734 3480 Expedit
1759 3418 1905 3473 tunc,
1925 3409 2137 3479 quando

541 3511 652 3554 non
688 3497 863 3552 solum
912 3513 1005 3569 per
1044 3498 1335 3570 justitiam,
1361 3516 1483 3570 qua:
1525 3515 1706 3556 coram
1753 3501 1978 3557 Domino
2017 3511 2130 3569 est,

542 3587 890 3660 permittitur,
922 3589 1014 3645 sed
1043 3589 1202 3644 etiam
1231 3590 1538 3646 hominibus
1561 3593 1763 3647 nullum
1800 3608 1865 3647 ex
1909 3593 2010 3648 hoc
2038 3593 2137 3648 im-

542 3679 910 3752 pedimentum
935 3680 1122 3736 salutis
1144 3680 1368 3736 infertur
1392 3699 1405 3735 :
1425 3682 1565 3736 velut
1595 3698 1714 3737 cum
1739 3683 1830 3738 dat
1854 3684 2134 3739 consilium

543 3788 654 3830 non
685 3772 917 3829 nubendi
945 3772 1234 3844 Apostolus
1261 3773 1482 3844 virgini,
1516 3774 1656 3830 unde
1682 3786 2006 3846 praeceptum
2035 3777 2138 3834 Do-

542 3863 675 3922 mini
697 3879 756 3920 se
780 3881 888 3920 non
911 3865 1106 3920 habere
1128 3873 1387 3932 testatur;
1418 3866 1541 3922 licet
1566 3867 1705 3923 aliud
1729 3867 1925 3934 facere,
1956 3869 2008 3925 id
2029 3881 2133 3940 est,

541 3958 776 4025 nubere,
803 3968 859 4014 et
897 3959 1075 4014 minus
1114 3974 1272 4030 quam
1316 3961 1688 4030 continentiae,
1712 3963 1908 4018 bonum
1957 3974 2134 4022 tamen

543 4057 730 4106 tenere
768 4054 1091 4122 nuptiarum.
1125 4049 1407 4122 Ipsumque
1449 4053 1648 4108 licitum
1688 4056 1848 4110 etiam
1880 4058 2131 4128 expedit:

541 4145 794 4215 quoniam
819 4145 873 4200 in
895 4146 1056 4200 vetita
1082 4154 1136 4201 et
1165 4145 1346 4201 illicita
1374 4145 1630 4201 ruituram
1657 4149 1832 4204 carnis
1857 4151 2135 4207 inﬁrmita-

541 4247 652 4294 tem
681 4237 761 4292 sic
797 4238 994 4307 excipit
1023 4239 1303 4295 honestate
1332 4239 1566 4296 nubendi
1591 4280 1606 4307 ,
1633 4249 1691 4295 ut
1731 4243 1999 4298 neminem
2028 4243 2132 4299 im-

540 4328 722 4399 pediat
759 4328 826 4384 ad
874 4328 1132 4395 salutem;
1171 4332 1414 4400 quamvis
1464 4332 1633 4404 magis
1681 4335 1988 4404 expediret,
2021 4352 2135 4392 ma-

541 4422 730 4494 gisque
758 4421 1041 4478 honestum
1067 4433 1241 4489 esset,
1270 4424 1317 4478 si
1344 4424 1494 4494 virgo
1517 4426 1799 4482 consilium
1817 4471 1830 4494 ,
1861 4443 1967 4499 quo
1992 4444 2131 4500 pra:-

539 4525 755 4587 ceptum
795 4530 913 4571 eam
954 4506 1061 4571 no'n
1107 4515 1415 4588 compellit,
1445 4519 1723 4589 arriperet.
1767 4521 1915 4576 Tunc
1952 4531 2129 4579 autem

540 4621 650 4662 non
688 4605 906 4677 expedit
939 4605 993 4662 id
1030 4607 1172 4678 quod
1201 4607 1404 4663 licitum
1429 4618 1540 4675 est,
1569 4611 1782 4679 quando
1808 4615 2134 4682 permittitur

541 4697 792 4768 quidem,
822 4699 915 4754 sed
945 4715 1072 4756 usus
1101 4700 1267 4771 ipsius
1302 4701 1580 4769 potestatis
1620 4701 1740 4757 aliis
1781 4704 1933 4760 aﬁ'ert
1964 4705 2131 4777 impe-

539 4789 837 4846 dimentum
865 4791 1070 4846 salutis.
1093 4792 1240 4849 Sicut
1265 4801 1380 4858 est,
1417 4791 1558 4848 unde
1587 4793 1699 4864 jam
1723 4795 1814 4851 diu
1842 4797 2127 4868 loquimur,

539 4880 800 4937 discessio
843 4882 1014 4939 ﬁdelis
1041 4884 1284 4955 conjugis
1315 4883 1384 4938 ab
1424 4884 1656 4953 inlideli,
1684 4902 1841 4957 quam
1870 4904 1974 4945 non
2001 4906 2126 4962 pro-

538 4971 692 5030 hibet
735 4973 991 5029 Dominus
1034 4986 1299 5048 praecepto
1340 4975 1504 5047 legis,
1531 4978 1655 5049 quia
1702 4993 1882 5034 coram
1917 4981 2005 5038 illo
2045 4982 2130 5039 in-

534 5065 681 5136 iusta
711 5080 818 5120 non
843 5073 958 5131 est;
989 5065 1087 5120 sed
1113 5066 1358 5136 prohibet
1382 5069 1668 5138 Apostolus
1697 5071 1926 5128 consilio
1953 5073 2130 5131 chari-

537 5157 700 5224 tatis,
730 5156 852 5228 quia
897 5156 1199 5212 inﬁdelibus
1240 5157 1395 5213 aﬁ‘ert
1421 5159 1856 5230 impedimentum
1895 5165 2124 5223 salutis:

537 5265 649 5307 non
678 5249 853 5305 solum
882 5249 1003 5320 quia
1032 5249 1486 5319 perniciosissime
1511 5253 1938 5312 scandalizantur
1958 5258 2127 5315 oﬁ‘en-

537 5343 620 5409 si;
650 5357 838 5398 verum
863 5341 1025 5397 etiam
1054 5340 1176 5411 quia
1205 5340 1258 5396 in
1283 5341 1386 5398 alia
1415 5344 1659 5417 conjugia
1687 5361 1808 5402 cum
1834 5350 2126 5410 ceciderint

535 5435 840 5493 viventibus
864 5433 944 5491 eis
963 5449 994 5488 a
1019 5435 1213 5505 quibus
1238 5435 1597 5506 dimittuntur,
1625 5441 1937 5498 adulterinis
1976 5449 2124 5503 nexi-

535 5531 642 5588 bus
661 5530 895 5602 colligati
923 5528 1236 5586 difﬁcillime
1265 5533 1604 5588 resolvuntur
1637 5536 1673 5587 ί.

600 5729 1072 5805 ξ-,ᾼῇᾳιεᾳμμεδημὸ
1093 5728 1374 5805 inﬁdelitate
1397 5728 1680 5805 diﬁipillime
1702 5736 2013 5791 resolvuntur.
2042 5745 2125 5797 Alii

532 5790 756 5845 melioris
773 5797 901 5841 notae
917 5792 1111 5842 codices
1134 5790 1276 5842 editis
1294 5790 1618 5846 oonseiitiunt.

1454 327 1541 385 DE
1578 327 1926 385 CONJUGIIS
1963 322 2446 394 ADULTERINIS,
2485 329 2541 385 s.
2586 297 2954 386 aucusrm
3706 351 3780 407 ,5,

2337 441 2562 501 CAPUT
2601 445 2744 501 XIX.
2773 477 2845 488 —
2871 448 2961 504 23.
2993 449 3268 508 Consilium
3297 471 3400 510 non
3425 459 3653 527 nubendi,
3677 465 3778 520 dese

2255 551 2362 590 esse
2383 541 2518 606 quod
2539 540 2758 610 amplius
2783 541 3023 610 expedit;
3050 552 3102 596 at
3133 547 3406 600 consilium
3433 566 3530 603 non
3553 551 3776 610 dimittendi

2254 627 2538 698 inﬁdelem,
2571 631 2635 685 de
2672 649 2730 686 eo
2770 649 2877 688 esse
2919 636 3068 706 cujus
3110 639 3427 694 contrarium
3473 659 3568 697 non
3608 648 3778 715 expedit.

2254 715 2379 772 Ideo
2416 719 2536 787 hic,
2569 721 2657 777 ubi
2692 722 2741 778 id
2773 723 2914 795 quod
2946 725 3074 781 licet
3111 744 3216 783 non
3245 731 3495 801 expedit,
3521 750 3618 790 non
3651 749 3782 807 potest

2252 809 2357 867 dici
2379 854 2392 879 ,
2425 811 2482 869 Si
2505 813 2772 871 dimiserit
2799 818 3066 875 inﬁdelem
3093 862 3106 887 ,
3133 822 3270 878 bene
3296 823 3456 891 facit;
3484 827 3527 880 si
3556 843 3648 882 non
3668 830 3783 886 dimi-

2252 903 2416 971 serit,
2449 906 2638 961 melius
2659 906 2784 963 facit
2806 926 2820 963 ε
2844 909 2982 965 sicut
2999 910 3198 968 dictum
3221 922 3340 983 est,
3369 915 3468 980 Qui
3494 917 3577 971 dat
3599 931 3781 991 nuptum,

2251 994 2374 1049 bene
2401 999 2554 1068 facit;
2580 1008 2630 1054 ct
2665 1001 2751 1071 qui
2780 1018 2883 1056 non
2917 1003 3006 1058 dat
3031 1015 3277 1076 nuptum,
3313 1009 3494 1063 melius
3531 1012 3656 1081 facit.
3679 1013 3784 1080 Quo-

2253 1089 2396 1144 niam
2423 1091 2552 1146 illud
2583 1109 2693 1149 non
2721 1095 2893 1150 solum
2935 1104 3221 1169 utrumque
3265 1100 3471 1171 pariter
3512 1102 3652 1170 licet;
3678 1107 3782 1164 unde

2251 1179 2318 1234 ad
2351 1180 2484 1236 nihil
2511 1181 2701 1238 horum
2746 1195 3014 1258 praecepto
3051 1189 3258 1245 Domini
3303 1192 3528 1263 quisque
3564 1197 3785 1265 compelli-

2252 1279 2372 1326 tur:
2399 1273 2492 1328 sed
2521 1275 2680 1330 etiam
2707 1283 2992 1350 utrumque
3015 1280 3263 1352 expedit,
3292 1282 3438 1337 aliud
3478 1283 3656 1352 minus,
3681 1288 3784 1344 aliud

2251 1366 2512 1436 amplius;
2544 1368 2686 1425 unde
2714 1369 2780 1426 ad
2810 1370 2864 1426 id
2900 1372 3042 1443 quod
3071 1373 3304 1445 amplius
3344 1377 3587 1447 expedit,
3614 1381 3787 1436 consilio

2249 1456 2490 1527 Apostoli
2511 1496 2527 1523 ,
2554 1461 2875 1532 quicumque
2902 1472 3077 1533 potest
3102 1479 3300 1535 capere
3319 1509 3334 1534 ,
3360 1479 3678 1538 provocatur.
3705 1472 3782 1528 Hoc

2250 1556 2430 1603 autem
2459 1551 2548 1605 ubi
2586 1551 2654 1606 de
2678 1551 2997 1611 dimittendo
3024 1556 3108 1612 vel
3147 1555 3272 1613 non'
3298 1558 3612 1616 dimittendo
3633 1562 3784 1620 inﬁdeli

2249 1641 2495 1712 conjugio
2520 1644 2795 1714 quaeritur,
2823 1655 3108 1718 utrumque
3153 1649 3374 1719 quidem
3410 1652 3604 1721 pariter
3626 1653 3780 1710 licitum

2249 1741 2332 1786 est
2355 1747 2451 1802 per
2471 1733 2730 1804 justitiam
2752 1752 2872 1807 quae
2891 1752 3074 1793 coram
3100 1739 3330 1796 Domino
3351 1751 3432 1796 est
3449 1782 3465 1808 ,
3488 1751 3541 1798 et
3563 1743 3670 1799 ideo
3691 1746 3784 1800 nihil

2247 1824 2441 1881 horum
2490 1829 2745 1885 Dominus
2786 1831 3076 1901 prohibet:
3101 1833 3195 1890 sed
3226 1849 3336 1889 non
3369 1845 3640 1908 utrumque
3663 1854 3782 1909 espe~

2248 1917 2362 1986 dit,
2396 1929 2612 1990 prOpter
2640 1921 2974 1979 inﬁrmitates
3016 1924 3294 1981 hominum
3317 1968 3332 1994 ,
3364 1939 3420 1983 et
3461 1928 3576 1984 ideo
3611 1929 3654 1984 id
3677 1931 3779 2000 quod

2248 2026 2357 2067 non
2385 2015 2631 2084 expedit,
2659 2016 2947 2087 Apostolus
2975 2018 3226 2089 prohibet
3250 2037 3264 2087 ;
3290 2019 3458 2074 dante
3484 2021 3578 2076 sibi
3606 2021 3778 2078 Domino
3838 2035 3839 2089 l

2247 2103 2470 2160 liberum
2499 2107 2813 2177 prohibendi
2842 2109 3039 2174 locum,
3059 2111 3183 2180 quia
3205 2126 3383 2182 neque
3409 2111 3460 2165 id
3490 2111 3621 2182 quod
3642 2122 3778 2168 monet

2247 2196 2538 2268 Apostolus
2559 2239 2574 2264 ,
2607 2198 2854 2269 prohibet
2876 2199 3138 2256 Dominus
3156 2243 3171 2267 ,
3203 2216 3383 2271 neque
3411 2201 3463 2257 id
3486 2203 3615 2273 quod
3641 2204 3775 2273 prohi-

2245 2287 2338 2344 bet
2365 2289 2681 2359 Apostolus,
2707 2290 2862 2361 jubet
2888 2292 3164 2349 Dominus.
3209 2293 3370 2361 Quod
3414 2295 3514 2350 nisi
3554 2297 3618 2351 ita
3641 2307 3773 2362 esset,

2245 2397 2418 2453 neque
2440 2392 2626 2438 contra
2649 2384 3063 2455 prohibitionem
3093 2388 3304 2443 Domini
3333 2388 3612 2458 Apostolus
3627 2391 3773 2461 aliquid

2244 2484 2520 2545 moneret,
2547 2492 2723 2548 neque
2747 2487 2932 2534 contra
2958 2478 3256 2548 jussionem
3283 2479 3406 2551 ejus
3428 2481 3614 2552 aliquid
3639 2482 3772 2553 prohi-

2243 2568 2412 2626 beret.
2446 2571 2678 2628 Proinde
2704 2571 2757 2626 in
2780 2572 2866 2628 his
2885 2571 3091 2628 duabus
3116 2574 3325 2641 causis,
3357 2589 3462 2630 una
3493 2575 3559 2631 de
3582 2574 3770 2631 nubendo

2242 2666 2326 2721 vel
2370 2681 2476 2720 non
2508 2666 2795 2733 nubendo,
2823 2667 2990 2724 altera
3029 2667 3099 2725 de
3141 2667 3348 2725 inﬁdeli
3393 2669 3609 2740 conjuge
3632 2668 3770 2724 dimit-

2243 2760 2404 2815 tendo
2425 2760 2506 2815 vel
2531 2776 2636 2817 non
2656 2760 2973 2818 dimittendo
2991 2803 3006 2828 ,
3039 2762 3240 2833 aliquid
3267 2763 3446 2819 simile
3469 2773 3548 2818 est
3570 2763 3617 2818 in
3639 2761 3768 2817 verbis

2241 2851 2482 2922 Apostoli
2504 2894 2519 2918 ,
2551 2851 2751 2923 aliquid
2780 2851 3062 2910 dissimile.
3085 2852 3272 2910 Simile
3291 2854 3505 2925 quidem
3534 2854 3649 2910 illud
3663 2853 3763 2924 quod

2240 2953 2296 2999 et
2324 2943 2394 2998 ibi
2421 2944 2586 3012 dicit,
2618 2944 2941 3017 Prwceplum
2979 2945 3188 3001 Domini
3216 2964 3322 3002 non
3351 2948 3532 3016 habeo,
3559 2948 3764 3002 consilium

2240 3047 2407 3092 autem
2435 3038 2539 3103 do;
2568 3047 2620 3094 et
2645 3038 2733 3094 hic
2762 3038 2909 3107 dicit,
2929 3038 3042 3112 Ego
3064 3038 3180 3094 dico
3197 3081 3214 3108 ,
3242 3059 3349 3096 non
3372 3041 3623 3097 Dominus.
3641 3041 3765 3109 Quale

2239 3137 2323 3184 est
2365 3129 2544 3195 enim,
2577 3127 2896 3202 Prwceplum
2940 3129 3149 3186 Domini
3192 3149 3297 3188 non
3352 3134 3542 3198 habeo;
3567 3133 3657 3189 tale
3678 3140 3761 3198 est,

2241 3218 2365 3274 Non
2377 3219 2500 3274 dicit
2518 3220 2764 3277 Dominus
2785 3237 2804 3276 :
2825 3230 2880 3278 et
2893 3223 3050 3293 quale
3069 3231 3172 3291 est,
3190 3226 3460 3281 consilium
3475 3227 3536 3280 do
3548 3242 3567 3290 ;
3592 3224 3678 3279 tale
3689 3233 3760 3289 est

2239 3329 2332 3384 ego
2358 3314 2492 3367 dico.
2517 3313 2650 3368 Illud
2664 3323 2842 3370 autem
2869 3314 3128 3372 dissimile
3153 3325 3257 3383 est,
3276 3318 3400 3389 quia
3420 3317 3487 3372 de
3507 3315 3714 3372 nubendo
3725 3323 3761 3369 et

2240 3419 2348 3461 non
2373 3405 2622 3461 nubendo
2639 3413 2816 3476 potest
2835 3405 2967 3476 dici,
2995 3406 3098 3463 hoc
3125 3408 3263 3464 bene
3292 3411 3428 3476 ﬁeri,
3449 3409 3569 3465 illud
3590 3407 3756 3471 melius;

2218 3499 2492 3568 quoniam
2517 3509 2806 3569 utrumque
2825 3498 3060 3571 expedit,
3081 3500 3258 3556 minus
3273 3501 3439 3568 aliud,
3458 3503 3612 3572 magis
3623 3497 3755 3554 aliud:

2239 3599 2295 3644 at
2324 3605 2451 3645 vero
2477 3589 2544 3646 de
2570 3591 2799 3662 conjuge
2824 3592 3024 3647 inlideli
3052 3591 3376 3650 dimittendo
3401 3596 3480 3650 vel
3508 3609 3603 3648 non
3625 3591 3756 3647 dimit-

2239 3681 2402 3736 tendu
2426 3724 2441 3750 ,
2472 3683 2720 3752 quoniam
2750 3698 2916 3737 unum
2947 3682 3138 3738 horum
3168 3699 3276 3740 non
3299 3685 3537 3756 expedit,
3559 3681 3676 3738 aliud
3691 3695 3756 3736 ex-

2237 3774 2421 3847 pedit,
2453 3775 2556 3830 dici
2597 3791 2704 3830 non
2731 3785 2974 3847 oportet,
3006 3777 3110 3845 Qui
3133 3778 3387 3846 dimittit,
3418 3779 3549 3835 bene
3573 3777 3696 3840 facit;
3718 3782 3754 3828 et

2238 3868 2327 3937 qui
2357 3881 2464 3920 non
2491 3865 2741 3934 dimittit,
2772 3868 2962 3923 melius
2984 3866 3107 3923 facit
3133 3885 3147 3923 :
3170 3867 3267 3924 sed
3291 3869 3396 3926 dici
3426 3877 3649 3940 oportet,
3671 3865 3752 3920 Non

2237 3957 2501 4025 dimittat;
2533 3958 2654 4029 quia
2691 3959 2794 4015 etsi
2831 3960 2987 4028 licet,
3015 3976 3120 4016 non
3151 3963 3388 4034 expedit.
3415 3962 3501 4019 Sic
3536 3977 3646 4032 ergo
3666 3971 3752 4030 pos-

2236 4066 2424 4106 sumus
2442 4051 2624 4107 dicere
2648 4052 2841 4108 melius
2862 4067 2982 4109 esse
3003 4054 3270 4111 inlidelem
3303 4055 3569 4128 conjugem
3594 4067 3678 4108 non
3693 4050 3750 4106 di-

2235 4144 2452 4199 mittere
2470 4184 2485 4207 ,
2513 4143 2754 4213 quamvis
2780 4144 2936 4200 liceat
2957 4155 3010 4202 ct
3039 4145 3342 4214 dimittere;
3373 4143 3747 4218 quemadmodum

2236 4245 2382 4292 recte
2407 4236 2636 4292 dicimus
2676 4237 2870 4292 melius
2912 4252 3032 4294 esse
3070 4239 3216 4309 quod
3257 4251 3314 4295 et
3342 4240 3462 4296 licet
3485 4248 3534 4295 et
3556 4234 3745 4307 expedit.

2235 4344 2396 4400 quam
2423 4329 2472 4384 id
2493 4329 2636 4400 quod
2666 4329 2824 4397 licet,
2858 4345 2958 4386 nec
2984 4332 3220 4402 expedit.

2307 4419 2532 4476 CAPUT
2559 4420 2679 4476 XX.
2725 4452 2798 4462 —
2823 4421 2914 4478 24.
2943 4422 3022 4478 De
3062 4425 3362 4497 conjugibus
3389 4423 3645 4494 inﬁdelibus
3676 4433 3746 4472 n08

2233 4513 2547 4568 dimittendis
2592 4514 2858 4570 consilium
2907 4516 3137 4586 Apostoli
3182 4524 3307 4585 est,‘
3335 4536 3433 4575 non
3478 4523 3737 4588 precepts»!-

2235 4603 2493 4659 Monitum
2517 4605 2600 4659 hic
2624 4605 2806 4660 locide
2826 4624 2882 4662 re
2909 4607 3068 4664 libera
3089 4627 3196 4666 esse
3213 4653 3227 4676 ,
3251 4613 3356 4666 alia
3381 4620 3535 4664 tamen
3558 4621 3646 4660 esse
3664 4618 3741 4656 mo-

2234 4695 2344 4749 nita
2367 4694 2599 4765 Apostoli
2624 4696 2688 4750 de
2711 4713 2766 4752 re
2791 4698 3060 4769 imperata.
3088 4699 3185 4755 His
3208 4700 3277 4757 de
3304 4702 3472 4758 causis
3503 4697 3666 4753 factum
3685 4695 3742 4745 est

2234 4795 2293 4841 ut
2317 4801 2594 4858 exponens
2619 4779 2851 4845 Domini
2898 4805 3204 4849 sermonem
3223 4835 3238 4860 ,
3268 4810 3420 4866 quem
3448 4790 3669 4864 prolixum
3704 4783 3740 4836 in

2233 4889 2417 4938 monte
2463 4881 2686 4951 habuit,
2715 4885 2806 4940 ubi
2852 4893 3071 4941 ventum
3114 4895 3199 4942 est
3241 4888 3311 4944 ad
3353 4886 3659 4959 quaestionem
3690 4873 3737 4929 de

2231 4974 2550 5045 conjugibus
2574 4975 2906 5032 dimittendis
2935 4977 3018 5032 vel
3044 4994 3149 5035 non
3179 4978 3495 5036 dimittendis
3511 5017 3525 5044 ,
3546 4967 3735 5030 adhibitis

2233 5069 2395 5124 etiam
2421 5069 2728 5139 apostolicis
2754 5071 3072 5128 testimoniis
3090 5114 3106 5140 ,
3127 5073 3357 5132 dicerem
3382 5069 3629 5129 consilium
3648 5072 3732 5117 esse

2230 5158 2503 5230 Apostoli,
2534 5177 2643 5218 non
2693 5171 3015 5234 praeceptum
3063 5164 3305 5234 Domini,
3336 5164 3421 5221 ubi
3461 5161 3554 5226 ait,
3582 5151 3730 5212 om

2230 5259 2403 5306 autem
2430 5269 2522 5323 ego
2543 5251 2685 5320 dico,
2710 5270 2812 5310 non
2836 5254 3088 5312 Dominus
3107 5298 3122 5323 ,
3163 5273 3383 5316 monens
3409 5269 3492 5312 eos
3513 5249 3590 5324 qui
3610 5243 3727 5302 habe.

2231 5353 2356 5404 rent
2408 5347 2665 5418 conjuges
2715 5348 2992 5419 inﬁdeles,
3032 5358 3092 5406 ut
3134 5350 3508 5409 consentientes
3543 5338 3724 5398 habitare

2230 5451 2410 5494 secum
2432 5452 2539 5492 non
2565 5438 2913 5496 dimitterent.
2938 5441 3092 5510 Quod
3117 5443 3296 5516 utique
3316 5443 3428 5500 ideo
3449 5428 3716 5494 monendum.

2229 5547 2337 5587 non
2378 5531 2674 5602 jubendum
2719 5532 2850 5600 fuit,
2877 5536 3002 5606 quia
3046 5553 3152 5593 non
3193 5547 3336 5595 tanto
3364 5533 3566 5608 pondere
3589 5518 3718 5597 prohi'

2229 5625 2388 5682 bendi
2415 5635 2539 5682 sunt
2565 5626 2812 5683 homines
2837 5629 3014 5686 facere
3038 5631 3179 5687 licita
3197 5674 3212 5699 ,
3238 5630 3460 5704 quamvis
3486 5638 3573 5682 non
3593 5626 3712 5684 exPe‘

2228 5717 2377 5772 diant
2395 5759 2410 5782 ,
2439 5727 2638 5789 quanto
2665 5719 2901 5789 pondere
2941 5722 3291 5791 prohibentur
3317 5721 3494 5780 illicita.
3517 5713 3562 5769 Si
3583 5715 3708 5764 sulem

2232 5808 2423 5863 alicubi
2453 5810 2742 5880 Apostolus
2783 5810 2945 5868 etiam
2973 5813 3060 5869 illa
3089 5830 3207 5886 qua:
3248 5811 3456 5886 jubenda
3477 5809 3603 5865 sunt,
3627 5803 3707 5849 ωο·
