3880 6284
191 392 273 450 εδδ
1480 365 1680 425 LIBElt

1835 367 1988 424 MUS.

182 514 285 556 nere
317 497 536 566 dignatus
570 500 646 546 est
670 530 687 556 ,
716 489 819 544 hoc
866 488 993 543 fecit
1023 488 1289 557 parcendo
1336 487 1350 517 ι
1391 484 1709 548 inﬁrmitati,

178 608 260 647 non
296 583 662 659 przejudieando
705 580 957 652 jussioni.
1000 578 1153 634 Unde
1197 579 1242 633 si
1288 578 1458 644 dixit,
1492 576 1612 630 Non
1658 584 1713 628 ut

172 678 436 753 con/undam
459 692 540 729 vos
564 675 671 729 haec
698 673 862 727 scribo
884 714 897 737 ,
929 671 1019 726 sed
1048 680 1102 725 ut
1143 671 1277 739 ﬁlios
1306 686 1440 723 meos
1473 667 1715 723 charissi-

171 789 256 827 mos
292 784 451 824 moneo
490 766 547 836 (Ι
593 764 712 820 Cor.
743 780 816 830 tv,
847 764 969 833 il);
997 762 1122 833 quid
1168 761 1329 815 habet
1372 760 1712 831 quarstionis,

168 865 238 920 ubi
254 864 342 929 ait,
370 859 475 933 Ego
502 860 615 913 dico
635 899 651 923 ,
678 874 779 912 non
820 855 1110 911 Dominus?
1142 854 1269 910 Item
1316 853 1403 908 ubi
1444 853 1550 919 ait,
1582 851 1717 907 Ecce

167 973 237 1029 ego
263 954 439 1008 Paulus
469 953 584 1006 dico
606 951 767 1015 vobis,
800 949 919 1019 quia
938 949 982 1003 si
1007 946 1461 1013 circumcidamini,
1486 945 1716 1001 Christus

165 1050 272 1103 vobis
305 1045 421 1099 nihil
453 1043 676 1117 proderit
707 1040 905 1113 (Galat.
938 1055 991 1105 ν,
1019 1039 1114 1108 2);
1149 1036 1405 1108 numquid
1436 1038 1596 1092 etiam
1626 1036 1713 1092 hic

164 1140 297 1204 dixit,
325 1136 429 1209 Ego
465 1135 579 1188 dico
598 1175 613 1199 ,
642 1150 743 1187 non
787 1131 1081 1186 Dominus?
1106 1128 1223 1184 Non
1256 1137 1381 1183 sunt
1408 1129 1586 1198 itaque
1612 1127 1714 1183 ista

164 1232 352 1297 similia,
377 1228 497 1299 quia
525 1226 688 1281 etiam
714 1225 804 1279 illa
852 1240 973 1295 quae
994 1222 1145 1293 jubet
1177 1222 1431 1277 Dominus
1449 1263 1463 1286 ,
1500 1235 1605 1275 non
1632 1227 1716 1275 est

165 1322 392 1391 indignum
418 1333 590 1388 neque
615 1317 943 1373 contrarium
962 1356 977 1382 ,
1000 1315 1047 1368 si
1069 1312 1258 1369 eadem
1281 1319 1465 1366 monet
1488 1313 1717 1381 Aposto-

166 1415 245 1468 lus.
271 1412 531 1467 Mouemus
560 1409 705 1464 enim
733 1421 869 1478 quos
885 1406 1080 1462 charos
1110 1404 1370 1459 habemus
1393 1444 1407 1469 ,
1438 1412 1497 1457 ιιι
1520 1402 1717 1458 faciant

174 1503 335 1561 Domini
359 1511 645 1574 przecepta,
676 1501 759 1555 vel
778 1499 948 1569 jussa.
982 1486 1115 1553 Cum
1145 1510 1273 1551 vero
1299 1496 1406 1560 ait,
1433 1494 1542 1565 Ego
1565 1493 1709 1560 dico,

172 1614 245 1651 non
268 1594 538 1659 Dominus;
567 1594 697 1648 satis
723 1590 961 1646 ostendit
984 1589 1267 1644 Dominum
1291 1604 1397 1643 non
1426 1586 1714 1657 prohibere

167 1688 277 1757 quod
301 1689 403 1757 ipse
442 1686 781 1756 prohibebat.
816 1682 1184 1738 Probibuisset
1208 1687 1387 1734 autem
1420 1679 1711 1746 Dominus,

165 1783 200 1836 si
223 1791 343 1837 esset
372 1778 633 1834 illicitum.
665 1777 805 1847 Ergo
850 1772 1143 1829 secundum
1170 1787 1232 1827 ea
1263 1788 1382 1841 qua:
1426 1787 1585 1842 supra
1624 1771 1715 1827 diu

164 1874 392 1939 diximus,
432 1873 765 1940 tnultumque
814 1868 1143 1924 versavimus
1167 1908 1181 1933 ,
1216 1866 1420 1920 licitum
1463 1873 1579 1920 erat
1619 1881 1716 1936 per

159 1966 416 2036 justitiam;
443 1963 536 2020 sed
564 1965 726 2018 etiam
757 1960 960 2015 licitum
992 1974 1099 2014 non
1125 1967 1240 2013 erat
1268 1956 1569 2013 faciendum
1594 1973 1715 2028 pro-

164 2069 261 2127 pter
283 2059 490 2113 liberam
520 2055 969 2111 benevolentiam.

218 2150 423 2207 CAPUT
460 2152 602 2208 XXI.
643 2182 714 2193 --
753 2152 842 2208 25.
878 2152 955 2206 De
975 2152 1227 2224 conjugiis
1249 2167 1361 2206 cum
1388 2148 1713 2219 inﬁdelibus,

158 2242 370 2297 Pollentii
396 2243 640 2297 sententia
669 2242 955 2297 discutitur.
980 2243 1149 2297 Aliam
1169 2259 1275 2297 esse
1298 2242 1627 2311 qttwstioncm
1647 2238 1710 2294 tle

154 2337 243 2405 jam
277 2336 572 2406 conjunctis,
600 2335 756 2389 aliam
786 2335 848 2390 de
890 2336 1279 2406 conjungendis.
1326 2333 1401 2387 De
1433 2334 1549 2404 jam
1592 2348 1715 2386 con-

155 2431 345 2496 iunctis,
373 2446 472 2484 non
502 2430 567 2483 de
598 2430 880 2501 jungendis
909 2430 993 2500 agi
1033 2430 1087 2483 in
1127 2429 1239 2482 loco
1282 2426 1511 2498 Apostoli
1541 2427 1711 2480 citato.

155 2522 321 2577 lllicita
344 2534 387 2578 et
416 2526 566 2579 vetita
591 2541 622 2577 a
649 2522 869 2578 Domino
898 2539 1158 2593 nunquam
1194 2521 1392 2592 expedit
1422 2525 1606 2592 facere.
1635 2519 1714 2574 Tu

156 2626 309 2670 autem
337 2616 417 2669 cui
448 2616 651 2686 placet,
676 2616 746 2670 ita
788 2631 891 2670 non
921 2614 1085 2669 licere
1112 2614 1256 2684 quod
1298 2629 1402 2668 non
1434 2620 1577 2667 vetat
1607 2611 1713 2666 Do—

153 2709 306 2763 minus
324 2750 338 2774 ,
360 2706 453 2763 sed
474 2708 762 2778 Apostolus
778 2749 793 2773 ,
820 2705 1269 2776 quemadmodum
1297 2722 1401 2760 non
1428 2704 1550 2759 licet
1572 2703 1714 2774 quod

153 2810 275 2856 vetat
318 2803 607 2868 Dominus,
638 2816 759 2857 cum
811 2814 1082 2870 exponere
1129 2798 1391 2854 voluisses
1436 2796 1562 2867 quid
1611 2795 1711 2850 sibi

152 2895 289 2951 vellet
310 2895 447 2967 quod
476 2896 587 2961 ait,
629 2894 735 2965 Ego
776 2894 924 2958 dico,
952 2908 1054 2947 non
1100 2891 1384 2957 Dominus,
1410 2904 1529 2945 cum
1578 2889 1713 2943 allo-

152 2999 379 3058 queretur
428 2988 615 3044 lideles
661 2987 855 3058 quibus
904 2992 1086 3041 essent
1130 2983 1387 3055 conjuges
1437 2982 1711 3045 inlideles;

151 3078 342 3144 dixisti,
373 3099 391 3132 ι
429 3080 564 3148 Quia
610 3078 866 3134 Dominus
909 3077 1071 3147 jussit
1117 3092 1185 3132 ne
1213 3075 1457 3146 conjugia
1499 3074 1716 3129 sibimet

156 3190 172 3223 ι
211 3172 421 3227 diversa:
466 3170 740 3241 religionis
769 3170 1184 3240 copularentur:
1218 3188 1237 3222 ι
1272 3175 1325 3223 et
1357 3167 1528 3238 ipsum
1559 3164 1716 3220 adbi-

151 3263 287 3318 buisti
329 3264 690 3319 testimonium
743 3261 958 3317 Domini
1010 3259 1268 3325 dicentis,
1323 3258 1447 3312 Non
1499 3258 1716 3328 accipies

153 3373 333 3413 uxorem
362 3357 471 3427 ﬁlio
498 3366 584 3410 tuo
613 3372 646 3408 a
682 3355 886 3424 ﬁliabus
920 3354 1360 3424 alienigenarum,
1384 3368 1446 3405 ne
1485 3350 1716 3405 traducat

154 3465 248 3501 eum
287 3459 391 3519 post
419 3449 545 3502 deos
588 3463 740 3514 suos,
766 3456 811 3500 et
852 3454 1023 3517 pereat
1061 3445 1233 3499 anima
1266 3445 1376 3514 ejus
1401 3443 1575 3515 (Deut.
1607 3457 1713 3508 vn,

154 3537 197 3601 5,
219 3538 290 3601 4).
322 3538 585 3594 Addidisti
612 3539 772 3592 etiam
796 3536 956 3591 verba
980 3536 1220 3606 Apostoli
1241 3578 1256 3599 ,
1288 3535 1375 3590 ubi
1407 3535 1564 3600 dixit,
1597 3533 1717 3589 Mu-

154 3633 229 3685 lier
252 3634 453 3703 alligata
477 3641 569 3698 est,
588 3631 832 3701 quamdiu
849 3630 923 3684 vir
941 3630 1051 3699 ejus
1078 3629 1215 3683 vivit.
1253 3627 1403 3694 Quod
1426 3630 1468 3682 si
1492 3637 1718 3682 mortuus

154 3726 282 3791 fuerit
318 3727 389 3779 vir
416 3727 555 3795 ejus,
584 3725 794 3778 liberata
831 3733 903 3777 est
925 3738 943 3777 .'
965 3723 1045 3776 cui
1086 3722 1190 3776 vult
1229 3721 1411 3784 nubat,
1442 3729 1637 3774 tantum
1665 3719 1719 3775 in

156 3817 350 3873 Domino
388 3820 427 3890 (I
451 3817 572 3873 Cor.
601 3833 704 3884 vn,
734 3816 825 3889 59)
853 3836 866 3871 :
892 3815 1033 3887 quod
1066 3816 1138 3870 ita
1173 3814 1501 3885 exposuisti,
1534 3823 1593 3870 ut
1619 3812 1718 3869 ad-

150 3908 402 3979 jnngeres,
441 3929 459 3961 ι
496 3909 552 3964 ld
579 3918 663 3964 est
686 3906 975 3963 christiano
1000 3909 1041 3962 ³.
1080 3925 1099 3958 ›
1146 3906 1348 3961 Deinde
1385 3914 1600 3961 secutus
1623 3920 1716 3968 es,

157 4011 199 4053 et
236 4002 345 4055 aisti
372 4020 383 4055 :
412 4020 432 4054 ι
468 4000 582 4055 Iloe
609 4006 693 4053 est
737 4014 865 4068 ergo
893 3997 1100 4052 Domini
1144 4006 1467 4068 praeceptum
1514 4004 1620 4049 tam
1666 3994 1717 4049 in

161 4110 175 4139 ι
217 4091 377 4147 Veteri
426 4106 584 4162 quam
636 4092 692 4145 in
738 4089 886 4146 Novo
944 4089 1321 4152 Testamento,
1355 4098 1412 4142 ut
1456 4102 1561 4142 non
1616 4086 1720 4141 nisi

162 4199 177 4232 ι
217 4184 359 4239 unius
387 4183 657 4254 religionis
685 4190 739 4238 et
780 4180 903 4237 ﬁdei
939 4180 1185 4250 conjugia
1214 4180 1314 4235 sibi
1354 4187 1604 4234 maneant
1626 4193 1721 4236 co-

166 4291 180 4323 ι
220 4276 399 4345 palata.
432 4294 451 4328 ι
483 4274 539 4331 Si
570 4275 672 4330 hoc
695 4289 822 4345 ergo
842 4283 925 4329 est
946 4272 1156 4327 Domini
1179 4281 1501 4342 praeceptum
1534 4280 1639 4326 tam
1666 4269 1721 4327 in

161 4364 314 4423 Veteri
343 4368 682 4423 Testamento
722 4380 880 4436 quam
922 4365 975 4419 in
1000 4363 1182 4430 Novo,
1211 4370 1267 4419 et
1308 4362 1410 4418 hoc
1431 4362 1581 4432 jubet
1610 4362 1722 4418 Do-

164 4460 347 4526 minus,
370 4460 469 4515 hoc
500 4459 657 4515 docet
685 4457 972 4528 Apostolus
992 4498 1007 4521 ,
1040 4464 1097 4511 ut
1123 4470 1227 4511 non
1268 4453 1371 4509 nisi
1410 4456 1565 4510 unius
1589 4454 1723 4511 reli-

164 4552 310 4619 gionis
330 4566 379 4609 et
405 4553 525 4609 ﬁdei
552 4560 804 4608 maneant
832 4551 1075 4622 copulata
1105 4549 1223 4618 conj
1233 4549 1349 4619 ugia
1368 4564 1382 4613 ;
1406 4563 1572 4618 quare
1591 4562 1724 4603 con-

169 4654 232 4698 ua
273 4646 365 4701 hoc
409 4646 618 4701 Domini
663 4644 908 4715 jussum,
954 4652 1139 4698 contra
1186 4642 1485 4697 doctrinam
1533 4655 1720 4708 suam,

168 4744 325 4790 cutura
354 4748 671 4807 prmceptum
702 4734 1031 4789 Testamenti
1059 4731 1269 4788 Veteris
1294 4742 1349 4787 et
1373 4732 1542 4796 Novi,
1572 4731 1724 4802 jubet

173 4828 426 4894 Apostolus
452 4839 509 4883 ut
536 4828 761 4883 diversae
793 4826 915 4881 ﬁdei
958 4825 1201 4895 conjugia
1233 4832 1482 4879 maneant
1503 4823 1725 4893 copula-

173 4922 282 4975 ta’h
327 4924 451 4991 Quia
500 4922 731 4985 Paulus,
765 4920 976 4991 inquis,
1017 4918 1266 4975 Gentium
1313 4917 1628 4989 praedicator
1670 4924 1725 4973 et

178 5031 193 5061 ι
232 5017 515 5081 apostolus,
560 5015 671 5084 jam
721 5014 775 5067 in
825 5011 1073 5082 conjugio
1122 5010 1359 5081 positos,
1392 5025 1497 5065 non
1550 5008 1726 5064 solum

180 5122 195 5153 ‹
236 5116 430 5172 monet,
457 5107 547 5161 sed
576 5105 736 5161 etiam
766 5104 948 5173 jubet,
978 5111 1036 5157 ut
1061 5101 1108 5156 si
1135 5118 1270 5156 unus
1298 5110 1389 5153 aut
1418 5116 1518 5153 una
1547 5114 1577 5152 a
1600 5113 1730 5154 con-

184 5214 199 5243 ι
235 5197 428 5265 jngibus
471 5197 821 5259 credidisset,
853 5196 1079 5249 alterum
1108 5194 1188 5248 vel
1234 5194 1452 5247 alteram
1480 5206 1583 5247 non
1614 5205 1733 5246 cre-

186 5302 201 5335 ι
240 5288 457 5353 dentem,
487 5303 669 5344 secum
692 5297 865 5341 tamen
891 5285 1128 5340 habitare
1154 5283 1601 5348 consentientem,
1619 5295 1730 5336 non

186 5394 203 5427 ι
240 5377 526 5437 dimitteret.
564 5400 584 5433 ι
617 5379 710 5435 His
748 5378 923 5434 verbis
950 5377 1055 5431 tuis
1095 5375 1239 5430 aliud
1279 5375 1413 5441 hoc,
1444 5373 1585 5428 aliud
1611 5387 1733 5429 esse

184 5468 294 5525 illud
315 5514 328 5537 ,
350 5476 468 5528 satis
495 5475 769 5530 evidenter
789 5470 1047 5526 ostendis.
1074 5467 1206 5524 Illud
1231 5468 1372 5523 enim
1399 5467 1467 5523 de
1494 5466 1576 5521 bis
1602 5481 1735 5520 con-

185 5561 318 5633 iugiis
341 5568 523 5637 agitur,
552 5583 670 5639 qua:
701 5566 801 5621 sibi
830 5564 1073 5636 primitus
1112 5563 1443 5633 c0pulantur,
1476 5576 1542 5615 ne
1566 5559 1735 5615 nubat

189 5651 359 5712 femina
388 5675 489 5714 non
526 5675 637 5715 sua:
663 5656 935 5729 religionis
960 5656 1075 5711 viro
1096 5697 1110 5721 ,
1145 5656 1225 5710 vel
1267 5655 1346 5708 vir
1376 5653 1532 5709 talem
1578 5652 1737 5709 ducat

241 5787 260 5859 ἶ
396 5797 519 5859 "5.9."?
540 5790 770 5859 Ρατεηάρε

241 5849 261 5880 ³
288 5850 381 5901 sola
406 5849 551 5906 editio"
567 5861 696 5915 Lov.,
720 5854 866 5917 idque
889 5850 1168 5905 christiano.

3302 382 3414 444 466

1827 500 2063 540 uxorem.
2100 506 2118 540 ί
2156 487 2211 544 Id
2239 490 2417 557 enim,
2454 509 2473 544 ι
2510 503 2567 548 ιιι
2604 493 2772 563 dicis,
2809 513 2828 549 ι
2856 498 3010 567 jubet
3045 502 3204 567 Deus,
3248 502 3410 562 docet

1834 595 1854 629 ι
1899 576 2221 647 Apostolus,
2269 590 2551 653 utrumque
2600 586 2844 657 praecipit
2894 589 3315 650 Testamentum.
3378 615 3400 649 ι

1822 666 1936 725 Hoc
1959 678 2135 726 autem
2158 672 2427 729 diversum
2452 690 2571 731 esse
2590 679 2707 748 quis
2728 680 2957 746 abnuat,
2991 682 3077 737 ubi
3106 684 3278 755 agitur
3297 701 3406 742 non

1821 761 1891 818 de
1932 764 2351 836 conjungendis,
2383 768 2478 824 sed
2517 769 2586 825 de
2627 772 2966 842 conjunctis?
2992 776 3165 832 Ambo
3212 780 3410 851 quippe

1822 854 1978 909 unius
2007 856 2353 929 ejusdemque
2402 858 2725 918 inﬁdelitatis
2770 863 2984 921 fuerunt
3021 867 3236 938 quando
3274 885 3411 925 con-

1818 946 1989 1016 juncti
2014 959 2171 1015 sunt;
2204 950 2301 1005 sed
2327 950 2673 1023 Evangelium
2698 969 2820 1010 cum
2848 956 3103 1024 venisset,
3127 959 3263 1016 alter
3290 962 3410 1017 sine

1821 1037 1989 1094 altera
2010 1081 2025 1105 ,
2052 1040 2135 1095 vel
2178 1042 2344 1097 altera
2388 1043 2504 1099 sine
2531 1044 2703 1101 altero
2739 1047 2982 1104 credidit.
3011 1049 3066 1106 Si
3111 1066 3239 1122 ergo
3264 1054 3413 1109 aliud

1822 1139 1903 1186 est
1936 1132 2037 1186 hoc
2055 1174 2069 1198 ,
2097 1132 2240 1202 quod
2264 1135 2381 1189 sine
2409 1137 2659 1204 scrupulo
2687 1137 2841 1193 ullius
2870 1139 3215 1197 dubitationis
3241 1159 3412 1216 appa-

1822 1230 1925 1289 ret,
1956 1239 2051 1278 cur
2076 1223 2287 1280 ﬁdelem
2313 1240 2433 1281 cum
2475 1227 2677 1284 inﬁdeli
2704 1230 2756 1284 in
2782 1230 3030 1303 conjugio
3059 1248 3375 1303 permanere
3392 1277 3410 1301 ,

1823 1331 1928 1370 non
1957 1326 2010 1372 et
2031 1318 2289 1374 Dominus
2313 1320 2450 1375 sicut
2473 1321 2760 1391 Apostolus
2783 1322 2971 1394 jubet?
2994 1325 3106 1382 Nisi
3143 1326 3282 1384 forte
3306 1329 3410 1385 isto

1822 1407 1941 1463 loco
1965 1418 2148 1473 vacat,
2178 1411 2320 1481 quod
2347 1419 2453 1466 tam
2498 1412 2724 1468 ﬁdenter
2750 1414 2863 1484 ipse
2890 1416 2965 1470 ait
2994 1433 3005 1469 ε
3038 1418 3114 1471 An
3150 1419 3301 1473 vultis
3321 1436 3412 1475 ex-

1823 1502 2157 1570 perimentum
2198 1504 2425 1574 accipere
2467 1506 2576 1576 ejus
2618 1507 2705 1574 qui
2749 1506 2801 1561 in
2841 1524 2919 1563 me
2941 1510 3158 1580 loquitur
3183 1511 3411 1567 Christus

1823 1592 1889 1661 (ll
1923 1592 2041 1649 Cor.
2069 1610 2185 1660 xui,
2217 1594 2307 1664 5)?
2337 1595 2405 1650 Et
2434 1597 2615 1669 utique
2642 1598 2898 1656 Dominus
2926 1611 3008 1656 est
3033 1603 3293 1659 Christus.
3325 1604 3412 1661 In-

1825 1686 2088 1757 telligisuc
2137 1688 2262 1758 quid
2311 1688 2627 1746 dicatn?An
2681 1692 2731 1746 in
2782 1693 2882 1751 hoc
2927 1696 3260 1767 explananda
3306 1698 3411 1756 ali-

1821 1786 2021 1846 quanto
2049 1776 2357 1848 diligentius
2387 1780 2749 1838 immorabor?

1892 1868 1981 1923 26.
2023 1870 2255 1926 Attende
2276 1914 2289 1937 ,
2321 1881 2376 1927 ut
2406 1888 2516 1928 rem
2549 1874 2717 1946 ipsam
2747 1887 2996 1950 tanquam
3030 1881 3081 1936 in
3110 1894 3407 1954 conspectu

1820 1960 2264 2017 considerandam
2293 1965 2529 2034 planiore
2555 1984 2805 2026 sermone
2826 1986 3103 2040 ponamus.
3125 1975 3262 2032 Ecce
3288 1992 3412 2034 eon-

1818 2051 1972 2123 juges
2024 2054 2168 2120 duo,
2214 2056 2371 2113 unius
2420 2057 2775 2124 inﬁdelitatis;
2809 2062 2876 2116 ita
2933 2065 3144 2121 luerunt
3185 2070 3412 2139 quando

1822 2145 2090 2214 conjuncti
2120 2156 2243 2201 sunt
2271 2162 2283 2200 :
2311 2149 2452 2203 nulla
2484 2149 2552 2205 de
2584 2151 2666 2206 his
2696 2154 2920 2222 qiucstio
2960 2166 3069 2221 est,
3097 2173 3216 2227 quae
3243 2160 3411 2229 perti-

1823 2247 1948 2293 neat
1967 2237 2031 2292 ad
2060 2238 2205 2293 illam
2231 2239 2439 2295 Domini
2459 2241 2752 2310 jussionem
2776 2246 3179 2318 doctrinamque
3198 2260 3413 2320 θροειο-

1823 2327 1977 2383 licam
2006 2338 2060 2383 et
2086 2341 2406 2400 praeceptum
2437 2331 2479 2386 Τ
2484 2335 2765 2388 estamenti
2796 2334 3004 2391 \‘eteiis
3028 2348 3081 2392 et
3107 2337 3239 2394 Novi
3259 2382 3273 2406 ,
3306 2355 3414 2411 quo
3456 2398 3461 2403 ,

1825 2420 2132 2491 prohibetur
2178 2422 2347 2478 lidelis
2374 2440 2495 2480 cum
2544 2424 2744 2482 iutuleli
2792 2432 3045 2498 (epulare
3084 2431 3410 2502 conjugium.

1820 2512 1939 2568 Jam
1983 2524 2107 2569 sunt
2152 2517 2437 2587 eonjuges,
2471 2528 2525 2573 et
2551 2518 2723 2573 adhuc
2767 2523 2926 2574 ambo
2968 2530 3093 2575 sunt
3137 2522 3410 2590 inlideles;

1821 2606 1994 2661 adlmc
2028 2607 2159 2664 tales
2186 2618 2307 2662 sunt
2332 2609 2518 2677 quales
2559 2613 2767 2665 luertnit
2797 2624 3080 2682 antequam
3116 2612 3414 2684 jungereu-

1824 2710 1926 2766 tur,
1959 2701 2246 2770 qualesque
2271 2702 2537 2772 conjuncti
2569 2714 2709 2757 sunt.
2740 2703 2890 2758 Venit
2918 2705 3188 2775 Evangelii
3217 2707 3413 2778 praidi-

1820 2805 1988 2862 cator,
2018 2795 2238 2851 credidit
2283 2812 2467 2852 eorum
2498 2807 2587 2850 aut
2614 2813 2750 2852 unus
2770 2839 2783 2857 .
2815 2806 2907 2852 aut
2951 2813 3051 2852 una
3078 2814 3094 2864 ;
3122 2799 3217 2854 sed
3258 2800 3326 2854 ita
3355 2808 3417 2855 ut

1822 2888 2051 2944 inﬁdelis
2092 2903 2214 2944 cum
2260 2889 2398 2944 ﬁdeli
2434 2890 2673 2945 habitare
2713 2891 3031 2946 (cuitsentiat.
3077 2890 3237 2947 .Iubet
3267 2891 3414 2948 ﬁdeli

1825 2980 2079 3038 Dominus
2128 2997 2195 3038 ne
2250 2983 2515 3039 inﬁdelem
2565 2982 2825 3043 dinnttat.
2855 2999 2922 3038 an
2978 3001 3084 3039 non
3133 2984 3320 3054 jubet?
3354 2984 3415 3042 Si

1820 3074 2054 3141 dixeris,
2094 3074 2287 3139 Jubet;
2318 3075 2568 3131 reclamat
2614 3076 2937 3145 ApoStolns.
2986 3074 3097 3146 ligo
3139 3078 3285 3145 dico,
3310 3092 3414 3130 non

1826 3167 2094 3223 Dominus.
2120 3169 2175 3225 Si
2204 3169 2427 3233 dixeris,
2455 3169 2566 3224 Non
2592 3168 2775 3239 jubet;
2807 3184 3021 3224 causam
3049 3171 3282 3239 requiro.
3306 3168 3415 3225 Ne—

1822 3277 1928 3332 que
1957 3262 2101 3317 illam
2130 3262 2257 3318 mihi
2288 3275 2640 3332 l'CSptIttSltttts
2666 3276 2727 3316 es
2746 3303 2759 3319 .
2788 3277 2946 3329 quam
2980 3264 3082 3315 tuis
3112 3261 3298 3315 litteris
3326 3261 3413 3316 in-

1825 3353 2003 3409 didisti
2028 3395 2041 3419 ,
2080 3373 2098 3407 ι
2132 3355 2264 3423 Quia
2296 3352 2551 3410 Dominus
2593 3352 2840 3424 prohibet
2881 3354 3066 3409 ﬁdeles
3113 3351 3416 3408 inﬁdelibus

1830 3465 1848 3500 ι
1891 3446 2060 3518 jungi.
2098 3466 2116 3499 ι
2153 3447 2247 3502 llic
2286 3446 2427 3502 enim
2472 3446 2619 3501 nullo
2661 3446 2821 3502 nnnlo
2862 3456 2945 3502 est
2988 3446 3087 3501 ista
3114 3461 3272 3501 causa
3304 3465 3317 3501 :
3346 3446 3417 3502 de

1822 3539 1931 3610 jam
1954 3539 2154 3610 junctis
2195 3538 2480 3609 loquimur,
2514 3555 2619 3593 non
2660 3539 2728 3594 de
2767 3538 3073 3610 jungeudis.
3110 3539 3166 3595 Si
3196 3554 3325 3610 ergo
3355 3547 3415 3595 tu

1826 3646 2040 3687 causam
2074 3647 2178 3686 non
2223 3630 2472 3687 invenisti
2512 3646 2609 3686 cur
2648 3647 2752 3686 non
2798 3641 2937 3686 vetet
2972 3631 3227 3687 Dominus
3270 3630 3418 3702 quod

1828 3732 1968 3779 vetat
1995 3724 2312 3794 Apostolus;
2341 3722 2517 3779 cernis
2546 3722 2689 3777 enim
2731 3723 2876 3793 jam,
2910 3734 2964 3777 ut
2992 3723 3240 3779 existimo
3260 3764 3276 3789 ,
3306 3738 3417 3778 non

1828 3832 1948 3873 esse
1988 3817 2157 3886 ipsam
2199 3832 2357 3887 quam
2388 3831 2509 3872 esse
2552 3825 2866 3885 pntaveras:
2897 3815 3016 3872 \ide
3051 3832 3117 3872 ne
3149 3817 3282 3873 forte
3325 3818 3416 3872 illa

1828 3908 1897 3963 sit
1922 3925 2040 3977 qu:e
2086 3908 2214 3962 mihi
2245 3908 2355 3963 visa
2386 3917 2502 3972 est,
2531 3917 2584 3961 et
2626 3917 2749 3961 tunc
2800 3908 3110 3977 proferenda
3133 3950 3147 3969 .
3176 3919 3227 3963 et
3277 3923 3418 3964 mine

1828 4000 2191 4066 defendenda;
2226 4010 2282 4055 ut
2320 4000 2523 4055 scilicet
2555 3999 2684 4053 illud
2717 3998 3072 4067 intelligamus
3099 3999 3279 4053 dicere
3308 3998 3417 4054 Do-

1829 4094 2031 4147 minum
2056 4134 2072 4160 ,
2105 4092 2246 4162 quod
2279 4092 2435 4146 habet
2460 4105 2639 4146 coram
2670 4090 2760 4143 illo
2789 4090 2934 4143 nullo
2956 4090 3117 4145 modo
3144 4101 3412 4160 transgre-

1828 4182 2021 4237 dienda
2064 4180 2266 4251 justitia
2291 4221 2307 4247 ,
2336 4180 2387 4235 id
2416 4190 2497 4235 est
2519 4219 2534 4244 ,
2564 4177 2705 4249 quod
2749 4178 2818 4233 ita
2844 4178 2997 4248 jubet
3035 4188 3127 4233 aut
3154 4189 3325 4246 vetat,
3360 4186 3420 4235 ut

1826 4273 1970 4328 aliud
2016 4272 2191 4328 facere
2220 4274 2437 4328 omnino
2467 4287 2573 4325 non
2623 4271 2779 4327 liceat
2806 4287 2819 4324 :
2849 4272 2988 4343 qttod
3029 4282 3207 4327 autem
3236 4272 3422 4328 volen-

1829 4368 1895 4424 tis
1928 4366 2174 4438 potestati
2218 4364 2289 4420 ita
2320 4364 2594 4435 permittit,
2628 4373 2684 4420 ut
2727 4380 2825 4420 nec
2866 4373 3052 4435 agatur
3076 4379 3173 4419 nec
3202 4373 3421 4434 prietes-

1830 4466 2069 4520 mittatur
2119 4462 2331 4527 illicito;
2372 4461 2441 4517 ibi
2486 4476 2763 4516 servorum
2809 4476 3027 4516 suorum
3066 4459 3293 4514 consilio
3338 4458 3420 4515 les

1829 4576 1950 4615 cum
1980 4560 2109 4616 dare
2130 4602 2144 4625 ,
2177 4568 2233 4613 ut
2260 4557 2312 4615 id
2345 4557 2519 4629 potius
2546 4555 2804 4611 suadeant
2833 4554 2972 4625 quod
3000 4553 3229 4609 viderint
3253 4568 3422 4625 expe—

1827 4653 1962 4712 dire.

1900 4744 1989 4799 27.
2038 4744 2306 4799 Tene-ator
2356 4740 2445 4796 hic
2487 4754 2615 4809 ergo
2660 4736 2902 4809 primitus
2948 4752 3012 4791 ac
3055 4736 3307 4805 maxime,
3354 4751 3425 4795 ne

1832 4836 2233 4892 committantur
2262 4832 2465 4888 illicita.
2508 4831 2608 4889 Ubi
2651 4841 2825 4885 autem
2856 4829 3057 4901 aliquid
3103 4831 3174 4884 ita
3218 4828 3424 4887 licitum

1834 4939 1935 4995 est,
1970 4936 2028 4984 ut
2059 4927 2204 4982 aliud
2233 4924 2411 4980 facere
2438 4938 2543 4978 non
2576 4923 2644 4978 sit
2674 4922 2936 4988 illicitum,
2972 4922 3065 4976 ﬁat
3091 4922 3231 4992 quod
3259 4939 3425 4994 expe-

1834 5025 1932 5089 dit,
1964 5021 2049 5075 vel
2077 5021 2216 5092 quod
2250 5020 2418 5089 magis
2442 5016 2675 5087 expedit.
2717 5016 2810 5071 Illa
2840 5016 2997 5087 igitur
3024 5032 3143 5088 qua:
3167 5004 3424 5072 Domitius

1835 5117 1906 5170 ita
1934 5114 2062 5169 dicit
2103 5122 2161 5167 ut
2190 5111 2473 5174 Dominus,
2505 5109 2555 5164 id
2595 5118 2709 5175 est,
2741 5124 2844 5163 non
2876 5110 3142 5164 monentis
3174 5109 3421 5175 consilio,

1836 5207 1929 5262 sed
1971 5205 2294 5260 dominantis
2338 5202 2581 5273 imperio,
2625 5218 2733 5258 non
2780 5200 2957 5257 facere
2998 5218 3103 5256 non
3147 5201 3269 5256 licet
3292 5202 3330 5266 ί,
3366 5209 3425 5255 et

1840 5301 1958 5355 ideo
1984 5315 2084 5354 nec
2110 5297 2346 5369 expedit.
2378 5296 2634 5351 Dominus
2665 5296 2842 5365 itaque
2869 5295 3127 5364 praecipit,
3154 5293 3420 5347 Mulierem

1837 5413 1869 5448 a
1910 5394 2016 5449 viro
2058 5410 2160 5447 non
2200 5389 2490 5455 discedere;
2532 5388 2666 5460 quod
2709 5388 2752 5443 si
2796 5387 3098 5451 discesserit,
3136 5399 3201 5439 ea
3240 5386 3425 5454 utique

1839 5503 1998 5542 causa
2044 5501 2147 5557 qua
2186 5483 2464 5539 discedere
2500 5481 2703 5536 licitum
2744 5490 2845 5547 est,
2889 5494 3092 5532 manere
3137 5478 3425 5544 innuptam,

1840 5590 1926 5634 aut
1968 5580 2075 5634 viro
2118 5595 2210 5633 suo
2239 5575 2558 5631 reconciliari
2585 5573 2637 5643 (I
2666 5572 2781 5626 Cor.
2812 5586 2901 5635 vn,
2934 5570 3000 5624 I0
3029 5580 3075 5623 et
3106 5568 3214 5639 II).
3244 5568 3431 5625 Mulier

1842 5672 1984 5726 enim
2010 5669 2100 5725 sub
2129 5673 2235 5723 viro
2254 5708 2270 5735 ,
2302 5669 2409 5722 rivo
2439 5666 2642 5728 marito,
2671 5664 2855 5731 juncta
2883 5669 2954 5714 est
2984 5660 3122 5729 legi;
3151 5671 3205 5715 et
3238 5660 3431 5715 vivente

1842 5850 1874 5915 Γ
1906 5786 1924 5817 ι
1959 5786 2033 5834 sic
2052 5788 2161 5835 Mss.
2186 5789 2241 5833 At
2264 5781 2400 5842 editi,
2423 5779 2583 5843 facere
2603 5787 2697 5827 nou
2719 5772 2848 5836 licet,
2866 5772 3044 5824 omisso
3067 5806 3084 5835 .
3123 5785 3216 5825 non
3239 5806 3256 5836 ,
3296 5778 3433 5836 ante,

1864 5859 2020 5899 acere.

1864 5859 2020 5899 acere.
