3880 6284
520 331 622 388 467

521 435 624 506 uiro
656 445 913 502 vocabitur
937 443 1200 509 adultera,
1230 442 1273 496 si
1316 440 1465 510 fuerit
1505 457 1621 494 cum
1661 439 1763 492 alio
1793 437 1899 490 viro
1931 432 2106 507 (Rom.

485 539 492 566 ‘
519 538 612 603 ἐτι,
639 542 696 607 2,
726 533 832 609 3)¹;
869 527 1128 607 quoniam
1157 533 1339 588 mittier
1376 525 1590 604 alligata
1620 525 1724 595 ést',‘
1757 527 2004 602 quamdiu
2037 526 2112 580 vir

488 637 634 705 "ejus
673 631 790 685 vivit
843 628 904 703 (i
931 629 1174 695 Comm,
1201 617 1328 699 δῦ).
1372 617 1548 693 Unde,
1594 621 1657 680 Si
1697 633 1825 678 utter
1865 614 2112 702 dimiserit

519 724 681 781 suum
706 727 854 778 suum
881 717 1046 778 et'alii
1069 711 1318 792 nupserit,
1352 719 1630 774 mazciiatttr
1659 713 1848 788 (Marc.
1880 717 1936 782 κ,
1971 711 2068 782 12)
2093 729 2108 779 ;

517 831 592 887 et,
638 817 737 884 Qui
780 817 1044 871 dimissam
1084 832 1117 869 a
1156 813 1264 869 viro
1315 813 1533 879 duxerit,
1578 808 1856 864 ιῆοετιιαιιιν
1893 803 2106 878 (Matth.

517 915 630 978 xui,
661 909 739 981 9).
781 907 1012 978 ideoque
1045 922 1110 961 ex
1149 905 1338 960 eodem
1377 908 1642 975 przeccpto
1671 897 1904 965 Domini,
1934 897 2003 952 Et
2035 897 2111 950 vir

515 1012 728 1058 arcerem
771 1007 834 1058 ne
882 1000 1101 1055 dimittat
1144 989 1202 1068 ('l
1233 998 1349 1054 Cor.
1381 1009 1486 1064 vn,
1529 995 1636 1066 ll)
1676 1013 1689 1050 :
1731 993 1982 1066 quaniam
2023 990 2110 1061 qui

517 1094 765 1148 dimiserit
811 1107 1019 1150 uxorem
1066 1093 1214 1147 suan‘i
1260 1082 1443 1161 prtet'er
1481 1095 1690 1144 Causam
1734 1085 2105 1157 fornicationis,

518 1185 644 1256 facit
669 1197 778 1241 eam
803 1185 1046 1241 mwchari
1071 1183 1282 1257 (Matth.
1307 1199 1361 1249 v,
1384 1181 1500 1256 3‘2).
1534 1181 1642 1238 Sed
1665 1181 1708 1236 si
1736 1177 1950 1251 prepter
1972 1177 2110 1232 hanc

520 1290 736 1334 causam
787 1277 1070 1346 dimiserit,
1120 1276 1277 1332 etiam
1329 1276 1441 1346 ipse
1488 1274 1565 1329 sic
1612 1276 1825 1328 maneat
1869 1289 1881 1326 :
1930 1268 2108 1323 omnis

520 1373 664 1428 enim
713 1371 798 1441 qui
841 1354 1048 1425 dimittit
1102 1373 1311 1424 uxorein
1367 1378 1540 1436 suam,
1583 1367 1630 1422 e't
1686 1364 1830 1419 ducit
1872 1363 2105 1430 alteram,

519 1461 796 1518 minitatur
823 1463 840 1533 (
850 1459 973 1516 L‘uc.
1007 1477 1116 1530 xvr,
1144 1459 1254 1532 l8).

589 1546 814 1610 CAPUT
854 1551 1019 1608 XXII.
1045 1565 1117 1594 ——'-
1143 1550 1369 1608 Dimisso
1395 1551 1625 1605 adultera
1654 1550 1867 1604 alteram
1896 1548 2104 1614 ducens,

513 1655 570 1702 ut
598 1646 926 1702 christianum
966 1646 1142 1716 faciat,
1172 1643 1470 1699 maecnatu‘r.
1513 1643 1638 1698 Ητύο
1680 1642 1968 1698 constituta
1997 1639 2106 1693 Do-

514 1738 645 1794 ntini
687 1739 803 1793 sine
843 1731 946 1793 ulla
986 1737 1364 1792 retractatione
1403 1734 1668 1790 Servanda
1727 1725 1870 1788 sunt.
1932 1729 2107 1786 Habet

513 1831 656 1886 enim
695 1830 810 1885 haec
852 1829 1054 1900 justitia
1097 1841 1217 1899 quae
1261 1837 1440 1882 coram
1486 1826 1577 1880 illo
1618 1833 1720 1890 est,
1761 1823 1872 1878 sive
1911 1835 2104 1893 appro-

493 1921 670 1989 bent,
719 1921 832 1975 sive
877 1919 1179 1989 improbent
1222 1918 1465 1973 homines
1514 1935 1525 1970 :
1575 1923 1630 1972 ct
1675 1915 1798 1971 ideo
1844 1914 1948 1969 dici
1998 1928 2104 1968 non

511 2015 742 2083 opertet,
783 2019 1005 2084 propter
1045 2010 1370 2066 odensiones
1411 2009 1709 2074 hominum“,
1755 2005 1848 2061 aut
1886 2020 1955 2060 ne
1998 2005 2102 2059 i‘m-

513 2105 794 2176 pcdiantur
827 2103 1070 2159 homines
1102 2103 1170 2158 ab
1202 2117 1265 2158 ea
1297 2102 1488 2167 salute,
1517 2113 1636 2172 quae
1673 2092 1960 2155 in'Christo
1995 2103 2099 2165 est,

512 2211 621 2252 non
657 2211 776 2251 esse
815 2195 1076 2250 servanda
1105 2195 1144 2247 ¹.
1191 2194 1320 2263 Quis
1358 2194 1500 2248 enim
1547 2191 1872 2248 Christianus
1912 2189 2105 2246 audeat

511 2287 727 2343 dicere:
755 2285 834 2342 Nc
857 2285 1100 2341 homines
1125 2285 1414 2350 oli‘endam,
1446 2293 1544 2340 aut
1570 2291 1627 2340 ut
1665 2283 1912 2338 homines
1946 2281 2102 2338 Chri-

511 2378 594 2434 sto
637 2380 930 2450 acquiram,
973 2379 1161 2434 faci'am
1207 2378 1463 2434 mmchari
1507 2391 1728 2433 uxorem
1769 2389 1965 2442 meam,
2012 2379 2103 2431 aut

510 2485 614 2542 ego
648 2470 762 2541 ipse
794 2470 1036 2526 ntmchns
1076 2469 1247 2524 llam?

578 2562 667 2618 28.
713 2561 896 2617 Potest
933 2562 1076 2617 enim
1119 2560 1232 2616 ﬁeri
1273 2568 1331 2616 ut
1376 2569 1496 2616 eum
1536 2547 1835 2616 adulteram
1877 2565 2100 2616 uxorem

493 2655 737 2726 "quisque
777 2653 1038 2710 dimiserit
1066 2653 1411 2720 christianos,
1440 2655 1508 2708 ita
1551 2643 1804 2721 tentetur,
1831 2657 1887 2708 ut
1923 2653 2100 2724 aliqua

508 2748 706 2804 femina
736 2763 854 2820 qua:
886 2745 1120 2803 nondum
1143 2747 1390 2815 credidit,
1420 2747 1638 2818 capiens
1663 2749 1714 2803 in
1744 2745 1860 2818 eju's
1888 2747 2100 2818 nuptias

507 2840 826 2905 convenire,
872 2841 1146 2911 promittat
1185 2851 1246 2896 se
1287 2839 1518 2895 futuram
1565 2841 1686 2896 eSse
1729 2838 2098 2908 Christianam,

506 2941 614 2984 non
637 2929 916 2995 fallaciter,
953 2929 1047 2986 sed
1075 2927 1119 2984 si
1146 2930 1194 2985 ei
1228 2931 1468 3002 nupserit
1491 2931 1594 2985 hoc
1626 2929 1848 2986 omnino
1875 2930 2097 2986 factura.

508 3013 641 3074 tiuic
685 3020 869 3091 itaque
911 3019 1016 3076 hoc
1059 3022 1382 3077 connubiu'm
1430 3016 1697 3078 recusanti
1741 3023 1937 3093 poterit
1977 3029 2102 3095 sug-

504 3117 697 3181 gerere
756 3111 848 3167 ille
904 3119 1138 3167 tentatur
1183 3129 1204 3167 :'
1252 3111 1510 3168 Dominus
1570 3111 1738 3181 dixit,
1787 3114 2101 3184 Quicumque

506 3204 752 3260 dimiserit
797 3215 1010 3260 uxorem
1055 3201 1201 3261 suam
1246 3215 1446 3278 prater
1471 3199 1678 3261 causam
1727 3203 2096 3278 f0rnicati0nit,

503 3297 729 3350 Gratiam
763 3296 983 3366 duxerit,
1028 3298 1347 3364 maeclmtttr;
1387 3307 1452 3352 tu
1483 3293 1675 3353 autem
1705 3299 1796 3369 qui
1849 3295 2099 3354 dimisisti

495 3391 724 3459 propter
749 3401 964 3445 causam
992 3389 1364 3446 fornicationis
1389 3391 1632 3458 uxorem,
1658 3391 1703 3445 si
1737 3391 1895 3446 aliam
1931 3389 2099 3445 duxe-

503 3467 600 3545 ris,
628 3493 732 3536 non
777 3480 1152 3537 mwchaberls.
1194 3481 1326 3536 Huic
1366 3479 1491 3537 talia
1534 3483 1861 3552 suggerenti,
1889 3479 2099 3537 erudito

501 3570 671 3629 cbrde
702 3571 1070 3644 respondeat,
1109 3575 1372 3630 moechari
1427 3572 1643 3648 quidem
1696 3577 1844 3632 illum
1884 3564 2099 3647 gravius

502 3667 830 3737 qniprtetcr
867 3681 1082 3724 causam
1132 3669 1500 3727 fornicatitmis
1549 3677 1716 3727 nitore
1758 3673 1973 3729 dimissa
2013 3674 2097 3729 ai-

501 3763 677 3813 !cram
701 3759 946 3827 duxerit;
975 3760 1072 3816 sed
1096 3763 1257 3817 etiam
1299 3759 1446 3818 illum
1483 3763 1573 3834 qui
1607 3779 1773 3820 uxore
1802 3763 2100 3824 fornicante

458 3868 461 3869 '
503 3851 726 3907 dimissa
748 3851 848 3907 sibi
877 3837 1034 3907 aliam
1062 3853 1351 3926 copulavit,
1376 3868 1482 3910 non
1522 3853 1642 3910 ideo
1679 3869 1784 3910 non
1817 3856 2095 3922 mcechari,

505 3943 631 4016 quia
655 3943 1008 4000 fornicantcm
1049 3945 1269 4016 reliquit
1305 3963 1320 4001 :
1353 3946 1490 4002 sicut
1530 3947 1828 4003 moechatur
1862 3948 1953 4019 qui
1979 3961 2098 4004 eam

505 4041 626 4110 Quae
649 4047 848 4112 praeter
877 4051 1092 4095 causam
1125 4035 1489 4097 fornicationis
1517 4038 1828 4109 dimittitur,
1852 4025 2096 4110 duxerit“;

505 4135 610 4190 nec
639 4129 760 4190 ideo
790 4147 896 4189 non
926 4131 1230 4191 moechatur
1255 4133 1344 4205 qui
1374 4141 1491 4190 eam
1523 4133 1688 4200 ducit,
1722 4146 1878 4206 quam
1907 4134 2098 4190 dimis-

505 4237 619 4280 sam
650 4232 869 4296 propter
895 4233 1109 4281 causam
1148 4220 1514 4282 fornicationis
1540 4227 1828 4283 invenerit.
1873 4225 1940 4282 Et
1970 4243 2096 4297 pro-

494 4317 686 4387 pl'erea
711 4315 868 4396 quod"
885 4317 1214 4373 subobscure
1241 4317 1381 4388 apud
1406 4313 1708 4373 Matthteum
1737 4311 1964 4389 positum
1991 4328 2095 4386 est,

497 4407 752 4480 quoniam
781 4410 804 4440 ¹
839 4409 1007 4463 tntum
1037 4423 1066 4462 a
1097 4418 1247 4478 parte
1277 4397 1632 4479 signiﬁcatum
1659 4420 1761 4478 est,
1795 4411 2097 4480 expositum

498 4498 781 4572 ‘esse'apud
808 4499 942 4554 alios
967 4498 1010 4566 ⁸,
1038 4502 1126 4570 qui
1153 4507 1320 4555 totum
1349 4501 1672 4570 generaliter
1693 4511 2094 4572 expresserunt,

504 4592 644 4648 sicut
671 4591 865 4664 legitur
889 4589 1030 4663 apud
1057 4589 1314 4658 Marcum,
1350 4590 1665 4662 Quicumque
1693 4592 1938 4647 dimiserit
1968 4607 2097 4648 uxo-

503 4701 611 4739 rem
657 4701 823 4752 suam,
869 4693 915 4739 et
960 4685 1116 4740 aliam
1158 4685 1380 4750 duxerit,
1431 4685 1736 4740 adulterium
1782 4683 2098 4742 conmittit:

501 4785 559 4830 et
585 4775 726 4847 apud
768 4776 998 4844 Lucam,
1035 4769 1216 4832 omnis
1243 4778 1332 4847 qui
1368 4771 1574 4832 dimittit
1603 4781 1809 4834 uxorem
1837 4791 1980 4835 suam
2003 4822 2018 4847 ,
2050 4789 2099 4836 et

500 4865 643 4919 ducit
687 4867 918 4936 alteram,
964 4869 1261 4925 moechatur.
1312 4865 1429 4926 Non
1480 4866 1621 4926 enim
1667 4865 1800 4928 alios
1847 4871 2098 4929 dixerunt

500 4956 787 5025 mtechari,
820 4958 953 5017 alios
979 4975 1086 5016 non
1116 4961 1410 5032 moechari,
1442 4963 1533 5034 qui
1563 4961 1796 5021 dimissis
1839 4965 2096 5023 uxoribus

502 5049 617 5105 suis
668 5049 919 5106 duxerint
969 5051 1205 5121 alteras;
1259 5055 1386 5123 sed,
1443 5053 1753 5130 Quicumque
1803 5057 2093 5116 dimiserit:

504 5151 720 5198 omnem
748 5157 966 5214 prorsus
992 5146 1083 5216 qui
1109 5145 1371 5203 dimiserit
1397 5163 1615 5206 uxorem
1643 5164 1825 5216 suam,
1857 5160 1910 5206 et
1936 5151 2094 5207 aliam

504 5234 754 5304 duxerit,
796 5238 1053 5295 mtccha'ri
1101 5254 1223 5296 eum
1269 5240 1386 5298 sine
1425 5239 1532 5298 ulla
1580 5245 1894 5314 exceptione
1941 5245 2093 5303 dixe-

505 5333 650 5386 fimi.

503 5449 508 5454 ·
573 5424 799 5484 CAPUT
825 5417 1013 5484 XXI“.
1025 5457 1096 5469 -—
1108 5427 1200 5488 29.
1215 5429 1568 5486 Adulterinum
1583 5430 1874 5502 confugium
1888 5432 2095 5499 inire,ut

502 5521 691 5590 femina
720 5522 812 5592 ﬁat
835 5523 1130 5593 christiana,
1161 5542 1259 5580 non
1289 5523 1421 5581 licet.
1448 5522 1559 5581 Sed
1589 5528 1631 5582 si
1666 5525 1780 5581 hate
1826 5523 1916 5581 ille
1945 5526 2094 5582 chri-

565 5678 585 5749 ξ
609 5678 712 5749 sola
732 5680 882 5732 editio
904 5689 1037 5749 ων.)
1058 5695 1152 5734 non
1170 5697 1272 5749 esse
1294 5683 1601 5735 servandam.

563 5741 585 5808 ξ
608 5741 680 5808 sic
702 5749 806 5808 Mss.
834 5749 889 5792 Αι
906 5741 1041 5803 editi,
1066 5746 1316 5808 quomodo.

498 5834 508 5844 .
563 5799 586 5833 ³
615 5801 766 5863 Lugd.
784 5811 835 5854 et
859 5813 999 5866 νεα,
1021 5799 1376 5872 eniposittanest
1396 5809 1529 5871 apud
1550 5809 1685 5860 alios.
1751 5815 1809 5861 Μ.

1901 5907 1955 5925 νθε
2031 5881 2042 5894 ι
2072 5903 2124 5920 ’⁷ο

1411 323 1498 379 DE
1535 318 1884 378 CONJUGIIS
1925 314 2408 384 ADULTERINIS,
2451 319 2506 375 S.
2554 315 2917 376 AUGUSTINI

3665 327 3742 386 468

2216 434 2420 488 slianus
2445 435 2782 504 responderit
2813 435 3081 501 tentatori,
3111 435 3410 508 intelligens
3436 437 3626 494 licuisse
3647 445 3737 510 qui-

2219 523 2339 579 dem
2366 525 2464 580 sibi
2503 525 2773 582 dimittere
2800 527 3124 595 adulteram,
3158 525 3250 583 sed
3280 528 3436 582 aliam
3465 527 3638 586 ducere
3663 549 3742 589 non

2218 616 2423 674 licere:
2467 619 2612 690 quid,
2661 620 2706 676 si
2745 618 2887 676 dicat
2933 619 3023 676 ille
3066 629 3318 690 tentator,
3365 617 3628 678 Committe
3668 624 3746 681 hoc

2220 713 2537 782 peccatum,
2585 722 2644 768 ut
2693 714 2937 786 acquiras
2988 714 3219 770 animam
3266 703 3479 770 Christo
3525 705 3572 770 in
3615 729 3746 774 morte

2223 803 2550 861 inﬁdelitatis
2595 806 2782 876 positae
2823 801 3054 873 feminae,
3099 807 3217 876 qua:
3259 807 3442 886 parata
3483 815 3575 873 est,
3613 807 3651 863 si
3680 811 3749 865 tibi

2219 897 2494 966 nupserit,
2545 895 2658 953 fieri
2713 897 3050 954 christiana?
3107 899 3242 970 quid
3283 896 3432 955 aliud
3482 899 3749 959 Christianus

2179 994 2181 996 ’
2218 987 2545 1058 respondere
2570 989 2636 1045 ad
2663 990 2762 1045 ista
2787 991 2944 1046 debet
2972 1001 3024 1047 et
3050 989 3247 1058 dicere,
3277 991 3380 1047 nisi
3401 985 3458 1048 se
3485 993 3581 1048 non
3607 1009 3745 1064 posse,

2218 1077 2264 1134 sli
2297 1079 2396 1136 hoc
2429 1079 2632 1147 fecerit,
2660 1082 2891 1139 evadere
2929 1082 3207 1154 judicium,
3239 1083 3382 1154 qUod
3411 1097 3747 1141 commemora-

2217 1171 2292 1227 vit
2330 1173 2618 1244 Apostolus
2665 1173 2754 1230 ubi
2802 1174 2895 1241 ait,
2950 1173 3014 1228 Et
3068 1175 3195 1228 sicut
3245 1175 3422 1229 dicunt
3469 1176 3650 1246 quidam
3687 1195 3752 1231 nos

2217 1263 2402 1332 dicere,
2436 1263 2709 1320 Faciamus
2739 1267 2894 1334 mala,
2925 1269 2978 1320 ut
3007 1267 3208 1321 veniant
3237 1267 3403 1332 bona;
3431 1271 3625 1338 quorum
3640 1269 3753 1339 jutﬁ-

2217 1357 2352 1412 cium
2369 1359 2569 1430 justum
2595 1359 2663 1414 est
2691 1358 2866 1433 (Rom.
2892 1361 2966 1428 In,
2987 1358 3080 1432 8)?
3101 1360 3383 1430 Quomodo
3407 1371 3575 1415 autem
3600 1363 3753 1431 poterit

2215 1451 2336 1506 esse
2366 1449 2651 1506 salubriter
2676 1449 2988 1520 christiana,
3018 1467 3136 1523 qua:
3163 1449 3283 1507 cum
3317 1451 3410 1507 illo
3439 1468 3467 1507 a
3505 1468 3601 1524 quo
3634 1450 3750 1508 duci-

2217 1541 2304 1598 tur
2333 1541 2433 1598 erit
2458 1541 2697 1598 adultera
2726 1543 2750 1597 ?

2286 1629 2515 1691 CAPUT
2555 1633 2745 1689 XXIV.
2774 1666 2846 1675 —
2872 1633 2962 1692 50.
2996 1629 3330 1692 Continentiaz
3359 1647 3522 1692 votum
3547 1638 3670 1694 nulla
3691 1655 3756 1710 spe

2216 1725 2639 1798 com'pcnsationis
2683 1728 3038 1798 rumpendum.
3082 1722 3200 1784 Non
3239 1729 3413 1783 solum
3453 1741 3616 1786 autem
3652 1746 3753 1786 mos.

2215 1816 2483 1872 clta'ndum
2514 1817 2617 1874 nun
2645 1826 2746 1886 est,
2775 1817 2913 1890 quod
2943 1819 3085 1887 facit,
3116 1819 3223 1876 non
3249 1820 3486 1891 quidam,
3511 1823 3594 1877 sed
3620 1823 3755 1878 omnis
3840 1843 3841 1856 ι

2214 1908 2304 1980 qni
2351 1908 2567 1964 dimittit
2611 1909 2830 1966 uxorem
2881 1925 3030 1966 suam
3057 1953 3072 1979 ,
3113 1921 3167 1968 et
3211 1911 3362 1968 ducit
3407 1914 3646 1983 alteram,
3680 1916 3753 1969 etsi
3840 1927 3841 1968 1

2214 2005 2497 2072 prepterea
2527 2000 2744 2058 duxerit
2788 2012 2845 2058 ut
2888 2003 3046 2060 faciat
3083 2003 3469 2072 Christianam;
3517 2005 3602 2061 sed
3628 2007 3751 2061 etiam

2216 2095 2456 2166 quisquis
2482 2112 2588 2151 non
2621 2097 2866 2168 alligatus
2899 2097 3050 2153 uxori
3089 2099 3475 2155 continentiam
3507 2099 3610 2156 Deo
3631 2115 3754 2155 vove-
3840 2103 3841 2160 ἓ

2213 2188 2312 2254 rit,
2345 2188 2491 2243 nullo
2537 2187 2697 2243 modo
2739 2187 2897 2244 debet
2941 2189 3043 2246 ista
3091 2185 3528 2260 compensatione
3555 2207 3749 2262 peccare,
3840 2185 3841 2262 ἕ

2213 2287 2274 2333 ut
2298 2277 2424 2333 ideo
2451 2279 2634 2334 credat
2662 2287 2879 2335 nitorem
2910 2281 3010 2336 sibi
3037 2291 3157 2337 esse
3183 2281 3502 2350 ducendam,
3533 2283 3638 2354 quia
3663 2299 3753 2353 pro-

2216 2369 2363 2426 misit
2391 2385 2509 2441 qua:
2537 2371 2748 2441 nuptias
2775 2372 2888 2443 ejus
2916 2373 3135 2443 appetit,
3168 2372 3405 2429 futuram
3433 2390 3490 2429 se
3517 2390 3622 2429 esse
3644 2373 3752 2428 chri-

2213 2463 2465 2517 Sti‘anam.
2496 2463 2645 2532 Quod
2675 2464 2817 2518 enim
2855 2464 3049 2534 cuique
3089 2472 3378 2536 antequam
3419 2465 3634 2520 vovisset
3658 2466 3750 2520 licc-

2210 2553 2335 2621 hat,
2384 2568 2504 2608 cum
2561 2553 2614 2608 id
2667 2568 2725 2609 se
2773 2551 3045 2624 nunquam
3106 2554 3372 2610 lucturum
3426 2556 3644 2620 voverit,
3675 2571 3751 2609 non

2211 2641 2393 2700 lieebit
2433 2663 2445 2699 :
2497 2644 2540 2700 si
2587 2653 2765 2700 tamen
2809 2643 2861 2700 id
2904 2645 3109 2701 voverit
3153 2647 3298 2717 quod
3345 2647 3625 2703 vovendum
3663 2646 3748 2713 fuit,
3840 2641 3841 2722 ξ

2209 2733 2364 2792 sicuti
2410 2745 2491 2792 est
2537 2743 2792 2809 perpetua
2831 2738 3137 2809 virginitas,
3171 2740 3257 2794 vel
3308 2740 3622 2798 continentia
3662 2749 3751 2810 post

2210 2839 2432 2899 experta
2473 2830 2741 2884 connubia
2769 2830 2961 2886 solutis
2997 2843 3026 2885 a
3057 2831 3270 2887 vinculo
3299 2831 3589 2905 conjugali,
3615 2833 3681 2887 vel
3701 2848 3747 2887 ex

2210 2923 2476 2976 consensu
2503 2919 2820 2977 voventibtts
2849 2929 2904 2976 et
2946 2923 3178 2977 carnalia
3223 2923 3408 2979 debita
3438 2925 3535 2979 sibi
3572 2924 3749 2979 invicem

2210 3013 2572 3070 relaxantibus
2637 3008 2885 3069 ﬁdelibus
2946 3015 3220 3086 castisque
3254 3017 3601 3089 coniugibus;
3644 3015 3749 3087 quod

2209 3103 2436 3161 alterum
2481 3105 2596 3162 sine
2637 3105 2825 3173 altera,
2872 3107 2960 3162 vel
3002 3108 3227 3163 alterum
3257 3107 3376 3166 sine
3407 3109 3572 3165 altero
3601 3119 3749 3164 vovere

2209 3195 2290 3252 tus
2334 3209 2442 3253 non
2484 3204 2586 3254 est.
2637 3195 2763 3254 iiazc
2819 3207 2976 3271 ergo,
3024 3208 3078 3255 et
3122 3201 3174 3256 si
3223 3213 3330 3272 qua
3375 3201 3474 3258 alia
3522 3210 3631 3259 sunt
3663 3213 3748 3271 qua:

2207 3283 2508 3347 rectissime
2553 3301 2849 3358 voverunt,
2893 3301 3015 3347 cum
3061 3293 3308 3350 homines
3351 3297 3603 3360 voverint,
3643 3293 3747 3347 nulla

2209 3377 2519 3441 C'onditione
2547 3377 2848 3455 rmnpenda
2876 3395 3018 3451 sunt,
3064 3387 3200 3458 qua!
3222 3387 3342 3444 sine
3372 3389 3476 3444 ulla
3502 3387 3748 3444 conditione

2207 3467 2488 3532 voverunt.
2532 3475 2668 3546 Qnia
2713 3487 2766 3532 et
2808 3477 2911 3533 hoc
2943 3477 3228 3533 Dominum
3263 3483 3573 3552 praecepisse
3600 3479 3748 3536 intelli-

2208 3563 2438 3638 gendum
2470 3574 2578 3635 est",
2607 3567 2699 3622 ubi
2746 3567 2938 3638 legitur
2977 3587 2989 3622 :
3030 3556 3248 3636 Vovct'e,
3284 3581 3332 3625 et
3366 3571 3555 3627 reddite
3579 3570 3747 3626 Domino

2208 3655 2320 3732 Deo
2349 3670 2509 3715 vestro
2541 3657 2712 3734 (Psal.
2744 3667 2902 3728 LXXV,
2931 3650 3052 3735 12-");
3083 3661 3238 3718 Unde
3267 3664 3550 3735 A‘p‘oslolus
3582 3663 3638 3719 dc
3658 3661 3744 3732 qui-

2213 3744 2438 3808 busdam
2481 3767 2599 3824 qua:
2628 3743 3010 3808 continentiam
3041 3759 3270 3824 Vovcnt,
3302 3765 3358 3812 et
3387 3765 3563 3828 postea
3590 3755 3745 3810 nubere

2207 3843 2418 3912 volunt,
2444 3845 2584 3916 quod
2732 3855 3015 3913 antequam
3047 3847 3326 3904 vovissent
3352 3853 3531 3920 utique
3563 3848 3741 3902 licebat:

2211 3931 2489 4003 Habentes,
2511 3936 2702 4006 inquit,
2727 3933 3119 4005 damnationem,
3145 3940 3386 4010 quoniam
3412 3943 3612 4015 primam
3629 3937 3743 4010 ﬁdem

2132 4031 2140 4038 ’
2208 4027 2408 4082 irritam
2440 4032 2665 4100 fecerunt
2693 4025 2760 4100 (ῐι
2782 4027 2912 4083 Tim.
2940 4041 2994 4095 v,
3027 4027 3138 4102 η).

2282 4125 2370 4181 5i.
2400 4124 2544 4180 Nihil
2570 4133 2698 4196 ergo
2738 4123 2953 4196 expedit
2979 4125 3122 4197 qu'o‘d
3154 4123 3535 4196 illiéitu'm‘cst,
3560 4135 3608 4182 et
3639 4121 3737 4178 nihil

2195 4209 2352 4288 quod
2384 4205 2633 4302 prohibet
2659 4215 2918 4301 Dominus
2948 4215 3149 4272 licitum
3178 4227 3280 4274 est.

2281 4305 2507 4364 CAPUT
2545 4305 2712 4363 xxv.
2760 4317 2831 4349 -μ
2874 4305 3153 4364 consilium
3201 4311 3433 4402 aperiat:
3487 4312 3536 4366 in
3574 4310 3628 4365 ίῑε
3660 4321 3739 4379 iw
3784 4361 3789 4386 έ

2211 4393 2464 4474 praecepta
2505 4411 2604 4457 no'n
2642 4399 2791 4469 attrit,
2823 4401 3159 4457 audiendum.
3207 4393 3430 4469 Quaestio
3460 4405 3518 4459 de
3544 4400 3738 4474 cottjuqiis

2209 4485 2525 4568 difﬁcillima.
2558 4491 2674 4548 Alia
2722 4496 2929 4566 qitttstib
2982 4493 3243 4551 Pallentii.
3274 4496 3402 4563 Qum
3439 4505 3599 4552 autem
3632 4489 3738 4547 nullo

2209 4586 2425 4645 Domini
2452 4588 2848 4660 constringente
2882 4595 3153 4660 praecepto
3189 4589 3240 4646 in
3280 4595 3533 4662 potestate
3567 4587 3738 4644 dimissa

2201 4687 2366 4748 ‘s‘unt,
2415 4683 2467 4738 in
2514 4677 2599 4737 his
2636 4680 2883 4737 audiatur
2923 4669 3230 4754 Apostolus,
3275 4684 3328 4739 in
3370 4676 3557 4755 Spiritu
3594 4687 3737 4736 sancto

2208 4780 2436 4833 monens
2479 4787 2532 4833 et
2575 4777 2861 4834 consulens
2907 4777 2964 4831 ut
2990 4777 3073 4833 vel
3115 4777 3335 4856 meliora
3375 4778 3646 4849 capiantur,
3677 4767 3734 4822 vel

2203 4863 2272 4927 ea
2302 4886 2422 4943 qua:
2448 4873 2555 4926 non
2578 4859 2868 4941 expediunt
2888 4875 3195 4925 caveantur.
3227 4871 3301 4926 Ibi
3326 4865 3555 4926 audiatur
3574 4866 3732 4926 dicens,

2209 4949 2532 5033 Prtt’ceptittit
2563 4960 2772 5016 Domini
2817 4967 2919 5033 non
2965 4959 3143 5030 habeo,
3176 4962 3438 5018 censilium
3480 4969 3625 5015 autem
3657 4955 3732 5013 do;

2205 5059 2262 5109 et
2282 5096 2296 5120 ,
2323 5029 2433 5125 Ego
2460 5053 2606 5118 dico“,
2636 5069 2736 5106 non
2765 5029 3034 5107 Dominus.
3085 5029 3164 5108 lbi
3203 5053 3248 5107 si
3291 5053 3501 5109 meliora
3538 5042 3726 5117 elegerit.

2206 5147 2300 5217 qui
2333 5145 2508 5212 audit,
2544 5145 2753 5200 Solutus
2782 5147 2854 5200 eat
2899 5145 2962 5198 ab
2991 5161 3180 5214 uxore,
3213 5149 3310 5201 non
3338 5149 3522 5217 quaerat
3544 5151 3725 5196 uxorem.

2207 5239 2334 5310 quia
2377 5241 2423 5292 et
2463 5239 2505 5293 si
2554 5237 2800 5308 acceperit
2839 5240 3067 5303 uxorem,
3118 5256 3216 5294 non
3260 5248 3426 5310 peccat
3463 5253 3480 5291 :
3521 5233 3582 5289 ibi
3616 5230 3726 5296 virgo

2209 5355 2315 5395 non
2359 5336 2542 5393 nubat.
2595 5335 2693 5404 Qui
2723 5337 2865 5392 cnim
2903 5354 3002 5391 non
3030 5335 3118 5391 dat
3158 5348 3384 5410 nuptum,
3418 5333 3578 5388 melius
3601 5324 3723 5400 facit;

2205 5417 2255 5489 et
2287 5421 2370 5503 qui
2407 5430 2493 5484 dat
2534 5437 2768 5500 nuptum,
2798 5411 2921 5483 bene
2956 5429 3098 5498 facit.
3145 5417 3219 5483 lbi
3253 5419 3451 5482 beatior
3487 5421 3548 5478 sit
3580 5413 3723 5472 mulier

2206 5515 2286 5583 sic
2327 5522 2707 5596 permanendo,
2751 5539 2869 5595 qua:
2905 5517 3117 5579 mortuo
3148 5523 3260 5579 viro
3297 5539 3390 5577 suo
3427 5523 3473 5574 in
3510 5516 3720 5589 potesmtc

2205 5617 2386 5683 habet,
2414 5617 2499 5674 cui
2522 5617 2636 5672 vult
2659 5615 2886 5681 nubere,
2913 5621 3107 5669 tantum
3134 5617 3184 5669 in
3207 5609 3436 5670 Domino.
3471 5603 3599 5678 Quod
3621 5601 3719 5656 duo-

2204 5713 2306 5770 bus
2335 5712 2509 5767 modis
2547 5710 2714 5785 accipi
2758 5699 2965 5780 potest;
3013 5719 3105 5765 aut
3133 5701 3408 5765 Christiana
3439 5705 3715 5788 permanetis:

2209 5814 2301 5862 aut
2342 5784 2922 5863 christianonubeus.
2970 5801 3087 5859 Non
3116 5803 3254 5859 enim
3301 5805 3521 5872 tempore
3551 5784 3717 5851 revehi
