3880 6284
608 374 705 437 Nil

1494 381 1580 473 Di?
1617 379 1965 436 CONJUGIIS
2004 375 2475 439 ADULTERINIS.
2509 378 2575 431 S.
2618 377 2985 434 AUGUSTINI
3705 392 3773 448 m

2175 507 3757 539 W

1527 626 1997 737 LIBER
2081 623 2934 736 SECUNDUS.

671 814 985 877 Redarguitur
1020 815 1310 877 Pollentius,
1336 814 1575 877 adulterio
1610 818 1783 877 putans
1806 810 2010 873 perinde
2032 817 2181 873 atque
2204 816 2361 858 morte
2378 808 2501 877 solvi
2523 812 2799 877 eonjnglum
2816 848 2831 872 ,
2866 826 3026 877 eoque
3044 815 3245 866 trahens
3265 815 3381 867 illud
3405 826 3435 865 Α

796 871 926 943 Quod
950 883 1231 943 sintortuiis
1253 871 1397 937 fuerit
1422 875 1494 925 vir
1515 871 1623 943 ejus
1637 910 1651 934 ,
1698 871 1899 943 liberata
1934 877 2003 943 est
2023 884 2054 943 ς.
2082 871 2399 943 utmortuum
2425 872 2517 943 lioc
2542 871 2646 943 loco
2671 871 2970 943 velic’etiatr'i
3006 877 3280 943 adulterum
3320 871 3534 943 intelligi.
3567 871 3781 943 argumenta

602 875 729 927 [hius
740 915 751 930 .

3536 818 3592 869 Oli
3611 820 3656 869 ad
3668 827 3776 874 Corin-

601 938 780 987 deintle
800 934 917 1007 ejus
933 937 1119 1001 reliqua
1137 934 1402 998 diluuntur,
1421 944 1472 987 et
1494 934 1624 987 varia
1646 948 1759 999 qua:
1794 935 2001 984 suboriri
2021 934 2160 984 timet
2181 934 2478 984 incommoda
2492 969 2507 996 ,
2532 935 2625 986 nisi
2640 936 2892 999 repudiata
2912 937 3132 990 adultera
3153 939 3337 992 ducere
3355 934 3544 993 alteram
3573 934 3656 995 uio

1967 1079 2448 1160 «0......

601 1006 890 1048 rctutantur.

671 1234 894 1291 CAPUT
934 1232 1214 1290 PRIMUM.
1244 1263 1313 1273 —
1342 1233 1392 1288 l.
1440 1229 1605 1302 Hujus
1634 1229 1748 1285 libri
1773 1229 1990 1293 occasio,
2022 1227 2101 1282 Ad
2125 1242 2188 1281 ea

599 1340 717 1393 quae
761 1325 887 1379 inibi
934 1326 1249 1395 scripseras,
1297 1325 1460 1378 frater
1510 1322 1754 1392 religiose
1796 1319 2042 1385 Pollenti,
2078 1320 2189 1390 jam

601 1419 979 1488 rescripseram
1011 1434 1117 1473 non
1148 1433 1364 1488 parvum
1393 1416 1662 1480 volumen,
1692 1414 1760 1470 de
1787 1414 1849 1467 iis
1888 1414 1976 1483 qui
2004 1413 2189 1467 viven-

600 1512 739 1566 tibus
759 1512 1070 1583 conjugibns
1087 1512 1197 1565 suis
1215 1511 1333 1566 aliis
1352 1509 1688 1579 capulantur.
1719 1504 1869 1575 Quod
1893 1520 2012 1560 cum
2034 1506 2191 1559 inno-

599 1602 787 1656 tuisset
839 1602 1117 1656 Dilectioni
1170 1612 1295 1664 tute,
1355 1598 1601 1654 addidisti
1641 1598 1816 1668 aliqua
1856 1596 1922 1651 ad
1950 1594 2188 1651 libellum

597 1704 765 1757 tuum,
803 1696 960 1749 etiam
985 1694 1067 1748 his
1095 1710 1181 1749 me
1208 1691 1533 1762 respondere
1557 1690 1868 1746 desiderans
1900 1706 1914 1745 :
1945 1687 2039 1743 sed
2067 1701 2189 1742 cum

598 1783 774 1841 facere
803 1787 1165 1857 diSponerem,
1201 1784 1446 1840 addendo
1479 1794 1535 1839 et
1559 1798 1660 1853 ego
1705 1781 1768 1837 ad
1811 1796 2010 1846 meum,
2040 1779 2110 1834 ita
2133 1788 2192 1833 ut

600 1894 740 1933 unus
770 1879 905 1934 liber
929 1890 1071 1934 esset
1095 1879 1255 1935 etiam
1284 1876 1650 1947 responsionis
1680 1890 1813 1929 meae
1833 1915 1846 1937 ,
1879 1879 2101 1943 repente
2130 1871 2192 1926 il-

596 1970 686 2024 lud
714 1971 915 2026 editum
958 1970 1203 2041 estquod
1245 1970 1578 2025 absolveram
1620 1967 1787 2038 prius,
1831 1963 2190 2035 ﬂagitantibus

595 2061 869 2128 fratribus,
901 2072 954 2118 et
976 2063 1339 2119 nescientibus
1361 2062 1559 2116 nostris
1577 2061 1594 2091 ¹
1622 2058 1763 2130 quod
1792 2056 1968 2112 adhuc
1990 2054 2189 2125 aliquid

597 2164 744 2210 esset
787 2155 1112 2211 addendum.
1148 2154 1282 2209 lline
1328 2152 1527 2208 factum
1558 2161 1640 2207 est
1668 2158 1727 2205 ut
1754 2150 1921 2205 altero
1948 2162 2191 2204 seorsum

594 2247 877 2315 opusculo,
908 2246 974 2302 ad
1005 2262 1068 2303 ea
1097 2262 1216 2317 qua:
1243 2245 1518 2312 addidisti,
1551 2242 1880 2314 respondere
1902 2239 2191 2310 compelle-

594 2352 703 2392 rer.
736 2336 850 2392 Non
868 2346 1043 2392 autent
1065 2353 1186 2409 qua:
1214 2335 1483 2401 addidisti,
1512 2335 1760 2405 adjuncta
1787 2341 1912 2388 sunt
1938 2332 2029 2386 ﬁni
2054 2344 2190 2400 opu-

594 2429 727 2483 sculi
756 2429 861 2495 tni;
891 2429 1005 2497 sed,
1041 2430 1131 2485 ubi
1157 2430 1329 2485 visunt
1358 2436 1461 2495 est,
1483 2428 1598 2498 ejus
1623 2426 1900 2496 interjccta
1927 2431 2052 2479 sunt
2073 2437 2193 2479 cor-

594 2520 733 2591 pori.

669 2612 896 2669 CAPUT
937 2612 998 2668 ll.
1026 2644 1097 2655 —-
1123 2614 1177 2668 2.
1220 2612 1463 2668 Pollentii
1494 2610 1771 2675 sententia,
1819 2610 2003 2662 nubere
2044 2604 2192 2660 alteri

594 2706 800 2759 vetitum
821 2722 926 2760 esse
954 2705 1162 2776 conjugi
1180 2746 1195 2769 ,
1218 2706 1262 2759 si
1299 2722 1330 2757 a
1358 2721 1456 2758 non
1483 2703 1784 2773 fornicante,
1814 2716 1915 2753 non
1952 2707 2119 2751 autem
2147 2696 2193 2750 si

594 2814 627 2849 a
658 2798 941 2866 fornicante
967 2795 1273 2851 discesserit.
1309 2794 1574 2849 Mortuum
1598 2794 1651 2847 in
1683 2793 1793 2846 loco
1817 2788 1973 2843 Pauli
2002 2786 2192 2842 intelli-

594 2886 814 2954 gendum
843 2887 996 2940 etiam
1024 2886 1357 2954 fornicantem
1387 2886 1555 2937 sentit.
1585 2882 1785 2937 Horum
1814 2882 2043 2949 primum
2061 2876 2190 2933 illud

594 2987 699 3043 est,
728 2978 811 3032 cui
841 2976 1056 3047 quidem
1084 2977 1315 3031 arbitror
1344 2992 1429 3030 me
1449 2973 1775 3045 respondere
1803 2971 2020 3037 debere,
2044 2968 2189 3040 quod

600 3073 653 3127 in
686 3072 768 3125 bis
792 3070 1033 3141 Apostoli
1062 3069 1262 3136 verbis,
1291 3069 1378 3123 ubi
1407 3068 1501 3132 ait,
1519 3065 1724 3121 theris
1742 3073 1910 3118 autem
1934 3079 2028 3134 ego
2054 3062 2187 3126 dico,

599 3182 700 3219 non
734 3162 999 3230 Dominus,
1032 3162 1291 3215 mulierem
1317 3177 1350 3214 a
1379 3161 1485 3214 viro
1512 3176 1613 3213 non
1653 3156 1943 3220 discedere;
1979 3152 2116 3227 quod
2146 3154 2193 3207 si

595 3256 901 3321 discesserit,
933 3270 1135 3308 manere
1163 3254 1448 3321 innuptam,
1481 3260 1569 3303 aut
1599 3250 1703 3303 viro
1732 3264 1824 3302 suo
1850 3244 2188 3311 reconciliari,

597 3366 705 3403 non
728 3357 881 3418 putas
902 3348 973 3402 ita
1000 3346 1199 3401 dictum
1229 3360 1370 3410 esse,
1401 3344 1445 3399 si
1470 3342 1771 3406 discesserit,
1800 3350 1912 3396 uta
1941 3341 2057 3394 viro
2084 3338 2195 3394 for-

603 3442 818 3495 nicante
844 3439 1154 3494 discessisse
1196 3436 1540 3507 intelligatur,
1567 3450 1668 3504 qua
1697 3433 1811 3489 sola
1833 3446 1991 3488 causa
2021 3431 2193 3486 disce-

597 3534 727 3588 dere
766 3533 968 3588 licitum
1010 3538 1126 3595 est;
1156 3528 1249 3584 sed
1290 3528 1467 3599 potius
1496 3529 1767 3582 existimas
1807 3540 1837 3577 a
1885 3522 2096 3594 pudico,
2136 3528 2193 3576 et

599 3623 721 3678 ideo
743 3622 947 3693 jussam
978 3635 1195 3675 manere
1230 3619 1537 3687 innuptam,
1581 3623 1639 3670 ιιι
1661 3622 1844 3685 posset
1872 3614 1919 3668 ei
1947 3611 2190 3667 reconci-

599 3715 739 3781 liari,
768 3714 812 3768 si
836 3713 1112 3768 continere
1131 3712 1217 3766 ille
1253 3709 1528 3773 noluisset,
1556 3722 1622 3762 ne
1639 3707 1808 3761 virum
1830 3705 1895 3759 ad
1923 3704 2192 3759 fornican-

600 3808 751 3874 dum,
790 3805 840 3860 id
869 3816 970 3871 est,
998 3805 1064 3859 ad
1092 3804 1249 3858 aliam
1271 3818 1330 3858 se
1362 3803 1572 3857 vivente
1596 3799 1915 3863 ducendam,
1943 3799 2055 3869 ipsa
2081 3813 2189 3855 non

599 3898 939 3953 reconciliata
958 3895 1320 3967 compelleret.
1351 3892 1612 3949 Caeterum
1637 3890 1683 3946 si
1707 3905 1737 3945 a
1758 3890 1873 3944 viro
1894 3887 2190 3946 fornicante

601 3988 936 4051 discesserit,
979 3997 1132 4058 putas
1162 3986 1210 4040 ei
1237 3972 1343 4041 non
1388 3983 1603 4054 prrecipi
1644 3990 1701 4037 ut
1726 3981 1943 4051 innupta
1974 3995 2187 4051 perma-

599 4088 725 4135 neat
754 4098 767 4135 :
791 4078 887 4135 sed
914 4078 1015 4135 hoc
1033 4094 1151 4135 eam
1174 4077 1369 4142 facere,
1410 4075 1455 4130 si
1484 4074 1766 4130 continens
1786 4086 1908 4129 esse
1929 4072 2185 4139 voluerit;

534 4230 539 4233 ,
600 4189 707 4228 non
728 4181 785 4227 ut
810 4171 1062 4243 praecepti
1088 4170 1332 4225 violatrix
1363 4166 1663 4224 inveniatur
1685 4180 1825 4231 esse,
1854 4165 1898 4221 si
1925 4165 2186 4235 nupserit.

598 4264 729 4333 Qua:
756 4264 849 4318 tibi
880 4263 1086 4318 videtur
1132 4260 1298 4317 forma
1337 4268 1392 4315 et
1429 4275 1459 4314 a
1503 4260 1621 4314 viro
1659 4274 1779 4314 esse
1806 4257 2089 4323 servanda,
2127 4266 2190 4313 ut

601 4370 823 4410 uxorem
853 4369 958 4408 non
990 4352 1238 4416 dimittat,
1270 4358 1494 4421 excepta
1522 4363 1682 4404 causa
1714 4347 2110 4413 fornicationis;
2141 4347 2188 4403 si

598 4458 776 4503 autem
798 4444 1081 4509 dimiserit,
1110 4450 1322 4497 maneat
1346 4441 1462 4496 sine
1489 4439 1757 4511 conjugio,
1782 4448 1841 4493 ut
1865 4439 2071 4509 pudica:
2095 4454 2187 4494 re-

599 4536 872 4594 conciliari
921 4534 1091 4606 possit
1130 4532 1302 4597 uxori,
1354 4530 1453 4585 nisi
1500 4530 1635 4584 forte
1672 4529 2051 4584 continentiam
2095 4528 2187 4585 illa

597 4630 882 4699 delegerit;
908 4644 973 4683 ne
999 4626 1181 4682 uxoris
1205 4632 1364 4681 casta:
1389 4621 1873 4679 reconciliationem
1894 4622 2183 4692 refugiens,

603 4720 717 4789 ipse
745 4721 886 4774 illam
927 4726 1080 4789 cogat
1114 4715 1394 4781 maechari,
1436 4714 1482 4769 si
1520 4727 1642 4769 sese
1668 4728 1774 4769 non
1803 4713 2080 4768 continens
2101 4714 2185 4768 vi-

596 4819 757 4874 vente
798 4811 886 4865 illo
924 4808 1164 4881 nupserit
1201 4807 1351 4863 alteri
1387 4823 1400 4861 :
1433 4806 1477 4861 si
1517 4815 1695 4861 autem
1728 4804 1885 4861 fuerit
1925 4805 1992 4860 ab
2020 4820 2186 4863 uxore

600 4903 896 4958 fornicante
924 4902 1237 4973 disjunctus,
1263 4900 1373 4972 jatn
1399 4914 1522 4955 eum
1551 4898 1697 4953 nullo
1729 4906 1996 4969 przecepto
2037 4905 2096 4952 ut
2122 4913 2184 4953 se

598 4998 872 5051 contineat
897 4995 1141 5061 detineri,
1164 5009 1264 5050 nec
1289 4994 1511 5049 omnino
1545 4992 1823 5059 mtecltari,
1856 4991 1901 5047 si
1939 4990 2056 5046 viva
2096 4990 2183 5046 illa

597 5086 820 5140 alteram
859 5085 1067 5140 duxerit
1118 5084 1406 5154 :quoniam
1447 5083 1497 5140 id
1528 5082 1671 5155 quod
1709 5084 1783 5138 ait
1808 5082 1945 5138 idem
1972 5090 2185 5152 aposto-

597 5179 701 5243 lus,
738 5176 924 5232 Mulier
943 5177 1151 5248 alligata
1177 5185 1269 5241 est,
1297 5176 1538 5245 quamdiu
1565 5176 1639 5230 vir
1662 5176 1773 5245 ejus
1795 5174 1948 5238 uiuit;
1984 5172 2117 5243 quod
2139 5172 2184 5226 si

595 5282 822 5325 mortuus
846 5270 993 5343 fuerit
1030 5270 1103 5322 vir
1131 5269 1263 5338 ejus,
1294 5267 1500 5322 liberata
1521 5276 1628 5333 est;
1675 5266 1755 5320 cui
1784 5266 1887 5320 vult
1929 5264 2085 5319 nubat
2121 5263 2184 5335 (l

596 5364 715 5418 Cor.
748 5378 839 5431 vn,
862 5362 948 5428 10,
984 5363 1069 5428 ll,
1090 5361 1157 5417 59
1177 5360 1230 5431 );
1263 5361 1339 5415 sic
1369 5359 1766 5429 intelligendum
1795 5358 2086 5424 existimas,
2123 5366 2184 5413 ut

594 5456 641 5510 si
667 5457 746 5510 vir
770 5455 926 5510 fuerit
947 5453 1254 5513 fornicatus.
1285 5469 1382 5523 pro
1405 5462 1615 5506 mortuo
1639 5451 1939 5521 deputetur,
1968 5460 2021 5507 et
2041 5467 2181 5507 uxor

597 5564 697 5619 pro
718 5557 959 5611 mortua;
990 5555 1043 5602 et
1066 5546 1188 5601 ideo
1210 5546 1368 5601 liceat
1400 5544 1619 5599 cuilibet
1665 5544 1893 5608 illorum,
1926 5553 2179 5614 tanquam

664 5663 681 5695 ι
718 5662 855 5722 Editi,
894 5659 1215 5725 ﬂagitantibus
1234 5658 1469 5725 fratribus
1492 5658 1665 5709 nostris
1685 5664 1730 5709 et
1758 5657 2087 5725 nescientibus.
2124 5665 2181 5725 ᾼι

595 5728 705 5792 _M_ss.
730 5719 1115 5792 vocem',_tiostris
1133 5762 1147 5782 ,
1173 5719 1411 5792 eollocmt
1434 5729 1535 5792 post
1557 5756 1570 5779 ,
1596 5728 1641 5770 et
1665 5719 2011 5792 nescientibus;
2051 5728 2105 5792 ut
2131 5722 2180 5770 in

595 5784 684 5847 bis
694 5784 890 5845 quidem
904 5780 1203 5833 domesticos
1236 5791 1285 5831 et
1301 5780 1608 5847 conuictores
1622 5818 1636 5843 ,
1662 5785 1711 5832 in
1731 5780 2050 5847 ﬂagitantibus
2072 5783 2177 5847 [ra-

596 5843 754 5906 trilnis
772 5856 888 5896 vero
909 5852 1173 5897 extraneos
1196 5843 1541 5908 intelligamus.

2297 1236 2419 1297 post
2458 1235 2713 1295 mortem,
2744 1229 2817 1285 ita
2848 1238 2969 1301 post
3006 1229 3411 1289 fornicationem
3446 1233 3658 1305 conjugis
3678 1236 3784 1292 alteri

2295 1320 2550 1389 copulari.

2365 1413 2593 1470 CAPUT
2628 1414 2712 1469 Ill.
2741 1445 2811 1455 -—
2831 1417 2885 1473 5.
2915 1414 3188 1489 Refellitur
3215 1416 3512 1475 Pollentius.
3536 1420 3703 1487 Quibus
3722 1424 3787 1477 tuis

2294 1507 2540 1562 sensibus
2565 1509 2916 1565 consideratis
2935 1552 2951 1579 ,
2983 1512 3079 1567 abs
3114 1520 3166 1569 te
3193 1527 3397 1583 quzero,
3419 1523 3587 1569 utrum
3609 1516 3787 1586 quicum-

2295 1611 2400 1667 que
2428 1596 2641 1654 duxerit
2673 1600 2950 1656 mulierem
2982 1618 3103 1673 qua:
3132 1604 3248 1658 viro
3274 1604 3482 1675 alligata
3505 1620 3612 1661 esse
3632 1606 3790 1661 destite-

2295 1688 2398 1756 rit,
2443 1689 2650 1745 adulter
2692 1689 2967 1747 babendus
3014 1692 3124 1747 sit?
3170 1693 3323 1762 Quod
3352 1694 3444 1749 tibi
3482 1695 3694 1751 existimo
3721 1713 3789 1753 non
3840 1732 3841 1762 ;

2294 1779 2483 1835 videri.
2505 1779 2627 1836 Ideo
2644 1782 2785 1837 enim
2809 1782 2999 1839 mulier
3016 1784 3206 1839 vivente
3222 1786 3330 1839 viro
3347 1785 3592 1839 vocabitur
3608 1787 3790 1852 adultera,

2295 1871 2340 1924 si
2366 1871 2515 1941 [item
2541 1889 2653 1927 cum
2678 1874 2782 1928 alio
2816 1875 2959 1941 viro;
2990 1876 3241 1947 quoniam
3272 1877 3485 1948 alligata
3505 1886 3597 1945 est,
3621 1879 3793 1949 qum-diu

2294 1962 2371 2015 vir
2396 1963 2506 2033 ejus
2537 1964 2675 2019 vivit.
2698 1963 2811 2021 Hoc
2830 1975 3009 2021 autem
3039 1966 3311 2023 vinculum
3345 1968 3391 2023 si
3425 1969 3474 2025 ei
3501 1984 3609 2024 cum
3629 1970 3719 2024 viro
3739 1971 3789 2024 vi-

2295 2065 2452 2109 vente
2498 2071 2603 2111 non
2649 2066 2828 2125 esset,
2874 2058 2991 2114 sine
3032 2058 3144 2114 ullo
3178 2058 3429 2117 adulterii
3468 2061 3664 2118 crimine
3691 2062 3792 2118 alteri

2295 2147 2539 2203 nuberet.
2565 2148 2795 2206 Proinde
2831 2151 2875 2205 si
2902 2151 3113 2221 alligata
3143 2162 3225 2207 est
3262 2152 3513 2223 quamdiu
3542 2154 3614 2209 vir
3632 2154 3722 2224 ejus
3740 2154 3792 2207 vi-

2294 2237 2404 2305 vit,
2434 2239 2581 2295 nullo
2619 2241 2780 2297 modo
2809 2242 2910 2297 nisi
2950 2243 3067 2299 viro
3093 2252 3309 2299 mortuo
3335 2246 3508 2301 soluta
3534 2246 3720 2302 dicenda
3742 2255 3795 2302 est

2294 2328 2363 2384 ab
2392 2329 2492 2387 ltoc
2516 2331 2747 2388 vinculo.
2787 2333 2955 2390 Porro
2985 2334 3035 2391 si
3070 2345 3243 2392 morte
3265 2337 3547 2409 cujuslibet
3570 2353 3719 2395 eorum
3745 2340 3795 2392 in-

2297 2430 2377 2478 ter
2400 2424 2646 2480 maritum
2677 2436 2734 2483 et
2759 2444 2979 2485 uxorem
3008 2427 3111 2485 ltoc
3137 2430 3413 2487 vinculum
3433 2432 3654 2499 solvitur,
3678 2440 3719 2488 ct
3735 2448 3794 2502 pro

2294 2526 2466 2573 morte
2508 2518 2749 2575 habenda
2790 2529 2906 2585 est,
2950 2521 3090 2576 sicut
3132 2521 3305 2592 dicis,
3347 2525 3509 2581 etiam
3562 2524 3792 2588 imitatio,

2294 2610 2480 2681 procul
2518 2611 2682 2668 dubio
2728 2614 2830 2670 erit
2875 2614 2942 2670 ab
2972 2614 3074 2670 hoc
3100 2623 3156 2671 et
3180 2617 3379 2674 mulier
3401 2618 3600 2684 soluta,
3637 2615 3789 2688 quando

2295 2702 2453 2759 fuerit
2475 2703 2752 2761 fornicata.
2779 2704 2961 2778 Neque
2981 2708 3125 2763 enim
3148 2708 3256 2765 dici
3302 2712 3498 2781 poterit
3524 2712 3627 2766 haec
3646 2711 3791 2780 alligata

2294 2793 2443 2862 viro,
2476 2795 2691 2865 quando
2726 2796 2794 2853 ab
2825 2794 2914 2852 illa
2957 2796 3117 2854 fuerit
3145 2800 3227 2854 vir
3251 2800 3483 2858 solutus.
3524 2802 3593 2858 Ac
3623 2815 3698 2871 per
3731 2800 3794 2854 hoc

2296 2893 2640 2957 posteaquam
2682 2886 2995 2943 fornicantlo
3031 2888 3245 2960 alligata
3288 2891 3411 2946 viro
3437 2888 3792 2953 cssedestiterit,

2294 2974 2536 3048 quisquis
2561 2991 2680 3031 eam
2707 2976 2954 3044 duxerit,
2983 2978 3197 3036 adulter
3223 2995 3333 3038 non
3364 2982 3489 3038 erit.

2362 3066 2591 3124 CAPUT
2640 3066 2728 3124 IV.
2753 3098 2825 3110 —
2846 3068 3254 3127 Fornicationent
3296 3090 3393 3145 pro
3430 3084 3583 3130 tmorte
3605 3072 3796 3143 conjttgdil

2294 3158 2549 3213 vinculum
2575 3159 2797 3216 solvente
2831 3161 3106 3233 deputare,
3148 3179 3305 3234 quam
3332 3166 3619 3221 absurdum.
3648 3163 3703 3220 Et
3721 3162 3796 3217 vide

2294 3265 2454 3321 quam
2484 3251 2553 3307 sit
2584 3251 2912 3323 absurdum,
2959 3262 3018 3310 ut
3056 3254 3179 3311 ideo
3222 3270 3334 3313 non
3377 3258 3448 3313 sit
3488 3257 3689 3323 adulter,
3719 3254 3797 3324 quia

2292 3340 2448 3397 duxit
2482 3342 2801 3401 adulteram.
2832 3344 2944 3401 lmo
2969 3359 3129 3415 vero,
3164 3346 3313 3417 quod
3349 3359 3435 3405 est
3462 3345 3795 3406 monstruositts.

2293 3447 2395 3489 nec
2418 3433 2532 3506 ipsa
2561 3435 2757 3491 mulier
2780 3435 2882 3491 crit
2906 3435 3148 3493 adultera
3178 3440 3478 3509 :quoniam
3507 3455 3604 3495 non
3636 3439 3715 3494 erit
3735 3450 3795 3507 pr

2294 3527 2507 3583 steriori
2532 3528 2647 3584 viro
2672 3542 2807 3584 uxor
2833 3528 3039 3597 aliena,
3067 3529 3164 3585 sed
3207 3545 3331 3588 sua.
3369 3531 3554 3588 Soluto
3592 3530 3709 3586 enim
3739 3541 3797 3597 per

2293 3617 2614 3674 adulterium
2659 3619 2836 3689 priore
2857 3620 3123 3691 conjngali
3150 3620 3369 3678 vinculo
3387 3664 3405 3689 ,
3430 3623 3711 3693 cuicumque
3728 3620 3797 3689 jam

2295 3710 2537 3779 nupserit
2564 3710 2845 3782 conjugem
2875 3725 2981 3766 non
3025 3711 3239 3768 habenti
3258 3753 3276 3778 ,
3326 3728 3437 3770 non
3473 3714 3687 3770 adultera
3719 3723 3797 3765 cunt

2293 3801 2538 3858 adultero
2555 3842 2571 3869 ,
2596 3801 2691 3858 sed
2713 3817 2853 3859 uxor
2878 3804 2983 3858 erit
3006 3803 3182 3873 potius
3204 3817 3333 3860 cum
3360 3805 3569 3862 marito.
3592 3800 3797 3873 Quomodo

2292 3907 2422 3965 ergo
2446 3894 2549 3949 erit
2580 3909 2786 3960 verum,
2819 3892 3009 3949 Mulier
3032 3895 3244 3966 alligata
3269 3906 3380 3964 est,
3408 3896 3635 3968 quamdiu
3656 3894 3713 3949 vir
3730 3892 3797 3962 ejus

2291 3985 2451 4039 vivit?
2473 3985 2613 4041 Ecce
2638 3985 2721 4041 vir
2746 3985 2866 4056 ejus
2883 3985 3045 4054 vivit,
3068 3987 3193 4057 quia
3212 4002 3317 4044 nec
3344 3988 3416 4045 de
3438 4003 3650 4062 corpore
3671 3998 3797 4042 exces-

2290 4076 2382 4145 sit,
2408 4091 2510 4133 nce
2535 4076 2823 4133 fornicatus
2848 4087 2932 4134 est
2953 4118 2969 4142 ,
2990 4079 3133 4149 quod
3159 4094 3255 4151 pro
3279 4090 3461 4139 morte
3488 4082 3566 4139 vis
3586 4076 3790 4152 deputari;

2290 4178 2346 4224 et
2366 4177 2542 4225 tamen
2572 4168 2621 4225 ei
2641 4169 2833 4225 mulier
2852 4169 3064 4241 alligata
3085 4171 3197 4242 jam
3226 4188 3339 4230 non
3366 4184 3469 4231 est.
3493 4175 3663 4231 Nonne
3681 4181 3795 4227 auctr

2290 4260 2375 4315 dis
2392 4274 2553 4331 quam
2577 4260 2650 4316 sit
2669 4260 2772 4317 ltoe
2791 4268 2979 4317 contra
3004 4263 3325 4335 Apostolum
3353 4266 3611 4331 dicentem
3628 4308 3643 4333 ,
3670 4263 3795 4319 Milia

2292 4352 2505 4425 alligata
2531 4362 2636 4421 est,
2665 4353 2910 4424 quamdiu
2937 4355 3015 4409 vir
3037 4356 3148 4426 ejus
3175 4356 3296 4412 vivit
3312 4359 3341 4413 2
3362 4359 3447 4415 An
3475 4360 3603 4416 forte
3627 4357 3794 4413 dictum

2289 4460 2350 4502 es
2372 4463 2388 4502 :
2412 4446 2552 4502 Vivit
2574 4447 2812 4518 quidem,
2842 4448 2937 4504 sed
2964 4448 3046 4504 vir
3064 4449 3181 4520 ejus
3197 4450 3315 4521 jam
3339 4468 3447 4508 non
3474 4463 3585 4518 est;
3610 4449 3790 4523 quoniam

2291 4549 2417 4595 tunc
2442 4554 2562 4596 esse
2585 4540 2810 4610 destitit,
2840 4541 3053 4613 quando
3075 4542 3167 4599 illa
3195 4558 3296 4614 per
3319 4545 3629 4602 adulterium
3666 4543 3793 4608 conju-

2290 4631 2409 4702 gale
2436 4632 2704 4687 vinculum
2730 4632 2923 4688 solvit?
2950 4632 3230 4702 Quomodo
3257 4634 3424 4707 igitur
3443 4638 3624 4691 viveme
3645 4634 3727 4688 uno
3745 4646 3795 4681 w-

2290 4724 2484 4778 cabitur
2522 4722 2787 4792 adultera,
2813 4724 2859 4779 si
2882 4724 3035 4794 fuerit
3066 4740 3184 4779 cum
3221 4704 3328 4781 alio
3368 4728 3515 4793 uiro;
3539 4704 3809 4799 quandoque.

2288 4817 2411 4875 dem
2441 4817 2524 4873 vir
2546 4817 2663 4888 ejus
2696 4817 2787 4874 ille
2823 4818 2933 4888 jam
2964 4833 3071 4875 non
3097 4828 3216 4885 est,
3245 4820 3515 4892 eonjugali
3541 4815 3720 4873 vinculo
3741 4824 3797 4879 P“

2288 4910 2525 4967 mulieris
2566 4909 2886 4967 adulterium
2926 4911 3038 4981 jam
3085 4912 3298 4969 soluto?
3337 4912 3456 4983 Quo
3489 4912 3621 4969 enim
3647 4909 3796 4961 vivent»

2288 5003 2426 5069 viro,
2458 5002 2559 5058 nisi
2589 5017 2708 5069 suo,
2737 5002 3016 5059 vocabitur
3039 5003 3314 5071 adultera,
3351 5005 3398 5060 si
3429 5004 3583 5060 fuerit
3608 5013 3707 5056 cum
3726 4994 3794 5046 alio

2288 5096 2442 5152 viro?
2470 5096 2541 5152 At
2565 5096 2612 5152 si
2640 5096 2723 5152 vir
2739 5095 2857 5166 ejus
2879 5111 3003 5153 esse
3024 5097 3114 5153 ille
3133 5097 3244 5168 jam
3275 5097 3520 5163 destitit;
3547 5112 3641 5153 non
3667 5090 3793 5157 utiqm‘

2287 5190 2500 5245 vivente
2527 5188 2643 5245 viro
2681 5188 2956 5245 vocabitur
2982 5187 3219 5245 adultera
3243 5230 3259 5257 ,
3305 5191 3353 5245 si
3398 5188 3557 5245 fuerit
3590 5200 3690 5242 eum
3722 5178 3792 5232 alii

2288 5281 2441 5349 viro;
2488 5282 2583 5338 sed
2624 5282 2827 5339 nullum
2870 5280 3076 5340 habens
3123 5283 3296 5340 virum
3323 5282 3569 5340 nubendo
3597 5277 3683 5336 erit
3708 5285 3789 5329 eum

2286 5389 2387 5430 suo
2410 5375 2545 5430 viro.
2574 5374 2686 5430 Hoc
2726 5374 2813 5445 qui
2855 5375 3036 5444 sentit,
3073 5390 3250 5431 nonne
3276 5375 3456 5431 cernis
3482 5387 3626 5445 quam
3660 5370 3790 5421 contra

2286 5467 2603 5538 Apostolum
2644 5466 2876 5523 sentiat?
2903 5466 3057 5536 Quod
3095 5467 3309 5539 quidem
3354 5482 3460 5522 non
3503 5466 3608 5537 ipse
3644 5452 3789 5515 sentis.

2286 5561 2379 5617 sed
2411 5560 2513 5615 hoc
2546 5561 2786 5631 sequitur
2813 5560 2902 5615 illa
2937 5574 3056 5631 qua:
3108 5561 3292 5615 sentis.
3352 5558 3492 5614 Muta
3537 5566 3649 5624 ergo
3682 5554 3789 5601 πῖθ’

2285 5652 2560 5718 cedentia,
2607 5651 2651 5705 si
2695 5651 2775 5706 vis
2818 5665 3012 5706 cavere
3050 5651 3356 5722 sequentia;
3402 5658 3457 5706 et
3497 5645 3596 5703 noli
3628 5642 3785 5697 dicere.

2286 5753 2550 5798 mortuum
2594 5743 2766 5797 virum
2809 5741 2891 5797 vel
2930 5751 3193 5798 mortuam
3229 5757 3445 5799 uxorem
3481 5739 3577 5796 hoc
3600 5736 3697 5792 loco
3717 5725 3785 5782 de“

2286 5835 2415 5892 bere
2446 5834 2667 5908 intelligi
2690 5833 2852 5893 etiam
2877 5834 3248 5895 fornicantetn.

2858 5944 2933 5963 ⁸*έῦ
2956 5953 2989 5963 ,ρο
3000 5949 3021 5961 1
3392 5947 3419 5960 α
