3880 6284
86 357 169 419 ηδ
1355 341 1551 396 Ltsun
1589 340 1628 396 s

1745 340 1966 401 lNDUS.

140 475 183 529 l.
209 466 552 539 Quamobrem
596 466 881 523 secundum
931 461 1229 518 doctrinam
1276 474 1461 514 sanant
1506 458 1630 515 Mu-

84 568 159 620 lier
184 564 373 633 alligata
409 566 483 614 est
502 600 520 625 ,
546 559 789 630 quamdiu
822 559 1041 629 vircjus
1071 558 1225 622 vivit;
1255 555 1306 611 id
1334 565 1415 611 est
1435 596 1452 622 ,
1497 571 1631 610 non-

88 657 189 713 dum
217 670 244 710 c
271 667 491 723 corpore
517 651 794 707 abscessit.
825 650 1015 705 Mulier
1048 648 1192 706 enim
1224 649 1322 703 sub
1352 650 1459 704 viro
1478 690 1495 716 ,
1524 649 1632 703 vivo

85 750 234 803 marito
247 788 260 811 ,
275 746 453 818 juncta
473 754 549 799 est
568 745 667 816 legi
678 760 698 807 ;
723 743 826 799 hoc
849 752 932 800 est
949 784 966 811 ,
988 744 1040 798 in
1060 757 1294 814 corpore
1314 741 1627 798 constituto.

85 843 133 901 Si
162 846 559 896 ostentatorium
585 837 766 909 fuerit,
799 837 901 892 hoc
920 845 1003 892 est
1027 878 1040 901 ,
1070 836 1138 892 de
1162 850 1390 908 corpore
1415 834 1628 899 exierit,

82 942 277 990 evacuate
301 939 369 986 est
396 946 429 983 α
454 929 571 1001 lege
595 930 708 985 viri.
744 928 915 1001 Igitur
948 931 1139 983 vivente
1177 929 1284 983 viro
1309 970 1323 991 ,
1371 928 1631 983 vocabitur

81 1027 286 1088 adultera,
315 1023 359 1077 si
384 1022 544 1094 fuerit
570 1038 685 1075 cum
711 1021 815 1075 alio
835 1022 961 1076 viro.
989 1020 1052 1077 Si
1076 1029 1247 1075 autem
1272 1032 1501 1075 mortuus
1520 1024 1633 1091 fue-

83 1122 131 1173 rit
154 1118 215 1171 vir
236 1116 365 1189 ejus,
398 1115 618 1169 liberata
644 1123 715 1169 est
742 1130 775 1167 a
804 1113 916 1185 lege
957 1114 997 1179 ¹,
1046 1123 1102 1168 ut
1132 1130 1235 1168 non
1269 1114 1333 1169 sit
1356 1114 1592 1168 adultera
1610 1153 1627 1180 ,

82 1215 113 1267 si
139 1210 265 1283 fuerit
297 1224 409 1262 cum
446 1208 556 1261 alia
592 1209 699 1262 viro
725 1206 906 1279 (Rom.
923 1222 994 1261 vn
1014 1247 1029 1273 ,
1066 1206 1103 1260 2
1130 1216 1175 1261 et
1204 1207 1281 1277 '5).
1320 1205 1446 1262 Ηωο
1468 1205 1630 1262 verba

87 1304 277 1375 Λμοςιοιὶ
307 1301 462 1357 toties
488 1300 718 1370 repetita
737 1342 754 1367 ,
786 1299 942 1355 toties
977 1299 1243 1355 inculcata
1262 1341 1278 1368 ,
1308 1314 1431 1354 vera
1465 1306 1626 1367 sunt,

86 1397 173 1449 κίνει
194 1401 315 1458 sunt,
342 1406 477 1447 sana
516 1400 682 1459 sunt,
714 1392 871 1461 plana
896 1400 1039 1447 sunt.
1068 1389 1280 1448 Nullius
1304 1390 1405 1447 viri
1440 1401 1624 1461 poste-

95 1486 215 1540 ruitis
236 1483 413 1539 mulier
439 1498 585 1539 uxor
608 1497 730 1538 esse
750 1482 970 1553 incipit,
995 1482 1097 1538 nisi
1118 1482 1312 1553 prioris
1338 1497 1459 1539 esse
1487 1481 1630 1538 desi-

93 1581 206 1631 writ.
238 1576 360 1631 Esse
380 1584 570 1630 autem
601 1574 813 1631 desinet
842 1589 976 1629 uxor
1005 1574 1198 1646 prioris
1220 1616 1237 1641 ,
1281 1575 1329 1630 si
1371 1575 1630 1636 moriatur

86 1670 148 1724 vir
165 1668 292 1738 ejus;
330 1681 440 1721 non
479 1666 528 1721 si
562 1665 877 1723 fornicetur.
921 1665 1091 1722 Licite
1133 1665 1314 1737 itaque
1343 1666 1631 1721 dimittitur

80 1760 235 1829 coniux
259 1758 324 1814 ob
346 1773 569 1813 causam
595 1757 996 1824 fornicationis;
1025 1756 1121 1813 sed
1147 1766 1328 1813 manet
1353 1757 1629 1814 vinculum

18 1902 25 1905 γ
81 1852 261 1923 prioris,
288 1859 507 1922 propter
532 1850 682 1922 quod
710 1850 769 1905 fit
796 1865 922 1906 reus
942 1849 1209 1917 adulterii,
1234 1850 1327 1921 qui
1347 1849 1626 1906 dimissam

78 1946 247 2003 duxerit
271 1948 429 2001 etiam
457 1946 531 2002 ob
562 1960 785 2001 causam
810 1944 1200 2000 fornicationis.

132 2036 323 2095 CAPUT
350 2036 421 2093 γ.
453 2037 790 2109 —Conjugii
818 2036 1075 2092 vinculum
1104 2044 1263 2090 morte
1284 2035 1497 2101 resolvi,
1527 2051 1631 2090 non
1665 2046 1669 2051 ·

79 2132 548 2201 autemfornicatione
568 2140 618 2186 et
649 2129 967 2202 separatione
994 2129 1290 2201 conjugum.
1318 2128 1467 2184 Sicut
1484 2127 1630 2184 enim

82 2223 363 2280 "clientela
408 2238 471 2280 se
508 2223 868 2279 Sacramento
913 2221 1369 2293 regenerationis,
1410 2235 1630 2277 excom-

82 2316 334 2372 municatur
373 2316 699 2387 cujusquam
729 2330 855 2372 reus
883 2314 1156 2380 criminis,
1189 2330 1288 2370 nec
1317 2313 1632 2371 illo-Sacra-

84 2418 228 2465 mento
247 2416 409 2476 caret,
438 2408 660 2464 etiamsi
687 2422 957 2479 nunquam
977 2407 1353 2464 reconcilietur
1381 2407 1491 2463 Deo
1519 2405 1632 2463 :ita

83 2506 286 2557 manente
304 2500 356 2556 in
375 2515 436 2556 se
452 2499 675 2555 vinculo
689 2498 908 2556 hederis
923 2497 1042 2569 conj
1050 2498 1234 2570 ugalis,
1252 2513 1391 2555 uxor
1406 2497 1630 2554 dimitti-

86 2591 442 2649 turohcausam
464 2591 840 2649 fornicationis
858 2632 874 2658 ,
897 2606 999 2647 nec
1021 2591 1224 2648 carebit
1264 2591 1355 2646 illo
1386 2591 1624 2659 vinculo,

84 2684 251 2740 euautsi
281 2700 550 2757 nunquam
580 2684 960 2740 reconcilietur
997 2684 1147 2751 viro;
1175 2684 1379 2740 carebit
1414 2693 1626 2753 autem,

88 2774 120 2828 si
140 2784 354 2832 mortuus
378 2775 543 2833 fuerit
569 2776 656 2832 vir
678 2778 815 2847 ejus.
859 2774 1004 2833 Reus
1041 2791 1169 2833 vero
1196 2776 1634 2833 excommunica-

89 2876 149 2922 tus
164 2867 267 2923 ideo
291 2884 560 2940 nunquam
582 2868 791 2925 carebit
813 2868 1232 2940 regenerationis
1262 2868 1631 2935 Sacramento,

87 2960 210 3015 etiam
234 2976 329 3016 non
359 2962 746 3019 reconciliatus
766 3004 783 3031 ,
813 2962 1066 3034 quoniam
1097 2978 1369 3033 nunquam
1401 2961 1633 3018 moritur

90 3050 213 3106 Deus.
239 3053 492 3111 Remanet
530 3054 715 3126 itaque
753 3064 844 3123 ut,
876 3056 923 3111 si
950 3069 1139 3126 sapere
1164 3053 1458 3110 secundum
1488 3054 1635 3125 Apo-

88 3145 242 3201 stolum
266 3147 544 3217 volumus,
576 3164 686 3205 non
716 3148 957 3205 dicamus
990 3147 1164 3204 virum
1203 3147 1505 3203 adulterum
1536 3161 1634 3217 pro

94 3248 262 3297 mortuo
291 3242 656 3314 deputandum
676 3283 692 3308 ,
728 3250 783 3298 et
820 3240 941 3297 ideo
970 3240 1134 3297 licere
1161 3239 1312 3295 uxori
1338 3238 1455 3310 ejus
1479 3238 1634 3295 alteri

92 3335 268 3393 nubere.
304 3338 559 3407 Quamvis
608 3337 752 3394 enim
800 3336 872 3393 sit
919 3350 1066 3391 mors
1118 3333 1477 3399 adulterium,
1526 3347 1633 3389 non

94 3430 317 3497 corporis,
343 3430 436 3486 sed
465 3428 615 3502 quod
652 3428 804 3500 pejus
832 3436 915 3484 est
933 3467 948 3494 ,
975 3427 1168 3482 animae
1196 3442 1209 3480 :
1239 3440 1346 3481 non
1374 3434 1555 3481 tamen
1577 3434 1634 3482 et

97 3518 147 3575 de
168 3520 251 3577 ista
273 3524 292 3555 ³
318 3533 509 3591 morte,
538 3522 858 3593 loquebatur
883 3521 1172 3592 Apostolus
1191 3560 1206 3587 ,
1234 3535 1358 3576 cum
1384 3519 1632 3591 dicebat,

102 3612 216 3677 Quod
232 3617 272 3670 si
292 3628 513 3672 mortuus
538 3617 696 3689 fuerit
715 3616 792 3670 vir
818 3616 928 3686 ejus
945 3656 960 3681 ,
989 3615 1072 3669 cui
1100 3613 1207 3669 vult
1234 3615 1421 3679 nubat;
1447 3613 1545 3670 sed
1567 3613 1637 3671 de

98 3705 163 3761 illa
181 3709 275 3763 sola
302 3726 397 3779 qua
419 3710 488 3767 de
520 3724 753 3781 corpore
787 3708 988 3765 exitur.
1017 3708 1281 3777 Quoniam
1310 3708 1355 3763 si
1380 3722 1478 3779 per
1503 3721 1636 3764 con-

97 3795 201 3866 jugis
220 3800 520 3858 adulterium
544 3800 826 3873 conjugale
850 3800 1074 3857 solvitur
1114 3800 1382 3857 vinculum
1405 3841 1420 3868 ,
1451 3799 1635 3872 sequi-

100 3897 163 3943 tur
183 3892 255 3947 illa
284 3897 606 3964 perversitas
627 3938 643 3963 ,
665 3910 825 3967 quam
850 3894 1144 3951 cavendam
1174 3910 1295 3952 esse
1314 3894 1633 3963 monstravi,

102 3994 143 4036 ut
163 3994 207 4039 et
228 3988 403 4044 mulier
428 4006 524 4061 per
552 3989 937 4060 impudicitiam
963 3987 1199 4044 solvatur
1226 3987 1331 4044 hoc
1370 3987 1584 4044 vinculo
1614 4002 1630 4042 :

101 4088 190 4141 qua:
213 4077 250 4131 si
272 4080 499 4149 solvitur,
534 4082 704 4137 libera
728 4082 881 4140 erita
904 4081 1023 4153 lege
1047 4081 1181 4149 viri;
1212 4090 1270 4137 et
1300 4080 1422 4137 ideo
1440 4121 1459 4149 ,
1488 4079 1634 4152 quod

104 4163 478 4238 insipientissime
526 4174 743 4239 dicitur,
790 4189 896 4230 non
949 4174 1055 4231 erit
1101 4173 1344 4229 adultera
1388 4173 1435 4229 si
1478 4173 1638 4230 fuerit

105 4269 197 4311 cum
231 4262 323 4318 alio
347 4266 495 4334 viro,
538 4267 661 4337 quia
710 4281 805 4337 per
843 4265 1165 4322 adulterium
1209 4250 1432 4321 liberata
1479 4272 1566 4321 est
1604 4278 1636 4320 a

109 4358 245 4422 priore
269 4361 387 4413 viro.
412 4360 566 4429 Quod
594 4361 638 4415 si
670 4360 741 4415 ita
763 4369 847 4415 est
873 4374 904 4414 a
926 4359 1148 4415 veritate
1171 4358 1383 4415 devium
1402 4399 1417 4427 ,
1441 4367 1499 4414 ut
1518 4358 1640 4414 nul-

109 4445 169 4501 lus
189 4449 247 4518 id,
272 4468 367 4506 non
391 4452 511 4506 dico
531 4450 884 4517 christianos,
914 4449 1009 4505 sed
1040 4449 1306 4505 humanus
1329 4463 1518 4506 sensus
1542 4449 1642 4505 ad-

109 4538 269 4606 mittat;
306 4544 535 4613 profecto
563 4543 744 4597 mulier
783 4542 994 4614 alligata
1019 4551 1093 4598 est
1110 4583 1127 4611 ,
1158 4541 1400 4612 quamdiu
1426 4542 1501 4596 vir
1525 4542 1639 4614 ejus

112 4629 230 4685 urit:
258 4635 384 4704 quod
412 4646 469 4691 ut
512 4635 750 4707 apertius
773 4635 947 4691 dicam
971 4677 985 4702 ,
1015 4635 1270 4706 quamdiu
1313 4635 1395 4691 vir
1419 4635 1539 4706 ejus
1582 4635 1640 4692 in

116 4736 288 4794 corpore
328 4740 422 4785 est.
468 4731 589 4786 Pari
633 4744 762 4801 ergo
806 4728 974 4791 forma
1027 4739 1081 4785 et
1117 4730 1200 4785 vir
1237 4729 1480 4800 alligatus
1523 4738 1637 4797 est,

116 4821 312 4882 quamdiu
338 4824 523 4881 mulier
552 4824 667 4895 ejus
696 4824 747 4879 in
769 4838 996 4894 corpore
1019 4832 1121 4879 est.
1153 4821 1307 4880 Unde
1336 4823 1379 4877 si
1419 4822 1530 4878 vult
1558 4823 1641 4879 di-

121 4910 284 4969 mittere
310 4916 594 4974 adulteram
620 4961 636 4986 ,
669 4933 775 4973 non
805 4916 965 4974 ducat
991 4917 1212 4973 alteram
1234 4959 1251 4985 ,
1293 4932 1361 4973 ne
1399 4917 1542 4989 quod
1585 4918 1641 4974 in

120 4998 183 5054 illa
207 5008 389 5077 culpat,
421 5013 533 5083 ipse
556 5012 875 5068 committat.
911 5010 1168 5067 Similiter
1195 5020 1250 5067 et
1276 5011 1465 5066 mulier
1489 5011 1532 5066 si
1559 5010 1643 5066 di-

124 5092 247 5150 mittit
278 5101 593 5172 adulterum,
634 5120 740 5160 non
763 5104 865 5160 sibi
893 5104 1107 5175 copulet
1130 5104 1355 5160 alterum
1387 5123 1401 5159 :
1429 5105 1638 5175 alligata

124 5196 185 5237 est
206 5194 341 5257 enim,
367 5198 609 5266 quamdiu
638 5198 719 5253 vir
744 5198 860 5268 ejus
887 5198 1048 5262 vivit;
1079 5212 1179 5254 nec
1206 5213 1236 5253 a
1262 5199 1379 5269 lege
1403 5197 1503 5254 viri
1537 5198 1641 5254 nisi

130 5284 277 5335 mortui
312 5286 567 5359 liberatur,
600 5300 658 5346 ut
683 5307 790 5346 non
816 5291 886 5345 sit
909 5290 1151 5347 adultera
1172 5330 1187 5358 ,
1226 5291 1272 5347 si
1314 5291 1474 5347 fuerit
1514 5306 1639 5348 cum

130 5367 208 5423 alio
228 5374 341 5431 viro.

183 5462 366 5525 CAPUT
393 5474 469 5529 Vl.
488 5507 557 5517 -α
597 5477 651 5532 5.
690 5476 1054 5533 Reconciliatio
1075 5486 1184 5550 post
1200 5479 1504 5535 adulterium
1524 5497 1642 5536 cum

134 5557 299 5629 conjuge
322 5568 618 5637 resipiscente
644 5588 796 5642 quam
820 5573 1115 5627 conveniens
1141 5574 1435 5629 christiano.
1481 5575 1634 5643 Quod

140 5688 529 5813 ligata
543 5711 613 5757 est
636 5719 666 5755 a
686 5703 788 5770 lege
806 5706 918 5758 viii.
943 5715 1061 5768 Vox,
1080 5706 1190 5769 viri,
1210 5708 1302 5760 hoc
1325 5710 1430 5762 loco
1451 5724 1546 5761 non
1567 5724 1645 5764 re-

188 5812 204 5843 ⁸
229 5816 289 5868 δὶα
492 5835 599 5882 uss.
624 5838 680 5886 At
701 5830 838 5896 editi,
860 5842 955 5883 non
971 5838 1129 5885 tamen
1153 5833 1214 5885 de
1235 5832 1348 5888 ista.

3229 347 3334 413 4Ὶῶ

1738 465 1916 511 autem
1952 457 2043 512 tibi
2070 458 2260 515 durum
2283 461 2509 528 videtur,
2540 470 2596 517 ut
2626 470 2745 532 post
2768 464 3089 524 adulterium
3131 484 3324 527 recon-

1737 552 1948 608 cilietur
1971 553 2182 625 coniugi
2221 555 2448 624 conjux;
2491 556 2535 610 si
2579 557 2714 614 fides
2756 558 2926 626 adsit,
2961 576 3065 616 non
3092 562 3194 618 erit
3219 562 3324 619 du-

1738 658 1877 698 rum.
1909 644 2016 699 Cur
2034 645 2176 699 enim
2202 645 2375 702 adhuc
2399 647 2719 719 deputamus
2748 649 3020 708 adulteros
3039 695 3054 721 ,
3085 668 3221 725 quos
3243 654 3330 712 vel

1738 736 2062 807 Baptismate
2087 740 2296 797 ablutos
2313 782 2328 807 ,
2359 742 2443 797 vel
2472 744 2783 813 poenitentia
2809 739 3081 802 credimus
3099 763 3220 805 esse
3240 764 3328 805 sa-

1743 830 1930 884 natos?
1952 830 2079 885 Haec
2102 832 2326 889 crimina
2356 832 2410 889 in
2448 843 2631 891 vetere
2655 836 2752 892 Dei
2777 837 2895 909 lege
2932 839 3091 894 nullis
3118 841 3323 898 sacriﬁ-

1739 923 1837 978 ciis
1869 925 2290 996 mandabantur,
2341 944 2461 999 qua:
2516 928 2651 985 Novi
2698 930 3027 987 Testamenti
3068 935 3329 1005 sanguine

1737 1018 1853 1073 sine
1879 1018 2209 1076 dubitatione
2234 1021 2555 1077 mundantur
2577 1023 2593 1054 ¹
2618 1041 2631 1078 :
2656 1032 2710 1079 et
2730 1023 2849 1079 ideo
2868 1032 2991 1079 tunc
3007 1026 3151 1081 omni
3169 1027 3331 1083 modo

1737 1112 2061 1183 prohibitum
2091 1123 2174 1169 est
2216 1113 2285 1169 ab
2312 1115 2417 1170 alio
2456 1117 2873 1172 contaminatam
2918 1118 3037 1174 viro
3084 1121 3325 1191 recipere

1725 1220 1995 1296 ‘uxorem;
2039 1208 2283 1278 quamvis
2311 1208 2479 1264 David
2505 1207 2680 1266 Saulis
2725 1209 2924 1277 tiliam,
2971 1228 3131 1283 quam
3178 1224 3329 1284 pater

1736 1297 1977 1368 ejusdem
2028 1299 2270 1355 mulieris
2308 1299 2377 1355 ah
2414 1315 2481 1357 eo
2523 1311 2827 1372 separatam
2874 1303 3097 1359 dederat
3140 1304 3327 1372 alteri,

1736 1398 1985 1461 tanquam
2012 1390 2146 1447 Novi
2186 1391 2513 1448 Testamenti
2560 1395 2929 1465 prmﬁgurator
2953 1394 3069 1451 sine
3109 1404 3329 1451 cuncta-

1736 1482 1881 1537 tione
1908 1482 2169 1553 receperit
2198 1483 2264 1555 (Il
2286 1482 2415 1555 Reg.
2444 1499 2535 1551 ιιι,
2565 1485 2654 1557 li)
2689 1504 2702 1540 :
2739 1488 2878 1541 nunc
2902 1495 3080 1541 autem
3112 1496 3326 1557 postea-

1735 1589 1895 1644 quam
1938 1573 2181 1630 Christus
2222 1575 2295 1629 ait
2340 1575 2631 1643 adulterae,
2682 1575 2791 1630 Nec
2830 1594 2922 1648 ego
2965 1586 3012 1633 te
3037 1578 3327 1645 damnabo;

1736 1666 1894 1733 vade,
1927 1666 2305 1737 deinceps‘noli
2342 1683 2582 1738 peccare;
2624 1669 2742 1738 quis
2787 1685 2894 1724 non
2934 1670 3190 1741 intelligat
3229 1669 3329 1727 de-

1736 1757 1865 1814 bere
1904 1758 2178 1829 ignoscere
2206 1760 2454 1815 maritum
2480 1802 2497 1827 ,
2526 1759 2669 1831 quod
2712 1761 2858 1816 videt
2902 1761 3168 1832 ignovisse
3212 1762 3325 1818 Do-

1736 1850 1938 1927 minum
1966 1850 2277 1919 amborum,
2314 1866 2414 1906 nec
2437 1851 2547 1921 jam
2587 1866 2647 1907 se
2680 1852 2879 1908 debere
2919 1853 3214 1909 adulteram
3241 1854 3323 1909 di-

1735 1958 1882 2010 cere,
1910 1944 2064 2014 cujus
2106 1945 2417 2016 paenitentis
2445 1944 2649 2002 crimen
2687 1944 2872 2003 divina
2899 1946 3072 2004 credit
3100 1947 3324 2004 misera-

1737 2035 1881 2091 tione
1902 2034 2177 2091 deletum?

1806 2127 2033 2184 CAPUT
2072 2127 2185 2184 VII.
2205 2159 2278 2169 —
2298 2128 2351 2185 6.
2382 2128 2560 2184 Mariti
2579 2131 2837 2186 swvientes
2860 2131 2913 2185 in
2933 2146 3116 2185 uxores
3134 2130 3328 2185 adulte-

1735 2238 1842 2289 ras,
1866 2238 1981 2275 cum
2010 2221 2108 2276 sint
2131 2232 2179 2277 et
2197 2221 2297 2294 ipsi
2316 2222 2552 2278 adulteri.
2579 2222 2685 2280 Sed
2714 2222 2818 2278 hoc
2846 2223 3094 2279 videlicet
3125 2223 3321 2280 inlide-

1735 2313 1864 2369 lium
1914 2329 2103 2370 sensus
2143 2316 2425 2383 exhorret,
2457 2313 2528 2373 ita
2560 2325 2620 2372 ut
2660 2317 2897 2373 nonnulli
2942 2318 3167 2374 modica:
3196 2317 3323 2375 fidei

1736 2406 1822 2463 vel
1853 2407 2028 2477 potius
2065 2407 2266 2464 inimici
2294 2423 2437 2464 vera:
2482 2407 2606 2464 lidei
2626 2451 2640 2476 ,
2670 2409 2834 2465 credo
2856 2418 3153 2466 metuentes
3192 2425 3324 2481 pec-

1735 2500 1896 2556 candi
1941 2501 2312 2571 impunitatem
2358 2500 2475 2557 dari
2523 2501 2834 2559 mulieribus
2859 2503 2999 2571 suis,
3032 2501 3161 2558 illud
3185 2502 3330 2574 quod

1736 2591 1805 2648 de
1828 2591 2087 2648 adulterae
2114 2592 2437 2665 indulgentia
2464 2593 2725 2649 Dominus
2752 2592 2878 2649 fecit
2897 2635 2913 2661 ,
2945 2592 3220 2650 auferrent
3255 2594 3325 2650 de

1737 2683 2011 2742 codicibus
2041 2685 2152 2741 suis
2177 2684 2257 2760 (a)
2284 2704 2296 2740 :
2325 2688 2476 2757 quasi
2509 2687 2913 2757 permissionem
2942 2688 3199 2758 peccandi
3228 2689 3327 2744 tri-

1737 2778 1913 2834 buerit
1940 2780 2030 2849 qui
2060 2779 2227 2845 dixit,
2250 2777 2373 2835 Iam
2398 2780 2632 2851 deinceps
2657 2781 2764 2835 noli
2798 2797 3039 2852 peccare;
3070 2789 3162 2836 aut
3205 2780 3330 2838 ideo

1737 2884 1845 2927 non
1884 2871 2128 2928 debuerit
2152 2872 2343 2929 mulier
2368 2886 2400 2927 a
2438 2870 2646 2929 medico
2688 2871 2798 2929 Deo
2824 2872 2965 2928 illius
2993 2872 3200 2943 peccati
3240 2888 3328 2930 re-

1737 2965 1991 3022 missione
2017 2965 2225 3031 sanari,
2247 2981 2314 3020 ne
2334 2964 2733 3021 oll‘enderentur
2753 2965 2943 3020 insani.
2974 2965 3157 3035 Neque
3177 2966 3325 3022 enim

1737 3058 1928 3129 quibus
1957 3057 2085 3113 illud
2108 3057 2303 3113 factum
2325 3057 2537 3113 Domini
2559 3057 2823 3125 displicet,
2848 3056 2946 3127 ipsi
2971 3056 3148 3128 pudici
3177 3067 3325 3123 sunt,

1738 3160 1793 3206 et
1818 3165 1913 3207 eos
1946 3165 2169 3207 severos
2203 3140 2418 3205 castitas
2444 3148 2569 3204 facit
2601 3166 2614 3203 :
2646 3147 2739 3204 sed
2766 3148 2944 3218 potius
2974 3164 3037 3203 ex
3070 3147 3162 3202 illo
3199 3157 3329 3204 sunt

1739 3240 2012 3297 hominum
2061 3256 2323 3310 numero,
2367 3241 2559 3313 quibus
2608 3240 2864 3296 Dominus
2910 3241 3019 3309 ait,
3069 3240 3171 3307 Qui
3215 3242 3326 3296 sine

1740 3342 1942 3404 peccato
1981 3342 2053 3387 est
2084 3344 2334 3399 vestrum,
2364 3333 2504 3404 prior
2526 3332 2579 3386 in
2608 3349 2720 3387 eam
2749 3331 2971 3403 lapident
2985 3333 3172 3404 jaeiat.
3204 3331 3325 3389 Nisi

1739 3425 1880 3496 quod
1909 3424 1984 3480 illi
2014 3424 2337 3480 conscientia
2370 3425 2539 3480 territi
2586 3433 2963 3490 recesserunt,
3012 3435 3068 3480 ct
3110 3416 3319 3481 tentare

1739 3515 2010 3572 Christum
2032 3526 2190 3587 atque
2210 3516 2505 3572 adulteram
2527 3517 2771 3587 persequi
2792 3516 3118 3573 destiterunt
3140 3516 3195 3590 (J
3201 3534 3322 3572 oon.

1738 3625 1860 3678 vin,
1885 3610 2069 3683 7-H);
2097 3610 2185 3667 isti
2206 3618 2384 3667 autem
2409 3618 2464 3667 et
2496 3610 2683 3684 aegroti
2719 3608 2987 3667 medicum
3028 3609 3327 3683 reprehen-

1739 3711 1902 3779 dunt,
1931 3722 1985 3768 et
2010 3712 2061 3767 in
2088 3711 2355 3767 adulteras
2385 3710 2613 3768 adulteri
2651 3711 2879 3767 saeviunt
2917 3728 2931 3764 :
2960 3711 3151 3781 quibus
3170 3708 3216 3765 si
3240 3709 3331 3764 di-

1740 3812 1971 3869 ceretur,
2018 3818 2128 3859 non
2168 3802 2308 3874 quod
2351 3802 2427 3858 illi
2473 3802 2788 3868 audierunt,
2834 3801 2935 3869 Qui
2979 3802 3088 3856 sine
3127 3809 3331 3872 peccato

1740 3897 1988 3969 est;quis
2013 3896 2155 3951 enim
2182 3895 2300 3951 sine
2326 3895 2587 3965 peccato?
2617 3894 2711 3951 sed
2731 3936 2747 3962 ,
2778 3894 2879 3963 Qui
2916 3894 3033 3949 sine
3066 3894 3170 3949 isto
3201 3908 3331 3964 pec-

1740 3997 1862 4044 cato
1887 3998 1971 4044 est
1993 4029 2009 4055 ,
2050 3988 2190 4059 prior
2217 3988 2270 4042 in
2292 3988 2435 4043 illam
2454 3987 2677 4057 lapidem
2698 3988 2899 4051 mittat;
2933 3995 3042 4041 tum
3066 4002 3193 4041 vero
3218 3987 3331 4042 for-

1743 4082 1879 4138 sitan
1915 4081 2243 4153 cogitarent,
2283 4080 2375 4152 qui
2413 4080 2825 4151 indignabantur
2858 4079 3001 4150 quod
3029 4079 3331 4136 adulteram

1742 4187 1849 4229 non
1875 4172 2220 4239 occiderent,
2260 4179 2455 4243 quanta
2485 4172 2591 4229 illis
2617 4170 2713 4228 Dei
2738 4170 3107 4228 misericordia
3133 4185 3323 4243 parce-

1742 4272 1909 4326 retur.
1939 4272 1998 4318 ut
2023 4262 2249 4318 adulteri
2277 4263 2543 4319 viverent.

1811 4355 2039 4415 CAPUT
2070 4356 2204 4413 Vill.
2238 4358 2386 4414 —7.
2432 4356 2542 4413 Viri
2583 4357 2802 4413 adulteri
2847 4358 3051 4431 gravius
3090 4357 3334 4429 puniendi

1741 4471 1895 4528 quant
1930 4452 2175 4509 adulteria
2216 4467 2418 4508 uxores.
2444 4448 2554 4507 Lex
2578 4450 2822 4507 Antonini
2844 4493 2861 4521 ,
2888 4451 3021 4507 viros
3048 4449 3332 4523 impudicos

1810 4637 1826 4668 ι
1861 4636 1934 4685 Sic
1958 4632 2108 4684 editio
2125 4638 2202 4683 Er.
2227 4633 2409 4684 nostris
2444 4632 2510 4682 ibi
2537 4629 2785 4693 plerisque
2820 4629 3181 4693 aemeliorihus
3220 4635 3331 4693 atss.

1744 4698 2073 4759 consentiens.
2096 4702 2293 4759 ALLOVq
2313 4707 2423 4759 qua;
2445 4690 2560 4744 Novi
2579 4690 2856 4744 Testainenti
2869 4691 2919 4742 in
2936 4690 3167 4756 sanguine
3189 4690 3333 4743 Citri-

1744 4760 1806 4812 sti
1825 4759 1928 4810 sine
1950 4758 2242 4809 dubitatiwe
2262 4755 2574 4809 "tunduntur.

1808 4842 1882 4904 (a)
1916 4848 1967 4891 In
1999 4842 2173 4904 graecis
2197 4839 2444 4904 plerisque
2478 4836 2842 4904 exemplaribus
2864 4850 2959 4904 non
2982 4835 3243 4904 legebatur
3266 4836 3339 4887 hi-

1746 4899 1894 4956 Storia
1914 4904 1979 4954 de
2001 4899 2220 4953 adultera
2244 4899 2470 4964 muliere.
2498 4902 2606 4964 Ejus
2626 4899 2757 4964 nulla
2790 4901 2993 4964 menti0__
3017 4899 3066 4947 in
3088 4912 3337 4964 commen-

1746 4969 1882 5019 tariis
1917 4966 2233 5036 (thrysostpmi
2259 4971 2312 5036 et
2339 4961 2678 5036 'rheOphvlaui
2701 4963 2748 5035 in
2769 4961 3082 5036 Evangelia]!!!
3105 4962 3333 5036 Joannis:

1747 5030 1943 5080 tametsi
1965 5022 2077 5075 alibi
2099 5022 2489 5088 chrysostomus;
2501 5022 2686 5088 scilicet
2709 5026 2757 5088 in
2781 5022 2975 5088 homilia
2996 5023 3086 5083 60,
3127 5038 3235 5088 eam
3260 5024 3337 5073 hi-

1747 5092 1943 5141 storiam
1961 5085 2205 5151 agnoscat
2227 5089 2559 5151 Hieronymus,
2581 5088 2627 5151 in
2652 5085 2843 5151 dialogo
2865 5087 3101 5137 adversus
3117 5086 3337 5151 Pelagia-

1748 5166 1839 5204 nos
1858 5146 2071 5201 securido
2090 5185 2104 5209 ,
2128 5150 2350 5199 meminit
2371 5146 2499 5198 illius
2521 5146 2569 5199 in
2594 5149 2697 5199 haec
2720 5146 2903 5199 verba:
2940 5167 2959 5193 α
2984 5154 3031 5195 In
3057 5146 3333 5210 Evangelia,

1757 5233 1781 5263 α
1802 5216 1885 5273 ait,
1909 5213 2175 5263 secundum
2198 5219 2429 5261 Joannem
2452 5214 2500 5261 iu
2536 5211 2703 5274 multis
2732 5219 2785 5262 et
2821 5212 2994 5274 grauis
3012 5217 3063 5259 et
3080 5209 3241 5259 latinis
3256 5222 3338 5257 co-

1757 5296 1781 5326 ι
1801 5277 1987 5327 dicibus
2008 5276 2251 5325 invenitur
2272 5274 2336 5323 de
2357 5274 2577 5325 adultera
2610 5273 2839 5323 muliere
2857 5285 2967 5336 quae
2986 5279 3225 5336 accusata
3261 5277 3339 5336 est

1758 5358 1781 5387 α
1802 5338 2215 5403 apud_t_)om_im_tm.
2241 5354 2263 5381 »
2287 5338 2521 5403 Eusebius
2552 5331 3249 5403 Caesariensis,'licclcsiastig_e_
3264 5331 3338 5379 hi~

1750 5393 1912 5452 Storia:
1935 5400 2019 5449 lib.
2044 5401 2101 5456 5,
2126 5400 2250 5449 hanc
2282 5399 2347 5449 de
2384 5398 2602 5449 adultera
2642 5399 2884 5449 historiam
2922 5397 3091 5444 Joanni
3128 5393 3338 5442 additam

1750 5465 1865 5516 dicit
1895 5477 1960 5513 ex
1999 5460 2257 5526 Evangelio
2290 5463 2419 5526 quod
2464 5462 2737 5526 inscribitur
2780 5456 3045 5526 secundum
3086 5456 3317 5526 Hebraeos

1752 5514 1873 5576 Fieri
1914 5527 2068 5589 potuit
2091 5514 2253 5589 tamen
2276 5514 2405 5589 quod
2445 5524 2736 5589 augustinus
2764 5521 3070 5589 suspicatur,
3107 5523 3181 5589 ἰιιΔ
3206 5514 3337 5589 quod

1751 5576 1958 5652 primum
1989 5588 2039 5637 in
2063 5588 2270 5652 _Joannis
2292 5576 2561 5652 verioribus
2584 5576 3341 5652 exemplaribus_exstabat,'

1752 5636 1957 5700 {nactum
1979 5636 2042 5701 sit
2062 5650 2307 5699 hominum
2328 5648 2703 5709 imprudentium
2716 5636 3027 5709 t'elneritate,
3074 5654 3139 5689 ne
3161 5636 3339 5709 mulie-

1752 5699 1892 5762 ribus
1911 5699 2168 5775 adulteris,
2195 5714 2242 5760 in
2265 5699 2545 5775 quas'erant
2564 5708 2843 5775 severiores
2863 5703 3125 5775 saeculares
3160 5699 3306 5763 leges
3319 5734 3338 5763 ,

1753 5776 1985 5836 peccandi
2027 5763 2223 5828 licentia
2257 5763 2307 5825 ei
2352 5772 2608 5835 impunitas
2651 5770 2701 5819 in
2739 5763 3000 5826 Evangelia
3043 5766 3155 5818 data
3198 5777 3338 5828 pun-
