3880 6284
636 367 742 425 479

635 482 780 554 quod
809 495 950 537 nunc
990 488 1092 536 est.
1143 477 1219 533 De
1243 493 1349 547 quo
1393 487 1630 546 tempore
1674 474 1960 543 Apostolus
1997 473 2225 542 loquens

636 575 712 629 ait
736 592 748 628 :
783 572 858 627 De
882 582 1081 636 caetero,
1113 570 1316 639 fratres,
1349 577 1542 637 tempus
1569 568 1710 621 breve
1734 575 1806 620 est
1826 581 1848 627 ,'
1875 565 2120 634 reliquum
2146 570 2221 618 est

636 675 692 719 ut
731 674 776 718 et
819 663 903 734 qui
949 661 1130 715 habent
1174 676 1377 727 uxores,
1423 667 1660 726 tauquant
1703 673 1805 711 non
1846 655 2084 710 [tabentes
2124 655 2227 709 sint

639 759 682 828 (l
715 757 834 812 Cor.
866 772 965 820 vu,
997 753 1112 824 29).
1140 751 1292 808 Unde
1338 765 1479 805 nunc
1520 747 1816 803 rectissime
1851 746 2076 814 dicitur,
2125 745 2225 813 Qui

638 860 799 923 potest
828 865 1008 920 capere
1026 889 1041 914 ,
1070 846 1238 916 capiat
1270 843 1481 916 (Matth.
1515 859 1606 897 xu:
1627 883 1642 909 ,
1678 840 1767 914 i2)
1796 860 1808 896 :
1843 841 1934 914 qui
1961 849 2140 897 autem
2167 854 2227 897 se

638 958 744 997 non
793 939 1050 1004 continet,
1097 936 1280 992 nubat.
1331 934 1482 990 Tunc
1523 949 1651 1004 ergo
1690 933 1851 989 etiam
1899 932 2226 1017 continentia

639 1041 855 1104 propter
881 1029 1310 1102 propagationem
1341 1025 1569 1081 ﬁliorum
1600 1025 1652 1080 in
1683 1026 1893 1096 nuptias
1930 1023 2228 1081 descende-

638 1129 727 1182 bat
751 1124 928 1180 ofﬁcio
959 1124 974 1154 ³
1003 1141 1016 1177 :
1044 1136 1184 1176 nunc
1219 1126 1394 1174 autem
1427 1118 1692 1173 vinculum
1733 1117 1970 1187 nuptiale
2001 1114 2229 1171 inconti-

637 1219 834 1274 nentiae
859 1217 1103 1273 subvenit
1125 1215 1281 1280 vitio;
1311 1222 1369 1268 ut
1393 1212 1462 1267 ab
1485 1213 1566 1269 eis
1591 1212 1681 1282 qui
1707 1227 1765 1267 se
1794 1225 1900 1267 non
1930 1211 2226 1277 continent,

641 1327 747 1365 non
776 1325 871 1380 per
895 1307 1274 1377 turpitudinem
1301 1315 1628 1376 stuprorum,
1653 1304 1746 1361 sed
1777 1319 1871 1375 per
1893 1304 2229 1359 honestatem

639 1400 1010 1471 coniugiorum
1032 1441 1048 1466 ,
1081 1398 1171 1452 ﬁat
1207 1397 1514 1467 propagatio
1543 1395 1793 1451 ﬁliorum.
1824 1395 1935 1450 Cur
1960 1409 2089 1464 ergo
2123 1407 2233 1449 non

637 1491 772 1546 dixit
787 1490 1088 1561 Apostolus,
1107 1488 1162 1544 Si
1185 1489 1322 1544 ﬁlios
1344 1503 1448 1543 non
1466 1486 1644 1554 habet,
1661 1486 1860 1543 nubat?
1879 1485 2012 1554 Quia
2031 1485 2236 1542 scilicet

642 1581 744 1637 hoc
773 1590 1012 1652 tempore
1041 1579 1348 1636 continendi
1375 1579 1442 1635 ab
1466 1578 1735 1649 amplexu,
1767 1593 1873 1634 non
1899 1587 1983 1634 est
2009 1591 2232 1634 necesse

641 1675 779 1729 ﬁlios
816 1687 1128 1745 propagare.
1159 1671 1225 1726 Et
1249 1686 1416 1742 quare
1456 1669 1617 1735 dixit,
1648 1667 1711 1724 Si
1752 1685 1807 1723 se
1846 1684 1947 1722 non
1990 1673 2230 1734 continet,

641 1766 840 1821 nubat?
887 1764 1079 1834 Utique
1133 1772 1433 1834 propterea,
1479 1776 1548 1817 ne
1597 1776 1690 1830 per
1733 1759 2168 1816 incontinentiam
2211 1761 2233 1792 ³

641 1867 862 1929 cogatur
892 1857 1214 1912 adulterare.
1248 1854 1306 1910 Si
1346 1869 1474 1925 ergo
1503 1869 1563 1910 se
1590 1853 1861 1916 continet,
1892 1867 1992 1909 nec
2027 1852 2232 1921 nubat,

644 1965 745 2005 nec
767 1957 1005 2020 generet.
1034 1947 1090 2004 Si
1117 1955 1294 2002 autem
1323 1961 1384 2001 se
1427 1960 1532 2000 non
1559 1945 1830 2013 continet,
1863 1944 2006 2000 licite
2031 1944 2231 2010 nubat,

644 2058 712 2097 ne
743 2042 967 2111 turpiter
1010 2048 1248 2112 generet,
1288 2049 1385 2095 aut
1430 2040 1636 2108 turpius
1679 2038 2086 2095 concumbcndo
2127 2054 2235 2094 non

642 2143 881 2205 generet.
913 2135 1226 2204 Quanquam
1253 2132 1355 2188 hoc
1378 2133 1519 2204 quod
1546 2133 1788 2188 ultimum
1815 2133 1961 2201 dixi,
1993 2133 2236 2189 nonnulli

646 2224 841 2279 faciant
873 2225 1033 2279 etiam
1061 2224 1203 2279 licite
1229 2222 1515 2294 conjugati.
1555 2222 1740 2279 lllicite
1769 2239 1998 2294 namque
2038 2232 2094 2279 et
2121 2233 2234 2279 tur-

647 2319 784 2388 piter
829 2315 988 2372 etiam
1034 2331 1155 2372 cum
1205 2316 1438 2387 legitima
1487 2331 1653 2372 uxore
1695 2317 2102 2382 concumbitur,
2146 2315 2237 2373 ubi

651 2409 813 2478 prolis
855 2409 1134 2479 conceptio
1161 2409 1450 2465 devitatur.
1480 2409 1634 2477 Quod
1663 2409 1893 2465 faciebat
1912 2410 2065 2466 Onan
2097 2409 2238 2466 ﬁlius

648 2501 821 2567 .ludae,
849 2509 902 2555 et
921 2501 1114 2556 occidit
1134 2501 1284 2558 illum
1307 2511 1522 2572 propter
1543 2502 1643 2558 hoc
1666 2502 1804 2558 Deus
1827 2502 1978 2575 (Gen.
2003 2518 2234 2572 xxxvm,

647 2592 824 2661 8-10).
856 2592 1174 2664 Propagatio
1210 2593 1387 2664 itaque
1417 2593 1686 2659 filiorum,
1719 2594 1830 2664 ipsa
1872 2603 1954 2649 est
1985 2594 2155 2664 prima
2184 2603 2240 2650 et

648 2682 908 2738 naturalis
931 2690 985 2738 et
1011 2683 1240 2754 legitima
1267 2698 1425 2739 causa
1449 2685 1752 2754 nuptiarum
1779 2701 1793 2738 :
1821 2699 1884 2739 ac
1905 2700 1999 2755 per
2025 2684 2126 2740 hoc
2145 2685 2238 2755 qui

648 2782 866 2844 propter
895 2774 1330 2830 incontinentiam
1359 2775 1716 2846 conjugantur
1737 2815 1755 2843 ,
1787 2791 1893 2832 non
1933 2776 2012 2832 sic
2041 2775 2240 2833 debent

652 2877 950 2938 temperare
979 2869 1178 2922 malum
1218 2883 1372 2922 suum
1393 2909 1408 2934 ,
1441 2877 1499 2923 ut
1526 2869 1723 2924 bonum
1754 2869 2113 2926 cxtermiuent
2140 2885 2239 2924 nu-

651 2960 898 3029 ptiarum,
931 2959 982 3014 id
1012 2968 1112 3024 est,
1145 2960 1488 3032 propaginem
1515 2961 1765 3017 ﬁliorum.
1798 2963 1872 3017 De
1900 2963 2237 3018 incontinen-

651 3051 792 3105 tibus
834 3051 1028 3121 quippe
1068 3050 1385 3120 loquebatur
1431 3051 1756 3122 Apostolus,
1802 3053 1892 3108 ubi
1937 3054 2055 3109 ait:
2115 3053 2240 3109 Volo

649 3143 806 3215 igitur
820 3143 1050 3213 juniores
1079 3143 1294 3209 nubere,
1325 3143 1460 3212 ﬁlios
1491 3160 1782 3214 procreare,
1824 3147 2240 3217 matresfamilias

650 3251 777 3299 esse,
809 3235 1000 3289 nullam
1030 3235 1341 3290 occasionem
1364 3236 1488 3291 dare
1515 3237 1806 3292 adversario
1836 3238 2090 3292 maledicti
2115 3255 2241 3310 gra-

652 3327 744 3379 tia.
782 3324 904 3378 Jam
946 3326 1077 3379 enim
1105 3341 1358 3380 convcrsre
1395 3327 1627 3398 quredam
1655 3339 1771 3382 sunt
1808 3337 1939 3382 retro
1967 3338 2078 3398 post
2105 3339 2242 3385 sata-

654 3433 772 3470 uam
801 3415 845 3485 (Ι
877 3415 1008 3470 Tim.
1035 3433 1093 3480 v,
1129 3416 1197 3470 M
1213 3425 1258 3469 et
1284 3417 1395 3486 15).
1433 3417 1566 3472 Cum
1607 3419 1783 3489 itaque
1827 3419 2057 3487 diccbat,
2117 3419 2242 3476 Volo

644 3509 878 3578 juniores
907 3507 1128 3571 nubere;
1159 3507 1259 3561 hoc
1289 3508 1468 3578 utique
1495 3508 1745 3564 monebat
1773 3520 1992 3580 propter
2031 3511 2239 3566 ruinam

654 3598 1051 3652 incontinentiat
1091 3597 1428 3654 fulciendam.
1469 3598 1572 3654 Sed
1613 3615 1681 3655 ne
1724 3599 1858 3657 forte
1897 3602 1964 3657 ab
2001 3604 2082 3658 eis
2127 3602 2240 3657 sola

654 3689 884 3744 carnalis
918 3689 1365 3760 concupiscentia:
1412 3692 1734 3762 cogitaretur
1777 3694 2095 3760 inﬁrmitas,
2154 3695 2242 3752 cui

656 3781 1023 3836 tantummodo
1056 3792 1199 3838 esset
1239 3798 1400 3854 opere
1440 3785 1689 3840 connubii
1733 3787 2095 3856 serviendum,
2139 3806 2241 3845 nu-

657 3875 886 3944 ptiarum
927 3884 1106 3931 autem
1145 3877 1228 3933 vel
1277 3867 1708 3935 contemneretur
1755 3881 1835 3936 vel
1885 3883 2244 3954 negligeretur

656 3966 886 4033 bonum;
908 3968 1161 4024 continuo
1180 3969 1473 4039 subjuuxit,
1501 3971 1636 4040 ﬁlios
1666 3988 1950 4043 procreare,
1979 3981 2244 4048 matresfa-

654 4057 822 4112 milias
847 4074 970 4113 esse.
997 4059 1096 4126 Qui
1123 4074 1250 4115 vero
1275 4060 1478 4132 eligunt
1500 4063 1806 4131 continere,
1838 4065 2036 4138 aliquid
2063 4067 2244 4139 utique

655 4150 846 4204 melius
873 4151 1074 4222 eligunt
1101 4167 1257 4223 quam
1285 4162 1367 4208 est
1395 4155 1697 4226 nuptiarum
1728 4157 1923 4214 bonum
1946 4201 1961 4226 ,
1993 4159 2097 4216 hoc
2124 4171 2240 4228 est,

653 4241 927 4308 generatio
975 4240 1221 4296 ﬁliorum.
1264 4242 1418 4299 Unde
1459 4244 1502 4299 si
1542 4245 1753 4317 eligitur
1792 4250 2140 4316 continentia,
2186 4261 2245 4308 ut

655 4329 798 4384 bono
843 4332 1145 4401 nuptiarum
1183 4333 1376 4390 melius
1410 4335 1606 4406 aliquid
1657 4349 1996 4409 capessatur;
2046 4352 2244 4413 quanto

657 4421 834 4491 potius
862 4421 1205 4478 custodienda
1232 4433 1333 4488 est,
1362 4434 1420 4479 ut
1447 4426 1765 4483 adulterium
1794 4435 2086 4488 caveatur?
2110 4435 2244 4492 Cum

656 4513 799 4568 enim
845 4513 1066 4594 dixisset
1109 4515 1423 4585 Apostolus,
1472 4517 1623 4583 Quod
1663 4520 1709 4574 si
1753 4538 1806 4575 se
1847 4539 1949 4578 non
1999 4526 2242 4594 continet,

657 4605 814 4658 nubat
841 4621 860 4659 :
909 4603 1094 4660 Melius
1138 4615 1212 4661 est
1256 4607 1428 4674 enim,
1479 4608 1681 4678 inquit,
1728 4611 1911 4668 nubere
1959 4632 2112 4686 quant
2163 4619 2246 4672 uri

657 4697 701 4766 (l
728 4697 845 4752 Cor.
881 4713 950 4753 vu
973 4740 989 4767 ,
1017 4700 1095 4769 9).
1127 4697 1243 4754 Non
1273 4698 1443 4768 dixit,
1473 4700 1662 4758 Melius
1689 4712 1773 4759 est
1800 4706 2058 4763 mmchari
2085 4723 2246 4780 quam

659 4803 761 4842 Ill'l.

732 4879 960 4936 CAI‘UT
989 4880 1122 4936 Xlll.
1142 4911 1215 4922 —
1231 4883 1316 4938 i3.
1346 4883 1400 4938 Ν
1403 4885 1587 4941 olentes
1611 4888 1926 4945 reconciliari
1946 4894 2246 4967 conjugibus

661 4972 939 5037 adulteris,
972 4975 1328 5030 continentiam
1366 4979 1670 5034 custodiant.
1716 4980 1830 5038 Non
1867 4991 1951 5039 est
1993 4996 2150 5056 Igitur
2176 4988 2244 5043 ad

660 5063 801 5134 quod
833 5065 1177 5122 exltortemur
1205 5084 1298 5125 eos
1331 5073 1420 5142 qui
1465 5075 1795 5131 reconciliari
1836 5079 2021 5134 timent
2055 5083 2246 5152 conju-

661 5155 814 5226 gibus
841 5156 1092 5212 adulteris
1125 5161 1429 5230 pmoitendo
1457 5167 1674 5233 sanatis,
1707 5169 1806 5223 nisi
1837 5169 1901 5225 ad
1941 5173 2247 5230 custodien-

663 5246 784 5301 dam
813 5248 1211 5305 continentiam.
1244 5252 1503 5320 Quoniam
1533 5259 1723 5313 mulier
1746 5260 1953 5333 alligata
1991 5265 2245 5334 quamdiu

662 5338 776 5394 sive
806 5340 1048 5397 moechus
1077 5343 1192 5400 sive
1217 5355 1391 5401 castus
1420 5347 1500 5402 vir
1537 5349 1653 5418 ejus
1678 5352 1839 5420 vivit,
1875 5358 2174 5413 moechatur
2199 5360 2246 5415 si

661 5430 810 5486 alteri
840 5434 1109 5504 nupserit;
1146 5445 1200 5489 et
1228 5437 1308 5490 vir
1333 5438 1580 5509 alligatus
1607 5446 1859 5512 quamdiu
1899 5448 2010 5502 sive
2037 5451 2246 5508 mmclta

663 5525 775 5580 sive
799 5536 941 5581 casta
969 5543 1100 5583 uxor
1122 5527 1237 5598 ejus
1263 5529 1410 5599 vivit,
1439 5533 1737 5591 moechatur
1761 5539 1804 5592 si
1829 5540 2053 5596 alteram
2083 5543 2248 5600 duxe-

661 5707 1117 5817 άὲηὲρτηιθᾳθιιείε
1154 5719 1261 5763 Mss.
1282 5747 1298 5775 ,
1353 5714 1406 5767 in
1445 5717 1722 5780 nuptiarum
1765 5721 2080 5776 descendebat
2144 5725 2248 5795 oﬂ’i-

723 5831 744 5862 ι
775 5831 1078 5886 Corbeicnsis
1098 5836 1274 5902 codex,
1296 5851 1356 5894 ne
1375 5847 1570 5909 propter
1592 5841 1997 5904 incctut’aentiam.

1537 360 1622 415 DE
1658 357 2002 414 CONJUGllS
2039 348 2516 422 ADULTERINIS,
2559 354 2610 410 S.
2659 354 3030 412 AUGUSTINI
3818 368 3880 424 430

2333 470 2422 524 rit.
2454 469 2578 524 Haec
2608 484 2834 542 namque
2868 469 3104 540 alligatio
3138 470 3382 542 quando
3409 471 3628 542 quidem
3664 490 3753 532 non
3773 482 3880 538 solvi.

2333 570 2450 628 tur,
2485 561 2692 617 etiamsi
2735 576 2832 632 per
2864 561 3145 632 repudium
3195 563 3415 633 eouqu
3436 580 3468 618 a
3489 575 3635 620 casto
3673 569 3880 641 conjuget

2331 663 2647 724 separetur;
2701 653 2870 708 multo
2931 655 3106 711 minus
3155 656 3441 723 solvitur,
3483 657 3530 712 si
3571 674 3671 713 non
3709 666 3880 733 separata

2336 747 2656 804 maechetur.
2679 748 2757 804 Ac
2779 763 2874 819 per
2898 747 3000 804 hoc
3025 763 3131 804 non
3155 764 3293 804 eam
3323 750 3517 817 solvit,
3542 751 3642 806 nisi
3664 768 3783 810 mors
3797 773 3880 814 cou-

2329 839 2501 911 jugis,
2531 854 2637 895 non
2664 838 2717 894 in
2743 839 3063 896 adulterium
3091 842 3427 898 carmentis
3447 883 3464 909 ,
3496 842 3592 898 sed
3626 843 3689 901 de
3720 861 3880 920 corpore

2331 933 2595 989 exeuntis.
2625 932 2962 1004 Quapropter
2987 934 3032 990 si
3061 936 3375 992 recesserit
3401 936 3598 992 mulier
3624 939 3687 994 ab
3710 941 3880 1001 adultero

2333 1027 2483 1094 vim,
2511 1036 2566 1082 et
2591 1025 2641 1082 ei
2672 1027 3000 1082 reconciliari
3028 1044 3132 1083 non
3175 1029 3342 1092 vult,
3377 1037 3602 1085 maneat
3626 1031 3826 1104 innupta;
3846 1050 3880 1093 et

2335 1119 2381 1174 si
2407 1118 2673 1175 dimiserit
2697 1119 2779 1174 vir
2805 1119 3103 1176 adulteram
3132 1121 3469 1189 mulierem,
3497 1131 3553 1178 et
3575 1139 3686 1181 eam
3710 1142 3792 1181 non
3811 1131 3876 1186 vult

2335 1213 2578 1284 recipere
2621 1229 2721 1270 nec
2757 1222 2877 1284 post
2912 1215 3325 1285 ptenitentiam,
3373 1217 3643 1274 custodiat
3676 1224 3874 1278 continen-

2336 1303 2504 1359 tiam:
2556 1306 2656 1360 etsi
2704 1320 2809 1360 non
2850 1321 2915 1361 ex
2950 1307 3236 1363 voluntate
3279 1307 3524 1379 eligendi
3557 1312 3754 1382 potioris
3781 1315 3871 1380 imi.

2335 1405 2483 1454 certe
2512 1413 2577 1453 ex
2611 1398 2932 1455 necessitate
2957 1399 3158 1455 vitandi
3208 1401 3520 1471 perniciosi
3549 1404 3689 1459 mali.
3721 1406 3784 1460 Ad
3813 1406 3872 1464 hoc

2337 1490 2680 1555 exhortarer,
2711 1491 2918 1547 etiamsi
2944 1507 3083 1547 uxor
3109 1501 3270 1548 esset
3308 1493 3365 1548 in
3399 1493 3654 1565 languore
3679 1497 3869 1554 insanabili

2336 1591 2496 1653 atque
2515 1581 2784 1646 diuturno.
2807 1584 3016 1639 etiamsi
3037 1585 3242 1640 alicubi
3271 1594 3430 1642 esset
3449 1601 3670 1658 corpore
3687 1604 3864 1660 separata,

2337 1688 2444 1745 quo
2473 1673 2695 1729 maritus
2723 1689 2828 1729 non
2868 1685 3049 1744 posset
3090 1676 3370 1733 accedere
3397 1696 3410 1732 :
3458 1689 3716 1750 postremo
3745 1683 3864 1740 adire

2338 1764 2674 1832 exhortarer,
2701 1766 2911 1821 etiamsi
2933 1767 3126 1822 mulier
3152 1769 3363 1825 volens
3389 1771 3574 1826 vivere
3600 1776 3860 1841 continenter,

2337 1856 2581 1927 quamvis
2618 1867 2802 1911 contra
2833 1855 3168 1928 disciplinam
3197 1900 3213 1924 ,
3258 1861 3392 1931 quia
3423 1877 3532 1917 non
3558 1878 3621 1918 ex
3645 1879 3860 1930 conserat.

2339 1956 2519 2004 tamen
2557 1948 2808 2019 pudicum
2854 1951 3044 2021 pudica
3091 1953 3428 2010 dimitteret.
3465 1955 3599 2011 Puto
3630 1958 3750 2013 enim
3779 1959 3862 2014 chri-

2338 2039 2566 2094 stianum
2597 2039 2862 2096 neminem
2903 2042 3152 2097 reluctari
3174 2084 3192 2110 ,
3229 2043 3548 2102 adulterum
3587 2063 3695 2104 esse
3728 2051 3793 2119 qui
3815 2052 3860 2105 ul

2339 2129 2430 2186 diu
2458 2131 2770 2200 languente,
2801 2133 2886 2188 vel
2911 2133 3001 2188 ditt
3029 2134 3264 2192 absente
3296 2136 3387 2192 vel
3419 2139 3733 2194 continenter
3754 2141 3880 2200 vivaci

2339 2222 2587 2293 cupiente
2613 2238 2707 2278 sua
2735 2239 2922 2291 uxore,
2954 2225 3108 2281 alteri
3137 2228 3488 2284 commixtus
3513 2240 3594 2285 est
3619 2231 3858 2286 feminas:

2341 2328 2471 2385 ergo
2515 2324 2571 2370 et
2612 2315 2832 2372 dimissa
2877 2318 3151 2383 adultera,
3198 2321 3426 2378 adulter
3468 2332 3552 2378 est
3585 2340 3690 2378 cum
3725 2315 3880 2382 alterm?

2340 2405 2592 2474 quoniam
2623 2421 2727 2462 non
2772 2407 2893 2472 ille,
2925 2418 3018 2463 aut
3060 2409 3146 2466 ille
3174 2427 3191 2477 ;
3239 2410 3341 2467 sed
3365 2453 3381 2480 ,
3417 2412 3596 2468 Omnis
3629 2415 3702 2484 qui
3723 2405 3880 2474 dimittili

2340 2510 2549 2550 uxorem
2567 2513 2733 2565 suam,
2753 2507 2798 2552 et
2817 2499 2955 2552 ducit
2975 2500 3218 2566 alteram,
3244 2504 3538 2558 tttrecltatur
3553 2504 3686 2574 (Luc.
3701 2522 3777 2568 xu,
3791 2506 3854 2574 l8).
3878 2499 3880 2572 ξ

2340 2587 2675 2659 QuaprOpter
2699 2588 2743 2644 si
2772 2605 2803 2644 a
2831 2591 3094 2661 conjugali
3126 2592 3355 2649 vinculo
3380 2595 3628 2650 immunis
3650 2596 3781 2650 minus
3796 2611 3851 2664 ap-
3878 2607 3880 2664 ί

2342 2681 2538 2752 petitur
2555 2681 2657 2736 vita
2674 2690 3002 2749 sanctorum,
3025 2683 3400 2742 exhorreatur
3415 2702 3570 2758 paena
3589 2687 3851 2748 moechorum;

2341 2781 2396 2829 et
2440 2772 2630 2828 timore
2673 2773 2860 2828 saltem
2893 2773 3128 2831 frenetur
3178 2779 3637 2850 concupiscentia,
3673 2778 3710 2833 si
3735 2791 3849 2832 amore

2342 2878 2449 2920 non
2470 2864 2684 2935 eligitur
2706 2866 3050 2922 continentia.
3076 2867 3130 2924 Si
3155 2870 3310 2924 enim
3336 2871 3429 2925 ubi
3455 2880 3540 2926 est
3565 2871 3715 2935 timor,
3733 2883 3848 2940 opere-
3878 2864 3880 2930 Ξ

2343 2965 2428 3012 tur
2447 2956 2628 3024 labor;
2656 2957 2741 3012 ubi
2763 2965 2880 3014 erat
2908 2957 3076 3026 labor,
3101 2960 3209 3016 erit
3230 2971 3288 3016 et
3308 2977 3485 3017 amor.
3507 2961 3615 3017 Non
3641 2962 3750 3016 enim
3768 2974 3844 3012 cou-

2343 3045 2612 3102 fidendum
2654 3055 2738 3102 est
2774 3048 2842 3104 de
2887 3049 3080 3106 nostris
3121 3052 3370 3118 viribus;
3423 3053 3516 3108 sed
3553 3053 3700 3108 oratio
3730 3050 3843 3118 adjut-

2341 3139 2512 3210 genda
2549 3135 2858 3208 carnalibus,
2900 3149 2960 3196 ut
3004 3142 3232 3214 impleat
3278 3144 3468 3212 bonis,
3516 3145 3599 3216 qui
3636 3143 3841 3200 deterret:

2343 3231 2518 3287 malis.

2413 3322 2639 3379 CAPUT
2679 3321 2817 3378 XIV.
2849 3325 3036 3381 -14.
3081 3325 3324 3397 Objectio
3373 3327 3481 3382 alia
3503 3370 3517 3394 ,
3561 3327 3647 3380 hac
3682 3320 3840 3379 tentati:

2345 3414 2543 3469 excludi
2573 3415 2949 3486 benignitatem,
2981 3425 3037 3470 ut
3064 3419 3244 3474 mariti
3271 3420 3426 3474 velint
3455 3419 3617 3491 puniri
3641 3416 3837 3476 adulterat,

2345 3504 2525 3576 quibus
2568 3506 2779 3560 mortuis
2821 3507 3003 3562 ducere
3052 3507 3183 3564 alias
3240 3511 3457 3582 possint.
3511 3506 3836 3579 Respondemus

2347 3595 2506 3650 etiam
2532 3594 2598 3649 ad
2640 3595 2791 3664 illud,
2822 3596 2909 3652 ubi
2939 3607 3091 3666 putas
3118 3599 3348 3657 maritos
3377 3601 3445 3656 ad
3476 3594 3835 3670 puniendasadul

2347 3694 2488 3740 teras
2513 3686 2631 3742 sine
2657 3687 2760 3742 ulla
2790 3687 3130 3746 miseratione
3163 3693 3454 3764 compelli;
3481 3708 3593 3749 cum
3628 3691 3766 3746 volunt
3785 3698 3834 3739 ets

2346 3777 2481 3832 mori
2502 3819 2518 3845 ,
2546 3778 2590 3833 si
2630 3779 2708 3834 eis
2738 3780 3036 3836 viventibus
3071 3799 3175 3838 non
3221 3785 3350 3840 licet
3377 3786 3455 3841 eis
3490 3785 3665 3839 alteras
3697 3781 3830 3835 ducere.

2345 3868 2515 3938 Quam
2561 3870 2928 3928 crudelitatem
2973 3873 3162 3930 volens
3200 3892 3528 3948 exaggerare
3567 3865 3831 3930 dixistiul'ol

2346 3961 2470 4017 milti
2495 3963 2709 4032 videtur,
2733 3967 3076 4022 amantissime
3096 3980 3263 4041 pater,
3289 3971 3372 4024 hic
3398 3970 3588 4025 divinus
3609 3982 3693 4021 esse
3710 3976 3828 4018 unm.

2346 4054 2430 4109 ubi
2448 4055 2728 4128 benignitas
2748 4067 2794 4112 et
2819 4058 2978 4130 pietas
3005 4060 3310 4118 excluditur.
3341 4062 3414 4118 lta
3442 4059 3575 4117 istud
3597 4057 3719 4119 dicis,
3741 4045 3829 4121 audii

2348 4159 2627 4219 propterea
2662 4151 2838 4206 mariti
2883 4168 3102 4223 parcere
3139 4153 3377 4211 debeant
3405 4153 3642 4210 adulteris
3665 4142 3825 4202 feminis,

2346 4240 2469 4310 quia
2513 4241 2636 4297 licet
2671 4241 2750 4297 eis
2788 4244 2986 4298 alteras
3025 4245 3265 4311 ducere;
3300 4247 3449 4303 utsi
3488 4260 3586 4300 non
3627 4241 3735 4298 licet,
3766 4245 3825 4286 ηοιι

2347 4347 2566 4405 parcant
2587 4346 2643 4391 ut
2672 4336 2848 4392 liceat.
2876 4337 3127 4405 Quinimo
3149 4351 3438 4412 propterea
3459 4339 3638 4395 debent
3659 4322 3824 4404 pectiu'i'

2348 4427 2497 4483 cibus
2527 4423 2768 4498 praebere
2790 4430 3233 4502 misericordiam,
3264 4445 3325 4490 ut
3352 4443 3406 4490 et
3432 4432 3526 4503 ipsi
3553 4442 3637 4499 pro
3657 4422 3738 4479 suis
3756 4427 3824 4486 prt-

2347 4520 2480 4575 catis
2522 4521 2938 4577 misericordiam
2989 4537 3405 4596 consequantur.
3449 4523 3511 4578 Et
3551 4517 3690 4574 multo
3721 4504 3819 4602 ιηθεξε

2349 4610 2451 4668 hoc
2473 4612 2552 4668 eis
2581 4611 2874 4669 faciendum
2898 4625 3000 4682 est,
3031 4617 3119 4686 qui
3141 4616 3376 4673 dimissis
3403 4612 3636 4670 uxoribus
3659 4601 3822 4660 adultans

2348 4702 2566 4775 cupiunt
2596 4705 2773 4761 vivere
2792 4707 3149 4764 continenter.
3180 4709 3352 4765 Tanto
3377 4707 3561 4778 quippe
3583 4695 3819 4755 debentessc

2351 4797 2824 4868 misericordiores,
2851 4811 3047 4872 quanto
3075 4803 3259 4858 volunt
3285 4816 3403 4858 esse
3433 4794 3720 4853 sanctiores:
3742 4781 3820 4833 ιιιθί

2349 4888 2416 4944 ad
2441 4889 2735 4945 castitatem
2763 4891 2813 4946 in
2843 4908 2900 4948 se
2923 4893 3050 4964 ipsis
3072 4893 3384 4950 servandam
3409 4887 3636 4947 divinitus
3654 4875 3818 4971 adiuv-00°

2351 4988 2458 5046 tur,
2484 4980 2610 5035 dum
2637 4983 2933 5038 castitatem
2958 4984 3025 5039 ab
3047 4987 3302 5041 uxoribus
3325 4982 3560 5038 violatam
3582 4985 3662 5030 nec
3680 4962 3749 5035 ipsi
3766 4960 3819 5009 hu-

2351 5073 2581 5128 manitus
2607 5074 2949 5132 ulciscuntur.
2980 5078 3044 5132 Et
3071 5080 3298 5134 maxime
3323 5091 3420 5131 vox
3448 5074 3527 5128 illa
3551 5059 3755 5124 dominica
3770 5052 3815 5100 θεῖ

2350 5166 2430 5221 eis
2479 5166 2529 5220 in
2573 5168 2883 5223 memoriam
2928 5171 3257 5226 revocanda:
3309 5151 3404 5234 Qui
3444 5166 3544 5219 sine
3579 5158 3734 5228 φθίσθω
3762 5146 3815 5235 ξ”ίῖ

2352 5257 2492 5328 prior
2519 5259 2572 5313 in
2598 5259 2743 5314 illaut
2772 5261 2990 5332 lapidem
3011 5263 3173 5334 jaciat
3199 5232 3373 5334 (Joan.
3407 5273 3492 5311 vm
3511 5297 3523 5320 ,
3551 5232 3813 5342 ’ἵν-Μωρέ

2351 5353 2467 5408 sine
2498 5353 2612 5424 ipso
2653 5362 2870 5423 peccato
2899 5363 2980 5409 est
3001 5397 3014 5421 ,
3054 5357 3300 5426 quoniam
3334 5350 3579 5421 loquimur
3601 5339 3656 5432 de
3683 5324 3813 5432 ιιυφθξξ

2351 5444 2481 5502 viris
2507 5447 2562 5512 ²;
2607 5445 2736 5514 sed,
2771 5445 2873 5513 Qui
2912 5447 3020 5502 sine
3062 5458 3262 5518 peccato
3299 5452 3405 5501 est:
3448 5433 3575 5510 quod
3609 5430 3646 5483 si
3670 5430 3754 5476 (5⁵⁸
3778 5418 3813 5460 se

2419 5664 2435 5696 ι
2471 5665 2543 5713 sic
2558 5662 2781 5736 .melioris
2802 5671 2931 5714 notae
2954 5672 3060 5715 Mss.
3085 5672 3140 5716 At
3157 5672 3288 5726 Lov.,
3311 5657 3478 5722 cortina
3497 5664 3524 5701 a
3542 5648 3651 5699 casta
3661 5630 3806 5690 WW-

2353 5733 2790 5793 Er._,co_njua:_casto
2811 5739 3037 5793 corpore.
3071 5791 3078 5793 _
3319 5787 3329 5793 _
3383 5783 3394 5793 ,
3615 5763 3663 5793 λλ.
3685 5739 3796 5793 auditi

2354 5748 2637 5799 ιιι-ητψῃιιέυ
2659 5748 2790 5800 quam
2811 5748 3040 5801 CUI‘pUI'Cs.
3070 5791 3079 5802 .
3484 5777 3494 5787 ο
3613 5763 3663 5816 d'

2388 5850 2401 5861 _
2417 5791 2446 5859 ³,
2469 5796 2543 5840 διο
2562 5788 2739 5842 melius
2760 5796 2866 5841 Mss.
2891 5797 2947 5842 At
2964 5791 3082 5843 editi
3095 5825 3110 5854 ,
3129 5787 3358 5856 quomodo
3377 5783 3585 5846 ιαιιιιιηιιν
3639 5779 3660 5813 ι
3878 5827 3880 5840 ε

2354 5863 2484 5907 virts.

2401 5865 2484 5906 ns.
