3880 6284
22 356 101 414 ιιι
664 295 671 301 ⁸
1304 345 1509 403 LIBER
1547 345 1922 406 SECUNDUS.

23 468 251 532 dixerint,
277 478 335 520 se
362 464 518 535 ipsos
562 461 851 528 seducunt,
882 467 934 515 ct
958 460 1158 516 veritas
1182 461 1234 515 in
1265 460 1343 516 eis
1374 477 1478 516 non
1505 471 1587 517 est

23 567 58 633 (l
80 566 217 618 Joan.
245 576 283 623 ι,
308 558 389 628 8).
417 557 599 612 Porro
641 555 689 609 si
715 570 817 610 non
848 568 907 608 sc
935 553 1225 620 seducunt,
1250 562 1407 609 etest
1432 553 1487 608 in
1508 553 1587 608 eis

20 656 202 718 veritas,
240 665 344 705 non
377 649 485 703 erit
536 648 591 702 in
637 647 716 702 eis
760 654 978 701 cruenta
1019 646 1294 699 severitas.
1345 642 1590 699 Scientes

19 749 138 805 enim
158 760 210 799 sc
230 758 332 797 non
357 755 486 796 esse
512 740 631 795 sine
653 749 888 809 peccato,
916 736 1191 791 dimittunt
1212 744 1267 790 ut
1294 735 1589 791 dimittatur

20 841 111 901 eis;
135 850 224 891 nec
246 833 311 887 ab
332 833 415 888 eis
437 830 745 902 benignitas
768 837 823 885 et
850 829 1016 899 pietas
1042 826 1337 884 excluditur
1360 828 1398 881 ί.
1422 827 1589 898 Magis

21 932 136 985 enim
163 927 269 982 haec
306 922 691 987 excluduntur,
724 921 768 975 si
798 921 1029 991 peccatis
1074 920 1357 990 conjugnm
1398 918 1466 974 ab
1508 919 1587 975 eis

22 1025 231 1091 impetret
255 1017 470 1072 veniam
506 1015 719 1070 licentia
750 1013 1007 1077 libidinis,
1038 1028 1145 1067 non
1171 1028 1301 1068 cura
1331 1012 1583 1083 pietatis;

23 1114 61 1167 id
83 1122 179 1175 est,
203 1116 257 1163 ut
280 1115 578 1177 propterea
602 1112 826 1176 parcant
850 1104 972 1175 quia
999 1105 1125 1160 licet
1154 1105 1232 1159 eis
1258 1104 1455 1160 alteras
1485 1104 1585 1159 du-

21 1219 117 1259 cere
135 1242 150 1268 ,
177 1209 224 1255 ct
253 1214 358 1253 non
392 1197 580 1269 potius
607 1204 887 1267 propterea
915 1195 1038 1267 quia
1064 1194 1253 1250 volunt
1273 1205 1326 1251 et
1354 1194 1455 1250 sibi
1482 1195 1587 1249 Do-

24 1298 188 1351 minum
216 1305 460 1364 parcere.

81 1391 153 1444 15.
186 1386 387 1456 Quanto
418 1384 608 1456 itaque
637 1382 850 1451 melius,
880 1389 935 1438 et
961 1381 1265 1448 honestius,
1293 1381 1583 1437 christiana

26 1484 217 1553 denique
235 1479 578 1553 professione
605 1477 815 1548 dignius
836 1518 850 1542 ,
882 1485 941 1532 ut
963 1485 1184 1548 parcant
1220 1476 1581 1532 adulterarum

25 1573 227 1644 sanguini
265 1585 534 1635 uxorum,
582 1569 723 1641 quod
766 1568 1022 1637 scriptum
1066 1576 1147 1623 est
1192 1568 1271 1624 eis
1315 1567 1579 1636 dicimus,

26 1667 195 1721 Dimitte
218 1664 528 1735 injustitiam
570 1662 801 1734 proximo
838 1670 958 1726 tuo,
990 1669 1036 1715 et
1077 1670 1193 1714 tunc
1231 1660 1454 1730 precanti
1495 1660 1583 1715 tibi

25 1767 189 1829 peccata
211 1758 492 1811 solventur.
538 1753 712 1810 Homo
758 1753 952 1807 homini
980 1761 1236 1807 conservat
1266 1753 1434 1817 iram,
1476 1762 1523 1807 et
1550 1769 1584 1806 a

26 1852 202 1906 Domino
223 1850 400 1921 quaerit
432 1846 740 1902 medelam?
767 1845 939 1918 Super
964 1846 1218 1901 hominem
1243 1846 1460 1901 similem
1486 1846 1583 1901 sibi

26 1962 101 1998 non
122 1942 249 1997 habet
271 1940 704 2006 misericordiam,
728 1949 774 1994 et
799 1940 862 1993 de
882 1938 1097 2009 peccatis
1116 1938 1222 1992 suis
1248 1939 1541 2009 deprecatur
1556 1938 1582 1991 .9

28 2037 123 2091 Cum
145 2036 237 2105 ipse
263 2050 383 2088 caro
410 2033 504 2099 sit,
534 2040 795 2087 conservat
821 2029 1182 2099 iracundiam?
1203 2030 1313 2100 quis
1338 2028 1583 2100 prapitiac

27 2132 129 2183 bitur
150 2128 352 2199 peccatis
392 2127 545 2181 illius
575 2125 759 2197 (Eccli.
791 2138 964 2179 xxvni
985 2163 999 2185 ,
1028 2122 1170 2192 2-5);
1202 2129 1257 2177 et
1297 2119 1365 2175 de
1403 2121 1579 2175 Evan-

29 2224 161 2295 gelia,
189 2220 433 2275 Dimittite
452 2261 470 2288 ,
506 2228 561 2274 et
596 2219 873 2273 dimittetur
898 2217 1035 2272 vobis
1065 2216 1217 2288 (Luc.
1248 2231 1331 2283 vt,
1363 2214 1453 2287 37)
1478 2232 1492 2281 ;
1525 2223 1582 2270 ut

30 2315 243 2385 possimus
268 2312 452 2368 dicere
478 2353 495 2379 ,
530 2309 743 2365 Dimitte
781 2308 925 2365 nobis
950 2309 1118 2363 debita
1146 2318 1349 2376 nostra,
1378 2310 1508 2363 sicut
1535 2316 1581 2362 et

29 2421 97 2458 nos
122 2404 398 2457 dimittimus
425 2401 743 2467 debitoribus
771 2402 953 2455 nostris
980 2399 1196 2471 (Matth.
1241 2416 1291 2455 vr
1311 2441 1327 2467 ,
1362 2400 1455 2470 12)
1479 2416 1495 2465 ;
1528 2410 1582 2456 et

34 2498 80 2551 ile
100 2495 327 2567 Apostolo
350 2537 365 2563 ,
416 2494 581 2549 Nulli
606 2492 797 2548 malum
828 2508 921 2563 pro
950 2493 1084 2547 malo
1112 2491 1373 2547 rcddentes
1401 2490 1578 2565 (Rom.

34 2604 113 2655 tu,
138 2590 213 2660 l7)
237 2607 249 2643 :
276 2598 331 2643 et
353 2588 400 2644 si
430 2602 547 2659 qua
574 2595 698 2643 sunt
728 2584 1033 2656 liujusmodi
1058 2584 1111 2639 in
1138 2582 1424 2656 Scripturis
1452 2598 1581 2639 san-

33 2682 119 2745 uis,
142 2681 335 2752 quibus,
358 2681 427 2738 ad
449 2677 823 2738 ulciscendum
850 2676 1064 2749 quando
1088 2676 1351 2731 humanus
1370 2675 1580 2731 animus

35 2777 260 2841 enitatur,
290 2777 413 2847 quia
444 2774 778 2832 ehristianus
807 2780 910 2838 est,
943 2770 1253 2842 mitigatur?

86 2870 277 2927 CAPUT
299 2870 414 2926 XV.
443 2899 524 2911 —
548 2868 725 2922 Mariti
741 2867 808 2921 ad
840 2865 1147 2938 parcendum
1176 2863 1419 2919 adulteris
1460 2878 1582 2918 uxo-

38 2964 153 3028 ribus,
176 2980 265 3018 non
289 2964 495 3019 licentia
539 2960 779 3026 libidinis,
808 2959 896 3014 sed
921 2975 1044 3012 cura
1073 2958 1270 3029 pietatis
1312 2955 1579 3010 adducan-

41 3066 111 3110 lar.
134 3058 350 3126 Quanto,
382 3059 608 3129 inquam
629 3096 645 3119 ,
678 3053 867 3110 melius
893 3053 994 3109 ista
1020 3050 1244 3106 dicimus
1267 3091 1283 3116 ,
1320 3064 1480 3120 quam
1525 3056 1582 3104 ut

39 3150 243 3216 dicamus,
269 3151 501 3206 Tantum
538 3148 808 3204 adulteras
836 3145 965 3201 istas
994 3144 1274 3210 dimittite,
1306 3150 1362 3199 et
1394 3157 1578 3198 earum

42 3243 161 3298 nolite
181 3245 478 3314 sanguinem
507 3255 775 3313 qualrere;
804 3238 1059 3309 quidquid
1079 3236 1279 3292 doloris
1304 3251 1370 3291 ex
1396 3250 1579 3291 carum

41 3333 203 3404 ﬂagitiis
224 3335 452 3403 habetis,
487 3332 911 3390 consolabuntur
954 3343 1048 3385 vos
1079 3328 1198 3383 alia:
1238 3342 1373 3398 quas
1408 3325 1578 3381 duxe-

44 3427 161 3480 ritis:
183 3427 360 3483 merito
378 3426 532 3482 enim
553 3423 761 3480 velletis
789 3423 918 3477 istas
944 3419 1011 3476 de
1040 3418 1329 3475 viventium
1355 3431 1580 3473 numero

45 3521 231 3587 auferre,
258 3518 300 3576 si
327 3535 522 3577 earum
546 3518 651 3573 vita
682 3511 1062 3588 impedimento
1085 3521 1261 3580 esset,
1294 3511 1581 3584 quominus

46 3612 140 3669 alias
155 3611 397 3670 duceretis
421 3629 436 3677 ;
460 3626 610 3666 nunc
635 3624 793 3676 vero,
814 3607 977 3664 etiam
999 3606 1117 3662 istis
1136 3604 1432 3660 viventibus
1456 3619 1578 3659 cum

47 3699 163 3756 liceat
183 3706 269 3758 alia
293 3705 443 3760 vobis
471 3701 814 3759 matrimonia
843 3696 1151 3770 providere,
1183 3695 1309 3767 quid
1337 3710 1430 3751 eas
1461 3703 1579 3750 Ian-

50 3800 187 3861 lopcre
210 3797 351 3852 vultis
378 3794 673 3852 occidere?
704 3792 827 3847 Haec
852 3791 898 3846 si
926 3789 1172 3855 dicimus,
1200 3802 1380 3843 nonne
1408 3796 1580 3842 atten-

48 3880 106 3934 dis
134 3900 265 3953 quam
305 3897 489 3943 nostra
527 3884 704 3941 suasio
741 3884 897 3953 longe
936 3880 1005 3936 sit
1041 3894 1071 3934 a
1098 3878 1406 3935 charactere
1433 3876 1579 3932 chri-

50 3974 178 4031 stiano
199 3980 251 4031 ἐ
284 3980 399 4049 quia
424 3988 484 4035 et.
511 3978 699 4033 falsum
729 3974 974 4039 dicimus,
1006 3971 1084 4027 eis
1113 3970 1273 4027 licere
1301 3968 1440 4040 quod
1472 3983 1576 4024 non

50 4064 156 4130 licet,
177 4067 265 4123 hoc
286 4080 396 4135 est,
424 4069 547 4125 istis
575 4066 875 4123 viventibus
905 4073 964 4119 ut
988 4062 1105 4117 aliis
1128 4060 1482 4131 copulentur;
1525 4070 1579 4115 et

52 4156 83 4208 si
117 4169 353 4229 propterea
400 4162 510 4217 illis
551 4158 905 4230 pepercerint,
951 4172 1057 4211 non
1105 4164 1323 4225 parcent
1361 4161 1580 4224 propter

53 4249 275 4319 pietatem,
317 4256 407 4311 sed
462 4264 685 4326 propter
732 4253 957 4306 aliarum
1008 4248 1309 4320 nuptiarum
1357 4248 1576 4302 liberam

54 4352 325 4407 mlestatem.
372 4331 648 4403 Postremo
683 4360 864 4416 qumro
911 4343 1008 4397 abs
1037 4350 1123 4408 te,
1165 4349 1343 4395 utrum
1387 4338 1580 4393 marito

56 4434 285 4494 christiano
304 4440 455 4497 liceat
480 4439 564 4495 vel
583 4437 877 4495 secundum
899 4445 1137 4491 veterem
1160 4435 1254 4489 Dei
1275 4433 1467 4504 legem,
1493 4430 1578 4487 vel

57 4522 255 4585 Romanis
290 4531 490 4602 legibus
515 4530 809 4586 adulteram
838 4527 1084 4583 occidere
1107 4525 1172 4578 a?
1201 4525 1257 4581 Si
1286 4525 1429 4591 licet,
1463 4539 1578 4579 mc-

59 4614 131 4669 lius
153 4630 218 4673 est
251 4633 301 4676 ut
326 4625 391 4680 ab
419 4634 642 4695 utroque
669 4637 727 4677 se
755 4626 1047 4691 temperet,
1080 4617 1131 4673 id
1161 4626 1268 4682 est,
1298 4627 1353 4672 et
1376 4632 1404 4671 a
1437 4615 1579 4671 licito

62 4705 123 4759 illa
148 4724 363 4779 peccante
387 4716 646 4788 supplicio
663 4755 679 4781 ,
711 4721 766 4769 et
792 4712 859 4767 ab
885 4711 1067 4766 illicito
1093 4710 1182 4764 illa
1208 4710 1416 4763 vivente
1444 4723 1579 4764 con-

60 4795 183 4867 lusio.
216 4804 350 4872 Quod
381 4810 424 4863 si
453 4808 762 4863 alterutrum
793 4804 992 4874 eligere
1036 4810 1375 4873 perseverat,
1412 4799 1578 4856 satius

64 4898 122 4941 est
142 4892 181 4946 ei
211 4894 364 4955 facere
390 4898 528 4970 quod
557 4900 715 4965 licet,
746 4906 805 4951 ut
842 4894 1078 4951 adultera
1110 4894 1389 4964 puniatur,
1418 4909 1575 4965 quam

66 4976 102 5029 id
122 4985 233 5049 quod
252 5004 344 5043 non
365 4991 499 5056 licet,
525 5000 581 5046 ut
601 4991 713 5062 ipsa
735 4989 853 5043 viva
876 4987 964 5043 ille
986 4985 1300 5042 moechetur.
1324 4984 1380 5042 Sl
1400 4996 1575 5041 autem

67 5073 171 5136 quod
191 5080 341 5134 verius
367 5082 573 5151 dicitur,
597 5098 702 5138 non
729 5081 854 5136 licet
880 5078 1079 5134 homini
1106 5077 1397 5133 christiano
1422 5077 1575 5133 adul-

71 5168 195 5220 teram
216 5173 462 5245 conjugem
490 5175 753 5240 occidere,
782 5172 877 5229 sed
901 5180 1101 5227 tantum
1129 5170 1431 5235 dimittere;
1459 5170 1578 5241 quis

70 5265 130 5309 est
151 5268 236 5317 tam
260 5264 459 5325 demens
496 5269 585 5340 qui
616 5268 666 5323 ei
701 5267 873 5333 dicat,
908 5264 1013 5320 Fac
1032 5263 1172 5335 quod
1199 5279 1302 5317 non
1333 5263 1488 5332 licet,
1521 5272 1580 5320 ut

75 5345 139 5402 tibi
157 5352 281 5410 licuit
297 5360 424 5428 quod
442 5378 547 5418 non
572 5359 734 5415 licet?
757 5358 889 5413 Cum
917 5357 1057 5412 enim
1081 5366 1363 5424 utrumque
1387 5370 1579 5410 secun-

124 5528 135 5558 ¹
164 5536 268 5603 lov_._,
288 5551 338 5589 ne
362 5539 416 5591 ab
435 5543 504 5593 eis
545 5538 804 5603 beingnitas
825 5543 869 5589 et
900 5535 1052 5603 pictas
1073 5532 1381 5603 escludatur.
1406 5539 1579 5587 Crateri

82 5600 167 5662 νεὶῑᾷ
177 5593 350 5660 Indices,
371 5618 451 5655 nec
474 5603 532 5653 ab
554 5603 638 5661 eis,
650 5593 779 5662 "etc,
804 5611 855 5651 et
874 5593 935 5650 ex
956 5600 1031 5647 his
1053 5598 1244 5659 quidam
1264 5597 1462 5657 habent,
1490 5611 1578 5649 ca:-

86 5650 307 5733 ίὴῖάῗηίέπὲ
328 5650 529 5733 illi-uuln
548 5650 647 5714 diu.
672 5650 1129 5733 ξδῖιξτζὲπέιιιζὶζᾷν.

133 5717 146 5787 ξ
169 5717 427 5787 ίλρτδοὶριιδιδ
446 5729 618 5787 culex,
643 5728 870 5777 charitate
894 5723 1088 5774 Christi.

248 5776 396 5839 onmes
408 5776 519 5840 uss;
548 5776 769 5851 at'editi,
787 5776 856 5841 uel
895 5795 1124 5837 Romanas
1148 5781 1272 5849 leges
1309 5782 1581 5849 adulteram

210 5856 264 5891 re.

210 5856 264 5897 re.

3178 371 3285 429 482

1696 462 1824 518 dum
1851 464 2021 537 legem
2057 466 2250 524 Christi
2280 469 2519 526 illicitum
2550 472 2651 540 sit,
2684 474 2795 529 sive
2820 477 3112 538 adulteram
3141 488 3282 541 occi-

1695 555 1853 622 dere,
1883 559 1997 614 sive
2034 559 2122 615 illa
2158 562 2367 618 vivente
2406 565 2628 620 alteram
2675 567 2898 636 ducere,
2947 573 3018 627 ab
3060 584 3284 648 utroque

1694 649 2067 706 abstinendum
2091 662 2193 719 est,
2224 670 2329 710 non
2357 655 2599 712 illicitum
2627 674 2726 728 pro
2755 661 2939 719 illicito
2960 664 3279 726 faciendum.

1695 740 1752 797 Si
1782 742 1924 797 enim
1951 743 2183 801 facturus
2206 754 2290 802 est
2314 748 2457 819 quod
2487 765 2593 806 non
2623 751 2782 821 licet,
2808 754 2918 824 jam
2948 756 3106 814 faciat
3129 761 3285 816 adul-

1695 834 1910 902 terium,
1936 846 1990 891 et
2018 853 2124 893 non
2168 839 2323 895 faciat
2351 840 2724 912 homicidium;
2768 855 2828 902 ut
2856 847 3067 906 vivente
3114 867 3285 910 uxore

1693 926 1915 983 alteram
1944 930 2123 999 ducat,
2164 942 2219 988 et
2247 948 2351 989 non
2388 934 2677 992 humanum
2723 942 3034 1012 sanguinem
3078 944 3284 1003 fundat.

1693 1016 1845 1085 Quod
1872 1020 1914 1074 si
1946 1033 2027 1076 est
2056 1032 2336 1095 utrumque
2375 1026 2636 1083 nefarium
2656 1070 2669 1094 ,
2701 1045 2809 1087 non
2851 1032 3011 1091 debet
3056 1037 3285 1096 alterum

1691 1123 1790 1180 pro
1815 1112 1984 1168 altero
2013 1128 2344 1186 perpetrare,
2370 1119 2464 1175 sed
2492 1128 2778 1193 utrumque
2804 1124 2991 1182 vitare.

1763 1204 1985 1262 CAPUT
2006 1206 2146 1264 XVI.
2177 1210 2363 1266 ~16.
2410 1211 2696 1284 Objectatur
2756 1216 3179 1290 incontinentem,
3236 1224 3284 1278 si

1690 1296 1934 1353 adultera:
1978 1301 2125 1353 uxori
2182 1318 2289 1358 sua:
2340 1314 2550 1359 mortem
2604 1308 2889 1363 accusando
2947 1315 3234 1382 procurarit
3261 1354 3279 1381 ,

1689 1391 1883 1445 veniam
1930 1404 2254 1465 accepturum
2311 1414 2401 1467 per
2454 1398 2775 1470 Baptismum
2824 1412 2912 1457 aut
2982 1408 3281 1462 reconcilia-

1689 1481 1911 1551 tionem,
1958 1501 2072 1555 quia
2111 1487 2205 1540 sibi
2244 1488 2471 1560 alioquin
2509 1501 2748 1562 perpetuo
2787 1494 3018 1551 adultero
3058 1497 3281 1571 denega-

1687 1584 1879 1629 rentur.
1917 1575 2161 1633 Graviora
2202 1590 2377 1636 contra
2406 1581 2648 1638 Pollentii
2677 1587 2964 1656 opinionem
3001 1592 3279 1662 excogitari

1688 1685 1852 1739 posse,
1879 1686 2031 1740 quam
2067 1688 2181 1744 qua:
2221 1674 2285 1728 ab
2328 1675 2418 1729 illo
2455 1678 2768 1747 obiectantur
2800 1680 3140 1738 incommoda.
3184 1684 3280 1741 Hic

1686 1759 1841 1816 video
1870 1763 1995 1832 quid
2024 1761 2129 1818 dici
2174 1765 2240 1819 ab
2280 1765 2731 1825 incontinentibus
2770 1772 2940 1841 possit
2971 1774 3152 1845 :quod
3192 1776 3275 1831 vi-

1686 1849 1880 1907 delicet
1905 1854 1993 1923 qui
2021 1854 2239 1910 dimittit
2280 1865 2330 1912 et
2362 1858 2543 1915 vivere
2584 1862 2837 1930 permittit
2865 1864 3182 1933 adulteram,
3224 1869 3270 1925 si

1685 1944 1905 2001 alteram
1935 1946 2165 2013 duxerit,
2208 1950 2463 2019 quamdiu
2512 1953 2656 2023 prior
2698 1954 2784 2009 illa
2808 1956 2958 2025 vivit,
2986 1968 3278 2028 perpetuus

1685 2038 1893 2096 adulter
1920 2050 2022 2106 est,
2053 2058 2153 2098 nec
2182 2044 2289 2113 agit
2317 2045 2679 2114 pmnitentiam
2709 2047 3036 2106 fructuosam
3062 2067 3092 2107 a
3120 2052 3278 2124 ﬂagi-

1688 2132 1762 2188 tio
1809 2148 1914 2188 non
1958 2136 2245 2203 recedens;
2275 2154 2374 2194 nec
2396 2139 2443 2194 si
2468 2141 2883 2198 catechumenos
2911 2156 3029 2213 est,
3073 2146 3141 2202 ad
3173 2148 3279 2203 Ba-

1686 2225 1937 2295 ptismum
1957 2226 2273 2298 admittitur,
2301 2230 2551 2301 quoniam
2575 2232 2644 2287 ab
2661 2249 2735 2303 ,eo
2758 2235 2900 2305 quod
2926 2236 3147 2308 impedit
3170 2254 3276 2295 non

1684 2328 1919 2375 mutatur
1944 2337 1958 2386 ;
1986 2336 2084 2377 nec
2109 2323 2441 2380 reconciliari
2472 2327 2737 2394 pmnitens
2761 2336 2937 2397 potest
2983 2330 3035 2385 in
3079 2331 3270 2387 eadem

1685 2410 1921 2481 nequitia
1948 2426 2300 2481 perseverans
2350 2432 2364 2469 :
2417 2415 2464 2470 si
2510 2424 2692 2473 autem
2721 2419 3025 2477 accusando
3070 2422 3278 2480 adulte-

1685 2514 1799 2556 ram
1844 2502 2128 2569 occiderit,
2171 2504 2273 2561 hoc
2320 2516 2598 2576 peccatum
2644 2511 2895 2581 quoniam
2947 2523 3276 2574 transactum

1686 2599 1789 2656 est,
1820 2600 1875 2647 et
1903 2592 1957 2647 in
1983 2608 2049 2649 eo
2074 2609 2178 2649 non
2210 2606 2508 2665 permanet,
2535 2607 2590 2654 et
2630 2600 2675 2655 si
2714 2615 2745 2656 a
2773 2604 3161 2661 catechumeno
3199 2606 3279 2663 fa-

1684 2690 1828 2736 ctum
1881 2693 2000 2751 est,
2050 2685 2376 2757 Baptismate
2416 2688 2679 2757 abluitur;
2726 2700 2784 2747 et
2816 2692 2863 2747 si
2901 2709 2932 2748 a
2968 2696 3270 2766 baptizata,

1685 2774 1999 2845 paenitentia
2022 2784 2077 2831 et
2102 2779 2533 2837 reconciliatione
2578 2791 2815 2837 sanatur.
2870 2784 2977 2841 Sed
3016 2790 3275 2860 numquid

1684 2876 1967 2939 propterea
1994 2868 2186 2925 dicturi
2214 2884 2399 2927 sumus
2422 2871 2743 2929 adulterium
2772 2891 2880 2932 non
2920 2893 3040 2934 esse
3067 2879 3275 2937 adulte-

1684 2959 1844 3027 rium,
1872 2959 2015 3030 quod
2044 2961 2160 3017 sine
2188 2961 2349 3018 dubio
2374 2965 2747 3033 committitur,
2780 2968 2825 3023 si
2854 2969 3080 3042 conjuge
3118 2972 3274 3029 adul-

1685 3058 1797 3106 tera
1827 3051 2037 3108 vivente
2058 3053 2224 3109 altera
2254 3053 2502 3111 ducitur?
2529 3056 2636 3112 Sed
2665 3056 2769 3114 hoc
2795 3059 3041 3117 adulterii
3072 3078 3273 3134 genere

1684 3152 1927 3214 excepto,
1951 3156 2144 3216 nempe
2165 3161 2271 3202 non
2300 3146 2513 3203 dubitas
2536 3164 2656 3205 esse
2683 3150 3028 3219 adulterium,
3050 3155 3096 3209 si
3121 3157 3270 3225 quis-

1685 3251 1843 3306 quam
1870 3236 2029 3292 ducat
2055 3237 2282 3294 viventis
2311 3254 2531 3296 uxorem
2562 3256 2591 3295 a
2618 3242 2751 3303 viro,
2772 3259 2871 3299 suo
2911 3261 3005 3315 per
3025 3246 3267 3304 libellum

1684 3327 1889 3398 repudii
1941 3328 2059 3384 sine
2110 3328 2216 3383 ulla
2278 3329 2519 3387 mulieris
2566 3331 2918 3392 fornicatione
2972 3336 3271 3395 dimissam.

1683 3420 1822 3489 Quid
1851 3437 2001 3493 ergo,
2031 3438 2151 3478 cum
2177 3423 2370 3480 viderit
2393 3440 2457 3481 se
2482 3441 2583 3482 nec
2601 3427 2668 3481 ad
2689 3427 3015 3498 Baptismum
3041 3433 3271 3500 admitti,

1685 3514 1729 3568 si
1759 3514 2193 3583 catechumenos,
2227 3531 2327 3571 nec
2357 3517 2559 3573 utiliter
2601 3533 2759 3590 agere
2788 3522 3179 3590 paenitentiam,
3226 3525 3272 3580 si

1685 3603 1981 3675 baptizatus
2013 3606 2115 3662 lioc
2144 3606 2286 3672 fecit,
2320 3624 2427 3663 non
2473 3610 2792 3682 corrigendo
2818 3623 2874 3667 et
2915 3614 3269 3686 relinquendo

1684 3697 1825 3768 quod
1854 3699 1997 3765 fecit,
2026 3698 2070 3752 si
2100 3715 2220 3754 eum
2249 3700 2479 3756 voluerit
2499 3711 2553 3758 et
2578 3705 2808 3773 potuerit
2832 3707 3079 3763 occidere
3116 3710 3270 3778 cujus

1684 3788 1837 3845 duxit
1864 3805 2111 3855 uxorem,
2143 3798 2202 3845 ut
2220 3791 2323 3848 hoc
2351 3793 2525 3855 scelus
2548 3796 2633 3850 vel
2658 3796 2984 3867 Baptismate
3014 3799 3269 3867 diluatur,

1683 3880 1769 3937 vel
1796 3883 2102 3951 paenitendo
2133 3884 2388 3951 solvatur,
2419 3894 2579 3956 atque
2611 3888 2681 3942 ita
2706 3889 2869 3944 etiam
2898 3890 3025 3945 illud
3057 3892 3272 3949 adulte-

1685 3974 1823 4029 rium
1853 3990 1957 4030 non
1991 3985 2316 4045 permaneat,
2361 3987 2611 4033 evacuata
2656 3980 2881 4036 muliere
2930 3998 2959 4035 a
3008 3984 3126 4055 lege
3172 3986 3274 4043 viri

1686 4075 1806 4137 post
1832 4075 2056 4121 mortem
2085 4066 2204 4133 viri,
2238 4067 2333 4122 sed
2362 4068 2429 4124 de
2461 4078 2731 4125 transacto
2759 4072 2901 4141 quod
2931 4074 3126 4129 factum
3163 4087 3270 4145 est,

1684 4171 1779 4228 per
1808 4156 2174 4227 paenitentiam
2221 4159 2350 4213 satis
2376 4159 2489 4223 fiat,
2518 4162 2599 4215 vel
2646 4164 3051 4232 regeneratione
3080 4166 3268 4223 delea-

1686 4258 1809 4315 tur;
1843 4248 2098 4319 nnmquid
2130 4258 2411 4320 propterea
2457 4261 2541 4307 est
2589 4254 2888 4310 accusanda
2936 4257 3017 4312 lex
3050 4259 3272 4329 Christi,

1686 4352 1935 4415 tanquam
1963 4344 2281 4413 compulerit
2319 4344 2435 4400 ﬁeri
2477 4345 2841 4415 homicidium,
2870 4365 2991 4405 cum
3020 4352 3137 4408 sine
3166 4354 3276 4408 cri-

1684 4435 1828 4489 mine
1855 4434 2219 4491 fornicationis
2234 4437 2567 4507 repudiatam
2588 4437 2808 4507 ducere,
2831 4440 2961 4498 dicit
2984 4459 3105 4500 esse
3120 4443 3274 4501 adul-

1688 4527 1877 4582 terium
1897 4527 1921 4579 ?

1758 4643 1845 4697 l7.
1870 4641 1965 4697 Hic
1989 4642 2154 4710 enim,
2186 4641 2229 4697 si
2254 4657 2438 4712 parum
2465 4643 2591 4714 quid
2620 4643 2903 4715 loquamur
2922 4646 3270 4716 attendimus,

1686 4734 1853 4789 multo
1881 4736 2123 4804 graviora
2147 4734 2251 4790 dici
2281 4745 2506 4805 possunt
2533 4751 2692 4806 quam
2738 4736 2851 4807 ipse
2880 4737 3084 4794 dixisti.
3132 4741 3267 4797 Nam

1687 4837 1742 4883 tu
1771 4828 1898 4883 dum
1926 4844 2033 4883 non
2064 4829 2143 4882 vis
2169 4842 2290 4883 esse
2317 4827 2602 4895 adulteria,
2653 4829 2699 4883 si
2742 4829 2862 4885 alia:
2894 4830 3156 4889 ducantur
3181 4833 3269 4890 di-

1684 4920 1866 4977 missis
1894 4920 2166 4984 adulteris,
2197 4919 2299 4975 hoc
2324 4920 2603 4975 invenisti:
2630 4921 2884 4989 Quoniam
2912 4926 2956 4979 si
2980 4926 3089 4981 [uec
3117 4928 3274 4983 adul-

1685 5014 1811 5070 teria
1840 5014 2136 5079 dixerimus,
2154 5024 2394 5085 cogentur
2414 5016 2584 5069 mariti
2609 5016 2836 5073 occidere
2854 5020 3131 5090 adulteras,
3146 5038 3276 5096 qua-

1684 5123 1799 5161 rum
1824 5106 1923 5159 vita
1946 5104 2290 5174 impediuntur
2302 5106 2487 5161 alteras
2502 5107 2702 5163 ducere.
2724 5110 2895 5180 Atque
2916 5122 2974 5167 ut
2991 5112 3092 5169 hoc
3108 5130 3279 5186 exag-

1686 5211 1921 5266 gerares,
1938 5194 2139 5250 dixisti:
2159 5194 2282 5250 Non
2297 5198 2421 5251 mihi
2438 5199 3001 5267 videtur,amantissime
3016 5214 3175 5275 pater,
3192 5207 3275 5262 hic

1688 5290 1888 5343 divinus
1909 5304 2014 5343 esse
2033 5304 2226 5353 sensus,
2245 5289 2330 5343 ubi
2344 5290 2620 5361 benignitas
2640 5303 2686 5348 et
2709 5295 2867 5364 pietas
2891 5296 3194 5351 excluditur.
3215 5297 3273 5352 Si

1687 5394 1818 5450 ergo
1836 5378 2098 5449 quiSpiam
2120 5379 2308 5435 nolens
2334 5382 2552 5438 credere
2580 5398 2700 5440 esse
2715 5386 3031 5443 adulterium
3057 5387 3274 5458 quando

1688 5485 1717 5524 a
1735 5471 1925 5526 marito
1950 5471 2065 5525 sine
2082 5469 2445 5527 fornicationis
2463 5474 2688 5530 crimine
2710 5479 2983 5548 repudiata
3010 5482 3076 5535 ab
3098 5480 3269 5535 altero

1688 5564 1919 5630 ducitur,
1935 5565 2108 5620 ethoc
2122 5574 2308 5620 contra
2322 5574 2374 5622 te
2399 5567 2649 5632 inveniat,
2671 5569 2793 5638 quia
2809 5571 2906 5624 ista
2924 5570 3129 5627 ratione
3149 5586 3276 5627 sua-

1689 5657 2161 5712 delurhominibns
2184 5659 2464 5714 homicidia
2489 5670 2816 5729 perpetrare,
2838 5671 3091 5717 etearnm
3116 5667 3278 5721 mari-

1690 5750 1795 5815 tos,
1816 5762 1948 5818 quas
1966 5764 2029 5804 eo
2054 5749 2211 5803 modo
2230 5748 2532 5819 repudiatas
2548 5750 2814 5816 duxerint,
2833 5751 2915 5805 vel
2939 5752 3144 5810 insidiis
3159 5758 3278 5827 qui-

1690 5842 1789 5897 bus
1812 5841 2095 5909 potuerint,
2133 5840 2218 5894 vel
2259 5839 2539 5894 calumniis
2569 5848 2842 5909 appetere,
2880 5842 2966 5897 vel
3013 5846 3277 5921 aliquibus
