3880 6284
116 284 200 343 ιεθ

108 399 265 452 falsum
286 394 450 449 dicere
474 407 571 447 non
592 391 877 458 mentiens,
910 394 954 447 si
980 401 1128 463 putat
1153 394 1222 448 ita
1250 408 1370 449 esse
1398 401 1458 447 ut
1483 391 1627 455 dicit,

105 486 307 556 quamvis
333 498 432 538 non
462 482 528 537 ita
563 482 668 548 sit;
698 490 752 538 et
780 491 836 536 ut
863 484 1029 552 possit
1055 498 1241 539 verum
1282 483 1460 538 dicere
1483 498 1634 538 men-

106 580 231 642 tiens,
252 576 289 630 si
310 584 449 644 putat
470 574 654 628 falsum
675 589 795 629 esse
820 585 873 630 et
896 590 991 644 pro
1011 590 1141 630 vero
1157 575 1416 641 enuntiat,
1440 590 1629 645 quam-

101 670 163 723 vis
184 683 342 723 revera
367 668 434 721 ita
460 667 527 722 sit
547 674 604 722 ut
633 669 892 723 enuntiat.
925 668 1005 722 Ex
1025 668 1190 722 animi
1217 667 1361 723 enim
1390 668 1472 721 sui
1500 682 1628 723 sen-

101 760 265 826 tentia,
305 774 402 814 non
431 774 495 813 ex
532 774 711 813 rerum
738 760 970 829 ipsarum
1001 760 1227 815 veritate
1268 758 1355 813 vel
1395 756 1629 812 falsitate

98 850 313 905 mentiens
335 857 424 902 aut
448 865 550 903 non
577 850 840 905 mentiens
860 848 1177 919 judicandus
1198 857 1298 904 est.
1328 848 1512 904 Potest
1533 849 1632 903 ita-

98 956 178 1011 que
195 939 269 995 ille
292 940 373 1009 qui
394 938 580 994 falsum
609 954 707 1010 pro
732 954 858 995 vero
878 941 1139 1005 enuntiat,
1167 939 1308 1010 quod
1336 949 1511 995 tamen
1537 954 1629 995 ve-

97 1046 188 1084 rum
209 1045 314 1085 esse
341 1029 605 1099 opinatur,
647 1045 833 1085 errans
861 1030 964 1086 dici
993 1039 1048 1086 et
1081 1032 1395 1086 temerarius
1425 1048 1438 1084 :
1471 1046 1629 1087 men-

99 1126 205 1179 tiens
227 1132 386 1179 autem
429 1138 537 1178 non
567 1131 715 1179 recte
750 1123 978 1189 dicitur;
1009 1124 1132 1195 quia
1160 1139 1255 1179 cor
1280 1123 1473 1193 duplex
1504 1137 1627 1179 eum

96 1216 287 1270 enuntiat
325 1230 427 1270 non
474 1214 665 1282 habet,
710 1230 810 1271 nec
850 1214 1035 1269 fallere
1073 1216 1236 1285 cupit,
1270 1214 1364 1270 sed
1407 1214 1625 1270 fallitur.

94 1306 220 1376 Culpa
241 1321 357 1361 vero
385 1306 696 1365 mentientis
722 1315 824 1374 est,
858 1306 913 1361 in
946 1307 1272 1363 enuntiando
1314 1307 1493 1362 animo
1530 1321 1627 1362 suo

96 1395 256 1451 fallendi
283 1396 573 1465 cupiditas;
602 1397 717 1452 sive
742 1396 892 1451 fallat
917 1411 1038 1452 cum
1066 1397 1113 1452 ei
1152 1397 1387 1452 creditur
1437 1398 1625 1453 falsum

98 1488 363 1553 enuntianti;
393 1488 510 1543 sive
538 1504 646 1543 non
672 1487 841 1553 fallat,
865 1488 945 1542 vel
976 1503 1096 1543 cum
1123 1488 1170 1543 ei
1204 1505 1308 1543 non
1329 1488 1561 1545 creditur
1582 1489 1623 1556 ί,

102 1579 163 1632 vel
186 1595 276 1633 cum
304 1594 487 1636 verum
516 1578 760 1634 enuntiat
784 1579 1058 1635 voluntate
1086 1579 1320 1643 fallendi,
1352 1579 1494 1650 quod
1517 1595 1623 1635 non

92 1679 203 1741 putat
225 1687 412 1726 verum.
442 1670 603 1739 Quod
628 1687 750 1727 cum
777 1672 826 1727 ei
846 1672 1106 1738 creditur,
1130 1686 1235 1726 non
1261 1672 1443 1742 utique
1468 1672 1620 1738 fallit,

88 1764 279 1833 quamvis
315 1764 501 1820 fallere
543 1764 775 1819 voluerit
806 1780 819 1817 :
853 1763 954 1819 nisi
996 1764 1253 1818 hactenus
1291 1763 1453 1829 fallit,
1494 1778 1626 1835 qua-

88 1862 204 1909 tenus
237 1862 441 1926 putatur
484 1855 561 1909 ita
604 1854 765 1909 etiam
811 1869 970 1910 nosse
1000 1854 1083 1911 vel
1121 1864 1309 1926 putare
1354 1863 1411 1911 ut
1450 1869 1619 1911 eumn-

88 1945 171 1998 tiat.

135 2036 177 2090 ι.
198 2036 490 2108 Quanquam
522 2036 870 2093 subtilissime
894 2045 1163 2108 quaeratur
1191 2045 1367 2092 utrum
1388 2050 1508 2092 cum
1529 2036 1624 2094 ab—

83 2136 142 2182 est
162 2129 376 2184 voluntas
401 2129 644 2197 fallendi,
675 2129 817 2185 absit
845 2130 1065 2185 omnino
1093 2130 1452 2186 mendacium.

132 2218 322 2275 CAPUT
357 2220 446 2274 lV'.
469 2250 549 2260 —
574 2220 782 2276 Mentiri
806 2238 929 2275 num
953 2221 1229 2293 aliquando
1256 2223 1415 2293 prosit
1437 2232 1525 2278 aut
1553 2223 1621 2278 li-

85 2318 177 2363 ceat.
201 2310 323 2377 Quid
354 2313 500 2367 enim
544 2312 589 2366 si
618 2312 847 2384 quisque
872 2312 1063 2368 falsum
1085 2313 1328 2384 loquens,
1356 2313 1495 2385 quod
1519 2313 1621 2370 fal-

82 2415 167 2453 sum
193 2416 301 2455 esse
333 2403 628 2469 existimat,
658 2403 780 2457 ideo
811 2414 985 2459 tamen
1018 2402 1161 2471 facit,
1195 2405 1316 2475 quia
1348 2414 1497 2475 putat
1519 2405 1621 2461 sibi

81 2506 158 2546 non
178 2493 323 2561 credi,
353 2503 409 2548 ut
447 2508 519 2549 eo
552 2493 711 2549 modo
756 2493 886 2549 falsa
913 2493 1019 2549 ﬁde
1046 2493 1344 2549 absterreat
1384 2510 1507 2550 eum
1535 2495 1621 2550 cui

81 2581 296 2651 loquitur,
326 2600 483 2655 quem
533 2584 695 2639 sentit
742 2584 844 2639 sibi
875 2585 1016 2641 nolle
1060 2584 1324 2642 credere?
1350 2585 1450 2641 Hic
1475 2586 1620 2642 enim

78 2674 211 2729 smdio
234 2692 329 2729 non
356 2676 577 2731 fallendi
606 2676 885 2743 mentitur,
911 2677 958 2731 si
980 2677 1311 2734 mendacium
1340 2688 1423 2734 est
1450 2694 1619 2735 enun-

79 2764 176 2821 tiare
194 2766 371 2838 aliquid
397 2769 562 2823 aliter
585 2783 742 2840 quam
770 2770 876 2825 scis
902 2783 1021 2825 esse
1046 2770 1128 2825 vel
1155 2779 1308 2840 putas
1333 2788 1346 2826 :
1374 2772 1619 2828 siautem

79 2857 358 2914 mendacium
406 2876 521 2915 non
568 2870 650 2915 est
680 2861 779 2915 nisi
825 2876 945 2916 eum
974 2860 1171 2932 aliquid
1196 2863 1500 2918 enuntiatur
1527 2877 1621 2919 vo-

80 2945 234 3003 luntate
256 2949 488 3017 fallendi,
529 2966 632 3005 non
659 2953 913 3007 mentitur
936 2952 1060 3018 iste,
1088 2953 1176 3024 qui
1212 2964 1496 3026 propterea
1522 2953 1621 3011 fal-

78 3053 164 3093 sum
189 3041 418 3112 loquitur,
459 3043 711 3113 quamvis
741 3044 949 3099 noverit
978 3044 1059 3099 vel
1090 3053 1241 3114 putet
1280 3045 1471 3123 falsum
1498 3059 1619 3103 esse

78 3132 183 3200 quod
218 3134 453 3205 loquitur,
498 3145 564 3191 ut
607 3135 697 3191 ille
738 3136 823 3191 cui
868 3136 1102 3207 loquitur
1131 3152 1234 3192 non
1275 3137 1324 3193 ei
1352 3138 1618 3195 credendo

79 3237 155 3279 non
179 3224 385 3293 fallatur,
433 3227 567 3299 quia
598 3243 717 3283 eum
747 3228 849 3284 sibi
894 3243 1000 3283 non
1039 3229 1364 3285 crediturum
1407 3231 1489 3287 vel
1518 3232 1619 3287 scit

79 3317 138 3371 vel
160 3329 299 3387 putat.
324 3320 473 3376 Unde
510 3320 557 3374 si
590 3329 843 3391 appareat
869 3320 983 3375 tieri
1012 3335 1170 3390 posse
1195 3331 1252 3377 ut
1269 3322 1461 3393 aliquis
1487 3336 1616 3393 pro-

81 3416 218 3475 pterea
251 3410 429 3466 falsum
470 3410 653 3477 dicat,
691 3427 757 3467 ne
786 3410 999 3466 fallatur
1024 3412 1112 3468 ille
1137 3413 1222 3468 cui
1252 3413 1475 3481 dicitur;
1505 3414 1617 3470 exi-

81 3500 146 3552 uit
167 3501 286 3556 aliud
310 3520 339 3559 e
359 3505 637 3559 contrario
657 3519 845 3575 genus,
874 3513 1157 3575 propterea
1184 3520 1370 3561 verum
1391 3506 1616 3564 dicentis

82 3599 121 3644 ut
142 3590 280 3649 fallat.
307 3595 404 3663 Qui
432 3596 583 3653 enim
624 3611 810 3652 verum
851 3596 971 3653 ideo
1000 3598 1267 3669 loquitur,
1297 3598 1420 3669 quia
1454 3599 1617 3655 sentit

84 3681 156 3736 sibi
182 3701 270 3740 non
298 3687 463 3753 credi,
500 3687 625 3743 ideo
653 3688 832 3758 utique
855 3704 1040 3743 verum
1072 3688 1198 3743 dicit
1222 3698 1279 3743 ut
1307 3688 1452 3743 fallat
1478 3706 1491 3742 :
1516 3689 1618 3745 scit

80 3772 183 3827 enim
216 3777 292 3831 vel
332 3778 611 3833 existimat
657 3787 940 3849 propterea
987 3778 1179 3833 falsum
1230 3780 1402 3850 putari
1457 3794 1615 3851 posse

80 3863 183 3929 quod
207 3866 402 3932 dicitur,
450 3870 712 3941 quoniam
742 3871 810 3924 ab
856 3872 971 3940 ipso
1014 3870 1227 3926 dicitur.
1255 3872 1611 3939 Quamobrem

80 3965 166 4007 cum
195 3956 299 4013 ideo
321 3976 511 4016 verum
539 3960 669 4016 dicit
703 3970 761 4015 ut
787 3960 976 4016 falsum
1015 3970 1246 4031 putetur,
1279 3963 1400 4020 ideo
1427 3980 1611 4020 verum

78 4040 173 4098 dicit
188 4058 236 4101 ut
262 4049 415 4105 fallat.
442 4052 809 4121 Quaerendum
839 4068 964 4123 ergo
986 4062 1083 4120 est,
1111 4054 1228 4124 quis
1258 4057 1433 4125 potius
1461 4073 1612 4113 men-

80 4130 200 4191 tiatur
219 4157 231 4193 :
253 4149 415 4197 utrum
438 4142 538 4197 illc
561 4143 648 4213 qui
681 4142 874 4197 falsum
896 4143 1022 4199 dicit
1042 4160 1109 4199 ne
1130 4143 1293 4212 fallat,
1318 4162 1385 4201 an
1413 4147 1501 4203 ille
1522 4148 1611 4218 qui

79 4237 221 4282 verum
244 4229 361 4287 dicit
398 4242 455 4288 ut
486 4232 675 4299 fallat;
702 4247 821 4288 eum
850 4242 904 4289 et
928 4234 1013 4289 ille
1040 4234 1174 4290 sciat
1211 4236 1294 4291 vel
1322 4245 1469 4307 putet
1507 4236 1608 4292 fal-

80 4326 167 4371 sum
186 4323 436 4393 sedicere,
468 4336 525 4382 et
551 4328 655 4382 iste
679 4327 812 4382 sciat
834 4329 914 4382 vel
943 4336 1091 4397 putet
1120 4345 1299 4385 verum
1330 4346 1389 4386 se
1408 4332 1607 4389 dicere.

80 4402 165 4462 lam
188 4414 311 4470 enim
337 4417 575 4473 diximus
605 4434 727 4474 eum
774 4419 861 4489 qui
890 4421 1059 4475 nescit
1088 4421 1275 4477 falsum
1313 4438 1432 4479 esse
1468 4425 1608 4495 quod

80 4502 302 4573 enuntiat,
330 4523 432 4563 non
462 4510 720 4574 mentiri,
752 4510 796 4564 si
832 4510 933 4565 hoc
957 4520 1104 4580 putat
1131 4528 1351 4581 verum;
1383 4530 1609 4586 cumque

81 4588 213 4652 potius
233 4598 451 4665 mentiri,
476 4598 571 4669 qui
601 4600 759 4654 etiam
781 4616 963 4655 verum
989 4604 1246 4669 enuntiat,
1272 4620 1390 4659 eum
1420 4606 1609 4663 falsum

82 4686 192 4743 putat
216 4702 226 4735 :
252 4687 362 4755 quia
390 4704 453 4744 ex
482 4690 649 4745 animi
672 4690 754 4746 sui
774 4693 1038 4747 sententia
1063 4693 1335 4763 judicandi
1362 4705 1504 4751 sunt.
1533 4698 1609 4755 De

82 4765 159 4823 illis
174 4772 326 4845 itaque
346 4795 448 4835 non
476 4795 637 4850 parva
664 4782 887 4851 quaestio
907 4790 1010 4848 est,
1036 4798 1168 4853 quos
1195 4782 1566 4855 preposuimus
1590 4807 1604 4844 :

42 4876 56 4897 τ
83 4869 204 4915 unum
238 4868 317 4935 qui
346 4866 459 4924 scit
487 4879 581 4925 aut
628 4880 774 4942 putat
814 4887 875 4929 se
914 4872 1106 4929 falsum
1137 4874 1349 4942 dicere,
1393 4885 1447 4931 et
1488 4878 1608 4933 ideo

84 4944 177 5005 dicit
203 4969 260 5010 ne
279 4957 455 5027 fallat;
482 4962 632 5017 velut
657 4963 700 5018 si
726 4963 955 5033 aliquam
984 4965 1122 5019 viam
1146 4965 1356 5021 noverit
1375 4967 1606 5024 obsideri

85 5038 389 5126 ahtronibus,
416 5060 473 5107 et
496 5053 692 5109 timens
729 5069 795 5109 ne
822 5069 918 5124 per
942 5054 1088 5109 illam
1120 5064 1305 5126 pergat
1330 5055 1489 5110 homo
1514 5070 1608 5112 cu-

82 5124 144 5193 jus
160 5134 290 5191 saluti
322 5144 592 5212 prospicit,
616 5152 669 5200 et
684 5159 805 5201 eum
836 5145 935 5200 scit
960 5145 1059 5201 sibi
1086 5124 1190 5201 non
1209 5124 1445 5212 credere,
1465 5147 1607 5201 dicat

84 5229 173 5274 eam
195 5225 314 5281 viam
345 5247 447 5286 non
492 5232 688 5290 habere
716 5235 973 5303 latrones,
1003 5235 1071 5290 ad
1115 5235 1217 5291 hoc
1254 5234 1313 5291 u't
1342 5237 1463 5292 illae
1500 5250 1605 5292 non

84 5319 164 5376 eat,
188 5313 297 5372 dum
320 5320 436 5378 ideo
473 5325 640 5381 credit
666 5326 903 5383 latrones
932 5328 1003 5383 ibi
1033 5342 1172 5396 esse,
1205 5329 1328 5399 quia
1356 5329 1447 5384 ille
1472 5328 1608 5384 dixit

85 5413 163 5456 non
188 5406 249 5462 ibi
264 5425 408 5479 esse,
440 5418 521 5471 cui
549 5433 654 5473 non
693 5420 914 5475 credere
938 5420 1138 5486 statuit,
1169 5420 1481 5475 mendacem
1511 5435 1607 5489 pu-

88 5496 176 5549 tans
198 5513 210 5549 :
236 5500 441 5559 alterum
461 5517 632 5564 autem
655 5510 742 5580 qui
762 5511 937 5565 sciens
956 5520 1047 5566 aut
1067 5520 1255 5581 putans
1280 5525 1464 5566 verum
1481 5524 1606 5569 esse

134 5603 289 5683 1355-1
303 5611 395 5663 Sive
414 5614 562 5683 fellat,
586 5618 683 5683 sive
705 5633 817 5676 non.
840 5621 914 5671 vel
930 5634 1041 5683 cum
1067 5621 1115 5672 ei
1134 5622 1350 5673 creditur
1366 5658 1383 5683 ,
1404 5621 1478 5672 vel
1493 5634 1605 5672 cum

89 5671 228 5778 ml,
249 5678 355 5736 etc.,
372 5671 560 5730 omissis
574 5682 763 5743 verbis,
789 5671 898 5732 cum
929 5682 976 5734 ei
1007 5671 1432 5747 crediturﬁrtblstint
1454 5671 1602 5734 mimi?

429 5823 647 5885 SANCT.
698 5829 971 5889 Auensr.
1018 5828 1119 5891 Vl.

892 278 976 333 DE
1003 275 1377 363 MENDACIO,
1417 276 1473 332 S.
1528 275 1888 335 AUCUSTINI
1927 278 2129 335 LIBER
2169 279 2368 338 UNUS.

3221 296 3328 356 490

1745 393 1883 482 quod
1913 392 2058 461 dicit,
2098 396 2163 450 ad
2206 396 2307 453 hoc
2344 404 2521 455 tamen
2549 400 2677 459 dicit
2701 411 2758 460 ut
2795 404 2970 476 fallat;
2997 416 3249 482 tanquam
3273 416 3323 473 si

1742 481 1943 537 homini
1966 499 2069 538 non
2096 485 2198 541 sibi
2225 487 2463 544 credenti
2489 490 2630 547 dicat
2650 494 2883 552 latrones
2902 498 2956 553 in
2981 500 3069 555 illa
3095 480 3188 558 via.
3202 520 3323 562 esse

1742 570 1829 625 ubi
1858 587 2048 628 revera
2075 589 2170 630 eos
2208 590 2327 632 esse
2352 581 2630 648 cognovit,
2661 591 2719 638 ut
2746 584 2837 641 ille
2869 587 2955 642 cui
2979 589 3107 646 dicit
3135 607 3231 661 per
3260 595 3297 650 il

1739 659 1844 752 lam
1873 661 2009 716 viam
2029 664 2198 735 magis
2230 678 2432 738 pergat,
2470 677 2627 741 atque
2653 672 2724 728 ita
2754 674 2807 729 in
2836 676 3072 734 latrones
3102 659 3311 752 incidat.

1738 749 1863 845 dum
1909 760 2057 823 putat
2099 754 2289 812 falsum
2332 772 2451 814 esse
2489 762 2632 832 quod
2675 764 2766 820 ille
2793 765 3005 823 dixerit.
3036 769 3168 838 Quis
3194 749 3328 845 ergo

1738 841 1958 898 istorum
1981 847 2264 914 mentitur;
2297 849 2386 906 ille
2407 853 2495 922 qui
2516 854 2674 925 elegit
2699 854 2891 915 falsum
2920 860 3100 918 dicere
3127 880 3195 920 ne
3216 841 3306 921 fal-

1737 932 1832 999 lat,
1863 949 1929 989 an
1973 936 2061 991 ille
2087 939 2176 1008 qui
2204 940 2367 1012 elegit
2391 959 2575 999 verum
2604 945 2786 1005 dicere
2812 959 2870 1005 ut
2896 953 3084 1009 fallat?
3108 956 3196 1012 ille
3225 958 3311 1028 qui

1741 1024 1930 1080 falsum
1979 1027 2207 1086 dicendo
2248 1032 2353 1102 egit
2397 1044 2455 1088 ut
2484 1052 2667 1092 verum
2697 1051 3011 1111 sequeretur
3032 1047 3117 1101 cui
3148 1024 3303 1115 dixit,

1734 1130 1804 1170 an
1840 1116 1942 1173 iste
1969 1119 2059 1188 qui
2084 1136 2269 1176 verum
2300 1123 2526 1181 dicendo
2560 1129 2667 1197 egit
2700 1137 2755 1185 ut
2785 1129 2975 1189 falsum
3003 1146 3319 1206 sequeretur

1735 1207 1819 1299 eui
1841 1208 2008 1264 dixit?
2028 1212 2109 1267 An
2130 1210 2269 1269 forte
2291 1216 2450 1271 ambo
2472 1220 2683 1275 mentiti
2707 1232 2862 1290 sunt;
2894 1225 2984 1281 ille
3004 1229 3127 1299 quia
3151 1231 3321 1287 voluit

1733 1295 1923 1352 falsum
1953 1299 2151 1383 dicere,
2182 1303 2283 1360 iste
2306 1307 2429 1376 quia
2454 1309 2617 1366 voluit
2638 1311 2859 1370 fallere?
2879 1316 2958 1372 An
2984 1295 3158 1389 potius
3187 1337 3319 1379 neu-

1734 1395 1815 1443 ter
1839 1405 2023 1446 eorum
2063 1396 2315 1452 mentitus
2340 1408 2451 1465 est;
2485 1400 2574 1456 ille
2602 1403 2725 1472 quia
2756 1405 3079 1466 voluntatem
3129 1411 3314 1470 habuit

1732 1495 1837 1534 non
1870 1482 2118 1552 fallendi,
2165 1495 2220 1541 et
2259 1488 2348 1542 ille
2391 1491 2510 1560 quia
2553 1493 2879 1553 voluntatem
2918 1498 3100 1558 habuit
3128 1518 3312 1560 verum

1731 1569 1976 1627 dicendi?
2001 1574 2115 1631 Non
2144 1578 2286 1632 enim
2317 1595 2460 1636 nunc
2494 1584 2667 1653 agitur
2690 1588 2811 1657 quis
2840 1605 3025 1647 eorum
3052 1609 3312 1664 peccave-

1730 1662 1819 1731 rit,
1852 1665 1946 1720 sed
1976 1667 2099 1736 quis
2127 1672 2383 1727 mentitus
2408 1674 2495 1729 sit.
2524 1675 2643 1732 Cito
2668 1680 2808 1736 enim
2835 1662 3161 1744 videtur-ille
3189 1706 3313 1759 pec-

1728 1766 1901 1819 casse,
1949 1757 2040 1827 qui
2086 1774 2271 1816 verum
2298 1761 2523 1819 dicendo
2548 1769 2657 1837 egit
2696 1778 2753 1825 ut
2780 1771 2941 1829 homo
2968 1757 3226 1835 incideret
3256 1780 3310 1837 in

1729 1843 1999 1902 latrones:
2028 1848 2122 1905 ille
2145 1859 2322 1906 autem
2352 1868 2457 1909 non
2488 1871 2754 1925 peccasse,
2784 1863 2869 1917 vel
2896 1865 3056 1920 etiam
3079 1867 3217 1926 bene
3236 1870 3313 1926 fe-

1728 1936 1886 2004 cisse,
1906 1938 2005 2009 'qui
2036 1939 2227 1997 falsum
2254 1942 2482 2002 dicendo
2508 1949 2615 2017 egit
2640 1958 2698 2005 ut
2722 1950 2882 2008 homo
2906 1958 3195 2025 perniciem
3216 1960 3312 2017 de-

1728 2026 1937 2083 vitaret.
1977 2029 2083 2085 Sed
2123 2044 2347 2102 possunt
2372 2038 2613 2109 exempla
2636 2040 2733 2096 ista
2759 2047 3018 2113 converti,
3048 2057 3109 2105 ut
3131 2058 3185 2106 et
3220 2052 3312 2109 ille

1726 2117 1923 2213 aliquid
1950 2122 2165 2213 gravius
2208 2140 2330 2181 eum
2362 2129 2467 2197 pati
2512 2130 2640 2186 velit
2681 2149 2837 2203 quem
2876 2136 2988 2193 falli
3029 2156 3133 2197 non
3162 2144 3307 2213 vult;

1729 2209 1881 2263 multi
1907 2211 2050 2267 enim
2073 2228 2199 2269 vera
2224 2216 2468 2285 quaedam
2494 2226 2863 2291 cognoscendo
2889 2228 2990 2285 sibi
3016 2209 3316 2293 intulerunt

1728 2302 2018 2369 perniciem
2037 2344 2053 2371 ,
2083 2306 2126 2359 si
2155 2305 2280 2361 talia
2310 2307 2523 2366 fuerunt
2564 2321 2623 2368 ut
2646 2328 2741 2371 eos
2768 2315 2935 2375 latere
2978 2320 3259 2382 debuerint
3292 2345 3307 2385 :

1726 2399 1782 2447 ct
1809 2394 1909 2448 iste
1932 2394 2130 2466 aliquid
2156 2400 2424 2457 commodi
2452 2403 2581 2458 velit
2606 2405 2827 2477 adipisci
2855 2426 2977 2467 eum
3009 2430 3167 2486 quem
3195 2420 3311 2476 vult

1726 2482 1865 2550 falli;
1900 2487 2142 2543 nonnulli
2187 2491 2331 2545 enim
2361 2493 2451 2563 qui
2492 2494 2595 2550 sibi
2624 2506 2851 2555 mortem
2893 2482 3216 2575 intulissent,
3259 2512 3309 2567 si

1724 2575 1924 2647 aliquid
1964 2580 2087 2633 mali
2111 2581 2252 2650 quod
2295 2598 2421 2640 vere
2448 2587 2742 2658 contigerat
2763 2591 2832 2648 de
2857 2594 3036 2653 charis
3075 2600 3187 2657 suis
3211 2615 3310 2659 co-

1723 2667 2034 2763 gnovissent
2056 2710 2072 2736 ,
2102 2669 2293 2763 falsum
2333 2676 2567 2743 putando
2608 2679 2710 2734 sihi
2740 2697 3119 2757 pepercerunt;
3148 2701 3310 2763 atque

1727 2754 1799 2808 ita
1825 2754 1933 2811 falli
1961 2757 2041 2813 eis
2068 2758 2282 2828 profuit,
2314 2763 2452 2818 sicut
2474 2765 2594 2821 aliis
2621 2767 2791 2825 obfuit
2817 2788 2939 2829 vera
2960 2754 3305 2848 cognoscere.

1725 2843 1840 2901 Non
1868 2863 1996 2919 ergo
2025 2849 2076 2904 id
2105 2851 2296 2921 agitur,
2322 2869 2428 2923 quo
2449 2857 2629 2914 animo
2649 2863 2959 2922 consulendi
2985 2843 3077 2924 aut
3102 2887 3307 2930 nocen-

1710 2937 1820 3011 di,
1867 2939 1951 2994 vel
1996 2940 2085 2997 ille
2112 2940 2302 2999 falsum
2330 2944 2462 3001 dixit
2490 2963 2558 3003 ne
2588 2950 2831 3021 falleret,
2861 2957 2943 3012 vel
2984 2959 3083 3016 iste
3121 2978 3307 3021 verum

1728 3026 1865 3084 dixit
1909 3038 1967 3085 ut
1995 3032 2201 3089 falleret
2228 3050 2242 3087 :
2271 3034 2365 3091 sed
2404 3040 2642 3110 exceptis
2667 3046 2959 3103 commodis
2984 3060 3075 3106 aut
3102 3053 3306 3112 incom-

1728 3118 1904 3174 modis
1943 3135 2129 3176 eorum
2169 3123 2361 3194 quibus
2399 3125 2559 3184 locuti
2585 3141 2731 3201 sunt,
2762 3145 3015 3204 quantum
3044 3140 3110 3197 ad
3137 3142 3306 3212 ipsam

1727 3211 2004 3267 veritatem
2032 3212 2418 3287 falsitatemque
2438 3219 2648 3289 attinet,
2674 3226 2929 3293 quaeritur
2947 3230 3068 3300 quis
3094 3211 3302 3304 eorum,

1724 3314 1790 3353 an
1820 3310 2075 3373 uterque,
2109 3314 2362 3363 neuterve
2403 3311 2656 3367 mentitus
2684 3313 2772 3369 sit.
2805 3315 2860 3372 Si
2903 3322 3044 3376 enim
3088 3326 3309 3384 menda-

1724 3390 1865 3445 cium
1894 3402 1977 3446 cst
2004 3394 2295 3452 enuntiatio
2320 3413 2442 3454 cum
2464 3401 2733 3460 voluntate
2756 3405 2943 3463 falsum
2969 3416 3302 3485 enuntiandi,

1725 3483 1813 3539 ille
1860 3487 2036 3555 potius
2078 3490 2333 3546 mentitus
2361 3495 2559 3565 estqui
2587 3494 2776 3553 falsum
2820 3499 2999 3559 dicere
3038 3507 3223 3576 voluit,
3251 3483 3309 3567 et

1723 3575 1856 3631 dixit
1878 3577 2019 3648 quod
2062 3580 2246 3649 voluit,
2279 3586 2522 3653 quamvis
2546 3602 2613 3643 ne
2640 3587 2849 3647 falleret
2875 3593 3105 3652 dixerit:
3133 3600 3180 3655 si
3204 3614 3306 3658 au-

1724 3675 1828 3723 tem
1856 3669 2189 3727 mendacium
2212 3683 2293 3729 est
2313 3677 2564 3745 quaelibet
2581 3681 2875 3739 enuntiatio
2893 3700 3015 3742 cum
3035 3689 3308 3750 voluntate

1722 3758 1959 3827 fallendi,
1988 3777 2095 3817 non
2123 3763 2232 3829 ille,
2260 3765 2355 3821 sed
2386 3767 2486 3823 iste
2514 3771 2767 3829 mentitus
2792 3783 2895 3842 est,
2920 3776 3010 3848 qui
3035 3780 3195 3838 etiam
3220 3798 3308 3841 ve-

1722 3867 1839 3906 rum
1883 3853 2111 3911 dicendo
2142 3857 2326 3914 fallere
2356 3860 2526 3916 voluit
2553 3879 2567 3916 :
2596 3865 2739 3934 quod
2765 3866 2809 3921 si
2839 3870 3175 3930 mendacium
3219 3886 3305 3934 est

1719 3945 2013 4000 enuntiatio
2056 3961 2177 4003 cum
2224 3949 2496 4007 voluntate
2539 3953 2764 4025 alicujus
2814 3958 3097 4030 falsitatis,
3142 3967 3303 4025 ambo

1717 4038 1926 4092 mentiti
1951 4047 2104 4105 sunt;
2146 4040 2267 4110 quia
2294 4049 2348 4096 et
2374 4042 2465 4097 ille
2488 4057 2639 4100 suam
2666 4050 3083 4109 enuntiationem
3112 4056 3300 4116 falsam

1715 4143 1836 4184 esse
1857 4130 2041 4195 voluit,
2066 4138 2119 4185 et
2139 4130 2240 4186 iste
2260 4130 2326 4186 de
2372 4148 2495 4188 vera
2518 4151 2611 4189 sua
2661 4137 2848 4194 falsum
2891 4143 3039 4198 credi
3087 4148 3296 4205 voluit:

1719 4234 1878 4291 porro
1891 4220 1935 4274 si
1952 4220 2283 4276 mendacium
2302 4231 2382 4277 est
2398 4226 2688 4282 enuntiatio
2700 4226 2892 4286 falsum
2907 4236 3183 4293 enuntiare
3203 4254 3299 4296 vo-

1716 4309 1873 4364 lentis
1903 4317 1960 4363 ut
1978 4308 2141 4375 fallat,
2168 4319 2357 4367 neuter
2370 4314 2622 4369 mentitus
2651 4325 2754 4383 est;
2773 4320 2895 4388 quia
2919 4331 2974 4377 et
2999 4324 3088 4382 ille
3114 4326 3294 4388 habuit

1716 4407 2039 4461 voluntatem
2062 4405 2249 4462 falsum
2280 4406 2507 4464 dicendo
2527 4425 2710 4466 verum
2733 4416 3141 4488 persuadere,et
3169 4423 3291 4492 iste,

1716 4507 1773 4553 ut
1815 4497 2001 4552 falsum
2045 4500 2416 4568 persuaderet,
2449 4517 2633 4557 verum
2671 4503 2869 4562 dicere.
2920 4509 3108 4567 Aherit
3138 4514 3296 4585 igitur

1714 4588 1887 4644 omnis
1918 4589 2188 4644 temeritas
2228 4597 2387 4660 atque
2428 4606 2588 4648 omne
2616 4595 2965 4665 mendacium,
2999 4602 3044 4655 si
3075 4602 3127 4657 id
3152 4605 3295 4674 quod

1715 4698 1897 4738 verum
1919 4681 2310 4738 credendumve
2334 4682 2696 4755 cognovimus,
2724 4702 2844 4742 cum
2868 4704 3001 4759 opus
3025 4702 3107 4748 est
3124 4710 3295 4752 enun-

1714 4775 1926 4839 tiamus,
1957 4784 2011 4829 et
2039 4774 2091 4828 id
2122 4773 2365 4829 volumus
2408 4774 2728 4844 persuadere
2756 4779 2898 4847 quod
2928 4784 3292 4844 enuntiamus.

1713 4864 1771 4921 Si
1796 4874 1975 4921 autem
2021 4865 2106 4920 vel
2131 4864 2271 4935 quod
2321 4864 2511 4921 falsum
2544 4875 2625 4921 est
2668 4882 2853 4923 verum
2901 4880 3169 4943 putantes,
3210 4881 3296 4935 vel

1712 4956 1854 5028 quod
1898 4956 2222 5026 incognitum
2267 4963 2350 5010 est
2389 4956 2543 5011 nobis
2578 4972 2675 5027 pro
2701 4961 2916 5030 cognito
2950 4962 3211 5024 habentes
3252 4973 3294 5036 ³,

1712 5049 1796 5105 vel
1825 5048 1965 5119 quod
1994 5047 2317 5102 credendum
2362 5062 2467 5101 non
2494 5057 2576 5103 est
2618 5050 2920 5119 credentes,
2951 5056 3039 5111 vel
3080 5071 3201 5115 cum
3242 5059 3296 5115 id

1714 5156 1820 5196 non
1848 5154 1983 5210 opus
2010 5150 2093 5193 est
2121 5137 2458 5195 enuntiantes
2483 5180 2497 5205 ,
2528 5149 2704 5197 tamen
2749 5158 2857 5199 non
2882 5146 3023 5203 aliud
3050 5164 3210 5219 quam
3242 5152 3295 5208 id

1711 5230 1852 5304 quod
1904 5230 2241 5286 enuntiamus
2285 5229 2609 5300 persuadere
2653 5247 2940 5303 conamur;
2990 5252 3098 5293 non
3144 5241 3297 5297 abest

1710 5321 1925 5394 quidem
1968 5320 2280 5376 temeritatis
2327 5336 2479 5378 error
2506 5323 2548 5389 ³,
2580 5323 2674 5379 sed
2703 5324 2850 5381 abest
2879 5341 3039 5383 omne
3067 5331 3294 5385 menda-

1711 5415 1874 5470 cium.
1904 5413 2057 5469 Nulla
2092 5413 2234 5468 enim
2268 5412 2636 5470 deﬁnitionum
2671 5416 2880 5472 illarum
2911 5419 3141 5475 timenda
3170 5430 3289 5491 est,

1711 5521 1831 5562 cum
1858 5506 1995 5562 bene
2022 5505 2123 5561 sibi
2151 5506 2396 5561 conscius
2421 5514 2502 5561 est
2529 5507 2759 5574 animus,
2789 5509 2891 5563 hoc
2914 5523 2975 5564 se
3011 5511 3292 5571 enuntiare

1775 5622 1791 5653 ι
1828 5618 1994 5670 Plures
2015 5628 2140 5681 Mss.,
2164 5617 2237 5670 vel
2258 5619 2384 5684 quod
2405 5617 2697 5682 incognitum
2713 5622 2783 5668 est
2797 5618 2929 5668 nobis
2948 5618 3187 5684 comitum
3202 5621 3293 5674 ha.

1923 5752 2027 5796 Mss.
2058 5753 2109 5795 Λι
2129 5743 2261 5802 editi,
2281 5740 2521 5793 temeritas
2542 5746 2587 5790 et
2619 5750 2775 5788 error.

2777 5818 3049 5897 (δεῖτε.)
