3880 6284
617 314 717 370 ιοι

614 422 757 497 quod
788 435 975 480 verum
1005 433 1126 478 esse
1145 424 1240 476 aut
1265 416 1428 484 novit,
1450 422 1543 472 aut
1558 413 1820 486 opinatur,
1859 421 1952 468 aut
1976 411 2183 476 credit,

615 530 788 589 neque
811 514 947 570 velle
971 509 1170 582 aliquid
1190 550 1209 579 ,
1237 509 1343 566 nisi
1370 506 1510 579 quod
1539 505 1800 572 enuntiat,
1844 501 2183 574 persuadere.

686 609 742 664 5.
771 605 875 663 Sed
899 614 1074 660 utrum
1099 602 1168 659 sit
1190 602 1317 657 utile
1333 598 1619 670 aliquando
1639 595 1991 661 mendacium,
2015 592 2186 648 multo

615 698 785 771 major
823 697 1096 768 magisque
1137 690 1436 749 necessaria
1460 690 1682 761 quaestio
1710 696 1812 743 est.
1841 686 2029 742 Utrum
2058 698 2187 754 ergo

616 790 903 845 mentiatur
928 784 1165 857 quisquis
1190 781 1401 837 fallendi
1427 794 1533 834 non
1558 779 1716 833 habet
1737 776 2083 841 voluntatem,
2101 772 2186 827 vel

615 880 775 934 etiam
806 876 857 932 id
901 876 1005 946 agit
1044 889 1113 928 ne
1142 872 1349 926 fallatur
1373 869 1458 924 cui
1484 866 1680 938 aliquid
1706 864 1968 929 enuntiat,
1996 879 2185 934 quam-

616 970 697 1024 vis
722 965 1135 1023 enuntiationem
1164 963 1327 1034 ipsam
1356 960 1542 1015 falsam
1571 958 1770 1014 habere
1795 957 2042 1020 voluerit,
2066 956 2188 1027 quia

616 1057 738 1113 ideo
765 1057 927 1113 voluit
964 1064 1020 1109 ut
1049 1068 1230 1110 verum
1275 1050 1653 1121 persuaderet;
1684 1058 1737 1104 et
1766 1056 1942 1103 utrum
1969 1046 2191 1101 mentia-

617 1141 706 1205 tur
742 1146 978 1221 quisquis
1020 1145 1180 1201 etiam
1209 1158 1394 1199 verum
1425 1143 1610 1198 volens
1634 1142 1876 1197 enuntiat
1903 1153 2063 1195 causa
2087 1138 2185 1193 fal-

618 1240 783 1304 lendi,
813 1237 1035 1293 dubitari
1085 1243 1276 1306 potest.
1304 1233 1470 1289 Nemo
1513 1241 1689 1288 autem
1728 1231 1931 1287 dubitat
1976 1228 2189 1285 mentiri

616 1344 738 1387 eum
764 1327 853 1397 qui
882 1326 1065 1382 volens
1089 1326 1276 1380 falsum
1303 1324 1543 1378 enuntiat
1574 1337 1735 1377 causa
1771 1320 1986 1375 fallendi
2015 1339 2028 1374 :
2059 1332 2189 1388 qua-

619 1427 839 1492 propter
863 1417 1275 1474 enuntiationem
1305 1416 1485 1470 falsam
1509 1429 1631 1469 cum
1644 1414 1909 1469 voluntate
1920 1412 1985 1467 ad
1999 1412 2191 1466 fallen-

617 1509 744 1565 dum
771 1509 1052 1579 prolatam,
1086 1503 1424 1561 manil‘estum
1449 1512 1533 1559 est
1555 1518 1675 1559 esse
1703 1502 2056 1558 mendacium.
2083 1499 2191 1556 Sed

620 1612 801 1657 utrum
833 1608 934 1656 hoc
956 1601 1127 1655 solum
1155 1598 1226 1654 sit
1251 1595 1604 1662 mendacium,
1633 1595 1735 1649 alia
1764 1594 1988 1664 qtnestio
2016 1600 2118 1647 est.

687 1693 916 1749 CAPUT
953 1691 1017 1748 γ.
1067 1721 1139 1731 -
1178 1688 1367 1760 Opinio
1407 1688 1664 1758 afﬁrmans
1704 1684 2042 1739 mentiendum
2084 1698 2193 1738 esse

619 1797 1001 1853 nonnunquam.
1024 1778 1213 1851 Opinio
1241 1792 1429 1848 negans
1456 1792 1564 1831 esse
1587 1790 1807 1844 unquam
1830 1771 2188 1827 mentiendum.

621 1872 872 1942 Exempla
914 1887 1006 1942 pro
1028 1869 1285 1924 mendacio
1310 1883 1374 1922 ea:
1410 1865 1576 1921 Veteri
1592 1865 1908 1919 Testamento
1931 1860 2090 1917 allata
2114 1861 2194 1914 di-

619 1965 920 2017 scutiuntur.
951 1958 1225 2014 Mentiendi
1267 1956 1549 2027 exemplum
1588 1970 1651 2010 ea:
1688 1950 2005 2008 Testamento
2044 1948 2193 2005 Novo

620 2052 822 2105 nullum
860 2057 1138 2120 suppetere.
1169 2044 1422 2102 Timothei
1455 2044 1771 2099 circumcisio
1795 2058 1895 2098 non
1920 2058 2008 2113 per
2035 2041 2193 2096 sintu-

620 2143 859 2198 lationem
888 2143 1041 2213 [ποια.
1073 2137 1256 2193 Petrus
1293 2136 1500 2191 libenter
1518 2144 1765 2191 correctus
1802 2150 1833 2187 a
1875 2131 2058 2187 Paulo.
2087 2131 2195 2185 Au-

621 2236 902 2292 ctoritatem
924 2232 1197 2289 mentiendi
1235 2247 1337 2286 non
1378 2230 1539 2302 magis
1571 2228 1847 2283 communis
1892 2228 2006 2281 vitta
2041 2242 2193 2297 quam

626 2331 1006 2401 Scripturarum
1050 2325 1291 2396 exemplis
1325 2323 1487 2378 «strui
1530 2338 1693 2392 posse.
1724 2320 1942 2375 Interim
1984 2318 2052 2374 de
2092 2317 2194 2373 hoc

621 2437 852 2493 genere,
902 2421 956 2474 in
1000 2417 1141 2491 quod
1188 2431 1374 2473 omnes
1420 2414 1777 2481 consentiunt,
1825 2412 2190 2483 inquiramus:

624 2523 805 2568 utrum
850 2509 1134 2581 aliquando
1178 2509 1249 2565 sit
1290 2506 1416 2562 utile
1458 2505 1648 2561 falsum
1690 2505 1888 2576 aliquid
1916 2502 2194 2559 enuntiare

624 2617 745 2657 cum
774 2602 1045 2657 voluntate
1073 2596 1307 2656 fallendi.
1334 2595 1466 2653 Nam
1495 2596 1584 2667 qui
1621 2595 1723 2650 hoc
1747 2594 2004 2660 sentiunt,
2036 2591 2193 2648 adhi-

623 2696 752 2751 bent
788 2693 1091 2750 testimonia
1122 2689 1402 2749 sentcntiae
1430 2704 1561 2757 sum,
1591 2694 2069 2743 commemorantes
2096 2683 2196 2741 Sa-

618 2800 740 2839 ram
777 2799 896 2840 cum
939 2780 1395 2859 risisset,.angelis
1421 2794 1646 2851 negasse
1670 2777 1810 2849 quod
1836 2778 2015 2833 riserit
2038 2776 2192 2848 (Gen.

624 2890 775 2940 xvtu,
806 2874 925 2944 15);
961 2871 1124 2929 Iacob
1161 2886 1191 2924 a
1237 2879 1385 2941 patre
1430 2868 1829 2939 interrogatum,
1857 2867 2197 2939 respondisse

625 2963 769 3035 quod
798 2964 909 3033 ipse
933 2971 1077 3017 esset
1103 2961 1242 3016 Esau
1263 2960 1435 3030 major
1455 2959 1595 3014 ﬁlius
1616 2959 1734 3029 ejus
1754 2958 1867 3031 (Id.
1890 2975 2054 3026 xxvu,
2081 2958 2193 3033 l9);

627 3053 904 3124 Egyptians
927 3066 1137 3123 quoque
1160 3050 1494 3116 obstetrices,
1523 3064 1591 3105 ne
1617 3049 1843 3104 infantes
1869 3048 2077 3104 Hebraei
2099 3063 2196 3104 na-

626 3154 837 3200 scentes
866 3142 1317 3210 interﬁcerentur,
1347 3140 1508 3198 etiam
1539 3140 1652 3196 Deo
1677 3138 2007 3210 approbante
2030 3148 2085 3196 et
2109 3154 2198 3196 re-

626 3244 939 3291 munerante
963 3234 1211 3290 mentitas
1235 3231 1426 3304 (Exod.
1453 3247 1492 3297 ι,
1522 3231 1609 3298 l9,
1635 3230 1726 3305 20)
1754 3249 1770 3300 ;
1791 3240 1843 3288 et
1868 3233 2032 3289 multa
2055 3233 2199 3305 ejus-

628 3325 775 3380 modi
816 3326 1058 3395 exempla
1101 3325 1378 3396 eligentes,
1409 3338 1592 3379 eorum
1620 3323 1895 3379 hominum
1923 3326 2198 3382 mendacia

628 3423 1069 3484 commemorant,
1115 3429 1248 3485 quos
1283 3413 1502 3484 culpare
1542 3429 1649 3470 non
1696 3414 1915 3482 audeas,
1943 3424 2101 3485 atque
2127 3416 2199 3470 ita

627 3505 846 3561 fatearis
886 3504 1170 3575 aliquando
1212 3518 1333 3559 esse
1371 3518 1531 3576 posse
1573 3519 1680 3560 non
1724 3506 1893 3560 solum
1920 3505 2199 3576 reprehen-

633 3598 785 3653 sione
828 3613 932 3653 non
981 3596 1218 3667 dignum,
1247 3596 1340 3650 sed
1371 3595 1530 3651 etiam
1558 3595 1774 3667 dignum
1799 3595 1954 3651 laude
1981 3596 2200 3651 menda-

628 3688 798 3742 cium.
829 3686 1047 3741 Addunt
1088 3686 1270 3753 etiam,
1300 3699 1406 3756 quo
1436 3699 1541 3740 non
1568 3686 1714 3740 solos
1742 3692 1984 3754 premant
2007 3685 2199 3742 divinis

632 3777 810 3832 Libris
837 3776 1064 3841 deditos,
1090 3775 1185 3830 sed
1210 3776 1370 3831 etiam
1398 3789 1585 3830 omnes
1614 3774 1855 3829 homines
1880 3789 2200 3846 sensumque

628 3864 1258 3931 contmunem,dioentes
1282 3881 1297 3918 :
1321 3864 1375 3918 Si
1421 3863 1541 3934 quis
1581 3862 1648 3918 ad
1698 3872 1749 3919 te
1791 3864 2077 3935 confugiat,
2110 3866 2199 3934 qui

624 3957 912 4012 mendacio
938 3965 1028 4010 tuo
1054 3956 1222 4025 possit
1250 3970 1280 4010 a
1304 3964 1477 4010 morte
1501 3954 1874 4021 liberari,.nun
1924 3970 1983 4011 es
2010 3956 2202 4013 menti-

631 4046 816 4101 turus?
837 4044 894 4100 Si
917 4044 1115 4114 aliquid
1144 4054 1375 4115 aegrotus
1399 4045 1687 4115 interroget
1704 4044 1843 4115 quod
1867 4044 1916 4099 ei
1939 4045 2077 4101 scire
2094 4061 2198 4101 non

629 4138 865 4208 expedit,
893 4136 985 4207 qui
1008 4137 1168 4192 etiam
1202 4145 1251 4192 te
1280 4151 1383 4191 non
1411 4136 1766 4206 respondente
1790 4137 1958 4207 possit
1989 4137 2201 4207 gravius

629 4229 825 4300 aﬁligi;
858 4228 1146 4284 audebisne
1171 4238 1260 4282 aut
1281 4242 1462 4282 verum
1489 4228 1668 4283 dicere
1694 4228 1745 4281 in
1779 4229 2066 4298 perniciem
2099 4228 2199 4282 lto-

627 4321 808 4386 minis,
839 4329 929 4374 aut
965 4319 1125 4375 silere
1153 4319 1325 4387 potius
1350 4333 1506 4388 quam
1534 4318 1761 4373 honesto
1790 4328 1843 4373 et
1870 4319 2199 4374 misericordi

630 4408 909 4489 mendacio
935 4408 1227 4463 valetudini
1252 4410 1367 4476 ejus
1391 4408 1680 4478 cpitulari?
1709 4408 1802 4463 llis
1821 4417 1977 4478 atque
2007 4409 2200 4464 talibus

628 4498 999 4570 copiosissime
1028 4513 1087 4554 se
1108 4497 1437 4552 arbitrantur
1466 4513 1675 4567 urgere,
1710 4506 1768 4553 ut
1810 4498 1855 4552 si
1891 4498 2197 4554 consulendi

620 4605 792 4648 causa
818 4590 1002 4659 exigit,
1030 4586 1315 4659 aliquando
1336 4587 1672 4643 mentiamur.

700 4682 753 4737 6.
783 4681 1002 4748 Contra,
1025 4679 1098 4734 illi
1118 4677 1309 4750 quibus
1331 4678 1505 4747 placet
1529 4692 1793 4748 nunquam
1816 4678 2197 4747 mentiendum,

634 4770 803 4826 multo
842 4767 1037 4824 fortius
1062 4775 1245 4839 agunt,
1274 4776 1487 4822 utentes
1521 4767 1691 4837 primo
1719 4768 2034 4823 auctoritate
2060 4768 2199 4824 divi-

636 4874 725 4926 na,
757 4860 1006 4930 quoniam
1042 4859 1095 4914 in
1135 4860 1252 4929 ipso
1290 4858 1552 4930 Decalogo
1578 4858 1831 4929 scriptum
1858 4868 1961 4926 est,
1990 4856 2201 4915 Falsum

638 4950 973 5004 testimonium
1012 4966 1076 5005 ne
1116 4950 1257 5005 dicas
1288 4947 1397 5019 (Id.
1418 4965 1520 5017 xx,
1551 4947 1672 5022 l6);
1703 4963 1810 5020 quo
1835 4965 2031 5020 genere
2055 4966 2202 5006 com-

640 5039 885 5107 plectitur
930 5053 1088 5093 omne
1130 5037 1765 5111 mendacium:quisquis
1810 5040 1952 5094 enim
2001 5040 2200 5112 aliquid

638 5128 895 5194 enuntiat,
924 5128 1281 5184 testimonium
1321 5130 1564 5199 perhibet
1604 5130 1782 5185 animo
1826 5142 1944 5185 suo.
1985 5130 2091 5188 Sed
2133 5147 2203 5188 ne

640 5220 756 5285 quis
781 5216 1065 5277 contendat
1084 5233 1189 5274 non
1214 5232 1373 5274 omne
1395 5219 1723 5276 mendacium
1746 5219 1933 5275 falsum
1957 5221 2200 5277 testimo-

640 5308 782 5365 nium
808 5322 928 5367 esse
956 5307 1359 5378 appellandum;
1386 5310 1512 5380 quid
1532 5309 1769 5365 dicturus
1794 5311 1961 5366 estad
1985 5311 2037 5367 id
2058 5313 2200 5382 quod

640 5400 892 5468 scriptum
918 5407 1020 5464 eat,
1050 5398 1123 5456 08
1148 5398 1282 5470 quod
1314 5401 1553 5455 mentitur
1590 5400 1771 5455 occidit
1798 5402 2016 5456 animant
2043 5401 2199 5474 (Sap.

638 5512 674 5557 ι,
707 5493 839 5565 it)?
884 5490 1026 5562 quod
1075 5507 1142 5549 ne
1171 5492 1290 5563 quis
1332 5493 1619 5548 arbitretur
1654 5493 1890 5562 exceptis
1939 5493 2202 5564 aliquibus

639 5583 1017 5641 mentientibus
1065 5598 1220 5655 posse
1260 5583 1501 5653 intelligi,
1533 5582 1642 5639 alio
1678 5583 1796 5637 loco
1821 5582 1977 5655 legat,
2010 5583 2202 5641 Perdes

638 5693 802 5730 omnes
855 5676 939 5744 qui
984 5676 1253 5746 loquuntur
1302 5673 1614 5728 mendacium
1640 5670 1809 5745 (Psal.
1850 5688 1905 5744 v,
1934 5674 2009 5749 7).
2050 5676 2203 5734 Unde

1737 301 1823 357 DE
1860 297 2227 367 MENDACIO,
2268 297 2325 354 S.
2366 296 2730 355 AUGUSTINI
3708 311 3785 372 ιη

2295 423 2390 465 ore
2414 423 2511 465 suo
2539 410 2653 480 ipse
2676 409 2964 468 Dominus:
2987 409 3088 477 Sit,
3115 411 3302 483 inquit,
3332 413 3385 467 in
3409 429 3493 470 ore
3514 425 3669 484 vestro,
3699 418 3781 486 Eu.

2295 508 2403 564 est;
2428 499 2571 568 Non,
2598 518 2700 556 non
2726 518 2745 557 :
2779 501 2913 573 quod
2955 511 3123 569 autem
3166 505 3384 575 amplius
3425 515 3512 570 est,
3540 524 3570 561 a
3595 511 3704 568 male
3731 525 3782 570 est

2296 588 2507 664 (Matth.
2534 606 2589 658 v,
2615 591 2726 663 57).
2759 591 2891 646 llinc
2910 600 2965 647 et
2990 593 3271 662 Apostolus
3297 609 3420 649 cum
3445 598 3706 655 exuendam
3722 619 3781 658 vc-

2297 691 2465 737 terem
2497 681 2769 737 hominem
2799 684 3128 753 prmciperet,
3154 700 3258 755 quo
3287 676 3499 742 nomine
3521 692 3674 744 omnia
3693 708 3789 764 pec-

2295 778 2411 826 cata
2433 771 2814 842 intelliguntur,
2837 784 3222 844 consequenter
3237 775 3333 841 ait,
3356 775 3409 830 in
3431 778 3602 846 primis
3620 796 3785 849 ponens,

2300 861 2619 934 Quapropter
2636 862 2937 934 deponentes
2959 864 3294 933 mendacium,
3328 866 3577 935 loquimini
3596 871 3789 926 veritatem

2297 951 2508 1026 (Ephes.
2531 970 2605 1019 IV,
2630 953 2747 1024 25).

2366 1045 2418 1099 7.
2444 1044 2553 1100 Nec
2578 1045 2681 1101 illis
2718 1060 2835 1116 qua:
2876 1044 2943 1101 de
2974 1044 3242 1102 veteribus
3263 1046 3442 1102 Libris
3466 1050 3789 1108 mendaciumn

2295 1137 2534 1207 exempla
2567 1136 2767 1206 prolata
2791 1145 2933 1202 sunt,
2958 1136 3142 1192 terreri
3167 1152 3226 1193 se
3249 1137 3472 1204 dicunt;
3501 1140 3582 1193 ubi
3600 1143 3792 1212 quidquid

2296 1237 2502 1299 gestum
2551 1236 2653 1293 est,
2683 1230 2900 1298 ﬁgurate
2944 1228 3109 1299 accipi
3152 1236 3347 1299 potest,
3393 1232 3621 1300 quamvis
3661 1238 3811 1289 revera‘

2295 1319 2882 1389 contigeritzquidquid
2925 1327 3100 1373 autem
3144 1319 3372 1390 ﬁgurate
3418 1320 3475 1375 ﬁt
3515 1330 3599 1377 aut
3632 1323 3789 1389 dicitur,

2296 1424 2403 1463 non
2446 1418 2528 1464 est
2574 1408 2924 1465 mendacium.
2955 1408 3141 1465 Omnis
3178 1411 3323 1465 enim
3364 1413 3656 1479 enuntiatio,
3684 1413 3794 1469 adid

2292 1498 2437 1569 quod
2477 1500 2735 1565 enuntiat,
2764 1499 3040 1554 referenda
3080 1509 3179 1554 est.
3205 1499 3382 1557 Omne
3420 1510 3590 1557 autem
3632 1502 3793 1573 ﬁgurate

2296 1597 2386 1643 aut
2418 1589 2617 1645 factum
2660 1598 2750 1645 aut
2785 1589 2984 1644 dictum
3015 1589 3116 1645 hoc
3152 1592 3395 1646 enuntiat
3431 1592 3566 1661 quod
3599 1594 3795 1663 signiﬁcat

2294 1683 2374 1737 cis
2399 1683 2589 1753 quibus
2616 1682 3011 1752 intelligendum
3045 1684 3306 1753 prolatum
3333 1691 3439 1739 est.
3468 1682 3609 1740 Unde
3630 1684 3793 1741 creden-

2296 1773 2423 1828 dum
2446 1785 2526 1829 est
2550 1775 2669 1830 illos
2701 1774 2943 1830 homines
2979 1775 3071 1845 qui
3094 1775 3422 1849 propheticis
3446 1777 3794 1846 temporibude

2297 1866 2386 1936 gni
2425 1866 2737 1920 auctoritate
2784 1866 2945 1921 fuisse
2991 1875 3500 1932 commemorantur,
3530 1867 3683 1921 omnia
3716 1882 3795 1937 qua

2297 1958 2493 2027 scripta
2523 1966 2646 2011 sunt
2680 1956 2747 2012 de
2786 1956 2908 2021 illis,
2937 1956 3245 2027 prephetiee
3270 1957 3503 2027 gessisse
3524 1966 3664 2027 atque
3678 1957 3794 2013 dixis-

2299 2060 2358 2101 se
2382 2064 2394 2099 :
2419 2059 2517 2100 nec
2549 2046 2722 2100 minus
2760 2045 3069 2115 prephetice
3110 2046 3188 2100 eis
3216 2045 3498 2114 accidisse,
3523 2060 3794 2117 quaecumque

2298 2137 2375 2191 sic
2399 2136 2722 2204 acciderunt,
2750 2145 2807 2191 ut
2832 2135 3019 2192 eodem
3046 2137 3361 2207 prepltetico
3383 2137 3575 2210 Spiritu
3592 2138 3795 2193 memoria

2298 2228 2591 2299 litterisque
2624 2228 2918 2283 mandanda
2958 2229 3343 2298 judicarentur.
3372 2230 3453 2285 De
3496 2229 3791 2285 obstetricibus

2298 2326 2497 2384 autem,
2521 2318 2643 2389 quia
2673 2335 2779 2374 non
2816 2332 2910 2374 eas
2948 2327 3168 2389 possunt
3209 2319 3394 2377 dicere
3421 2308 3795 2391 p’rophetiooSpi—

2299 2411 2401 2465 ritu
2430 2412 2760 2482 signiﬁcandi
2800 2413 2960 2468 futuri
2999 2415 3109 2469 veri
3151 2415 3344 2485 gratia,
3376 2416 3518 2471 aliud
3537 2430 3622 2487 pro
3642 2416 3794 2470 alioreo
3848 2456 3849 2467 χ

2300 2504 2571 2560 nuntiasse
2596 2504 2880 2571 Pharaoni,
2902 2508 3109 2562 etiamsi
3133 2508 3333 2578 aliquid
3363 2509 3492 2579 ipsis
3510 2508 3790 2566 nescientibus
3848 2500 3849 2507 “

2298 2593 2441 2664 quod
2490 2609 2585 2666 per
2619 2608 2711 2651 eas
2756 2604 2930 2652 actum
2969 2606 3051 2652 est
3089 2598 3429 2669 signiﬁcavit,
3462 2615 3554 2670 pro
3576 2599 3793 2671 gradum
3848 2636 3849 2671 ξ

2300 2682 2482 2739 dicunt
2520 2686 2834 2756 approbatas
2881 2695 2936 2743 et
2982 2698 3355 2746 remuneratas
3383 2706 3413 2745 a
3440 2692 3559 2747 Deo.
3585 2690 3666 2759 Qui
3694 2691 3789 2745 enim
3848 2682 3849 2759 ἕ

2301 2776 2525 2832 nocendi
2548 2791 2706 2832 causa
2726 2777 2939 2834 mentiri
2962 2779 3119 2847 solet,
3147 2782 3190 2834 si
3207 2780 3321 2851 jam
3343 2783 3664 2838 consulendi‘
3682 2795 3788 2837 causa

2302 2868 2607 2935 mentiatur,
2640 2867 2861 2924 multum
2902 2868 3143 2939 profecit.
3170 2868 3275 2928 Sed
3310 2872 3451 2928 aliud
3484 2881 3562 2929 est
3593 2870 3704 2943 quod
3727 2884 3790 2940 per

2301 2971 2361 3013 se
2389 2957 2560 3027 ipsum
2586 2957 2852 3015 laudabile
2876 2961 3207 3029 proponitur,
3228 2962 3376 3018 aliud
3404 2962 3537 3033 quod
3560 2962 3608 3017 in
3627 2960 3790 3016 deterio-

2300 3046 2376 3101 ris
2396 3048 2793 3117 comparatione
2820 3050 3161 3120 prchonitur.
3191 3052 3366 3109 Aliter
3383 3054 3519 3108 enim
3544 3052 3789 3123 gratulamur

2297 3150 2422 3191 cum
2450 3149 2610 3191 sanus
2636 3146 2719 3192 est
2743 3128 2922 3203 homo,
2961 3140 3115 3196 aliter
3142 3155 3264 3196 cum
3292 3142 3486 3199 melius
3514 3142 3651 3198 habet
3670 3153 3786 3211 agro-

2298 3233 2407 3279 tus.
2435 3225 2565 3280 Nam
2591 3226 2644 3281 in
2668 3227 2959 3298 Scripturis
2986 3231 3117 3300 ipsis
3135 3231 3426 3303 jnstiﬁeata
3458 3233 3606 3288 etiam
3625 3229 3787 3288 SMouu

2296 3314 2496 3375 dicitur
2520 3315 2573 3371 in
2590 3320 2987 3389 comparatione
3005 3322 3267 3377 scelerum
3288 3325 3468 3395 populi
3484 3324 3626 3380 lsraei
3640 3322 3785 3395 (Euri.

2302 3424 2412 3476 avt,
2437 3408 2553 3479 52).
2581 3409 2649 3465 Et
2680 3410 2747 3466 ad
2774 3412 2910 3469 hanc
2938 3414 3173 3484 regulam
3201 3414 3439 3488 dirigunt
3462 3418 3620 3473 omnia
3642 3413 3785 3471 metuis

2298 3501 2379 3556 cia
2401 3516 2519 3573 qua:
2551 3503 2891 3574 proferuntur
2922 3505 2993 3560 de
3038 3508 3306 3563 veteribus
3342 3508 3533 3577 Libris,
3558 3523 3642 3563 nec
3666 3520 3786 3576 reprc-

2300 3593 2475 3649 heusa
2506 3594 2865 3662 inveniuntur,
2896 3599 2979 3653 vel
3019 3598 3344 3670 reprehendi
3388 3616 3492 3656 non
3534 3609 3727 3671 possunt,
3752 3604 3785 3649 ut

2301 3692 2396 3738 aut
2437 3684 2612 3740 indole
2654 3687 3040 3756 proﬁcientium
3073 3698 3126 3744 et
3150 3705 3249 3761 spe
3274 3690 3637 3762 approbantur,
3662 3685 3784 3741 autsi-

2296 3766 2654 3837 gniﬁcationis
2674 3769 2893 3840 alicujus
2910 3786 3067 3827 causa
3085 3788 3189 3829 non
3206 3774 3317 3831 sint
3342 3774 3550 3830 omnino
3567 3769 3780 3828 mendacia.

2372 3858 2429 3914 8.
2457 3859 2524 3913 Et
2543 3858 2662 3913 ideo
2691 3858 2757 3915 de
2788 3860 2937 3915 libris
2960 3862 3091 3917 Novi
3120 3862 3468 3932 Testamenti,
3491 3859 3783 3932 eseeptisﬁgtt

2300 3950 2434 4005 ratis
2472 3950 2944 4020 signiﬁcationibus
2992 3953 3221 4022 Domini,
3279 3956 3327 4010 si
3379 3956 3533 4011 vitam
3579 3962 3781 4018 moresque

2303 4049 2607 4097 sattctorum
2635 4051 2687 4095 et
2712 4040 2850 4097 facta
2866 4057 2929 4098 ac
2945 4043 3085 4099 dicta
3108 4045 3439 4115 consideres,
3468 4046 3585 4102 nihil
3607 4045 3688 4099 tale
3703 4055 3766 4110 pro

2302 4127 2429 4185 ferri
2459 4136 2652 4197 potest,
2670 4131 2810 4200 quod
2830 4132 2895 4186 ad
2916 4132 3265 4190 imitationem
3285 4145 3533 4207 provocet
3550 4127 3776 4190 mentiendi.

2303 4218 2581 4274 Simulatio
2606 4235 2836 4292 namque
2862 4222 3005 4278 Petri
3028 4233 3083 4279 et
3108 4225 3368 4283 Barnabae
3394 4243 3493 4282 non
3519 4226 3661 4282 solum
3679 4234 3776 4277 eom-

2304 4322 2613 4376 memorata,
2642 4330 2826 4370 verum
2856 4317 3013 4373 etiam
3062 4319 3388 4389 reprehensa
3433 4329 3579 4390 atque
3613 4318 3775 4371 correcti

2303 4416 2388 4463 est
2408 4404 2603 4479 (Colat.
2633 4423 2691 4472 Il,
2719 4406 2805 4473 l2,
2841 4408 2952 4477 13).
2982 4408 3097 4464 Non
3123 4412 3288 4476 enim,
3314 4422 3370 4467 ut
3394 4410 3611 4467 nonnulli
3633 4412 3772 4479 putant.

2302 4512 2369 4552 ex
2395 4498 2579 4553 eadem
2600 4498 2937 4555 simulatione
2963 4502 3122 4555 etiam
3154 4501 3347 4560 Paulus
3372 4502 3619 4574 apostolus
3639 4508 3705 4552 aut
3719 4493 3774 4547 Ti-

2304 4589 2574 4646 motheum
2613 4590 2971 4660 circumcidit,
2998 4602 3088 4647 aut
3114 4593 3227 4664 ipse
3254 4595 3488 4667 quaedam
3513 4594 3602 4648 ritu
3624 4586 3775 4644 iudaice

2304 4690 2633 4735 sacramenta
2674 4681 2959 4738 celebravit
2983 4683 3097 4753 (a);
3126 4684 3219 4739 sed
3256 4701 3320 4741 ex
3362 4686 3446 4740 illa
3474 4685 3679 4739 libertate
3699 4689 3775 4729 sen-

2308 4772 2488 4827 tentixe
2532 4786 2663 4839 sure,
2699 4788 2802 4842 qua
2845 4774 3152 4844 praedicavit
3193 4790 3290 4833 nec
3316 4776 3557 4832 Gentibus
3594 4766 3774 4841 prodesse

2305 4864 2784 4930 circumcisioncm,
2806 4880 2908 4922 nec
2949 4866 3148 4923 Iudaeis
3189 4870 3396 4926 obesse.
3426 4866 3564 4923 Unde
3588 4876 3667 4917 nec
3697 4856 3774 4909 illos

2306 4956 2675 5026 astringendos
2701 4955 2767 5011 ad
2796 4959 3233 5015 consuetudinem
3258 4956 3565 5022 Judzeorum,
3590 4965 3667 5007 nec
3697 4946 3773 5000 illos

2306 5061 2339 5101 a
2369 5055 2583 5117 paterna
2626 5047 2972 5104 deterrendos
3014 5052 3239 5105 censuit.
3266 5050 3414 5108 Unde
3437 5050 3521 5105 illa
3539 5043 3670 5101 verba
3700 5035 3771 5102 eius

2304 5146 2431 5194 sunt
2453 5155 2467 5192 :
2487 5137 2824 5196 Circumcisus
2850 5143 2960 5210 quis
2990 5152 3194 5198 vocatus
3229 5145 3341 5199 est?
3366 5159 3460 5197 non
3482 5138 3664 5193 adducat
3683 5141 3769 5199 μηθ’

2307 5229 2523 5298 patiam.
2548 5221 2621 5283 In.
2644 5231 2890 5301 prwputio
2913 5232 3023 5295 quis
3040 5241 3243 5287 vocatus
3267 5244 3338 5287 est
3354 5233 3380 5287 7
3402 5248 3496 5285 non
3521 5216 3768 5282 circumttdﬂ'

2307 5329 2409 5374 tur.
2435 5320 2756 5376 Circumcisio
2799 5322 2926 5376 nihil
2965 5333 3058 5391 est,
3088 5333 3136 5377 et
3161 5324 3451 5395 prwptttium
3477 5317 3589 5373 nihil
3619 5301 3768 5371 eali“

2307 5413 2584 5468 obseruatio
2612 5414 2965 5469 mandatorum
2990 5415 3103 5471 Dei.
3146 5416 3484 5487 Unusquisque
3503 5413 3551 5465 in
3570 5422 3649 5477 qua
3668 5411 3766 5453 tora-

2307 5570 2516 5683 ab:mtiic
2552 5568 2602 5617 in
2627 5568 2769 5619 editis
2804 5568 3021 5631 additur,
3054 5568 3126 5620 vel
3167 5567 3473 5637 proﬁciendi;
3501 5559 3607 5629 quod
3641 5568 3664 5605 a
3695 5556 3761 5597 855-

2370 5665 2463 5756 ἴδ’
2477 5694 2806 5755 ιιίθτοηῖιιιυε,
2831 5690 3032 5755 epistola
3052 5693 3115 5745 75
3131 5695 3258 5745 inter
3273 5688 3607 5757 Augustiniaw,
3625 5665 3760 5727 ιιωί.
