3880 6284
91 338 168 396 ,9,
1417 319 1618 377 LIBER
1656 320 1855 379 unus.

89 454 376 507 tioqu
397 449 485 510 est,
507 440 559 495 in
595 454 655 494 ea
693 446 982 510 permaneat
1015 439 1057 511 (Ι
1082 438 1201 495 Cor.
1231 453 1325 504 vn,
1350 436 1570 505 18-20).

88 539 300 611 Quomodo
320 536 445 591 enim
467 541 630 603 patcst
646 532 838 586 adduci
865 531 1183 601 praeputium
1215 530 1354 601 quod
1383 530 1575 601 praeci-

86 648 171 688 sum
190 629 288 683 est?
306 626 396 681 Sed
429 640 529 678 non
554 620 776 676 adducat
804 622 957 687 dixit,
989 636 1095 676 non
1136 622 1207 675 ita
1235 622 1391 687 vivat,
1426 619 1577 690 quasi

85 720 328 793 pnepulitlm
352 714 646 779 adduxerit;
683 713 736 767 id
770 721 881 777 “est,
912 712 1062 781 quasi
1105 711 1156 765 in
1201 725 1320 766 eam
1362 716 1573 779 partem

81 826 195 881 quam
226 807 430 869 nudavit,
470 818 650 858 rursus
699 813 909 873 tegmen
959 801 1137 855 carnis
1183 800 1477 866 attraxerit,
1525 806 1580 855 et

81 902 187 973 quasi
210 898 394 954 Judaeus
434 912 551 951 esse
595 895 860 950 destiterit
892 910 906 945 :
944 895 1079 949 sicut
1116 893 1241 947 alibi
1280 893 1429 958 dicit,
1452 891 1576 946 ’Cir-

80 993 257 1047 (amcitia
274 1000 352 1043 tua
374 989 673 1059 prceputium
694 992 831 1056 facta
853 982 1126 1057 est'(Rom.
1155 1000 1214 1047 ll,
1243 983 1356 1054 25).
1382 983 1450 1037 Et
1477 982 1577 1037 hoc

81 1100 152 1139 non
175 1094 382 1151 tanquam
409 1092 602 1148 cogens
630 1074 767 1131 dixit
795 1076 1101 1146 Apostolus,
1130 1082 1221 1128 aut
1251 1073 1370 1128 illos
1397 1087 1579 1127 mane-

79 1192 117 1229 re
139 1175 176 1227 in
198 1171 441 1241 prmputio,
470 1177 560 1222 aut
598 1167 812 1222 Judatos
856 1167 909 1220 in
949 1164 1340 1220 consuetudine
1368 1174 1575 1234 patrum

79 1278 233 1319 suorum
260 1279 272 1315 :
298 1259 383 1316 sed
412 1268 468 1313 ut
494 1259 669 1313 neutri
694 1258 748 1312 in
776 1258 997 1313 alteram
1023 1258 1393 1326 cogerentur‘;
1428 1264 1578 1325 pote-

77 1366 213 1409 statem
243 1364 398 1408 autem
426 1351 650 1406 haberet
683 1351 909 1420 quisque
937 1349 1188 1404 manendi
1235 1349 1287 1401 in
1325 1362 1419 1402 sua
1449 1363 1576 1402 con-

80 1446 301 1506 suetudine,
335 1458 435 1497 non
478 1443 873 1497 necessitatem.
902 1440 1083 1510 Neque
1129 1440 1273 1494 enim
1335 1440 1378 1494 si
1418 1440 1578 1495 vellet

82 1537 246 1601 ludens,
271 1534 348 1589 ubi
376 1533 581 1588 nullum
609 1532 970 1602 perturbaret,
999 1529 1253 1586 recedere
1279 1544 1310 1583 a
1340 1530 1577 1586 Judaicis

78 1626 471 1691 observationibus,
506 1625 880 1695 prohiberetur
909 1625 975 1679 ab
1006 1624 1294 1693 Apostolo;
1333 1624 1575 1693 quando-

71 1720 226 1789 quidem
250 1717 512 1773 consilium
543 1717 597 1770 in
620 1718 697 1771 eis
722 1715 1072 1786 permanendi
1096 1715 1162 1769 ad
1182 1714 1287 1770 hoc
1316 1714 1482 1780 dedit,
1508 1730 1576 1770 ne

70 1808 283 1880 superﬂuis
305 1808 592 1880 perturbati
623 1807 811 1873 Judaei,
839 1806 906 1862 ad
946 1820 1010 1861 ea
1055 1816 1174 1876 qua:
1212 1807 1367 1861 saluti
1397 1814 1577 1861 essent

70 1905 296 1959 necessaria
320 1918 418 1958 non
443 1902 711 1958 venirent.
741 1899 922 1970 Neque
962 1899 1030 1953 ab
1068 1898 1159 1953 illo
1198 1898 1578 1969 prohiberetur

67 1997 95 2047 si
114 1994 237 2049 vellet
256 1994 521 2063 quisquam
554 1991 843 2047 Gentilium
872 1989 992 2045 ideo
1020 1989 1351 2054 circumcidi,
1381 1998 1438 2043 ut
1473 1988 1575 2044 hoc

67 2086 190 2155 ipsum
214 2082 497 2138 ostenderet
525 2096 633 2136 non
662 2095 721 2135 se
747 2080 996 2135 detestari
1027 2079 1177 2149 quasi
1207 2078 1447 2145 noxium,
1478 2078 1574 2134 sed

66 2176 353 2231 iudiderenter
377 2174 576 2230 habere
604 2184 857 2244 tanquam
880 2172 1235 2243 signaculum,
1264 2172 1414 2243 cujus
1435 2173 1576 2227 utili-

66 2278 120 2322 tas
147 2270 234 2336 jam
272 2276 497 2338 tempore
540 2266 905 2337 praeterisset:
930 2279 1037 2319 non
1061 2265 1237 2332 enim,
1268 2264 1314 2318 si
1340 2265 1481 2319 salus
1509 2280 1573 2319 ex

63 2374 107 2411 eo
131 2359 213 2427 jam
236 2360 364 2413 nulla
392 2366 557 2424 esset,
598 2358 758 2413 etiam
804 2356 1025 2411 exitium
1068 2356 1192 2411 inde
1231 2355 1574 2411 metuendum

61 2448 139 2502 luit.
166 2449 365 2520 ideoque
400 2460 453 2505 et
482 2448 800 2504 Timotheus
826 2462 947 2503 cum
984 2448 1037 2503 in
1067 2451 1330 2518 praeputio
1354 2457 1575 2503 vocatus

61 2548 177 2603 esset,
214 2548 373 2595 tamen
410 2541 534 2611 quia
582 2539 651 2595 de
697 2538 880 2594 Iudaea
926 2549 1098 2595 matre
1140 2547 1287 2594 ortus
1338 2546 1473 2605 erat,
1521 2547 1577 2594 et

60 2629 280 2687 ostendere
296 2632 527 2702 cognatis
546 2630 661 2685 suis
684 2629 911 2685 debebat
936 2628 1004 2685 ad
1026 2642 1119 2686 eos
1140 2628 1572 2695 lucrifaciendos,

58 2733 132 2772 non
154 2718 313 2777 hocse
336 2720 589 2777 didicisse
636 2721 689 2776 in
734 2720 1014 2791 disciplina
1053 2720 1364 2789 christiana,
1397 2729 1456 2777 ut
1484 2721 1575 2778 illa

58 2821 319 2867 sacramenta
357 2830 472 2883 qua:
514 2813 679 2885 Legis
708 2812 904 2869 veteris
932 2823 1112 2870 essent
1152 2813 1572 2883 abominaretur,

58 2904 330 2961 circumcisus
371 2915 451 2962 est
473 2906 545 2961 ab
570 2908 827 2977 Apostolo
858 2906 991 2979 (Act.
1018 2923 1127 2976 xvr,
1154 2908 1179 2963 1
1207 2918 1253 2962 et
1273 2909 1328 2979 5)
1353 2924 1366 2962 :
1390 2916 1449 2964 ut.
1474 2907 1575 2965 hoc

58 2994 171 3050 modo
199 2995 617 3053 demonstrarent
638 3000 660 3030 ²
705 2997 924 3065 Judazis,
955 3013 1059 3053 non
1098 2998 1217 3055 ideo
1244 2998 1443 3055 Gentes
1469 3013 1574 3054 non

56 3101 98 3139 ea
118 3090 367 3160 suscipere,
393 3091 515 3160 quia
544 3091 687 3145 mala
717 3098 841 3146 sunt
871 3100 925 3146 et
953 3092 1253 3162 perniciose
1278 3107 1305 3145 a
1336 3092 1575 3163 patribus

56 3176 301 3245 observata;
328 3182 416 3236 sed
448 3183 576 3253 quia
613 3181 725 3252 jam
765 3182 922 3236 saluti
966 3197 1074 3237 non
1115 3184 1416 3239 necessaria
1456 3194 1576 3255 post

54 3270 273 3327 adventum
300 3276 424 3329 tanti
453 3275 802 3342 sacramenti,
834 3274 975 3345 quod
1009 3290 1102 3345 per
1133 3284 1239 3330 tam
1266 3276 1420 3347 longa
1441 3286 1577 3331 tem-

57 3377 145 3430 pora
170 3374 260 3419 tota
288 3378 432 3423 vetus
462 3369 555 3423 illa
586 3368 858 3439 Scriptura
889 3369 1217 3439 propheticis
1245 3368 1575 3440 ﬁgurationi-

58 3451 126 3506 bus
158 3458 425 3523 parturivit.
472 3458 613 3513 Nam
662 3467 716 3513 et
759 3458 935 3513 Titum
977 3459 1401 3525 circumcideret,
1450 3475 1571 3514 cum

56 3543 125 3601 huc
145 3559 363 3619 urgerent
384 3550 594 3614 Judaei,
637 3551 739 3606 nisi
783 3551 1171 3607 subintrodueti
1214 3551 1334 3606 falsi
1379 3552 1571 3607 fratres

55 3636 138 3691 ideo
175 3641 271 3696 ﬁeri
297 3644 511 3706 vellent,
557 3651 617 3697 ut
653 3642 912 3699 haberent
955 3644 1096 3714 quod
1137 3644 1206 3701 de
1253 3646 1367 3715 ipso
1408 3645 1572 3700 Paulo

54 3727 409 3802 disseminarent,
442 3744 697 3805 tanquam
734 3750 924 3791 eorum
953 3737 1165 3792 veritati
1207 3739 1451 3807 cesserit,
1481 3738 1573 3809 qui

52 3833 158 3888 spem
180 3826 342 3882 salutis
362 3828 684 3899 evangelica:
706 3828 759 3883 in
779 3828 1184 3885 circumcisione
1208 3831 1386 3884 carnis
1414 3839 1575 3900 atque

53 3911 254 3977 ejusmodi
284 3918 752 3974 observationibus
790 3934 910 3975 esse
955 3919 1334 3989 praedicarent,
1365 3929 1421 3974 et
1457 3921 1573 3975 sine

52 3998 110 4054 lllS
138 4007 309 4062 nemini
347 4007 620 4064 Christum
662 4010 918 4080 prodesse
957 4010 1342 4065 contenderent
1370 4009 1568 4081 (Galat.

52 4107 91 4155 ιι.
112 4095 154 4162 5,
177 4098 224 4169 li)
245 4116 389 4156 :cum
418 4112 611 4157 contra
638 4102 769 4157 nihil
798 4100 1081 4173 prodesset
1108 4100 1356 4157 Christus
1379 4103 1458 4157 eis
1480 4102 1570 4172 qui

50 4201 96 4240 eo
117 4190 265 4245 animo
281 4194 811 4261 circumciderentur,
837 4204 894 4249 ut
918 4193 990 4248 ibi
1016 4178 1138 4249 esse
1163 4194 1389 4249 salutem
1416 4202 1571 4264 puta-

52 4290 157 4343 rent;
178 4283 300 4339 unde
322 4294 406 4340 est
432 4284 587 4350 illud,
622 4284 751 4340 Ecce
790 4302 879 4356 ego
910 4284 1107 4339 Paulus
1127 4285 1240 4339 dico
1268 4286 1423 4352 vobis,
1453 4286 1571 4357 quia

50 4369 503 4443 ticircttmcidamini,
535 4374 764 4431 Christus
806 4377 933 4430 nihil
966 4376 1103 4431 vobis
1130 4377 1353 4446 proderit
1383 4374 1493 4449 (Id.
1517 4393 1570 4445 v,

51 4456 185 4523 9-).Ex
208 4462 297 4519 hac
334 4466 492 4536 igitur
535 4466 780 4522 libertate
820 4467 1017 4523 Paulus
1056 4476 1305 4539 paternas
1332 4468 1575 4523 observa-

53 4545 180 4604 tiones
199 4553 507 4623 observavit,
535 4556 641 4613 hoc
670 4573 829 4612 unum
856 4574 1051 4613 cavens
1077 4568 1132 4614 et
1162 4560 1475 4629 praedicans,
1505 4575 1573 4616 ne

56 4639 136 4693 sine
156 4641 223 4697 his
255 4647 390 4702 salus
422 4648 909 4704 christiana‘nulla
938 4659 1229 4719 putaretur.
1263 4651 1451 4707 Petrus
1476 4666 1573 4706 au-

56 4736 130 4783 tem
151 4734 463 4797 simulatione
493 4756 612 4809 sua,
660 4751 911 4809 tanquam
937 4743 988 4795 in
1017 4742 1291 4798 Judaismo
1318 4745 1462 4799 salus
1489 4760 1576 4801 es-

57 4832 139 4887 set.
178 4830 380 4897 cogebat
422 4832 623 4889 Gentes
664 4832 939 4903 judaizare
981 4850 996 4887 :
1040 4835 1181 4905 quod
1218 4837 1380 4893 verba
1425 4837 1577 4894 Pauli

56 4918 285 4977 ostendunt
322 4924 576 4995 dicentis,
610 4926 874 4991 Quomodo
916 4938 1086 4998 gentes
1128 4929 1265 5000 cogis
1303 4929 1575 5000 judaizare

58 5002 139 5067 (Μ.
162 5026 209 5075 ιι,
235 5013 350 5082 ΗΠ
376 5016 489 5072 Non
517 5018 659 5073 enim
687 5029 1025 5089 cogerentur,
1054 5021 1157 5075 nisi
1184 5021 1425 5078 viderent
1451 5039 1573 5079 eum

59 5096 112 5151 sic
135 5116 208 5157 eas
229 5107 525 5175 observare,
554 5112 704 5181 quasi
746 5121 944 5183 praeter
990 5114 1108 5169 illas
1146 5115 1291 5171 salus
1317 5131 1437 5172 esse
1467 5131 1574 5172 non

60 5202 212 5253 Wsset.
238 5197 368 5253 Petri
392 5216 522 5271 ergo
560 5202 830 5259 simulatio
870 5205 1103 5261 libertati
1145 5206 1297 5261 Pauli
1341 5222 1448 5262 non
1495 5216 1577 5263 est

56 5288 373 5350 comparanda.
398 5290 463 5345 Et
493 5291 612 5347 ideo
644 5293 859 5349 Petrum
889 5311 1070 5351 amare
1111 5297 1367 5353 debemus
1407 5300 1578 5355 liben-

59 5380 420 5450 lereorrectum,
450 5398 555 5439 non
602 5393 782 5440 autem
826 5397 1069 5445 astruere
1109 5390 1273 5445 etiam
1316 5391 1384 5447 de
1422 5392 1574 5449 Pauli

60 5470 318 5530 auctoritate
348 5476 719 5534 mendacium:
743 5479 833 5550 qui
858 5487 913 5535 et
939 5480 1158 5538 Petrum
1183 5497 1365 5541 coram
1399 5486 1578 5541 omni-

106 5620 123 5713 i
146 5627 339 5713 ἓωηὲιιί
353 5632 841 5713 Ecetrae“?!
936 5635 1139 5713 ςιιεναπι
1155 5648 1424 5713 cogeretur-

106 5692 123 5774 :
146 5692 1293 5774 gemiseﬁoemoeemmmfu-

144 5751 187 5797 la
205 5750 298 5802 sola
326 5750 689 5819 editione'bun.
713 5756 989 5811 christiano.

3163 344 3269 401 49!

1686 435 1786 490 bus
1811 436 1861 489 in
1888 446 2087 492 rectam
2108 438 2245 494 viam
2272 443 2558 510 revocavit,
2587 462 2654 503 ne
2679 447 2877 506 Gentes
2906 467 3002 522 per
3029 471 3154 513 cum
3185 459 3265 530 ju-

1686 525 1895 583 daizare
1921 539 2267 599 cogerentur;
2298 542 2351 587 et
2375 534 2489 604 ipse
2514 551 2626 592 sum
2652 542 3010 608 praedicationi
3035 525 3258 605 attesta-

1684 627 1770 673 tus
1797 630 1896 685 cst,
1921 622 2010 691 qui
2041 638 2161 678 cum
2198 634 2473 694 putaretur
2510 628 2679 684 hostis
2723 643 3064 702 paternarum
3092 641 3261 696 tradi-

1687 709 1909 778 tionum,
1934 726 1999 767 eo
2020 714 2161 783 quod
2188 716 2401 772 nolebat
2423 732 2515 774 eas
2545 720 2819 790 imponere
2845 724 3123 797 Gentibus,
3151 748 3259 789 non

1684 812 1997 870 aspernatus
2052 819 2145 859 eas
2197 805 2311 876 ipse
2356 824 2504 865 more
2551 813 2723 880 patrio
2768 814 3039 874 celebrare
3066 861 3082 887 ,
3136 824 3267 878 satis

1684 892 1916 947 ostendit
1941 892 2045 949 hoc
2074 895 2123 949 in
2150 897 2228 951 eis
2250 897 2463 953 Christo
2492 901 2805 959 adveniente
2835 910 3175 978 remansisse,
3207 925 3265 970 ut

1684 996 1782 1036 nec
1808 982 2003 1038 Judaeis
2033 995 2213 1041 essent
2235 989 2569 1056 perniciosae,
2597 1006 2698 1048 nec
2727 992 2987 1052 Gentibus
3014 1015 3262 1058 necessa-

1683 1072 1800 1139 rim,
1832 1089 1931 1129 nec
1954 1075 2063 1145 jam
2091 1077 2336 1148 cuiquam
2368 1079 2644 1137 hominum
2673 1084 2955 1142 salutares.

1755 1164 1810 1220 9.
1849 1165 2002 1235 Quod
2031 1168 2076 1223 si
2117 1173 2403 1227 auctoritas
2446 1176 2736 1234 mentiendi
2782 1195 2880 1235 nec
2926 1181 2993 1238 de
3036 1184 3268 1257 antiquis

1683 1255 1856 1312 Libris
1883 1258 2110 1327 proferri
2139 1270 2333 1332 potest,
2355 1265 2441 1320 vel
2486 1268 2602 1336 quia
2648 1284 2753 1325 non
2803 1281 2886 1327 est
2933 1255 3268 1335 mendacium

1684 1347 1825 1439 quod
1867 1350 2090 1419 ﬁgurate
2137 1362 2344 1422 gestum
2389 1356 2653 1414 dictumve
2698 1363 2973 1434 recipitur,
3023 1366 3108 1422 vel
3146 1368 3268 1439 quia

1684 1438 1839 1495 bonis
1866 1440 1932 1495 ad
1962 1442 2273 1499 imitandum
2316 1460 2421 1502 non
2462 1452 2776 1519 pr0ponitur
2813 1456 2953 1526 quod
2992 1456 3045 1512 in
3090 1438 3264 1528 malis,

1683 1544 1802 1584 cum
1829 1532 2094 1602 prolicere
2121 1538 2401 1605 coeperint,
2433 1540 2484 1594 in
2510 1542 2708 1612 pejoris
2731 1548 3127 1615 comparatione
3154 1550 3268 1606 lau-

1628 1659 1655 1687 ,
1683 1619 1867 1686 datur;
1902 1637 1999 1677 nec
2029 1622 2096 1679 de
2124 1625 2255 1680 Novi
2294 1627 2621 1685 Testamenti
2651 1632 2820 1701 libris,
2851 1636 2974 1706 quia
3004 1642 3269 1696 correctio

1683 1712 1858 1781 potius
1906 1729 2063 1783 quam
2093 1717 2396 1786 simulatio,
2444 1722 2581 1776 sicut
2621 1722 2872 1797 lacrymae
2902 1730 3077 1797 potius
3105 1747 3266 1802 quam

1682 1803 1891 1872 negatio
1920 1804 2060 1859 Petri
2087 1815 2167 1861 est
2192 1806 2466 1863 imitanda.

1750 1893 1979 1951 CAPUT
2019 1892 2104 1951 Vl.
2128 1927 2200 1938 —
2223 1898 2548 1956 Mendacium
2578 1916 2683 1959 esse
2708 1906 3040 1978 iniquitatem,
3067 1922 3114 1968 et
3140 1930 3269 1969 mor-

1682 1993 1780 2039 tem
1810 1988 1995 2042 anima:
2034 1988 2238 2059 afferre,
2271 2009 2361 2046 nec
2409 1995 2619 2063 proinde
2646 1997 3012 2056 admittendum
3041 2021 3133 2075 pro
3171 2023 3267 2061 cu-

1671 2079 1914 2149 jusquam
1939 2082 2100 2137 salute
2124 2086 2411 2154 temporali.
2443 2085 2559 2141 Jam
2588 2088 2693 2145 illis
2722 2092 3009 2163 exemplis,
3040 2111 3157 2167 qua:
3198 2097 3269 2156 de

1680 2174 1949 2228 communi
1979 2175 2083 2229 vita
2114 2177 2478 2247 proferuntur,
2524 2182 2693 2237 multo
2735 2184 3087 2245 confidentius
3122 2206 3268 2250 asse-

1679 2276 1804 2320 runt
1832 2282 1937 2322 non
1964 2282 2083 2325 esse
2108 2271 2454 2328 credendum.
2493 2275 2648 2331 Prius
2674 2280 2816 2334 enim
2850 2280 3043 2339 docent
3071 2285 3266 2357 iniqui-

1682 2364 1842 2411 tatem
1874 2373 1993 2414 esse
2020 2362 2357 2419 mendacium
2383 2407 2397 2431 ,
2442 2367 2625 2423 multis
2661 2368 2997 2430 documentis
3037 2375 3267 2433 Littera-

1679 2462 1797 2502 rum
1828 2459 2149 2519 sanctarum,
2184 2461 2237 2508 et
2278 2469 2343 2510 eo
2383 2459 2611 2515 maxime
2652 2463 2795 2532 quod
2839 2465 3095 2536 scriptum
3139 2477 3265 2525 est:

1683 2536 1867 2631 Odisti,
1896 2538 2132 2609 Domine,
2167 2559 2340 2601 omnes
2363 2548 2451 2616 qui
2477 2562 2751 2622 operantur
2774 2554 3120 2626 iniquitatem;
3150 2576 3267 2631 per-

1680 2628 1768 2684 des
1797 2644 1971 2686 omnes
1996 2633 2084 2704 qui
2110 2633 2388 2703 loquuntur
2407 2640 2723 2697 mendacium
2764 2641 2935 2715 (Prol.
2973 2663 3028 2715 ν,
3058 2628 3268 2721 7)(Αιιι

1682 2720 1846 2790 enim,
1880 2730 1940 2777 ut
1964 2723 2101 2780 solet
2128 2724 2424 2797 Scriptura,
2454 2732 2694 2801 sequenti
2721 2749 2877 2791 versu
2905 2720 3151 2808 exposuit
3176 2756 3267 2797 su-

1680 2812 1982 2882 periorem;
2016 2824 2074 2871 ut
2108 2817 2359 2887 quoniam
2404 2818 2563 2877 latius
2604 2823 2741 2879 solet
2782 2836 2964 2896 patere
2992 2830 3260 2903 iniquitas,

1684 2903 2044 2993 intelligamus
2080 2909 2355 2965 nominato
2388 2913 2664 2969 mendacio
2694 2914 2946 2987 tanquam
2986 2924 3217 2993 speciem
3245 2928 3263 2960 ⁸

1683 2991 1976 3064 iniquitatis
2008 2996 2313 3068 signiﬁcare
2341 3002 2568 3057 voluerit
2596 3022 2609 3058 :
2638 3016 2730 3060 aut
2771 3004 2816 3062 si
2855 2991 3050 3082 aliquid
3093 3013 3264 3071 inier-

1680 3097 1801 3140 esse
1844 3085 2188 3155 arbitrantur,
2220 3097 2367 3146 tanto
2398 3093 2548 3162 pejus
2574 3102 2655 3150 est
2689 3097 3041 3169 mendacium,
3066 3115 3264 3173 quanto

1678 3177 1893 3247 gravius
1925 3180 2155 3248 positum
2182 3192 2263 3236 est
2289 3184 2487 3253 perdes,
2520 3200 2678 3252 quam
2707 3188 2875 3243 odisti.
2918 3190 3078 3249 Forte
3120 3196 3263 3253 enim

1681 3267 1794 3323 odit
1817 3268 2047 3339 aliquem
2081 3271 2218 3326 Deus
2249 3273 2518 3343 aliquanto
2548 3276 2749 3345 mitius,
2778 3286 2837 3333 ut
2864 3295 2985 3336 eum
3013 3298 3117 3339 non
3144 3301 3267 3355 per-

1679 3357 1773 3413 dat
1806 3376 1821 3412 :
1862 3368 2023 3428 quem
2071 3374 2199 3415 vero
2250 3362 2462 3432 perdit,
2514 3372 2661 3420 tanto
2702 3367 3069 3428 vehementius
3110 3375 3257 3442 odit,

1679 3450 1876 3518 quanto
1906 3450 2144 3505 severius
2184 3452 2359 3520 punit.
2399 3453 2521 3509 Odit
2549 3464 2724 3511 autem
2768 3473 2955 3516 omnes
2998 3464 3089 3533 qui
3131 3480 3262 3537 ope-

1680 3549 1863 3594 rantur
1887 3541 2264 3612 iniquitatem:
2298 3553 2352 3598 at
2381 3559 2569 3601 omnes
2602 3550 2690 3618 qui
2730 3551 3016 3621 loquuntur
3045 3557 3265 3613 menda-

1679 3631 1819 3686 cium
1850 3633 2008 3687 etiam
2038 3632 2229 3703 perdit.
2262 3634 2379 3703 Quo
2422 3640 2709 3699 constituto
2737 3682 2750 3707 ,
2798 3644 2915 3713 quis
2958 3661 3142 3702 eorum
3171 3651 3264 3720 qui

1681 3723 1797 3777 hzec
1823 3732 2070 3778 asserunt
2094 3727 2514 3783 commovebitur
2543 3729 2649 3785 illis
2675 3734 2952 3805 exemplis,
2985 3752 3105 3792 cum
3134 3736 3266 3796 dici-

1683 3821 1769 3868 tur
1793 3832 1806 3867 :
1836 3814 1973 3880 Quid
2005 3815 2047 3869 si
2075 3814 2141 3870 ad
2169 3823 2221 3872 te
2249 3812 2412 3872 homo
2437 3818 2725 3891 confugiat,
2753 3824 2842 3894 qui
2868 3826 3146 3885 mendacio
3173 3839 3265 3888 tuo

1680 3906 1846 3974 possit
1869 3921 1897 3959 a
1924 3914 2096 3962 morte
2120 3907 2369 3963 liberari?
2389 3908 2481 3964 llla
2504 3912 2646 3966 enim
2671 3929 2817 3970 mors
2841 3932 2999 3986 quam
3022 3919 3180 3977 stulte
3205 3922 3265 3978 ti-

1678 3997 2155 4066 mcnt'homines,
2198 4001 2284 4069 qui
2316 4016 2537 4070 peccare
2566 4019 2673 4059 non
2718 4006 2943 4075 timent,
2992 4025 3095 4066 non
3140 4014 3262 4069 ani-

1681 4105 1844 4159 lnam,
1877 4092 1970 4146 sed
1997 4107 2191 4162 corpus
2220 4095 2433 4162 occidit,
2461 4098 2597 4151 sicut
2632 4098 2889 4155 Dominus
2930 4101 2983 4155 in
3024 4104 3262 4175 Evange-

1680 4181 1753 4237 lio
1778 4182 1962 4247 docet;
1996 4182 2134 4238 unde
2163 4184 2400 4255 prmcipit
2424 4200 2491 4240 ne
2520 4186 2632 4256 ipsa
2658 4188 2904 4243 timeatur
2939 4190 2960 4261 (
2985 4190 3173 4247 Matth.
3206 4212 3261 4263 x,

1678 4274 1789 4347 28)
1819 4293 1832 4329 :
1863 4290 1925 4330 os
1950 4285 2126 4329 autem
2152 4276 2292 4345 quod
2324 4277 2596 4345 mentitur,
2628 4294 2732 4332 non
2762 4290 2976 4351 corpus,
3010 4283 3103 4338 sed
3144 4287 3261 4340 ani-

1681 4380 1823 4420 mam
1854 4364 2067 4421 occidit.
2101 4365 2192 4421 llis
2227 4366 2369 4420 enim
2411 4366 2587 4423 verbis
2627 4370 2959 4439 apertissime
3005 4374 3261 4445 scriptum

1679 4467 1814 4513 est:
1869 4458 1940 4513 Os
1980 4458 2113 4529 quod
2163 4456 2420 4527 mentitur,
2473 4461 2654 4515 occidit
2696 4464 2917 4519 animam
2975 4466 3147 4539 (Sap.
3201 4485 3260 4536 ι,

1682 4549 1742 4603 ll
1770 4546 1811 4621 ).
1838 4547 2120 4616 Quomodo
2146 4563 2274 4619 ergo
2300 4564 2405 4604 non
2433 4551 2834 4621 perversissime
2858 4555 3070 4624 dicitur,
3100 4567 3156 4612 ut
3185 4560 3263 4615 al-

1684 4651 1764 4697 ter
1802 4642 2154 4711 corporaliter
2183 4644 2360 4710 vivat,
2410 4640 2607 4701 debere
2648 4648 2873 4703 alterum
2918 4650 3264 4721 Spiritualiter

1681 4732 1851 4789 mori?
1876 4733 2007 4788 Nam
2036 4741 2088 4789 et
2115 4735 2227 4804 ipsa
2254 4734 2466 4789 dilectio
2491 4738 2716 4805 proximi
2750 4754 2818 4793 ex
2850 4755 2944 4795 sua
2970 4741 3264 4815 cujusque'

1686 4826 1971 4880 terminum
2010 4827 2232 4895 accepit.
2275 4824 2507 4896 Diliges,
2549 4828 2749 4897 inquit,
2791 4832 3075 4901 proximum
3122 4844 3263 4891 tuum

1683 4925 1920 4987 tanquam
1948 4927 1995 4972 te
2018 4918 2184 4987 ipsum
2212 4917 2398 4989 (Leuit.
2426 4934 2538 4986 xxx,
2570 4920 2657 4986 18,
2685 4930 2729 4974 et
2762 4912 2948 4977 Matth.
2981 4942 3115 4994 χιιι,
3143 4928 3260 5001 59).

1683 5011 1962 5077 Quomodo
1991 5027 2117 5081 ergo
2142 5011 2364 5081 quisque
2395 5011 2565 5083 diligit
2590 5020 2839 5085 tanquam
2871 5032 2929 5073 se
2958 5018 3151 5088 ipsum,
3180 5023 3267 5077 cui

1684 5113 1743 5157 ut
1772 5110 1987 5172 praestet
2013 5104 2175 5156 vitam
2206 5103 2574 5172 temporalem,
2606 5103 2719 5174 ipse
2747 5108 2942 5164 amittit
2970 5112 3267 5166 aeternam?

1685 5191 2109 5264 quandoquidem
2153 5192 2200 5247 si
2239 5208 2337 5263 pro
2367 5192 2510 5250 illius
2553 5198 2831 5266 temporali
2859 5199 2964 5253 vita
2994 5216 3142 5256 suam
3185 5202 3267 5273 ip-

1685 5299 1798 5339 sam
1823 5283 2165 5353 temporalem
2190 5283 2397 5354 perdat,
2430 5301 2538 5341 non
2572 5295 2655 5342 est
2674 5287 2784 5356 jam
2810 5287 3029 5360 diligere
3048 5290 3185 5344 sicut
3204 5306 3266 5346 se

1686 5377 1883 5445 ipsum,
1913 5375 2008 5431 sed
2031 5375 2149 5445 plus
2175 5390 2332 5447 quam
2360 5391 2417 5431 se
2444 5378 2650 5447 ipsum:
2680 5378 2822 5449 quod
2846 5394 2989 5434 sanae
3009 5378 3267 5436 doctrinae

1687 5469 1924 5540 regulam
1941 5468 2167 5525 excedit.
2189 5469 2352 5525 Multo
2368 5469 2542 5526 minus
2564 5470 2981 5541 igituraeternam
3001 5484 3151 5527 suam
3168 5488 3267 5544 pro

1751 5583 1769 5647 ξ
1805 5590 1873 5635 tta
1893 5590 2001 5633 Mss.
2028 5590 2083 5633 At
2106 5582 2238 5644 editi,
2263 5596 2418 5647 quam
2430 5582 2652 5647 speciem.

1752 5645 1775 5709 ξ
1804 5652 1905 5709 Duo
1926 5652 2051 5706 Mss,
2076 5658 2220 5709 quam
2236 5645 2368 5709 stulti
2384 5645 2564 5709 timent.

1692 5776 1730 5819 Μ
1753 5706 1777 5740 ο
1805 5708 1944 5771 aditi,
1968 5721 2031 5758 ex
2054 5706 2141 5759 sua
2166 5706 2399 5771 cujusque
2437 5706 2707 5757 dilectione.
2742 5709 2913 5769 Abest,
2939 5706 3213 5777 dilectime,
3246 5728 3274 5771 a

1732 5783 1800 5819 ss.
