3880 6284
75 331 157 392 ,9;
930 328 935 331 ί
1429 328 1630 386 mann
1671 333 1871 393 unus.

71 455 227 514 genere
248 437 466 494 admisso
499 444 651 507 atque
676 436 987 506 approbato,
1016 436 1189 491 omnis
1220 438 1438 494 omnino
1468 441 1591 497 fidei

70 532 297 605 disciplina
336 529 684 593 subvertitur;
721 544 822 597 qua
850 528 1138 594 subversa,
1172 544 1269 583 nec
1306 530 1371 584 ad
1402 531 1596 586 intelli-

68 624 251 696 gentiam
284 619 600 689 pervenitur,
642 618 727 673 cui
768 617 1041 687 capiendae
1080 618 1178 672 ista
1222 620 1469 688 parvulos
1499 638 1596 675 nu-

68 720 164 773 trit:
189 722 329 783 atque
368 711 435 764 ita
474 710 646 764 omnis
674 708 915 763 doctrina
947 709 1185 765 veritatis
1213 709 1471 777 aufertur,
1500 727 1591 767 ce-

65 809 166 861 dens
198 800 621 859 licentiosissimze
668 800 920 867 falsitati,
972 800 1016 855 si
1060 800 1339 855 mendacio
1380 802 1467 857 vel
1509 803 1591 856 of-

67 896 243 951 ticiuso‘
271 891 508 948 alicunde
536 889 843 961 penetrandi
874 890 1110 959 aperitur
1131 890 1301 945 locus.
1326 891 1430 946 Aut
1450 892 1591 947 enim

68 986 313 1057 temporalia
338 981 618 1038 commoda
638 1023 653 1048 ,
685 983 769 1038 vel
796 982 1011 1052 propria
1039 980 1124 1036 vel
1152 981 1355 1049 aliena,
1380 983 1591 1037 veritati

66 1076 296 1149 prepoait,
320 1074 640 1145 quicumque
660 1072 946 1137 mentitur;
973 1086 1079 1141 quo
1114 1071 1241 1141 quid
1268 1071 1380 1127 ﬁeri
1416 1081 1592 1142 potest

65 1166 341 1239 perversius?
382 1173 477 1219 aut
522 1179 644 1219 cum
672 1163 880 1218 veritati
911 1162 1267 1233 adipiscenda:
1297 1164 1591 1234 Opitulante

66 1259 280 1317 mendacio
305 1257 414 1311 vult
437 1255 621 1311 facere
647 1254 916 1318 idoneum,
943 1255 1251 1310 intercludit
1278 1256 1477 1310 aditum
1506 1272 1589 1310 ve.

64 1350 194 1416 ritati;
230 1349 398 1403 volens
442 1334 590 1401 enim
633 1360 753 1400 cum
802 1344 1055 1398 mentitur
1097 1358 1216 1400 esse
1259 1354 1414 1415 aptus
1440 1347 1485 1412 ³,
1532 1345 1590 1399 fit

66 1459 157 1499 cum
178 1456 330 1497 verum
372 1439 504 1493 dicit
548 1438 806 1493 incertus.
838 1435 1195 1503 Quamobrem
1237 1446 1327 1490 aut
1371 1451 1475 1491 non
1508 1446 1590 1492 est

66 1532 317 1591 credendum
341 1530 517 1595 bonis,
549 1536 641 1583 aut
667 1526 991 1582 credendum
1024 1535 1105 1580 est
1135 1526 1213 1581 eis
1241 1541 1374 1596 quos
1408 1526 1589 1583 credi-

64 1640 148 1679 mus
163 1623 329 1679 debere
348 1620 637 1691 aliquando
659 1617 892 1683 mentiri,
916 1625 1004 1671 aut
1027 1632 1132 1671 non
1157 1625 1239 1671 est
1262 1617 1595 1673 credendum,

62 1716 185 1769 honos
208 1711 477 1783 aliquando
504 1709 762 1764 mentiri:
792 1708 982 1761 horum
1013 1708 1169 1761 trium
1203 1707 1430 1777 primum
1458 1723 1583 1777 pero

60 1804 255 1857 niciosum
281 1810 380 1867 est,
413 1799 711 1856 secundum
735 1798 988 1864 stultum;
1021 1807 1186 1852 restat
1210 1812 1337 1868 ergo
1368 1805 1425 1853 ut
1450 1814 1585 1854 nun-

58 1910 171 1964 quam
190 1893 492 1948 mentiantur
522 1891 673 1946 boni.

104 2004 286 2059 CAPUT
322 2004 410 2059 IX.
440 2003 631 2060 -12,
666 2003 990 2059 Mendacium
1027 2010 1224 2057 censent
1253 2002 1459 2073 quidam
1485 2003 1583 2055 ad-

58 2096 261 2149 hibendum
286 2114 379 2167 quo
398 2106 656 2151 removeat
678 2097 826 2151 homo
853 2106 1088 2165 stuprum
1111 2095 1249 2163 quod
1271 2096 1377 2165 ipse
1397 2096 1459 2149 ab
1479 2096 1581 2149 alio

58 2196 265 2255 pateretur.
294 2188 560 2257 Refellitur
580 2197 937 2259 argumentum
955 2187 1179 2255 illorum,
1204 2197 1250 2241 et
1271 2185 1576 2258 exemplum.

58 2280 186 2331 Aliena
209 2290 395 2349 peccata
425 2297 528 2333 non
558 2280 611 2332 ei
636 2278 935 2347 imputanda
971 2279 1057 2349 qui
1085 2276 1177 2330 illa
1206 2284 1369 2347 posset
1399 2276 1580 2330 leviore

55 2386 119 2421 ato
137 2380 309 2438 peccato
344 2370 614 2439 impedire.
660 2368 991 2423 Peccautibus
1033 2385 1136 2423 non
1177 2369 1454 2422 consentire
1493 2370 1580 2437 qui

57 2478 111 2515 eos
133 2479 213 2516 non
239 2461 332 2515 vult
358 2462 618 2533 peccando
643 2463 890 2517 cohibere.
940 2461 1111 2515 Vitare
1149 2469 1406 2531 peccatum
1434 2461 1574 2529 quis-

54 2570 118 2621 que
138 2554 253 2608 debet
284 2556 431 2609 levius
462 2556 633 2625 potius
663 2554 799 2622 quod
823 2570 972 2608 suum
991 2596 1006 2621 ,
1037 2570 1188 2623 quam
1216 2554 1351 2623 quod
1374 2554 1577 2623 gravius

54 2644 235 2697 alienant.
264 2644 437 2699 Annon
470 2646 814 2699 mentiendum
838 2653 893 2698 ut
917 2646 1094 2699 vitetur
1118 2644 1438 2697 immunditia
1464 2661 1577 2698 cor—

55 2734 209 2799 poralis.
234 2734 491 2789 Mendacia
521 2751 640 2804 qua:
661 2735 788 2789 alios
815 2733 1025 2800 lwdunt,
1056 2751 1155 2788 non
1182 2732 1493 2787 admittenda
1523 2743 1576 2787 ut

58 2824 305 2879 inmunditia
347 2827 629 2898 corporalis
657 2828 855 2880 vitetur.
901 2826 996 2881 Sic
1034 2827 1130 2881 ista
1178 2826 1468 2896 qutestionc
1508 2841 1573 2879 ex

58 2926 221 2987 utraque
244 2929 380 2989 parte
415 2920 755 2976 considerata
784 2931 940 2991 atque
978 2929 1226 2987 tractata,
1261 2936 1365 2975 non
1398 2931 1572 2976 tamen

59 3008 164 3064 facile
184 3008 376 3066 ferenda
407 3012 678 3067 sententia
707 3018 788 3066 est
812 3030 824 3065 :
856 3011 951 3066 sed
984 3010 1157 3066 adhuc
1179 3011 1460 3081 diligenter
1480 3026 1573 3064 au.

58 3096 183 3153 diemli
206 3102 283 3169 qui
315 3100 523 3168 dicunt,
572 3102 777 3156 nullum
810 3116 929 3157 esse
973 3113 1077 3155 tam
1118 3103 1315 3155 malum
1348 3103 1570 3169 factum,

60 3190 155 3257 quod
169 3206 255 3246 non
271 3192 317 3247 in
334 3194 525 3263 pejoris
542 3193 867 3249 devitatione
886 3193 1181 3248 faciendum
1204 3194 1290 3257 sit;
1306 3195 1573 3264 pertinere

59 3292 183 3335 autem
200 3284 256 3338 ad
280 3284 404 3339 facta
433 3285 735 3349 hominum,
756 3299 861 3339 non
887 3285 1056 3339 solum
1083 3285 1332 3355 quidquid
1354 3286 1569 3354 faciunt,

58 3372 123 3426 sed
150 3375 368 3446 quidquid
388 3379 552 3433 etiam
583 3393 703 3432 cum
721 3378 1073 3432 consensione
1107 3378 1400 3448 patiuntur.
1420 3376 1572 3434 Unde

59 3462 88 3513 si
107 3465 422 3522 exstititcausa
436 3476 492 3523 ut
504 3468 728 3537 eligeret
752 3467 1067 3521 christianus
1081 3467 1382 3522 thurilicare
1394 3468 1570 3536 idolis,

61 3560 393 3613 neconscntiret
416 3568 606 3629 stupro
630 3557 769 3627 quod
794 3565 1103 3627 persecutor
1122 3557 1194 3622 ei,
1228 3558 1327 3612 nisi
1353 3558 1570 3626 faceret,

62 3643 317 3711 minabatur;
360 3658 500 3703 recte
550 3647 797 3702 videntur
842 3663 1085 3719 qucerere
1128 3664 1224 3703 cur
1267 3664 1371 3704 non
1410 3651 1567 3704 etiam

63 3734 322 3801 mentiretur,
354 3746 409 3790 ut
452 3746 660 3792 tantam
692 3737 835 3791 illam
870 3737 1247 3807 turpitudinem
1287 3738 1565 3795 devitaret.

62 3819 182 3889 Ipsam
201 3828 322 3881 enim
347 3829 784 3894 consensionem,
814 3843 914 3898 qua
937 3842 994 3882 se
1022 3838 1262 3897 stuprum
1288 3830 1397 3901 pati
1425 3830 1565 3884 mal-

64 3910 135 3979 let,
164 3930 294 3984 quam
337 3918 639 3974 thuriticare
685 3918 870 3983 idolis,
924 3933 1029 3973 non
1061 3920 1361 3989 passiOnem
1389 3920 1610 3977 dicunt“

61 4014 159 4068 esse,
182 4006 258 4060 sed
282 4006 465 4062 factum
489 4026 504 4062 :
540 4009 684 4078 quod
711 4023 778 4064 ne
811 4007 1030 4074 faceret,
1055 4009 1213 4079 elegit
1241 4011 1565 4068 thuriiicare.

61 4090 213 4157 Quanto
232 4098 373 4169 igitur
395 4099 729 4156 mendacium
755 4101 1040 4169 proclivius
1061 4101 1328 4171 elegisset,
1353 4102 1396 4157 si
1420 4118 1570 4159 men-

64 4180 171 4238 dacio
200 4199 356 4256 posset
386 4206 415 4245 a
442 4199 632 4247 sancto
661 4205 887 4261 corpore
916 4199 1022 4246 tam
1052 4191 1284 4248 immane
1314 4192 1566 4263 ﬂagitium
1600 4235 1609 4242 .

66 4285 269 4332 removere
281 4279 303 4332 ‘2

113 4388 176 4441 15.
200 4389 247 4443 In
271 4407 361 4462 qua
383 4395 745 4466 propositione
776 4396 872 4449 ista
902 4402 1025 4450 sunt
1047 4411 1164 4465 qua:
1191 4395 1381 4451 merito
1402 4397 1568 4468 quaeri

68 4488 258 4542 possunt:
285 4497 446 4541 utrum
469 4488 590 4541 talis
617 4487 897 4541 consensio
920 4502 1015 4557 pro
1036 4486 1176 4542 facto
1199 4487 1439 4543 habenda
1461 4489 1565 4554 sit;

66 4580 289 4629 aut'utrum
315 4578 590 4634 consensio
631 4577 854 4633 dicenda
892 4578 960 4632 sit
986 4593 1106 4648 quae
1148 4593 1252 4633 non
1283 4578 1441 4633 habet
1469 4593 1563 4648 ap-

71 4660 384 4733 probationem;
410 4678 499 4724 aut
528 4674 706 4724 utrum
734 4667 1048 4738 approbatio
1079 4669 1165 4732 sit,
1200 4683 1320 4723 cum
1348 4668 1562 4736 dicitur,

74 4745 237 4819 Expedit
258 4754 346 4811 hoc
373 4760 475 4828 pati
505 4758 679 4829 potius
706 4774 865 4829 quam
906 4758 1270 4825 illud’faccre;
1302 4769 1357 4815 et
1386 4768 1565 4815 utrum

73 4847 173 4894 recte
195 4842 267 4899 ille
290 4846 460 4905 fecerit
503 4850 811 4905 thurilicare
851 4864 1009 4920 quam
1046 4858 1284 4918 stuprum
1330 4852 1472 4920 pati;
1515 4860 1569 4907 et

76 4936 199 4987 utrum
227 4941 557 4997 mentiendum
592 4952 735 4998 esset
764 4942 958 5012 potius,
986 4941 1031 4996 si
1058 4958 1118 4997 ea
1145 4943 1379 4998 conditio
1408 4943 1565 4999 dare-

76 5026 146 5083 tur,
167 5040 292 5091 quam
316 5029 730 5088 thurificandum.
776 5032 883 5088 Sed
921 5032 965 5087 si
1006 5033 1126 5088 talis
1160 5035 1443 5090 consensio
1469 5050 1567 5105 pro

76 5105 173 5165 facto
191 5113 395 5176 habenda
431 5135 542 5190 est,
588 5123 865 5179 homicida:
902 5131 1027 5178 sunt
1060 5124 1218 5178 etiam
1265 5126 1355 5194 qui
1398 5126 1565 5181 occidi

77 5200 301 5263 malua-unt
322 5226 465 5281 quam
495 5215 686 5269 falsum
718 5214 1077 5270 testimonium
1098 5214 1275 5270 dicere
1295 5224 1325 5280 ;’
1342 5225 1395 5271 et
1423 5216 1565 5286 quod

79 5300 134 5342 est
160 5293 449 5358 homicidium
491 5306 736 5376 gravius,
779 5306 831 5360 in
872 5320 931 5361 se
957 5306 1123 5375 ipsos.
1150 5305 1257 5361 Cur
1280 5307 1422 5361 enim
1464 5307 1565 5363 hoc

81 5392 186 5443 Picto
208 5403 292 5445 non
317 5393 521 5460 dicatur,
550 5397 692 5467 quod
720 5397 818 5467 ipsi
849 5412 907 5452 se
943 5398 1266 5462 occiderint;
1297 5399 1422 5468 quia
1452 5400 1563 5454 elc—

82 5480 218 5534 εετιωῖ
237 5478 323 5537 hoc
345 5485 469 5543 inse
493 5489 636 5557 fieri,
665 5503 732 5544 ne
772 5487 1010 5544 facerent
1033 5488 1173 5559 quod
1200 5490 1565 5558 cogebantur?

130 5664 142 5748 ξ
166 5672 203 5716 tn
220 5678 322 5736 Mss,
344 5679 455 5731 velut
474 5682 692 5748 o/Iicaoso.

127 5745 144 5776 ³
164 5756 336 5811 ΜωυΙῆ
355 5769 468 5829 Mss,
486 5745 693 5835 apertus.
710 5772 851 5817 Forte
878 5766 1156 5828 legendum,
1174 5780 1381 5830 opertus.

3192 374 3297 432 498

1706 447 1809 501 Aut
1832 449 1875 502 si
1903 453 2112 520 gravius
2138 466 2351 526 putatur
2373 463 2535 520 alium
2556 460 2801 528 occidere
2821 490 2978 545 quam
3005 494 3064 536 se
3089 482 3284 554 ipsum,

1704 539 1829 606 quid
1858 542 1903 595 si
1937 542 2048 600 hcce
2074 549 2307 605 conditio
2334 559 2552 628 martyri
2584 539 2991 637 proponeretur,
3022 539 3146 629 utsi
3176 539 3291 633 nol:

1704 626 1777 681 let
1800 629 1867 685 de
1888 631 2097 691 Christo
2118 636 2309 697 falsum
2331 626 2698 705 testimonium
2721 654 2900 713 dicere
2919 626 3076 731 atque
3097 664 3290 723 immo-

1702 718 1814 776 lare
1839 723 2192 798 dzemonibus,
2221 743 2345 790 ante
2370 740 2553 795 oculos
2580 742 2745 811 ipsius
2772 748 2908 804 alius
2937 767 3041 807 non
3066 757 3291 825 quilibet

1701 809 1883 879 homo,
1912 817 2005 871 sed
2029 829 2179 888 pater
2202 823 2320 894 ejus
2344 829 2696 897 occideretur,
2722 851 2915 908 rogans
2940 809 3100 899 etiam
3121 846 3287 904 filium

1701 918 1768 958 ne
1794 905 1846 960 id
1876 917 2281 977 perseverantia
2301 934 2394 974 sua
2422 921 2536 977 ﬁeri
2567 928 2937 994 permitteret?
2961 934 3148 994 Nonne
3174 956 3290 995 ma-

1700 997 1949 1056 nifeSIum
1991 1014 2103 1073 est,
2135 1008 2227 1062 illo
2254 1010 2307 1065 in
2350 1014 2637 1071 testimonii
2675 1018 2970 1079 fidelissimi
3022 1034 3287 1089 sententia

1698 1102 2076 1161 permanente,
2105 1099 2250 1154 solos
2280 1102 2573 1162 homicidas
2600 1108 2807 1166 futuros
2847 1114 3038 1184 fuisse,
3073 1123 3162 1191 qui
3189 1138 3289 1193 pa-

1699 1189 1832 1237 trem
1861 1186 1976 1254 ejus
2004 1190 2340 1261 occiderent,
2385 1212 2491 1253 non
2537 1200 2689 1256 illum
2730 1205 2893 1261 etiam
2926 1212 3285 1277 parricidam?

1696 1271 1845 1329 Sicut
1878 1291 2013 1348 ergo
2034 1280 2191 1351 hujus
2218 1287 2346 1341 tanti
2385 1291 2603 1347 sceleris
2628 1296 2894 1367 particeps
2924 1271 3023 1354 istc
3064 1319 3169 1359 non
3199 1322 3287 1361 es-

1695 1371 1796 1431 set,
1826 1380 1946 1422 cum
1972 1371 2222 1442 elegisset
2250 1386 2456 1445 patrem
2480 1395 2634 1436 suum
2670 1401 2849 1456 pullus
2874 1398 2942 1446 ab
2968 1397 3085 1450 aliis
3114 1412 3282 1453 mter-

1696 1454 1803 1520 fici,
1831 1459 1990 1514 etiam
2016 1464 2357 1536 sacrilegum,
2403 1471 2555 1540 cujus
2577 1454 2752 1531 anima
2780 1494 3059 1551 raperetur
3080 1487 3146 1541 ad
3168 1505 3283 1559 pm-

1695 1560 1824 1615 nas,
1854 1564 2013 1619 quam
2055 1553 2214 1610 fidem
2250 1571 2401 1613 suam
2430 1559 2567 1618 falso
2601 1568 2910 1628 testimonio
2934 1575 3137 1633 violare
3203 1582 3282 1638 sic

1662 1666 1669 1669 -
1695 1636 1813 1692 talis
1838 1638 1928 1695 ille
1960 1656 2255 1701 consensus
2286 1663 2390 1705 non
2416 1667 2536 1707 eum
2562 1654 2761 1714 faceret
2785 1663 2914 1718 tanti
2946 1666 3128 1737 flagitii
3160 1636 3283 1740 par:

1696 1723 1903 1796 ticipem
1926 1770 1941 1796 ,
1970 1731 2014 1785 si
2040 1734 2179 1789 male
2207 1735 2383 1795 facere
2410 1741 2523 1811 ipse
2552 1747 2736 1814 nollet,
2761 1723 3128 1825 quidquidualii

1692 1823 1873 1885 pterca
1912 1819 2195 1893 fecissent,
2228 1829 2351 1897 quia
2400 1831 2513 1901 ipse
2555 1851 2662 1891 non
2705 1819 2922 1897 faceret:
2964 1845 3099 1913 Quid
3131 1819 3275 1908 enim

1690 1906 1821 1962 tales
1850 1922 2221 1978 persecutores
2246 1918 2456 1988 dicunt,
2488 1925 2619 1993 nisi,
2652 1928 2757 1985 Fac
2788 1934 2946 2002 male,
2978 1952 3044 1992 ne
3071 1955 3169 1995 nos
3199 1941 3275 1997 fa-

1687 1998 1925 2056 ciamus?
1950 2003 2049 2071 Qui
2077 2007 2121 2060 si
2172 2023 2335 2078 vere,
2389 2015 2543 2070 nobis
2578 2016 2925 2092 facientibus,
2967 2042 3072 2082 non
3119 2029 3275 2089 fecis-

1686 2099 1827 2159 sent,
1862 2109 1959 2149 nec
1987 2097 2063 2151 sic
2091 2099 2169 2155 eis
2197 2111 2379 2158 nostro
2401 2107 2605 2165 scelere
2630 2111 2906 2185 suffragari
2932 2117 3270 2180 deberemus.

1684 2180 1833 2237 Nunc
1858 2200 1987 2241 vero
2010 2190 2222 2258 quando
2242 2191 2352 2262 jam
2378 2195 2595 2266 faciunt,
2618 2216 2738 2257 eum
2770 2204 2871 2260 ista
2897 2223 3001 2263 non
3024 2210 3209 2269 dicunt
3231 2216 3270 2281 ',

1684 2285 1782 2326 cur
1810 2274 2084 2332 nobiscum
2110 2281 2304 2349 potius,
2327 2300 2484 2354 quam
2506 2290 2603 2343 soli
2634 2300 2815 2364 turpes
2837 2305 2997 2367 atque
3017 2310 3271 2361 nocentes

1682 2362 1830 2418 sint?
1875 2365 1992 2421 Non
2034 2369 2177 2425 enim
2219 2388 2515 2433 consensus
2557 2380 2649 2437 ilie
2706 2362 2962 2444 dicendus
2987 2398 3103 2458 est;
3147 2396 3270 2464 quia

1682 2468 1790 2509 non
1827 2458 2184 2527 approbamus
2223 2466 2368 2535 quod
2405 2468 2637 2540 faciunt,
2668 2489 2882 2546 semper
2906 2458 3182 2553 optantes,
3215 2496 3271 2543 et

1753 2916 1838 2971 M.
1871 2917 2169 2990 Quomodo,
2204 2926 2410 2997 inquis,
2444 2946 2549 2986 non
2577 2948 2697 2989 cum
2723 2935 2801 2990 eis
2847 2937 3004 3005 facit,
3051 2943 3266 3011 quando

1678 3004 1755 3060 illi
1782 3007 1882 3063 hoc
1913 3025 2018 3065 non
2045 3012 2299 3083 facerent,
2332 3019 2376 3073 si
2404 3020 2519 3089 ipse
2542 3021 2669 3078 illud
2696 3025 2934 3082 faceret?
2965 3004 3085 3085 lloc-
3103 3034 3264 3089 modo

1677 3096 1969 3169 frangimus
1989 3103 2206 3172 januam
2229 3123 2347 3163 cum
2380 3111 2768 3184 effractoribus,
2797 3120 2918 3188 quia
2940 3121 2985 3175 si
3013 3138 3118 3177 non
3144 3139 3262 3180 eam

1677 3190 2066 3261 clauderemus,
2098 3196 2174 3251 illi
2199 3214 2304 3254 non
2326 3199 2630 3272 frangerent
2657 3223 2669 3260 :
2702 3215 2755 3261 et
2777 3211 3068 3268 occidimus
3089 3214 3266 3271 homi-

1676 3295 1774 3335 nes
1803 3296 1922 3336 cum
1963 3284 2287 3355 latronibus,
2321 3292 2366 3347 si
2408 3296 2546 3350 scire
2582 3300 2852 3370 contingat
2881 3302 2980 3358 hoc
3007 3319 3102 3360 eos
3140 3322 3262 3365 esse

1675 3370 1941 3441 facturos;
1970 3377 2092 3446 quia
2123 3378 2169 3433 si
2197 3396 2293 3436 nos
2318 3386 2705 3452 praevenientes
2732 3407 2826 3447 eos
2853 3396 3223 3455 occideremus
3243 3444 3260 3469 ,

1675 3460 1753 3516 illi
1780 3478 1883 3518 non
1910 3467 2218 3524 occiderent
2244 3473 2397 3528 alios.
2427 3477 2531 3531 Aut
2559 3479 2604 3533 si
2632 3478 2860 3537 fateatur
2888 3486 3041 3542 nobis
3071 3460 3263 3560 aliquis

1675 3555 2021 3623 parricidium
2050 3573 2107 3613 se
2133 3560 2413 3632 facturum,
2444 3581 2541 3621 nos
2563 3582 2683 3624 cum
2712 3586 2781 3626 eo
2799 3573 3041 3643 facimus,
3070 3578 3114 3632 si
3139 3594 3262 3634 cum

1673 3659 1957 3714 possumus
1996 3664 2116 3705 cum
2149 3654 2454 3724 priusquam
2496 3658 2683 3727 faciat,
2725 3678 2831 3718 non
2874 3665 3260 3737 interficimus,

1672 3738 1884 3807 quando
1903 3740 2060 3796 aliter
2079 3757 2200 3798 eum
2232 3746 2315 3801 vel
2335 3748 2587 3806 cohibere
2624 3754 2706 3808 vel
2732 3754 2988 3825 impedire
3012 3775 3116 3815 non
3140 3777 3265 3831 pos-

1672 3842 1875 3885 sumus.
1904 3831 2148 3889 Totidem
2176 3838 2316 3891 enim
2344 3840 2518 3895 verbis
2547 3843 2649 3898 dici
2678 3855 2882 3914 potest:
2913 3849 3109 3906 Fecisti
3136 3869 3262 3909 cum

1672 3933 1758 3985 eo,
1788 3921 1909 3991 quia
1936 3922 2045 3978 hoc
2068 3924 2158 3981 ille
2183 3942 2288 3981 non
2318 3928 2548 3999 fecisset,
2575 3934 2619 3988 si
2644 3945 2697 3988 tu
2721 3936 2851 3991 illud
2882 3938 3119 3997 fecisses.
3149 3944 3261 4014 Ego

1673 4018 1955 4082 utrumque
1991 4015 2186 4069 malum
2217 4016 2332 4073 fieri
2359 4021 2557 4076 nollem
2583 4040 2597 4077 :
2630 4025 2723 4079 sed
2754 4027 2804 4080 id
2832 4036 3033 4085 tantum
3068 4046 3261 4091 cavere

1672 4103 1816 4171 potui
1842 4119 1908 4159 ne
1935 4104 2115 4173 ﬁeret,
2147 4109 2287 4177 quod
2323 4119 2437 4165 erat
2475 4112 2527 4166 in
2554 4129 2673 4169 mea
2703 4126 2994 4185 potestate;
3028 4122 3254 4179 alterum

1671 4200 1847 4247 autem
1880 4194 2112 4249 alienum
2131 4239 2144 4260 ,
2174 4199 2313 4267 quod
2347 4216 2466 4256 meo
2494 4214 2760 4275 prmecpto
2789 4209 3125 4281 exstinguere
3151 4230 3256 4271 non

1672 4284 1853 4355 potui,
1886 4302 2007 4342 meo
2038 4288 2315 4344 malefaeto
2362 4294 2618 4363 impedire
2644 4311 2751 4352 non
2776 4297 2954 4354 debui.
2986 4302 3101 4359 Non
3128 4320 3257 4377 ergo

1671 4385 1980 4445 peccantem
2005 4381 2283 4449 approbat,
2309 4383 2397 4454 qni
2425 4400 2520 4455 pro
2544 4386 2649 4442 alio
2674 4403 2782 4444 non
2804 4403 3017 4461 peccat;
3051 4404 3103 4450 et
3124 4412 3261 4453 neu-

1672 4476 1811 4525 trum
1843 4474 2015 4542 placet
2047 4476 2095 4530 ei
2141 4479 2228 4547 qui
2266 4488 2547 4552 utrumque
2577 4485 2745 4540 nollet
2784 4486 2989 4543 admitti
3017 4507 3029 4543 :
3063 4492 3156 4547 sed
3187 4492 3255 4546 11--

1673 4563 1760 4619 Iud
1787 4567 1928 4635 quod
1962 4567 2027 4622 ad
2056 4585 2115 4624 se
2145 4572 2402 4640 pertinet,
2441 4575 2599 4629 etiam
2630 4587 2891 4647 potestate
2927 4595 3033 4636 non
3063 4597 3254 4653 perpe-

1673 4662 1803 4721 trat;
1835 4657 1975 4727 quod
2003 4668 2179 4715 autem
2210 4661 2275 4716 ad
2300 4663 2549 4731 alterum,
2579 4668 2693 4721 sola
2743 4668 3009 4726 voluntate
3059 4673 3257 4733 conde

1672 4755 1835 4801 mnat.
1872 4747 1938 4802 Et
1959 4748 2078 4805 ideo
2097 4754 2517 4821 proponentibus
2546 4755 2689 4810 illam
2717 4757 3074 4817 conditionem
3096 4770 3257 4835 atque

1670 4838 1987 4908 dicentibus,
2021 4843 2075 4897 Si
2110 4858 2212 4898 non
2246 4845 2653 4916 thurilicaveris,
2683 4849 2785 4905 hoc
2812 4853 3059 4922 patieris;
3089 4856 3133 4911 si
3162 4872 3256 4913 re-

1670 4930 1986 4998 spondisset,
2015 4933 2127 5003 Ego
2153 4945 2395 4990 neutrum
2420 4936 2579 5008 eligo,
2604 4949 2887 5013 utrumque
2907 4944 3163 5009 detestor,
3186 4950 3255 5004 ad

1671 5020 1802 5074 nihil
1834 5021 2022 5077 horum
2054 5024 2203 5080 vobis
2241 5029 2520 5085 consentio
2546 5048 2558 5084 :
2587 5031 2728 5089 inter
2762 5034 2875 5091 haec
2905 5040 3064 5094 verba
3094 5048 3255 5112 atque

1672 5111 1813 5177 talia,
1844 5128 1961 5181 qua:
1986 5122 2131 5169 certe
2156 5118 2407 5185 quoniam
2432 5136 2558 5176 vera
2589 5135 2789 5194 essent,
2817 5130 2955 5183 nulla
2985 5131 3099 5201 ejus
3123 5149 3254 5189 con—

1670 5202 1869 5269 sensio,
1922 5204 2062 5257 nulla
2102 5207 2415 5277 approbatio
2448 5219 2748 5281 teneretur;
2793 5234 3142 5292 qumcumque
3186 5223 3253 5278 ab

1669 5293 1747 5347 cis
1774 5308 1962 5363 passus
1992 5306 2150 5363 esset,
2184 5298 2259 5353 illi
2288 5300 2632 5369 deputaretur
2654 5308 2964 5377 injnriarum
2990 5313 3251 5382 acceptio,

1671 5383 1773 5437 illis
1800 5386 2108 5443 commissio
2133 5400 2493 5459 peccatorum.
2527 5396 2787 5455 Debuitne
2808 5402 2985 5470 igitur,
3012 5404 3085 5457 ait
3108 5406 3253 5473 quis-

1670 5477 1847 5547 piam,
1888 5487 2129 5551 stuprum
2173 5488 2375 5554 perpeti
2422 5489 2597 5557 potius
2639 5507 2793 5560 quam
2827 5492 3164 5549 thurificarc?
3194 5497 3250 5552 Si

1670 5573 1864 5641 quieris
1917 5575 2059 5644 quod
2113 5577 2391 5647 debuerit,
2446 5590 2691 5636 neutrum
2744 5583 2945 5638 debuit.
3001 5586 3058 5641 Si
3106 5590 3248 5645 enim

1734 5711 1749 5740 ¹
1786 5712 1856 5759 sic
1878 5710 2092 5763 melioris
2114 5720 2240 5764 uotae
2264 5722 2368 5763 Mss.
2395 5721 2448 5765 At
2475 5714 2605 5776 editi,
2630 5728 2736 5764 cum
2772 5715 2863 5766 ista
2887 5718 3053 5769 dicunt
3065 5734 3084 5782 ;
3108 5724 3253 5774 omis-

1674 5785 1747 5827 SO.
1770 5784 1879 5822 ηοη.
