3880 6284
523 348 627 405 409

520 461 708 518 dixero
731 453 928 526 aliquid
956 451 1147 512 horum
1169 449 1445 514 debuisse;
1475 445 1670 517 aliquid
1693 445 1880 499 horum
1907 459 2106 515 appro-

522 553 694 616 babo,
745 563 866 606 eum
913 544 1212 617 improbem
1253 551 1558 612 utrumque.
1606 537 1713 595 Sed
1757 537 1802 592 si
1848 537 2106 607 quaeritur

523 641 668 713 quod
698 639 887 697 horum
913 636 1091 708 potius
1111 633 1296 691 debuit
1321 632 1542 698 evitare,
1567 629 1658 700 qui
1685 637 1968 698 utrumque
1998 642 2113 681 non.

523 733 732 805 potuit,
774 728 882 788 sed:
912 729 1225 792 alterutrum
1261 725 1442 822 potuit
1472 739 1486 776 :
1531 719 1901 822 respondebo,
1950 734 2104 822 suum

523 831 802 893 peccatum
832 821 1009 892 potius
1029 832 1186 890 quam
1205 815 1467 877 alienum;
1500 821 1555 869 et
1574 811 1744 914 levius
1757 811 1942 914 potius
1965 809 2108 914 quod

524 932 706 983 suum,
735 929 893 985 quam
923 911 1136 982 gravius
1159 906 1298 979 quod
1323 906 1572 961 alienum.
1595 903 1666 960 Ut
1686 902 1826 959 enim
1858 901 2004 957 salva
2029 901 2109 956 di-

525 1007 804 1079 ligentiore
834 1001 1173 1073 inquisitione
1199 995 1410 1052 interim
1439 993 1728 1050 concedam
1750 991 1966 1062 gravius
1987 1004 2115 1046 esse.

524 1108 766 1167 stuprum
786 1108 943 1165 quam
966 1087 1412 1145 thurificationem
1436 1103 1449 1139 :
1474 1084 1562 1139 illa
1585 1092 1760 1140 tamen
1782 1081 1948 1151 ipsius
1969 1088 2102 1147 erat,

524 1189 652 1246 illud
681 1187 911 1243 alienum
937 1183 1132 1244 factum
1154 1221 1169 1247 ,
1198 1178 1436 1252 quamvis
1465 1177 1519 1231 id
1563 1177 1675 1245 ipse
1703 1181 2102 1245 perpeteretur;

522 1281 674 1358 cujus
695 1287 872 1334 autem
900 1277 1115 1339 factum,
1147 1272 1263 1344 ejus
1287 1280 1340 1326 et
1363 1279 1657 1340 peccatum.
1685 1267 1937 1336 Quamvis
1963 1265 2104 1321 enim

521 1372 736 1445 gravius
761 1369 828 1425 sit
848 1365 1194 1424 homicidium
1213 1378 1370 1458 quam
1397 1362 1621 1458 furtum;
1651 1359 1801 1458 pejus
1825 1364 2104 1458 esttamen

521 1462 701 1519 iacere
731 1458 927 1514 furtum
945 1496 962 1523 ,
993 1469 1150 1524 quam
1179 1453 1283 1523 pati
1311 1449 1674 1506 homicidium.
1707 1448 1887 1518 Itaque
1914 1448 1958 1502 si
1987 1448 2103 1501 cui-

532 1566 681 1636 quam
710 1553 1118 1620 proponeretur,
1149 1551 1210 1598 ut
1233 1543 1277 1597 si
1303 1539 1698 1637 furtum-facere
1725 1537 1918 1637 nollet,
1939 1536 2106 1637 inter-

519 1625 792 1706 ficeretur,
818 1637 921 1692 hoc
941 1643 1043 1702 est,
1066 1632 1486 1690 committeretur
1507 1630 1558 1683 in
1585 1643 1705 1684 cum
1728 1625 2099 1691 homicidium;

520 1730 645 1804 quia
671 1737 955 1797 utrumque
980 1723 1181 1780 evitare
1210 1736 1316 1776 non
1343 1726 1556 1790 posset,
1589 1717 1640 1771 id
1671 1716 1894 1772 evitaret
1929 1715 2118 1784 potius.

521 1819 661 1896 quod
689 1833 844 1876 suum
867 1823 1142 1889 peccatum
1169 1822 1330 1878 esset,
1357 1825 1516 1880 quam
1546 1808 1687 1879 quod
1713 1807 1966 1865 alienum.
1995 1806 2104 1862 Nec

519 1915 642 1972 ideo
671 1921 726 1969 et
748 1910 878 1966 illud
906 1909 1022 1978 ejus
1056 1907 1240 1974 fieret,
1271 1905 1392 1975 quia
1423 1904 1474 1957 in
1505 1917 1626 1958 eum
1657 1901 2100 1966 committeretur,

519 2017 576 2064 et
598 2007 718 2078 quia
749 2005 801 2060 id
830 2012 1012 2076 posset
1034 2001 1255 2065 evitare,
1287 1998 1332 2052 si
1359 2011 1513 2052 suum
1543 1995 1702 2050 vellet
1727 1993 2029 2048 admittere.

594 2097 682 2152 15.
723 2095 890 2150 Totus
933 2093 1112 2162 itaque
1157 2089 1315 2158 hujus
1351 2085 1668 2157 quaestionis
1691 2084 1862 2139 nodus
1890 2083 1956 2138 ad
2004 2084 2104 2138 hoc

521 2188 766 2254 adducit,
806 2195 863 2242 ut
897 2192 1166 2256 qumratur
1193 2190 1370 2236 utrum
1396 2179 1629 2276 alienum
1669 2177 1871 2235 nullum
1911 2189 2102 2276 pecea-

521 2293 654 2348 tum,
684 2277 924 2350 quamvis
950 2277 1001 2331 in
1031 2283 1082 2330 te
1106 2271 1470 2369 commissum,
1502 2268 1594 2324 tibi
1613 2267 1922 2369 imputetur,
1950 2265 1997 2369 si
2024 2265 2102 2321 le-

520 2372 672 2436 viore
697 2378 787 2424 tuo
824 2375 1044 2438 peccato
1085 2363 1138 2419 id
1177 2361 1347 2433 possis
1384 2360 1616 2426 evitare,
1650 2373 1747 2459 nec
1763 2356 1920 2459 -facis
1950 2356 2003 2422 1;
2032 2371 2102 2459 an

523 2469 744 2532 excepta
773 2468 854 2516 est
876 2457 1050 2514 omnis
1075 2453 1405 2510 immunditia
1431 2450 1741 2550 corporalis.
1763 2448 1946 2550 Nemo
1960 2448 2104 2550 enim

519 2523 751 2622 aliqu-em
781 2545 1111 2605 immundum
1141 2543 1254 2600 fieri
1283 2542 1443 2608 dicit,
1474 2541 1519 2597 si
1545 2539 1834 2605 occidatur,
1863 2548 1954 2594 aut
1982 2538 2106 2593 mit-

519 2652 665 2700 tatur
689 2641 744 2695 in
770 2653 1038 2696 carcerem
1059 2677 1074 2703 ,
1104 2643 1196 2691 aut
1235 2635 1286 2690 in
1329 2633 1553 2694 vinculis
1579 2632 1858 2696 habeatur,
1884 2639 1976 2686 aut
2002 2630 2102 2686 fla-

493 2703 767 2807 gelletur,
797 2731 1110 2801 caeterisque
1139 2728 1418 2784 tormentis
1444 2735 1499 2782 et
1533 2723 1857 2827 cruciatibus
1895 2722 2103 2827 affliga-

520 2837 628 2893 tur,
658 2834 752 2881 aut
779 2823 1139 2895 proscribatur
1162 2820 1476 2888 damnisque
1495 2816 1757 2920 afficiatur
1775 2815 2104 2920 gravissimis

519 2933 692 2989 usque
719 2915 786 2972 ad
809 2915 1049 2971 ultimam
1075 2910 1387 2977 nuditatem,
1414 2917 1506 2964 aut
1530 2908 1854 2978 exspolietur
1882 2906 2102 2962 honori-

517 3008 622 3068 bus
647 3014 806 3076 atque
832 3005 1073 3075 ingentes
1095 3000 1319 3071 accipiat
1343 2998 1693 3055 contumelias
1720 3012 1816 3068 per
1835 3012 2106 3068 qumcnm-

519 3112 627 3168 que
652 3094 888 3152 convicia
913 3111 926 3146 :
955 3091 1208 3163 quidquid
1233 3089 1426 3145 horum
1451 3089 1674 3159 quisque
1698 3087 1892 3157 injuste
1915 3102 2106 3158 passus

521 3185 712 3250 fuerit,
761 3199 919 3239 nemo
963 3190 1045 3238 est
1083 3189 1191 3248 tam
1229 3180 1450 3236 demens
1490 3181 1580 3250 qui
1620 3195 1740 3235 eum
1770 3179 2102 3236 immundum

520 3277 638 3334 fieri
662 3275 822 3331 dicat.
849 3275 915 3330 At
937 3274 979 3328 si
1009 3273 1134 3327 fimo
1160 3270 1502 3342 perfundatur
1523 3273 1566 3338 ',
1594 3280 1686 3326 aut
1708 3272 1752 3326 si
1781 3272 1884 3328 tale
1905 3271 2101 3342 aliquid

521 3369 572 3425 ei
616 3384 714 3439 per
751 3383 816 3426 os
849 3365 1153 3422 infundatur
1178 3365 1260 3419 vel
1297 3364 1615 3429 inculcetur,
1649 3365 1943 3434 patiaturve
1981 3380 2102 3420 mu-

522 3459 744 3525 liebria;
775 3457 1011 3512 omnium
1040 3454 1150 3510 fere
1175 3469 1363 3510 sensus
1386 3455 1666 3519 abhorret,
1694 3463 1748 3509 et
1773 3469 2100 3524 conspurca-

526 3557 640 3608 tum
665 3548 687 3580 ³
711 3555 870 3618 atque
892 3545 1219 3601 immundum
1243 3553 1456 3599 vocant.
1489 3545 1564 3598 lla
1595 3545 1752 3614 igitur
1777 3546 2101 3600 concluden-

525 3640 652 3697 dum
679 3646 791 3707 est,
838 3646 894 3694 ut
918 3651 1264 3709 quaecumque
1290 3635 1460 3690 aliena
1490 3642 1702 3704 peccata
1722 3677 1738 3701 ,
1773 3636 2010 3704 exceptis
2037 3635 2104 3690 iis

522 3747 646 3804 qua:
673 3728 1005 3787 immundum
1033 3728 1231 3783 faciunt
1269 3727 1320 3781 in
1351 3741 1506 3796 quem
1534 3726 1965 3793 committuntur,
1994 3740 2100 3782 non

522 3823 687 3879 evitet
715 3823 938 3894 quisque
966 3818 1199 3890 peccatis
1225 3817 1356 3884 suis,
1386 3831 1562 3887 neque
1588 3832 1684 3886 pro
1709 3831 1788 3884 se,
1812 3831 1984 3886 neque
2005 3830 2102 3886 pro

521 3928 812 3986 quoquam,
843 3911 935 3967 sed
966 3926 1028 3966 ea
1055 3907 1271 3964 sufferat
1299 3908 1473 3977 potius
1498 3905 1811 3977 fortiterque
1839 3907 2098 3977 patiatur;

523 4005 646 4060 etsi
674 4003 832 4059 nullis
861 4002 1092 4073 peccatis
1120 3999 1228 4056 suis
1254 4014 1314 4054 ea
1339 3997 1498 4053 debet
1518 3997 1738 4062 evitare,
1761 4012 1932 4066 neque
1953 4013 2102 4056 men-

523 4096 678 4152 dacio
705 4113 718 4149 :
752 4094 842 4150 illa
873 4109 996 4149 vero
1033 4107 1151 4162 qua:
1178 4091 1248 4146 ita
1278 4089 1679 4146 committuntur
1709 4089 1760 4142 in
1793 4087 2061 4144 hominem
2083 4132 2096 4152 .

522 4195 582 4249 ut
622 4200 744 4243 eum
790 4184 982 4239 faciant
1010 4180 1375 4245 immundum,
1425 4179 1584 4234 etiam
1630 4178 1864 4249 peccatis
1903 4178 2100 4234 nostris

526 4245 728 4335 evitare
755 4275 1080 4338 debeamus;
1121 4288 1183 4327 ac
1212 4287 1307 4342 per
1335 4270 1434 4326 hoc
1474 4284 1574 4324 nec
1617 4279 1832 4337 peccata
1877 4267 2100 4324 dicenda

520 4370 648 4433 sint,
673 4382 793 4437 qum
820 4373 1098 4436 propterea
1123 4362 1252 4416 fiunt
1275 4371 1330 4416 ut
1350 4361 1437 4416 illa
1459 4358 1794 4414 immunditia
1815 4359 2098 4414 devitetur.

523 4456 791 4529 Quidquid
821 4455 961 4510 enim
987 4453 1057 4507 ita
1087 4451 1176 4518 fit,
1215 4461 1268 4506 ut
1297 4450 1396 4505 nisi
1427 4449 1606 4516 fieret,
1634 4449 1779 4519 juste
1808 4449 2094 4518 reprehen-

521 4549 760 4614 deretur,
791 4559 896 4600 non
925 4550 1010 4599 est
1043 4549 1332 4612 peccatum.
1367 4538 1448 4592 Ex
1470 4553 1575 4608 quo
1599 4538 1876 4593 conficitur
1913 4548 1967 4592 ut
2004 4553 2104 4596 nec

523 4640 612 4694 illa
657 4634 991 4698 immunditia
1036 4630 1268 4686 vocanda
1306 4629 1412 4695 sit,
1457 4628 1667 4698 quando
1709 4629 1941 4684 evitandi
1982 4644 2100 4684 eam

524 4731 670 4786 nulla
693 4730 911 4786 facultas
940 4734 1056 4783 est:
1088 4723 1249 4778 habet
1273 4721 1413 4777 enim
1445 4721 1606 4775 etiam
1635 4728 1758 4774 tunc
1785 4720 1926 4791 quod
1956 4730 2102 4778 recte

522 4827 646 4889 agat
669 4819 759 4889 qui
801 4833 864 4873 ea
908 4818 1120 4888 patitur,
1153 4822 1209 4869 ut
1237 4813 1496 4884 patienter
1526 4809 1662 4866 ferat
1699 4811 1951 4880 quidquid
1995 4827 2099 4868 non

524 4916 705 4979 potest
732 4908 952 4964 evitare.
983 4906 1168 4961 Nullus
1195 4913 1374 4960 autem
1411 4911 1556 4959 recte
1593 4915 1756 4972 agens
1799 4901 2102 4959 immundus

525 4998 642 5054 fieri
671 5005 844 5069 potest
864 4996 1096 5066 quolibet
1118 4994 1360 5065 contagio
1382 4990 1665 5062 corporali.
1691 4990 1997 5048 lmmundus
2021 5001 2104 5048 est

523 5089 668 5144 enim
710 5097 833 5143 ante
865 5088 1029 5142 Deum
1077 5087 1250 5140 omnis
1293 5086 1522 5154 iniquus.
1573 5083 1800 5141 Mundus
1849 5099 1976 5156 ergo
2022 5094 2106 5140 est

525 5178 703 5244 omnis
736 5177 941 5248 justus;
987 5175 1085 5229 etsi
1127 5189 1233 5230 non
1273 5183 1398 5230 ante
1445 5173 1722 5239 homines,
1771 5182 1944 5230 tamen
1977 5185 2104 5232 ante

527 5270 734 5337 Deum,
776 5267 866 5338 qui
893 5265 1008 5321 sine
1037 5279 1220 5320 errore
1255 5264 1480 5334 judicat.
1511 5263 1740 5320 Proinde
1767 5281 1867 5321 nec
1891 5281 2010 5322 cum
2041 5281 2103 5322 ea

527 5359 744 5432 patitur,
769 5357 891 5413 data
913 5354 1144 5411 evitandi
1171 5362 1449 5425 potestate,
1473 5363 1720 5410 contactu
1740 5356 1856 5426 ipso
1877 5358 2102 5414 immun-

589 5508 1425 5581 ξείοκεε.ᾼι,εξάἱιίεξιρΐαειαςτο.ρ
1487 5566 1498 5577 .
1549 5566 1578 5581 ..
1644 5573 1655 5581 .
1759 5574 1771 5581 .
1825 5570 1836 5581 .

587 5576 846 5642 {Quatuor
861 5565 1230 5642 Gallicaui‘slss'z,
1259 5576 1313 5619 At
1330 5567 1374 5642 si
1389 5565 1498 5638 [fieri
1510 5566 1673 5642 Idicat,
1689 5574 1771 5642 aut
1792 5570 1836 5642 si
1856 5568 1974 5642 tale,
2005 5578 2098 5642 etc.

524 5627 672 5696 Paulo
678 5642 796 5696 post
816 5646 942 5696 unus
964 5645 994 5682 e
1021 5627 1253 5696 tatimnis
1268 5669 1282 5692 ,
1303 5629 1374 5681 vel
1389 5627 1673 5696 inculcetur;
1711 5632 1803 5683 Sed
1827 5632 1869 5684 si
1895 5627 2104 5694 patratur

525 5689 792 5757 muliebria,
814 5693 939 5758 quod
962 5693 1171 5744 omm'um
1191 5689 1292 5756 fere
1301 5705 1467 5744 sensus
1499 5689 1734 5742 abhorret.

589 5759 609 5789 ³
641 5761 691 5807 In
711 5763 839 5821 Mss»,
865 5761 1231 5818 constupratum.

1648 332 1736 386 ne
1776 329 2143 398 manavere,
2186 330 2243 386 s.
2285 331 2650 389 AUGUSTINI
3682 352 3762 409 δα)

2215 444 2313 499 dus
2344 446 2435 512 fit;
2464 447 2558 502 sed
2585 458 2822 518 peccato,
2855 467 2959 523 quo
2985 468 3047 510 ea
3081 469 3202 511 cum
3232 468 3410 528 posset
3440 462 3459 494 ί
3483 463 3650 519 noluit
3675 471 3760 522 evi-

2213 542 2346 589 tare.
2370 534 2582 592 Nullum
2608 540 2749 594 enim
2775 551 3049 620 peccatum
3093 557 3268 615 esset,
3299 549 3552 621 quidquid
3583 567 3768 626 propter

2213 623 2300 679 illa
2326 626 2568 682 evitanda
2588 627 2781 685 factum
2805 617 2967 687 esset.
2994 635 3221 706 Propter
3243 617 3356 696 haec
3376 617 3538 712 igitur
3555 617 3764 704 evitanda

2213 713 2452 784 quisquis
2479 719 2733 774 mentitus
2759 719 2940 788 fuerit,
2975 740 3080 779 non
3112 736 3318 796 peccat.

2285 804 2372 860 16.
2412 807 2492 861 An
2522 809 2695 880 aliqua
2725 813 2882 866 etiam
2909 816 3182 872 mendacia
3213 822 3526 892 excipienda
3553 834 3696 894 sunt,
3720 839 3763 884 ut

2213 897 2379 952 satius
2406 899 2474 954 sit
2502 898 2639 956 hanc
2665 905 2808 971 pati,
2840 921 2998 975 quam
3041 909 3131 964 illa
3165 915 3544 970 committere?
3570 917 3715 984 Quod
3737 937 3761 979 ε

2212 985 2285 1039 ita
2314 996 2429 1051 est,
2461 1003 2565 1044 non
2595 992 2848 1063 quidquid
2890 995 3084 1052 factum
3117 998 3276 1056 fuerit
3305 1011 3361 1056 ut
3390 1004 3478 1058 illa
3516 987 3773 1063 immundi-

2215 1075 2284 1130 tia
2311 1079 2558 1149 evitetur,
2589 1097 2692 1138 non
2731 1093 2815 1139 est
2854 1097 3169 1155 peccatum:
3206 1095 3642 1166 quandoquidem
3682 1110 3775 1155 sunt

2213 1167 2456 1236 quaedam
2499 1173 2772 1229 mendacia
2814 1191 2930 1246 qua:
2959 1181 3170 1248 gravius
3199 1183 3269 1237 sit
3295 1184 3616 1255 admittere,
3646 1205 3773 1259 quam

2213 1257 2296 1310 illa
2314 1260 2442 1328 pati.
2467 1260 2598 1315 Nam
2625 1264 2667 1317 si
2690 1264 2881 1334 aliquis
2901 1268 2966 1322 ad
2989 1277 3229 1341 stuprum
3254 1285 3547 1344 qumratur,
3570 1257 3777 1349 qui‘pos-
3859 1303 3868 1350 ᾗ

2211 1348 2279 1402 sit
2300 1351 2551 1405 occultari
2578 1354 2875 1423 mendacio,
2899 1359 3017 1428 quis
3035 1362 3193 1417 audet
3213 1363 3392 1420 dicere
3411 1382 3514 1422 nec
3536 1348 3667 1424 tunc

2209 1441 2614 1497 mentiendum?
2643 1447 2714 1499 At
2740 1448 2783 1501 si
2813 1448 2900 1503 tali
2929 1451 3208 1508 mendacio
3249 1457 3419 1524 possit
3441 1457 3638 1528 latere,
3665 1463 3774 1531 quod

2209 1531 2426 1586 alterius
2455 1532 2648 1590 famam
2679 1536 2855 1606 laedat,
2901 1541 3018 1610 ejus
3042 1543 3391 1601 immunditia;
3415 1547 3555 1604 falso
3575 1552 3776 1608 crimine

2209 1621 2274 1677 ad
2304 1639 2461 1694 quam
2488 1627 2787 1696 patiendam
2821 1632 2908 1686 ille
2934 1636 3215 1703 quaeritur;
3245 1645 3496 1710 tanquam
3529 1643 3575 1696 si
3601 1643 3778 1699 dicatur

2208 1716 2485 1782 quazrenti,
2518 1719 2790 1774 nominato
2815 1721 2991 1791 aliquo
3015 1732 3164 1780 casto
3201 1727 3314 1782 viro
3337 1739 3500 1799 atque
3524 1733 3597 1786 ab
3625 1732 3776 1803 hujus-

2209 1803 2350 1826 ,μυ
2864 1811 2904 1826 .,
2961 1813 2974 1826 .
3089 1815 3101 1826 .
3411 1821 3423 1826 -
3574 1823 3647 1826 ___
3853 1811 3862 1826 ι

2209 1803 2351 1858 modi
2377 1804 2588 1876 flagitiis
2626 1810 2819 1876 alieno,
2864 1811 3010 1868 Vade
3037 1815 3102 1870 ad
3133 1816 3300 1885 illum,
3325 1828 3380 1874 et
3409 1821 3526 1890 ipse
3550 1823 3652 1877 tibi
3681 1839 3776 1893 pro-
3853 1813 3858 1900 ξ

2208 1895 2414 1950 curabit
2446 1913 2550 1967 quo
2578 1899 2828 1956 libentius
2857 1904 3023 1958 utaris
3043 1947 3058 1974 ,
3086 1907 3233 1962 novit
3259 1910 3401 1964 enim
3442 1913 3585 1968 tales
3611 1923 3669 1969 et
3689 1916 3779 1970 dili-

2209 1986 2309 2056 git;
2340 1997 2498 2058 atque
2528 1990 2602 2046 ita
2629 1991 2729 2048 iste
2755 1993 2823 2050 ab
2847 2011 2912 2050 eo
2933 2012 3093 2068 quem
3119 2001 3408 2068 qumrebat,
3436 2015 3628 2073 posset
3656 2021 3779 2062 aver-

2211 2076 2248 2131 ti
2277 2095 2290 2130 :
2324 2079 2503 2136 nescio
2523 2090 2698 2136 utrum
2723 2085 2940 2144 alterius
2965 2087 3106 2144 fama
3134 2090 3412 2148 mendacio
3435 2095 3692 2152 violanda
3709 2099 3776 2164 sit,

2209 2182 2277 2222 ne
2303 2169 2523 2226 alterius
2547 2186 2739 2244 corpus
2767 2175 2941 2234 aliena
2967 2178 3188 2235 libidine
3215 2181 3458 2240 violetur.
3489 2185 3568 2241 Et.
3583 2189 3778 2242 omnino

2209 2273 2477 2328 nunquam
2517 2278 2614 2332 pro
2643 2264 2819 2335 aliquo
2860 2269 3222 2330 mentiendum
3269 2281 3379 2339 est,
3421 2289 3490 2331 eo
3521 2277 3780 2335 mendacio
3839 2259 3880 2339 ii

2209 2351 2348 2419 quod
2375 2351 2598 2410 alterum
2643 2356 2831 2424 laedat;
2877 2360 2980 2416 etsi
3023 2361 3191 2419 levius
3220 2364 3446 2432 laeditur,
3480 2384 3652 2438 quam
3691 2371 3776 2436 ille,

2209 2441 2311 2496 nisi
2337 2442 2408 2497 ita
2445 2445 2767 2516 mentireris,
2797 2448 3096 2508 laederetur.
3123 2454 3254 2522 Quia
3288 2471 3387 2512 nec
3415 2435 3780 2527 panisalienus
3837 2435 3880 2534 [Ἰ

2210 2531 2396 2600 invito,
2423 2540 2665 2605 quamvis
2693 2539 3004 2610 valentiori,
3032 2545 3353 2604 auferendus
3380 2557 3501 2615 est,
3543 2561 3604 2606 ut
3635 2554 3778 2608 alatur

2210 2622 2497 2691 infirmior;
2526 2642 2626 2682 nec
2667 2631 2920 2687 innocens
2951 2634 3146 2692 invitus
3181 2637 3340 2708 virgis
3366 2640 3666 2698 cmdendus
3685 2653 3778 2711 est,
3878 2625 3880 2646 ³

2208 2727 2278 2769 ne
2312 2714 2448 2771 alius
2472 2719 2761 2775 occidatur.
2793 2721 2956 2780 Plane
2996 2725 3043 2780 si
3084 2726 3248 2783 velint
3274 2727 3400 2796 fiat;
3429 2731 3558 2802 quia
3582 2709 3777 2790 necte

2207 2803 2422 2872 duntur,
2448 2823 2568 2865 cum
2603 2810 2674 2866 ita
2705 2812 2907 2869 volunt.

2279 2894 2504 2955 CAPUT
2542 2900 2612 2956 X.
2628 2931 2701 2942 —
2717 2901 3040 2960 Mendacium
3058 2907 3112 2962 in
3131 2907 3360 2966 doctrina
3377 2911 3652 2984 religionis
3667 2933 3778 2970 mo

2207 3003 2359 3056 quam
2387 2990 2744 3048 adhibendum.
2773 2994 2879 3052 Sed
2900 3005 3074 3053 utrum
3095 2999 3252 3055 etiam
3277 3003 3506 3060 volentis
3531 3005 3674 3062 fama
3697 3007 3778 3065 fal-

2208 3092 2271 3135 so
2292 3083 2459 3151 stupri
2487 3085 2712 3142 crimine
2733 3088 2972 3146 lmdenda
3014 3093 3116 3159 sit,
3143 3101 3198 3148 ut
3226 3095 3292 3154 ab
3320 3097 3544 3154 alterius
3569 3115 3778 3171 corpore

2209 3179 2448 3242 stuprum
2491 3188 2779 3246 avertatur,
2825 3195 3014 3250 magna
3061 3186 3287 3254 qumstio
3335 3198 3437 3243 est.
3493 3189 3576 3246 Et.
3619 3168 3778 3249 arescio

2210 3271 2386 3318 utrum
2426 3265 2579 3322 facile
2607 3270 2898 3338 reperiatur
2925 3274 3192 3341 quomodo
3227 3278 3425 3345 justum
3464 3280 3537 3338 sit
3568 3283 3778 3340 volentis

2208 3351 2402 3409 famam
2442 3355 2576 3412 falso
2600 3361 2764 3429 stupri
2791 3362 3013 3420 crimine
3042 3367 3316 3437 maculari,
3343 3385 3503 3440 quam
3535 3373 3661 3444 ipso
3681 3386 3776 3433 stu-

2208 3461 2305 3516 pro
2331 3462 2522 3518 corpus
2551 3451 2720 3506 inviti.

2279 3539 2366 3592 17.
2407 3537 2511 3594 Sed
2543 3552 2716 3597 tamen
2757 3544 2802 3598 si
2848 3545 2964 3600 talis
2993 3548 3138 3617 optio
3178 3561 3567 3621 proponeretur
3614 3557 3665 3612 ei
3702 3557 3775 3627 qui

2210 3629 2514 3688 thurificare
2539 3633 2712 3701 idolis,
2745 3652 2902 3706 quam
2945 3639 3222 3696 muliebria
3267 3646 3468 3714 perpeti
3498 3648 3702 3714 maluit,
3731 3659 3778 3702 ut
3847 3627 3880 3714 ιῖ

2208 3725 2252 3778 si
2279 3723 2404 3778 illud
2435 3725 2592 3780 vellet
2620 3726 2838 3795 evitare,
2867 3729 3058 3785 famam
3083 3729 3278 3788 Christi
3307 3734 3486 3805 aliquo
3514 3740 3776 3794 mendacio

2208 3812 2458 3879 violaret;
2507 3815 2874 3872 insanissimus
2917 3829 3092 3887 esset,
3123 3821 3171 3877 si
3213 3822 3430 3880 faceret.
3474 3826 3604 3883 Plus
3633 3830 3773 3884 etiam

2207 3902 2347 3968 dico,
2376 3905 2499 3974 quia
2538 3905 2754 3963 insanus
2783 3918 2948 3977 esset,
2972 3911 3017 3965 si
3041 3912 3229 3970 aliena:
3266 3915 3502 3972 libidinis
3527 3922 3773 3978 evitandae

2207 4011 2387 4064 causa,
2415 4012 2482 4054 ne
2508 3997 2562 4054 id
2589 3998 2640 4052 in
2669 4014 2734 4054 eo
2754 3999 2904 4056 fleret
2927 4002 3070 4071 quod
3093 4006 3238 4060 nulla
3266 4021 3359 4061 sua
3387 4009 3614 4067 libidine
3643 4022 3773 4082 pate-

2208 4096 2380 4155 retur,
2408 4087 2603 4144 Christi
2643 4091 2989 4162 Evangelium
3031 4093 3176 4151 falsis
3203 4096 3404 4154 Christi
3431 4100 3675 4158 laudibus
3703 4104 3771 4158 in-

2207 4179 2450 4246 falsaret;
2479 4182 2646 4253 magis
2674 4183 2879 4242 evitans
2902 4185 3126 4242 alienam
3152 4193 3552 4261 corruptionem
3587 4196 3642 4252 in
3665 4210 3770 4251 eor-

2206 4286 2336 4340 pore
2364 4286 2481 4340 suo,
2510 4288 2666 4343 quam
2694 4275 2746 4328 in
2776 4274 3014 4332 doctrina
3034 4281 3468 4339 sanctificationis
3493 4289 3770 4343 animarum

2206 4369 2363 4431 atque
2404 4376 2686 4430 corporum
2727 4368 3120 4436 corruptionem
3161 4384 3332 4442 suam.
3359 4374 3710 4443 Quamobrem
3745 4394 3770 4432 ε
3857 4368 3862 4432 ἕ

2207 4451 2447 4509 doctrina
2466 4454 2758 4525 religionis,
2780 4467 2938 4528 atque
2966 4461 3032 4516 ab
3061 4465 3138 4517 eis
3164 4467 3384 4522 omnino
3410 4472 3771 4528 enuntiationi-

2209 4547 2340 4614 bus,
2385 4558 2745 4618 quae-propter
2785 4549 3078 4607 doctrinam
3121 4556 3395 4627 religionis
3425 4565 3770 4626 enuntiantur.

2208 4653 2328 4692 cum
2351 4638 2438 4692 illa
2463 4638 2683 4694 docetur
2707 4649 2759 4694 et
2795 4641 3034 4709 discitur,
3065 4648 3254 4702 omnia.
3277 4652 3491 4718 penitus
3514 4655 3770 4712 mendacia
3859 4653 3862 4656 ’

2208 4727 2526 4782 removenda
2543 4737 2699 4784 sunt.
2719 4729 2827 4786 Nec
2855 4732 2958 4786 ulla
2983 4735 3200 4792 omnino
3226 4752 3384 4794 causa
3415 4742 3635 4802 inveniri
3658 4759 3771 4814 pos-

2208 4830 2268 4873 se
2304 4816 2586 4884 credatur,
2617 4833 2712 4874 cur
2752 4819 2807 4875 in
2845 4822 3007 4877 rebus
3045 4825 3239 4882 talibus
3267 4831 3634 4890 mentiendum.
3661 4835 3728 4890 sit
3757 4852 3768 4886 :

2209 4905 2420 4976 quando
2445 4922 2543 4963 nec
2571 4908 2690 4964 ideo
2712 4909 2762 4966 in
2788 4925 2850 4966 ea
2877 4911 3115 4970 doctrina
3138 4919 3499 4978 mentiendum
3517 4932 3616 4990 est,
3641 4933 3698 4978 ut
3709 4923 3769 4977 ad

2209 5014 2326 5054 eam
2362 5000 2530 5070 ipsam
2559 5002 2781 5072 quisque
2812 5003 3020 5063 facilius
3045 5009 3385 5083 perducatur.
3427 5015 3604 5070 Fracta
3636 5018 3768 5071 enim

2209 5089 2292 5145 vel
2323 5091 2507 5147 leviter
2531 5091 2790 5148 diminuta
2808 5096 2828 5125 '
2852 5098 3167 5155 auctoritate
3194 5102 3448 5170 veritatis,
3475 5105 3644 5162 omnia
3674 5106 3767 5159 du-

2209 5179 2294 5234 bia
2335 5182 2680 5238 remanebunt
2731 5202 2745 5238 :
2794 5201 2913 5255 qua:
2963 5188 3065 5244 nisi
3113 5206 3237 5247 vera
3280 5194 3574 5262 credantur,
3606 5197 3765 5251 teneri

2209 5283 2354 5326 certa
2386 5287 2490 5329 non
2536 5285 2778 5344 possunt.
2793 5277 2944 5334 Licet
2969 5279 3128 5350 igitur
3155 5283 3244 5340 vel
3265 5283 3532 5343 dissertori
3564 5299 3632 5342 ac
3659 5285 3763 5344 dis-

2209 5365 2436 5432 putatori
2496 5374 2654 5435 atque
2698 5367 3029 5437 pratdicatori
3076 5387 3254 5436 rerum
3303 5385 3641 5443 internarum,
3685 5379 3762 5432 vel

2208 5453 2469 5508 narraturi
2512 5455 2596 5509 vel
2644 5458 3027 5524 pronuntiatori
3072 5477 3250 5520 rerum
3301 5465 3653 5536 temporalium
3699 5465 3761 5520 ad

2209 5543 2569 5600 aedificandam
2591 5547 2898 5618 religionem
2926 5562 3083 5622 atque
3107 5555 3353 5624 pietatem
3381 5557 3758 5629 pertinentium,

2275 5699 2293 5774 ξ
2329 5699 2610 5774 rq.stss._,s_ed
2626 5703 2960 5774 peqcatordunt
2969 5720 3031 5774 ea
3053 5721 3169 5774 cunt
3186 5721 3353 5774 posset.

2275 5761 2294 5791 ι
2329 5759 2512 5821 Aliquot
2537 5759 2658 5824 tussi,
2683 5761 2883 5817 demota.
2913 5767 3015 5829 Alii,
3041 5759 3299 5826 deminuta;

3839 2931 3880 5350 ἒ
