3880 6284
99 315 172 370 50'
1431 291 1630 348 LIBER
1671 290 1869 347 UNUS.

98 423 308 478 occultare
329 417 378 472 in
403 425 632 485 tempore
659 409 908 482 quidquid
933 405 1305 464 occultandam
1338 405 1548 460 videtur
1581 421 1593 456 :

101 511 262 569 mentiri
302 518 463 562 autem
509 518 774 575 nunquam
820 501 976 566 licet;
1027 514 1152 570 ergo
1193 514 1290 554 nec
1335 498 1602 553 occultare

96 599 451 747 mtailglquC‘LXI.
479 715 550 724 ——
581 683 664 738 I8.
697 680 968 736 Mendacia
997 679 1144 732 etiam
1170 676 1468 731 removenda
1494 692 1606 746 qua:

94 795 159 838 aut
186 780 307 834 alteri
329 778 522 842 obsunt,
554 785 642 829 aut
669 773 767 844 ipsi
794 771 1068 827 mentienti.
1101 767 1351 823 Menliens
1389 777 1434 822 et
1468 783 1607 820 men-

92 879 170 930 dax
189 869 415 937 ili/ferunt.
455 867 566 922 Il'oc
600 865 840 936 primitus
866 871 919 918 et
949 857 1252 916 firmissime
1280 857 1568 912 constituto
1587 899 1601 922 ,

91 967 138 1020 de
161 961 336 1016 ceteris
370 956 655 1011 mendaciis
692 955 932 1009 securius
971 951 1246 1022 quaeritur.
1279 947 1386 1005 Sed
1414 963 1602 1004 conse-

92 1065 264 1125 quenter
286 1052 429 1105 etiam
457 1048 743 1102 videndum
786 1053 898 1111 est,
940 1043 1259 1099 removenda
1299 1055 1418 1096 esse
1439 1041 1605 1110 etiam

93 1147 224 1199 omnia
247 1141 500 1196 mendacia
547 1156 665 1210 qtm
709 1139 938 1208 aliquem
971 1136 1174 1190 laedunt
1216 1134 1412 1204 injuste
1440 1151 1452 1186 :
1484 1133 1604 1203 quia

93 1237 186 1291 lllllII
209 1243 277 1288 est
309 1232 489 1301 injuria
518 1230 603 1284 vel
640 1229 808 1284 levior
834 1226 1108 1282 inferenda
1130 1267 1144 1288 ,
1177 1234 1233 1279 ιιι
1259 1225 1326 1278 ab
1356 1224 1462 1277 alio
1483 1239 1606 1292 gra-

93 1330 174 1380 vior
195 1323 470 1394 repellatur.
503 1321 614 1376 Nec
660 1321 746 1375 illa
779 1327 902 1374 sunt
940 1317 1263 1372 admittenda
1308 1315 1604 1378 mendacia,

95 1433 177 1488 qua:
194 1415 405 1485 quamvis
435 1427 541 1467 non
587 1413 765 1467 obsint
790 1411 964 1476 alteri,
998 1408 1128 1463 nulli
1157 1417 1332 1462 tamen
1361 1416 1602 1476 prosunt,

96 1521 135 1564 ct
157 1507 306 1561 obsunt
340 1504 413 1559 cis
455 1504 585 1572 ipsis
615 1503 702 1572 qui
743 1501 909 1570 gratis
951 1499 1298 1554 mentiuntur.
1333 1496 1436 1565 Ipsi
1467 1495 1608 1549 enim

97 1597 252 1667 proprie
278 1594 554 1649 mendaces
594 1590 803 1647 dicendi
844 1599 986 1644 sunt.
1031 1590 1255 1642 Interest
1292 1587 1432 1641 enim
1471 1586 1610 1639 inter

92 1688 369 1743 mentientem
388 1695 549 1754 atque
577 1684 908 1738 mendacem.
928 1681 1058 1735 Nam
1079 1680 1339 1733 mentiens
1354 1687 1436 1732 est
1451 1676 1609 1731 etiam

89 1780 152 1849 qui
173 1780 394 1834 mentitur
420 1781 620 1834 invitus
650 1796 664 1833 :
698 1777 926 1833 mendax
955 1792 1080 1830 vero
1100 1782 1243 1829 amat
1271 1771 1506 1838 mentiri,
1535 1779 1612 1825 at-

88 1869 358 1940 que-habitat
392 1871 573 1925 animo
605 1870 655 1924 in
687 1869 1040 1924 delectatione
1080 1864 1425 1920 menticudi‘.
1455 1862 1609 1918 Juxta

88 1959 264 2028 ponendi
291 1968 410 2015 sunt
435 1969 490 2015 et
531 1961 622 2031 qui
654 1960 720 2015 de
747 1957 1024 2013 mendacio
1063 1957 1244 2011 volunt
1275 1955 1485 2025 placere
1511 1953 1611 2007 ho-

88 2055 289 2117 minibus,
316 2067 416 2109 non
448 2063 505 2109 ut
549 2054 705 2108 alicui
753 2052 948 2107 faciant
982 2049 1228 2120 injuriam
1269 2047 1350 2102 vel
1383 2045 1614 2101 inferant

84 2145 398 2199 contumeliam
419 2162 434 2210 ;
454 2145 565 2215 jam
589 2144 731 2199 enim
760 2157 920 2214 supra
947 2141 1048 2195 hoc
1073 2155 1239 2212 genus
1266 2137 1611 2201 removimus;

85 2236 150 2292 sed
167 2246 215 2292 ut
238 2249 414 2293 suaves
446 2237 556 2292 sint
589 2238 641 2291 in
670 2235 1005 2291 sermonibus
1028 2232 1158 2286 suis.
1188 2230 1276 2285 Isti
1307 2227 1490 2285 abillo
1518 2240 1612 2296 ge-

86 2345 177 2384 nere
199 2331 242 2383 in
267 2344 364 2400 quo
401 2329 694 2384 mendaces
725 2327 1020 2398 posuimus,
1052 2325 1154 2378 hoc
1176 2322 1446 2386 differunt,
1474 2319 1614 2390 quod

85 2420 169 2476 illos
193 2422 385 2476 mentiri
407 2421 664 2486 delectat,
691 2418 986 2490 gaudentes
1012 2415 1078 2471 de
1098 2415 1211 2485 ipsa
1237 2413 1440 2468 fallacia
1466 2430 1478 2465 :
1503 2410 1616 2465 istis

81 2521 219 2566 autem
242 2513 440 2581 placere
469 2511 607 2567 libet
631 2510 698 2565 de
736 2508 1076 2579 suaviloqnio
1098 2548 1113 2571 ,
1139 2505 1228 2576 qui
1267 2515 1442 2560 tamen
1474 2502 1618 2558 veris

83 2602 254 2656 mallent
285 2603 520 2673 placere;
553 2602 651 2658 sed
678 2600 888 2672 quando
916 2616 1019 2655 non
1053 2599 1202 2653 facile
1232 2597 1505 2652 inveniunt
1529 2610 1620 2650 ve-

80 2711 121 2747 ra
144 2711 242 2765 qua:
266 2707 405 2766 grata
431 2696 546 2750 sint
572 2695 930 2763 audientibus,
962 2693 1175 2748 mentiri
1216 2691 1415 2760 eligunt
1444 2688 1618 2759 potius

80 2800 200 2853 quam
225 2795 408 2841 tacere.
455 2785 689 2841 Difficile
715 2793 796 2839 est
823 2792 996 2838 tamen
1030 2790 1084 2836 ut
1121 2781 1206 2836 isti
1245 2788 1407 2835 totam
1437 2791 1620 2833 narra-

83 2878 237 2931 tionem
266 2879 441 2932 falsam
473 2875 770 2948 aliquando
812 2874 1134 2945 suscipiant;
1165 2872 1260 2928 sed
1305 2872 1617 2942 plerumque

81 2970 188 3024 veris
210 2970 322 3024 falsa
363 2978 680 3035 contexunt,
714 2967 802 3023 ubi
846 2967 1080 3022 suavitas
1107 2980 1200 3020 eos
1228 2964 1446 3019 deserit.
1493 2961 1619 3017 Ilaec

81 3069 216 3114 autem
240 3061 337 3116 duo
356 3075 560 3132 genera
585 3058 978 3115 mendaciorum
1007 3073 1112 3112 non
1140 3056 1335 3111 obsunt
1354 3053 1619 3109 credenti-

84 3150 174 3217 bus,
194 3152 299 3221 quia
326 3153 452 3206 nihil
491 3151 558 3206 dc
589 3151 828 3206 doctrina
857 3148 1126 3218 religionis
1152 3147 1492 3214 veritatisque
1522 3143 1621 3198 fal-

82 3242 239 3309 luntur,
266 3253 345 3299 aut
373 3244 440 3300 de
465 3244 578 3298 ullo
599 3241 878 3298 commodo
910 3240 992 3294 vel
1020 3238 1379 3293 utilitate'sua.
1411 3233 1620 3291 Sufficit

83 3333 192 3388 enim
218 3337 285 3390 eis
313 3345 369 3390 ut
389 3336 636 3406 judicent
662 3332 774 3388 fieri
807 3332 1042 3403 potuisse
1070 3329 1210 3400 quod
1233 3328 1442 3394 dicitur,
1475 3337 1528 3382 ct
1553 3327 1617 3380 fi-

83 3423 174 3478 dem
199 3425 409 3481 habeant
434 3425 642 3479 homini
669 3438 823 3494 quem
848 3437 953 3476 non
985 3422 1179 3476 debent
1207 3428 1406 3474 temere
1432 3416 1617 3472 existi-

86 3530 196 3572 mare
222 3521 584 3573 mentientem.
609 3516 743 3586 Quid
770 3517 910 3571 enim
939 3516 1110 3580 obest,
1134 3514 1176 3568 si
1199 3513 1381 3567 credat
1411 3520 1614 3582 patrem

86 3617 152 3659 aut
175 3623 310 3662 avum
341 3609 570 3677 alicujus
614 3608 784 3662 virum
812 3607 1010 3661 bonum
1039 3606 1231 3667 fuisse,
1275 3605 1484 3659 etiamsi
1516 3619 1618 3658 non

89 3697 184 3765 fuit;
204 3712 280 3755 aut
296 3717 461 3772 usque
487 3700 549 3752 ad
574 3699 769 3754 Persas
791 3697 1063 3752 militando
1087 3696 1410 3765 pervenisse,
1435 3695 1622 3749 etiam-

86 3789 163 3843 sia
188 3790 335 3846 Roma
364 3805 640 3859 nunquam
679 3788 936 3844 recessit?
965 3786 1098 3856 Ipsis
1137 3793 1312 3840 autem
1354 3785 1620 3840 mentien-

87 3879 194 3935 tibus
221 3884 360 3938 valde
398 3885 598 3940 obsunt
628 3899 641 3934 :
675 3880 779 3934 illis
814 3879 1054 3948 quidem,
1098 3877 1219 3947 quia
1265 3877 1341 3931 sic
1371 3877 1620 3931 deserunt

89 3970 338 4038 veritatem,
369 3981 425 4027 ut
456 3970 659 4026 fallacia
687 3970 959 4034 laetentur;
992 3968 1107 4022 istis
1127 4009 1141 4035 ,
1184 3963 1388 4037 quia‘se
1418 3966 1623 4020 malunt

88 4060 274 4128 placere,
303 4079 462 4134 quam
495 4077 678 4117 verum
695 4063 737 4114 ’.

139 4150 335 4211 CAPUT
371 4153 492 4210 XII.
530 4184 601 4194 —
636 4155 720 4208 I9.
761 4151 1084 4206 Mendacium
1110 4151 1243 4220 quod
1266 4159 1313 4203 et
1339 4151 1466 4204 nulli
1489 4150 1624 4204 obest

88 4252 121 4294 et
138 4247 266 4299 alicui
291 4248 492 4318 prodest
510 4264 576 4300 an
605 4245 962 4299 adhibendum.
1002 4243 1078 4297 An
1105 4243 1363 4296 mendacia
1392 4242 1623 4313 quaedam

88 4335 280 4401 honesta,
308 4355 418 4408 qua:
448 4337 678 4391 nonnulli
721 4345 926 4406 prosunt
951 4344 997 4388 et
1031 4335 1159 4388 nulli
1185 4336 1382 4390 obsunt.
1417 4333 1623 4388 Mentiri

88 4439 414 4497 amonsemper
427 4428 492 4481 sit
505 4426 688 4496 falsum
706 4425 1037 4479 testimonium
1065 4423 1246 4478 dicere.
1271 4424 1388 4476 Istis
1417 4424 1623 4492 generi-

90 4513 165 4568 bus
188 4517 288 4572 sine
327 4519 434 4572 ulla
473 4516 804 4571 dubitatione
842 4514 1133 4575 damnatis,
1179 4517 1416 4584 sequitur
1457 4528 1625 4583 genus

91 4607 307 4664 mendacii
328 4617 580 4679 tanquam
606 4605 862 4678 gradatim
891 4604 958 4660 ad
993 4605 1211 4659 meliora
1252 4604 1587 4672 surgentibus
1607 4645 1620 4669 ,

90 4697 566 4761 quod‘bcnevoliset
596 4697 748 4752 bonis
791 4696 947 4766 vulgo
991 4694 1148 4749 tribui
1189 4695 1350 4759 solet,
1385 4709 1504 4748 cum
1536 4695 1624 4749 ille

90 4787 158 4854 qui
179 4791 437 4859 mentitur,
470 4804 576 4843 non
606 4789 775 4844 solum
817 4785 972 4841 alteri
1004 4801 1107 4839 non
1135 4785 1284 4840 obest
1307 4826 1322 4851 ,
1345 4785 1436 4839 sed
1465 4785 1622 4840 etiam

92 4879 271 4942 prodest
315 4881 488 4936 alicui.
543 4880 620 4934 De
667 4879 769 4933 isto
811 4893 1005 4948 genere
1048 4887 1128 4932 est
1171 4885 1276 4930 tota
1323 4877 1621 4940 contentio,

95 4977 300 5027 utrumne
332 4973 427 5028 sibi
453 4973 627 5036 obsit,
658 4971 746 5040 qui
792 4971 869 5025 sic
899 4969 1112 5039 prodest
1141 4966 1293 5022 alteri
1315 5009 1329 5033 ,
1372 4975 1430 5020 ut
1473 4966 1627 5020 faciat

93 5067 239 5111 contra
262 5062 554 5116 veritatem.
595 5062 701 5114 Aut
727 5061 769 5114 si
795 5059 993 5114 veritas
1020 5057 1106 5111 illa
1136 5057 1245 5110 sola
1273 5057 1492 5111 dicenda
1522 5065 1621 5123 est,

91 5149 558 5218 qutipsasmcntes
581 5152 770 5206 intimo
792 5158 949 5220 atque
979 5148 1394 5202 incommutahi'li
1425 5148 1625 5201 lumine

89 5233 308 5307 illustrat;
339 5244 459 5300 facit
483 5250 630 5300 certe
674 5250 858 5297 contra
885 5239 1337 5310 aliquod'vcrum,
1371 5239 1492 5308 quia
1525 5240 1626 5293 etsi

89 5322 559 5406 falluutnr'corporis
589 5345 797 5398 sensus,
824 5340 1003 5386 contra
1037 5345 1222 5386 verum
1253 5338 1430 5384 tamen
1461 5329 1622 5396 facit,

91 5419 161 5485 qui
184 5419 298 5478 dicit
322 5426 516 5499 aliquid
548 5426 618 5480 ita
647 5439 796 5492 esse,
838 5423 920 5478 vel
951 5435 1056 5477 non
1104 5423 1206 5490 ita,
1248 5421 1389 5492 quod
1433 5420 1480 5475 ei
1525 5435 1627 5475 nec

140 5572 159 5661 ζ
183 5573 499 5661 dimittas-2
519 5579 570 5628 ίη
590 5576 845 5661 dilectior
858 5572 1137 5661 M‘m‘fz
1631 5613 1640 5622 η

95 5635 278 5744 m'esolzi
308 5643 447 5692 editio
481 5635 612 5703 bow,
641 5637 832 5702 placere
867 5635 1158 5698 homimbus,
1185 5646 1328 5700 quam
1349 5645 1523 5685 't'erum
1549 5635 1624 5682 di-

3184 296 3289 352 502

1715 416 1864 456 mens
1903 416 2000 456 nec
2031 415 2218 457 sensus
2247 418 2345 458 nec
2383 403 2618 472 opinatio
2646 419 2739 459 sua
2773 406 2971 462 fidesvc
3001 411 3287 467 renuntiat.

1715 494 1901 551 Utrum
1928 510 2055 564 ergo
2077 509 2182 550 non
2209 495 2309 549 sibi
2339 494 2501 562 obsit,
2531 496 2618 566 qui
2649 489 2749 551 hoc
2789 498 2947 552 modo
2976 500 3128 556 alteri
3169 518 3293 570 pro-

1713 585 1830 641 dest
1859 602 1874 652 ;
1902 601 1968 640 an
1998 585 2082 639 illa
2113 585 2548 655 compensatione
2586 602 2690 640 non
2723 587 2863 641 obsit
2889 587 3010 652 sibi,
3039 605 3140 659 qua
3169 607 3295 659 prn-

1713 675 1832 730 dest
1860 677 2031 740 alteri,
2063 691 2247 747 magna
2279 676 2501 746 qumstio
2525 684 2627 733 est.
2657 677 2712 732 Si
2734 677 2804 731 ita
2831 686 2932 744 est,
2958 694 3263 751 consequcn

1716 770 1978 823 tcr'ctiam
2026 769 2127 824 sibi
2172 769 2426 840 prodesse
2454 769 2611 826 debet
2652 785 2752 842 per
2779 771 3114 826 mendacium
3157 776 3294 840 quod

1713 860 1841 913 nulli
1869 861 2036 914 obest.
2061 859 2166 915 Sed
2189 875 2250 914 ea
2272 874 2509 915 connexa
2537 870 2680 928 sunt,
2704 869 2757 916 ct
2777 861 2893 916 istis
2913 863 3181 916 concessis
3204 880 3298 918 nc-

1713 953 1944 1007 cessario
1975 952 2254 1007 trahuntur
2283 969 2401 1023 qua:
2446 953 2670 1008 multum
2695 954 3034 1010 conturbant.
3067 955 3126 1010 Si
3155 957 3296 1009 enim

1714 1052 1982 1114 qumralur
2023 1042 2147 1114 quid
2175 1043 2312 1098 obsit
2341 1044 2540 1098 homini
2580 1044 2748 1114 copiis
2789 1045 3071 1116 superfluis
3098 1046 3298 1101 redun-

1714 1134 1879 1198 danti,
1909 1135 1953 1190 si
1979 1133 2046 1190 de
2080 1135 2373 1192 innumeris
2403 1136 2635 1192 millibus
2665 1135 3050 1193 frumentorum
3090 1141 3300 1195 amittat

1716 1241 1877 1280 unum
1905 1225 2161 1290 modium,
2189 1227 2277 1297 qui
2311 1237 2488 1282 tamen
2513 1229 2720 1284 modius
2758 1231 2930 1300 possit
2952 1230 3018 1285 ad
3047 1247 3298 1287 necessa-

1717 1317 1851 1370 rium
1881 1317 2075 1370 victum
2115 1317 2371 1388 prodesse
2401 1316 2630 1384 furenti;
2660 1335 2992 1391 consequens
3023 1325 3124 1376 erit
3155 1332 3212 1377 ut
3245 1336 3300 1380 et

1717 1408 1912 1462 furtum
1942 1409 2055 1463 sine
2085 1409 2500 1479 reprehensione
2528 1412 2641 1466 fieri
2674 1414 2862 1483 possit,
2894 1424 2947 1470 et
2974 1414 3176 1472 falsum
3220 1427 3300 1475 te-

1717 1499 2022 1554 sumonium
2049 1499 2164 1554 sine
2185 1511 2404 1570 peccato
2420 1502 2541 1558 dici.
2562 1503 2677 1571 Quo
2698 1505 2821 1575 quid
2844 1505 2947 1560 dici
2975 1514 3148 1576 potest
3172 1524 3296 1578 per-

1717 1591 1958 1646 versius?
1984 1593 2065 1646 An
2090 1607 2214 1646 vero
2241 1593 2282 1645 si
2306 1594 2440 1647 alius
2469 1592 2670 1648 furatus
2692 1604 2835 1650 esset
2865 1596 3010 1650 illum
3035 1598 3296 1666 modium,

1718 1689 1772 1736 et
1801 1689 1853 1735 tu
1879 1681 2088 1738 videres
2106 1724 2120 1748 ,
2163 1683 2621 1754 interrogatusque
2645 1698 2793 1740 esses
2815 1726 2831 1752 ,
2869 1688 3169 1744 mentireris
3199 1690 3298 1744 ho-

1719 1782 1867 1829 neste
1893 1789 1988 1843 pro
2019 1789 2269 1843 paupere,
2300 1783 2355 1829 et
2391 1777 2435 1829 si
2464 1775 2513 1830 id
2545 1792 2641 1846 pro
2668 1785 2754 1832 tua
2781 1789 3088 1848 paupertate
3116 1781 3296 1848 facias,

1718 1863 2056 1932 culpaberis?
2079 1865 2231 1933 quasi
2261 1865 2485 1933 amplius
2512 1867 2671 1921 alium
2699 1883 2856 1938 quam
2889 1878 2941 1925 te
2969 1870 3192 1942 diligere
3215 1874 3302 1929 de.

1720 1955 1865 2010 beas.
1886 1954 2182 2025 Utrumque
2203 1972 2328 2026 ergo
2358 1967 2510 2026 turpe
2529 1967 2687 2029 atque
2716 1959 2986 2015 vitandum
3017 1973 3119 2018 εει.

1790 2046 1880 2102 20.
1922 2046 2026 2102 Sed
2058 2045 2296 2102 fortassis
2321 2050 2688 2118 exceptionem
2725 2048 3022 2106 addendam
3062 2053 3180 2123 quis
3205 2069 3308 2124 pu-

1723 2146 1816 2206 tet,
1846 2146 1902 2192 ut
1925 2139 2030 2193 sint
2057 2138 2300 2210 qumdam
2329 2139 2552 2195 honesta
2585 2140 2881 2207 mendacia,
2923 2159 3042 2213 qua:
3079 2160 3184 2199 ιιοιι
3217 2161 3305 2202 so-

1721 2231 1831 2286 lum
1866 2231 1998 2285 nulli
2028 2230 2245 2298 obsunt,
2277 2230 2369 2285 sed
2397 2232 2554 2286 etiam
2585 2233 2826 2288 nonnulli
2865 2242 3108 2304 prosunt,
3142 2252 3305 2292 exec-

1723 2323 1826 2394 ptis
1855 2322 1939 2378 his
1982 2323 2173 2391 quibus
2199 2323 2421 2378 crimina
2455 2324 2792 2382 occultantur
2818 2334 2873 2381 et
2899 2325 3258 2383 defenduntur
3288 2349 3303 2385 :

1724 2425 1778 2468 ut
1799 2414 1920 2470 ideo
1944 2415 2012 2469 sit
2036 2414 2168 2470 illud
2193 2424 2344 2485 turpe
2369 2415 2725 2484 mendacium,
2748 2417 2887 2488 quod
2909 2419 3150 2488 quamvis
3173 2420 3305 2475 nulli

1721 2505 1880 2572 obsit,
1899 2512 1954 2560 et
1976 2506 2142 2574 prosit
2167 2505 2404 2575 pauperi,
2432 2505 2632 2560 furtum
2653 2515 2829 2562 tamen
2851 2509 3113 2576 occultat;
3143 2512 3185 2564 si
3209 2527 3303 2567 au-

1724 2605 1828 2652 tem
1855 2597 1924 2652 ita
1956 2597 2086 2652 nulli
2105 2598 2320 2654 obesset
2342 2605 2395 2653 ct
2416 2597 2694 2669 prodesset
2715 2599 2893 2664 alicui,
2922 2611 2978 2656 ut
3002 2602 3160 2656 etiam
3185 2604 3305 2657 nul-

1721 2688 1832 2743 lum
1881 2697 2155 2759 peccatum
2205 2689 2496 2744 occultaret
2542 2698 2700 2760 atque
2746 2688 3091 2755 defenderet,
3150 2699 3306 2762 turpe
3374 2729 3376 2732 -

1722 2795 1829 2835 non
1858 2790 2022 2837 esset.
2057 2781 2209 2836 Velut
2255 2781 2297 2837 si
2339 2781 2600 2852 quispiam
2641 2783 2920 2852 pecuniam
2962 2799 3110 2840 suam
3149 2795 3199 2841 te
3229 2788 3306 2841 vi—

1722 2871 1882 2927 dente
1908 2872 2287 2940 absconderet,
2319 2889 2385 2928 ne
2409 2889 2506 2945 per
2534 2873 2730 2929 furtum
2761 2883 2853 2930 aut
2880 2876 2986 2930 vim
3013 2879 3298 2945 amitteret,

1723 2971 1881 3032 atque
1921 2961 2047 3019 inde
2093 2963 2446 3035 interrogatus
2487 2966 2818 3034 mentireris;
2869 2982 3040 3037 neque
3083 2969 3306 3025 obesscs

1723 3054 1966 3124 cuiquam
1993 3096 2009 3123 ,
2041 3063 2095 3110 ct
2123 3054 2171 3111 ei
2212 3055 2492 3126 prodesses
2521 3057 2604 3111 cui
2647 3073 2781 3128 opus
2820 3067 2934 3114 erat
2963 3059 3091 3114 illud
3126 3062 3306 3116 occul-

1725 3152 1834 3198 tum
1857 3146 1871 3176 ¹
1895 3187 1910 3212 ,
1939 3155 1992 3199 ct
2021 3146 2219 3201 nullum
2257 3156 2528 3216 peccatum
2557 3149 2864 3205 mentiendo
2897 3151 3137 3206 texisses.
3185 3152 3302 3208 Non

1724 3237 1864 3291 enim
1892 3239 2172 3308 quisquam
2201 3249 2386 3308 peccat
2416 3241 2793 3296 abscondendo
2815 3258 2925 3297 rem
2955 3258 3300 3314 suam,quam

1727 3327 1876 3382 timet
1901 3329 2170 3383 amittere.
2193 3327 2297 3384 Sed
2326 3330 2370 3384 si
2399 3339 2673 3400 preptcrca
2711 3347 2816 3386 non
2845 3348 3128 3402 peccamus
3158 3350 3308 3389 men-

1727 3417 1926 3485 tiendo,
1952 3418 2073 3489 quia
2101 3419 2298 3474 nullius
2323 3429 2594 3490 peccatum
2628 3430 2887 3492 tegentes,
2908 3432 2962 3478 ct
2991 3425 3121 3479 nulli
3147 3426 3311 3480 obsu-

1724 3522 1860 3572 mus,
1897 3517 1950 3561 et
1973 3508 2126 3564 alicui
2149 3524 2450 3579 prosumus,
2473 3511 2599 3580 quid
2625 3513 2830 3584 agimus
2855 3513 2922 3570 de
2949 3514 3064 3585 ipso
3091 3527 3309 3586 peccatu

1726 3600 2027 3656 mendacii?
2059 3599 2158 3656 Ubi
2185 3602 2326 3657 enim
2368 3604 2594 3672 positum
2624 3613 2724 3671 est,
2761 3605 2843 3660 Ne
2871 3610 3062 3678 furtum
3091 3611 3310 3680 feceris;

1726 3692 1795 3746 ibi
1823 3692 2052 3761 positum
2083 3701 2184 3759 est,
2219 3691 2303 3746 Ne
2335 3695 2520 3766 falsum
2550 3695 2867 3750 testimonum
2891 3697 3077 3754 dixeris
3102 3700 3120 3771 (
3141 3699 3308 3755 Exod.

1725 3798 1820 3849 xx,
1855 3782 1944 3846 15,
1974 3780 2089 3854 16).
2118 3780 2253 3837 Cum
2279 3799 2407 3854 ergo
2435 3785 2636 3854 singula
2666 3786 3068 3857 prohibeantur,
3090 3805 3186 3846 cur
3212 3791 3312 3846 fal-

1725 3888 1842 3928 sum
1868 3873 2227 3928 testimonium
2257 3883 2378 3930 tunc
2411 3887 2493 3931 est
2521 3878 2804 3948 culpabile,
2836 3881 2880 3934 si
2911 3880 3106 3936 furtum
3131 3893 3265 3955 tegat
3293 3927 3308 3952 ,

1727 3965 1808 4019 vel
1831 3964 2042 4036 aliquod
2064 3965 2207 4020 aliud
2234 3977 2538 4036 peccatum;
2568 3969 2612 4022 si
2638 3978 2815 4025 autem
2837 3971 2976 4025 nulla
3000 3973 3312 4032 defensione

1727 4056 1931 4125 peccati
1982 4071 2076 4126 per
2119 4071 2178 4111 se
2223 4057 2394 4126 ipsum
2448 4060 2564 4123 liat,
2599 4075 2705 4113 non
2735 4070 2818 4115 est
2843 4062 3140 4131 culpabile.
3189 4081 3310 4120 cum

1728 4145 1899 4214 ipsum
1929 4144 2123 4198 furtum
2151 4160 2247 4215 per
2276 4161 2334 4200 se
2362 4145 2621 4215 culpabile
2645 4149 2732 4214 sit,
2764 4157 2817 4203 et
2835 4159 3025 4205 caetera
3058 4158 3312 4222 peccata?

1691 4263 1698 4272 -
1730 4231 1808 4289 A’n
1837 4235 2103 4290 occultare
2129 4245 2400 4304 peccatum
2420 4237 2440 4266 ²
2468 4251 2575 4291 ιιοιι
2600 4237 2744 4303 licet,
2776 4238 2951 4296 facere
2976 4241 3135 4297 licet?

1797 4325 1886 4379 ει.
1915 4323 2065 4393 Quod
2091 4325 2134 4379 si
2160 4325 2448 4380 absurdum
2479 4336 2562 4381 est
2581 4369 2597 4393 ,
2634 4329 2757 4399 quid
2786 4329 3059 4387 dicemus?
3099 4335 3179 4388 An
3209 4334 3312 4389 fal-

1729 4431 1843 4470 sum
1877 4415 2240 4470 testimonium
2265 4431 2368 4470 non
2395 4427 2476 4473 est
2496 4461 2511 4486 ,
2540 4420 2641 4474 nisi
2669 4435 2790 4475 cum
2815 4423 3037 4493 quisque
3068 4425 3135 4479 ita
3165 4442 3315 4481 men-

1733 4507 1889 4572 titur,
1937 4517 1996 4561 ut
2037 4516 2128 4561 aut
2166 4507 2369 4562 crimen
2413 4511 2682 4580 conlingat
2718 4512 2770 4566 in
2805 4513 3064 4583 aliquem,
3105 4525 3195 4570 aut
3219 4517 3314 4570 ali-

1731 4601 1880 4670 cujus
1920 4601 2122 4655 crimen
2156 4602 2386 4656 oceultet
2405 4643 2419 4666 ,
2451 4613 2542 4657 aut
2570 4619 2783 4675 quoquo
2812 4606 2969 4658 modo
2995 4623 3312 4678 quemquam

1733 4692 1785 4746 in
1811 4692 2012 4762 judicio
2039 4693 2284 4763 premat?
2333 4693 2555 4748 Videtur
2581 4695 2723 4749 enim
2755 4697 2906 4750 testis
2929 4697 3093 4766 judici
3123 4715 3314 4757 neces-

1732 4784 1906 4838 sarius
1932 4782 1998 4837 ad
2019 4799 2194 4838 causae
2223 4784 2603 4853 cognitionem.
2629 4783 2735 4840 Sed
2767 4785 2811 4839 si
2841 4785 3096 4843 hactenus
3123 4798 3314 4846 testem

1733 4877 2003 4947 Scriptura
2032 4876 2368 4942 nominaret,
2400 4892 2505 4930 non
2533 4876 2737 4932 diceret
2761 4877 3048 4947 Apostolus
3069 4922 3084 4948 ,
3110 4881 3328 4953 Inveni,

1732 4984 1845 5020 mur
1868 4977 1910 5021 et
1943 4967 2062 5038 falsi
2100 4975 2242 5021 testes
2266 4965 2381 5031 Dei,
2406 4967 2451 5020 si
2480 4967 2814 5022 testimonium
2837 4969 3057 5025 diximus
3077 4971 3316 5029 adversus

1733 5060 1930 5124 Deum,
1975 5058 2094 5126 quia
2128 5059 2413 5112 excitaverit
2449 5056 2732 5127 Christum,
2774 5077 2919 5130 quem
2957 5079 3057 5117 non
3087 5065 3316 5120 excitavit

1735 5151 1777 5222 (I
1801 5150 1916 5206 Cor.
1950 5167 2038 5215 xv,
2077 5149 2186 5218 15).
2216 5149 2290 5204 Ita
2309 5150 2450 5204 enim
2478 5153 2710 5206 ostendit
2737 5151 2926 5208 falsum
2953 5156 3314 5213 testimonium

1733 5257 1853 5298 esse
1889 5239 2226 5296 mendacium
2248 5283 2264 5309 ,
2305 5241 2513 5297 etiamsi
2557 5243 2608 5297 in
2639 5243 2947 5316 cujusquam
2994 5245 3124 5313 falsa
3161 5247 3317 5304 laude

1733 5333 1958 5388 dicatur.

1805 5425 2030 5482 CAPUT
2069 5425 2206 5481 XIII.
2251 5458 2322 5467 —
2371 5425 2449 5480 Αη
2487 5428 2822 5482 mentiendum
2861 5445 2923 5482 ne
2959 5429 3203 5498 prodatur
3241 5429 3319 5483 vel

1736 5518 2024 5586 homicida,
2066 5511 2143 5573 vel
2180 5519 2415 5573 innocens
2455 5520 2696 5588 quazsitus
2733 5519 2801 5572 ad
2833 5527 3061 5574 mortem.
3109 5518 3314 5575 Firmus

1801 5633 1826 5700 ξ
1851 5633 2046 5700 Quidam
2062 5639 2197 5700 Αδιεεη
2215 5633 2462 5700 occultari.
2553 5695 2564 5700 _
2585 5695 2596 5700 _
2675 5699 2680 5700 ν
2842 5691 2870 5700 Α

1807 5695 1828 5725 ³
1854 5695 1936 5744 nic
1959 5694 2074 5745 editi
2099 5701 2149 5745 et
2165 5695 2357 5760 quidam
2375 5702 2480 5746 Mss.
2507 5695 2707 5758 addunt,
2728 5693 3013 5744 mentiendo.
