3880 6284
509 289 615 348 503

507 398 771 467 cpiscopus
791 388 1163 462 Thagastensis,
1191 399 1280 439 nec
1306 384 1406 439 vult
1423 381 1639 447 mentiri,
1665 397 1753 434 nec
1777 388 1829 433 ut
1847 379 2097 432 hominem

512 488 776 561 quwsitum
802 482 983 556 prodat
1022 478 1281 534 tormentis
1309 477 1449 547 adigi
1479 483 1661 546 potest.
1708 473 1844 540 Quid
1881 488 2095 540 respon-

507 585 622 636 deat
659 580 998 647 interrogatus
1036 582 1081 627 et
1115 573 1277 627 sciens
1317 570 1403 623 ubi
1430 570 1493 624 sit
1529 568 1616 621 ille
1647 567 1732 636 qui
1773 564 1841 617 ad
1889 573 2101 617 mortem

506 670 771 743 quaeritur.
818 667 901 721 An
932 662 1068 719 forte
1092 672 1217 717 tunc
1245 659 1375 715 dicit
1406 658 1595 712 falsum
1623 652 1983 710 testimonium
2012 652 2101 721 qui

510 760 803 824 mentitur,
849 771 971 812 cum
1001 763 1091 808 aut
1130 760 1404 824 peccatum
1445 747 1670 817 alicujus
1711 745 1799 801 vel
1837 744 1987 815 lingit
2016 742 2101 798 vel

512 854 642 924 tegit
662 893 677 920 ,
726 856 819 906 aut
857 847 1013 903 alicui
1043 845 1197 900 obest
1224 856 1434 913 quoquo
1470 839 1670 895 modo?
1697 838 1754 893 Si
1779 837 1920 893 enim
1946 851 2099 890 men-

513 944 726 998 dacium
756 938 896 1012 quod
937 938 1190 992 adversus
1212 934 1373 988 vitam
1417 931 1729 1003 cujusquam
1756 928 2102 998 temporalem

510 1034 709 1090 dicitur
742 1027 1057 1086 detestabile
1090 1034 1210 1091 est;
1257 1031 1456 1094 quanto
1486 1022 1652 1092 magis
1673 1018 1817 1090 quod
1844 1017 2103 1073 adversus

513 1124 677 1178 vitam
719 1117 1016 1175 :eternam?
1062 1114 1219 1170 sicuti
1253 1122 1336 1169 est
1361 1126 1519 1168 omne
1563 1109 1933 1175 mendacium,
1974 1107 2020 1163 si
2050 1106 2103 1161 in

514 1213 754 1270 doctrina
786 1208 1061 1280 religionis
1097 1208 1208 1262 fiat.
1253 1207 1318 1261 Et
1355 1205 1476 1261 ideo
1501 1203 1691 1259 falsum
1739 1201 2101 1258 testimonium

514 1311 671 1359 vocat
707 1300 1027 1372 Apostolus,
1071 1298 1117 1353 si
1148 1298 1264 1369 quis
1288 1295 1355 1353 de
1383 1294 1597 1352 Christo
1618 1336 1634 1363 ,
1671 1293 1830 1348 etiam
1859 1291 2009 1362 quod
2035 1290 2103 1346 ad

517 1399 635 1466 ejus
657 1392 871 1448 laudem
901 1390 1108 1446 videtur
1134 1389 1404 1460 pertinere
1430 1428 1444 1453 ,
1472 1386 1780 1441 mentiatur.
1825 1382 1881 1439 Si
1925 1393 2103 1437 autem

517 1483 856 1542 mendacium
911 1482 1019 1548 sit,
1066 1480 1211 1551 quod
1254 1493 1428 1550 neque
1469 1477 1781 1547 cujusquam
1826 1485 2103 1546 peccatum

518 1585 609 1631 aut
635 1575 901 1646 conlingat
919 1584 1010 1628 aut
1032 1582 1194 1642 tegat,
1224 1585 1322 1626 nec
1345 1586 1375 1624 a
1402 1568 1572 1639 iudice
1588 1576 1880 1640 qumratur,
1905 1577 1959 1624 et
1975 1567 2105 1624 nulli

519 1665 664 1722 obsit
688 1674 742 1721 et
769 1664 938 1736 prosit
966 1663 1123 1717 alicui
1149 1678 1163 1727 ;
1214 1676 1311 1716 ncc
1336 1659 1529 1715 lhlsum
1574 1659 1937 1716 testimonium
1964 1673 2105 1726 esse,

524 1774 625 1814 nec
652 1756 1072 1829 reprehensibilc
1102 1754 1481 1811 mendacium?

595 1852 687 1907 22.
717 1851 853 1921 Quid
895 1866 1055 1923 ergo,
1097 1850 1141 1903 si
1186 1848 1252 1903 ad
1300 1846 1647 1902 christianum
1687 1845 1953 1901 homicida
1981 1860 2110 1901 con-

526 1943 713 2014 fugiat,
744 1950 834 1996 aut
862 1940 1042 1995 videat
1082 1954 1188 2009 quo
1214 1937 1487 2008 confugit;
1538 1945 1593 1992 ct
1617 1936 1685 1992 de
1711 1936 1812 1992 hac
1858 1951 1916 1992 re
1944 1936 2110 1991 inter-

526 2042 743 2104 rogetur
771 2031 837 2087 ab
857 2046 921 2086 eo
941 2030 1029 2101 qui
1055 2029 1119 2084 ad
1150 2028 1469 2098 supplicium
1494 2028 1681 2098 quaerit
1709 2026 1976 2082 hominem
2008 2027 2111 2083 ho-

529 2124 686 2180 minis
701 2121 1092 2177 interfectorem
1105 2120 1137 2173 ?â€˜
1152 2118 1514 2175 mentiendum
1531 2128 1613 2175 est
1628 2117 1951 2186 ?'Quomodo
1971 2119 2112 2175 enim

529 2230 635 2270 non
686 2214 814 2290 tegit
860 2221 1133 2284 peccatum
1183 2210 1520 2275 mentiendo,
1570 2226 1692 2266 cum
1739 2211 1826 2267 illc
1868 2226 1964 2281 pro
2006 2224 2114 2281 quo

529 2308 785 2364 mentitur
811 2349 826 2374 ,
876 2314 1150 2377 peccatum
1178 2304 1500 2359 sceleratum
1527 2302 1841 2359 admiserit?
1880 2304 1963 2358 An
1989 2303 2113 2373 quia

531 2415 636 2456 non
658 2399 726 2455 de
752 2406 972 2469 peccato
1000 2397 1118 2468 ejus
1140 2397 1496 2467 interrogatur
1517 2437 1532 2462 ,
1560 2395 1655 2451 sed
1680 2395 1747 2450 de
1777 2395 1894 2451 loco
1915 2395 2006 2450 ubi
2037 2394 2114 2449 la-

532 2491 684 2550 teat?
725 2492 867 2563 Etgo
896 2490 1109 2547 mentiri
1138 2489 1205 2544 ad
1250 2488 1531 2559 tegendum
1581 2488 1895 2559 cujusquam
1925 2502 2118 2558 pecca-

535 2592 647 2638 tum
672 2624 687 2651 ,
735 2582 933 2639 malum
961 2587 1083 2646 est;
1126 2579 1338 2635 mentiri
1366 2589 1543 2634 autem
1571 2579 1637 2634 ad
1670 2578 1950 2649 tegendum
1988 2593 2117 2649 pec-

531 2683 768 2730 catorem
794 2714 809 2740 ,
859 2688 964 2728 non
993 2680 1077 2728 est
1106 2672 1346 2728 malum?
1388 2672 1460 2726 ita
1500 2687 1631 2727 sane
1653 2713 1669 2738 ,
1707 2671 1784 2726 ait
1811 2671 2072 2743 quiSpiam
2099 2690 2114 2727 :

534 2781 642 2822 non
671 2766 812 2822 enim
849 2774 974 2819 tunc
1002 2772 1189 2835 peccat
1216 2764 1535 2835 quisquam,
1579 2778 1698 2818 cum
1726 2764 1887 2818 evitat
1914 2763 2118 2834 suppli-

532 2858 709 2923 cium;
749 2856 839 2913 sed
867 2872 987 2912 cum
1016 2856 1145 2911 facit
1172 2856 1371 2927 aliquid
1412 2855 1630 2925 dignum
1661 2856 1941 2927 supplicio.
1985 2856 2120 2912 Per-

535 2950 672 3004 tinet
705 2956 890 3004 autem
919 2947 986 3001 ad
1016 2945 1350 3017 disciplinam
1380 2946 1747 3014 Christianam,
1775 2956 1833 3002 ut
1861 2962 2034 3018 neque
2055 2947 2123 3004 de

534 3039 847 3110 cujusquam
888 3037 1221 3093 correctione
1265 3035 1615 3106 desperetur,
1663 3052 1837 3108 neque
1876 3038 2122 3108 cuiquam

536 3129 829 3201 paenitendi
854 3128 1026 3184 aditus
1067 3127 1471 3183 intercludatur.
1517 3126 1688 3195 Quid,
1720 3129 1764 3183 si
1791 3128 1857 3183 ad
1887 3128 2122 3199 judicem

536 3222 728 3278 ductus
769 3221 837 3277 de
866 3222 981 3292 ipso
1008 3221 1127 3277 loco
1155 3219 1242 3275 ubi
1266 3234 1325 3274 se
1361 3219 1449 3275 ille
1474 3219 1704 3275 occultet
1742 3219 2124 3291 interrogeris?

537 3315 778 3369 dicturus
806 3329 887 3379 es,
916 3321 1031 3379 aut,
1060 3312 1174 3368 Non
1204 3312 1275 3367 ibi
1304 3320 1406 3378 est,
1432 3312 1528 3367 ubi
1550 3327 1673 3367 eum
1699 3313 1803 3368 scis
1827 3326 1980 3378 esse;
2011 3321 2124 3379 aut,

536 3405 653 3462 Non
681 3404 801 3459 novi
830 3412 883 3459 et
904 3419 1009 3458 non
1033 3402 1162 3470 vidi,
1194 3402 1336 3474 quod
1374 3403 1514 3458 nosti
1545 3412 1599 3458 et
1623 3402 1842 3457 vidisti?
1879 3403 2125 3460 Dicturus

537 3512 667 3567 ergo
705 3510 766 3551 es
804 3494 994 3549 falsum
1036 3494 1436 3561 testimonium,
1485 3501 1541 3549 et
1579 3494 1854 3549 occisurus
1893 3494 2124 3550 animam

541 3598 685 3644 tuam
709 3627 724 3654 ,
753 3600 823 3641 ne
846 3584 1115 3641 occidatur
1145 3584 1409 3640 homicida
1431 3583 1475 3655 ?'_
1500 3586 1583 3639 An
1604 3600 1771 3656 usque
1798 3585 1864 3640 ad
1895 3601 2123 3657 conspe-

539 3688 686 3735 ctum
713 3677 904 3749 judicis
933 3677 1205 3733 mentieris
1229 3719 1244 3745 ,
1284 3676 1464 3747 judice
1503 3687 1680 3734 autem
1717 3689 1992 3749 qumrente
2012 3681 2124 3752 jam

540 3786 727 3826 verum
757 3769 938 3837 dices,
980 3785 1049 3825 ne
1088 3770 1163 3825 sis
1193 3768 1356 3826 falsus
1385 3770 1573 3825 testis?
1617 3771 1735 3841 ipse
1761 3772 1921 3843 igitur
1950 3773 2124 3829 homi-

541 3879 663 3920 nem
681 3862 985 3935 proditione
1005 3863 1278 3918 occisurus
1300 3877 1377 3917 cs.
1405 3862 1574 3917 Etiam
1590 3863 1913 3933 proditorem
1931 3866 2127 3936 quippe

541 3953 719 4009 divina
763 3952 1035 4021 Scriptura
1080 3952 1392 4008 detestatur.
1423 3953 1508 4007 An
1548 3955 1683 4009 forte
1730 3954 1971 4024 proditor
2018 3971 2123 4011 non

541 4051 657 4110 est,
689 4042 775 4113 qui
811 4041 978 4113 judici
1024 4042 1366 4113 interroganti
1392 4058 1578 4097 verum
1609 4043 1845 4109 indicat;
1868 4054 2011 4100 esset
2035 4060 2128 4100 au-

542 4143 651 4189 tem
680 4133 921 4205 proditor
942 4174 955 4200 ,
1007 4133 1052 4188 si
1094 4149 1411 4205 quemquam
1437 4133 1504 4189 ad
1530 4134 1749 4189 exitium
1780 4135 1919 4190 ultro
1945 4136 2125 4191 defer-

542 4224 666 4282 ret?
710 4223 877 4292 Quid,
928 4223 975 4279 si
1010 4224 1078 4279 de
1114 4224 1258 4295 justo
1299 4232 1459 4295 atque
1504 4225 1789 4281 innocente
1836 4227 1925 4282 ubi
1970 4227 2129 4282 lateat

542 4314 722 4370 sciens
752 4329 781 4368 a
803 4312 985 4383 judice
1013 4312 1358 4383 iuterrogeris
1378 4354 1393 4379 ,
1422 4314 1511 4383 qui
1542 4322 1720 4370 tamen
1746 4314 1815 4369 ad
1840 4324 2066 4371 mortem
2095 4330 2128 4371 a

541 4406 745 4477 majore
792 4412 1052 4476 potestate
1088 4405 1269 4474 jussus
1295 4414 1380 4460 est
1409 4406 1560 4474 rapi,
1609 4413 1668 4463 ut
1712 4407 1802 4461 ille
1846 4408 1937 4477 qui
1968 4408 2130 4463 inter-

541 4505 695 4569 rogat
718 4504 1000 4552 exsecutor
1024 4494 1094 4550 sit
1123 4494 1283 4565 legis,
1329 4510 1438 4549 non
1466 4495 1711 4550 conditor
1730 4496 1757 4549 â€™á¼¶
1778 4512 1844 4551 an
1877 4497 1997 4553 ideo
2024 4513 2128 4554 non

541 4587 647 4641 erit
662 4587 847 4644 falsum
869 4585 1231 4641 testimonium
1252 4584 1397 4654 quod
1418 4600 1513 4655 pro
1537 4585 1818 4642 innocente
1834 4589 2131 4658 mentieris,

542 4679 667 4747 quia
696 4693 796 4733 nec
825 4678 915 4733 ille
938 4676 1099 4747 judex
1128 4718 1143 4744 ,
1172 4676 1266 4732 sed
1294 4686 1577 4733 exsecutor
1602 4678 1929 4751 interrogat?
1968 4681 2126 4748 Quid,

541 4768 587 4821 si
620 4768 732 4837 ipse
761 4769 1003 4824 conditor
1043 4768 1173 4838 legis
1221 4768 1548 4840 interroget,
1594 4778 1685 4825 aut
1720 4771 1942 4841 quihbet
1964 4772 2129 4844 judex

545 4857 760 4926 iniquus
806 4857 870 4912 ad
916 4857 1232 4927 supplicium
1276 4874 1523 4929 quierens
1566 4859 1946 4917 innocentem?
2001 4862 2127 4934 quid

542 4944 751 5001 facies?
793 4946 958 5001 falsus
995 4947 1144 5002 testis
1169 4987 1184 5011 ,
1227 4964 1294 5001 an
1339 4948 1577 5019 proditor
1606 4950 1756 5005 eris?
1800 4953 1883 5005 An
1911 4952 1998 5008 ille
2026 4953 2130 5009 erit

544 5035 817 5107 proditor,
869 5038 957 5105 qui
983 5036 1130 5106 justo
1166 5037 1331 5107 judici
1358 5039 1609 5095 latentem
1638 5041 1958 5098 homicidam
1989 5044 2128 5099 ultro

542 5128 835 5194 detulerit;
885 5138 940 5183 et
968 5128 1057 5183 ille
1100 5144 1207 5183 non
1234 5129 1356 5194 erit,
1401 5131 1491 5201 qui
1516 5132 1683 5201 judici
1708 5134 1903 5204 injusto
1932 5134 2019 5190 ubi
2046 5137 2128 5190 Ia-

543 5230 658 5279 teat
699 5223 956 5277 innocens
1000 5236 1156 5291 quem
1205 5222 1396 5291 quaerit
1446 5224 1729 5292 occidere,
1780 5225 2129 5297 interroganti

542 5312 863 5371 indicaverit
909 5327 1031 5368 eum
1079 5312 1168 5383 qui
1216 5328 1276 5367 se
1321 5313 1444 5370 lidei
1470 5315 1584 5384 ejus
1621 5316 2001 5371 commiserat?
2046 5317 2129 5373 An

544 5407 688 5462 inter
712 5405 914 5462 crimen
944 5403 1061 5458 falsi
1088 5404 1380 5459 testimonii
1406 5414 1458 5460 et
1486 5405 1801 5475 proditionis
1824 5406 2017 5461 dubius
2042 5406 2128 5462 in-

544 5505 827 5567 certusque
851 5495 1192 5551 remanebis?
1235 5498 1316 5550 An
1348 5497 1569 5551 tacendo
1593 5538 1607 5563 ,
1637 5499 1721 5555 vel
1757 5498 2055 5568 proï¬tendo
2078 5509 2129 5557 te

545 5606 651 5645 non
699 5602 819 5644 esse
858 5589 1121 5645 dicturum
1149 5631 1162 5655 ,
1211 5597 1390 5643 certus
1433 5597 1712 5661 utrumque
1751 5592 1977 5647 vitabis?
2022 5594 2129 5650 Cur

545 5694 674 5752 ergo
698 5695 803 5736 non
831 5679 928 5735 hoc
972 5680 1163 5749 facias,
1208 5680 1516 5751 priusquam
1552 5682 1617 5739 ad
1657 5682 1889 5754 judiccm
1921 5688 2123 5759 venias,

1665 268 1753 325 or:
1794 262 2163 333 neumcro,
2191 263 2248 319 s.
2291 262 2663 321 AUGUSTINI
3678 274 3759 332 50,

2208 386 2267 432 ut
2290 390 2479 433 caveas
2498 378 2657 433 etiam
2676 377 3052 433 mendaciumâ€œ!
3078 377 3298 433 Evitato
3328 376 3474 433 enim
3503 384 3759 456 mendacio,

2207 482 2366 523 omne
2392 468 2750 524 testimonium
2781 468 2969 523 falsum
2995 468 3252 540 effugies;
3301 470 3422 526 sive
3454 486 3607 530 omne
3642 492 3761 534 men-

2208 547 2415 615 dacium
2442 561 2510 615 sit
2534 559 2726 615 falsum
2743 558 3135 629 testimonium,
3166 562 3289 618 sive
3318 578 3430 617 non
3458 579 3612 621 omne
3638 584 3651 620 :
3675 575 3762 626 evi-

2211 660 2320 708 tato
2365 660 2545 707 autem
2589 651 2724 706 falso
2766 653 3071 708 testimonio
3104 654 3251 724 quod
3292 663 3350 708 tu
3378 668 3502 711 esse
3540 655 3761 730 intelligis,

2211 760 2318 800 non
2347 744 2569 815 ell'irgies
2597 760 2757 801 omne
2795 746 3153 801 mendacium.
3184 746 3415 815 Quanto
3447 764 3571 820 ergo
3594 749 3763 821 ionius,

2210 845 2408 907 quanto
2435 838 2781 895 excellentius
2804 839 2950 895 dices
2978 857 2991 894 :
3019 839 3127 895 Nec
3143 840 3402 910 prodam,
3427 856 3526 897 nec
3548 846 3765 901 mentiar?

2279 928 2371 985 25.
2424 928 2575 985 Fecit
2620 930 2724 987 hoc
2748 930 3031 1001 episcopus
3055 931 3336 1001 quondam
3392 931 3764 1003 Tbagastensis'

2213 1020 2497 1087 Ecclesim,
2535 1020 2745 1077 Firmus
2797 1022 3041 1087 nomine,
3082 1023 3292 1076 lirmior
3348 1020 3638 1078 voluntate.
3660 1024 3761 1083 Nam

2211 1125 2331 1165 cum
2359 1109 2427 1165 ab
2455 1124 2521 1165 eo
2561 1118 2891 1181 quaereretur
2939 1109 3100 1165 homo
3129 1110 3292 1181 jussu
3335 1111 3667 1180 Imperatoris
3697 1130 3767 1185 per

2212 1203 2549 1273 apparitores
2572 1202 2639 1257 ab
2677 1218 2743 1258 eo
2767 1204 2961 1259 missos
2981 1243 3005 1269 ,,
3038 1219 3197 1274 quem
3222 1202 3308 1258 ad.
3324 1218 3389 1259 se
3418 1203 3764 1276 confugientes:

2213 1294 2488 1364 diligentia
2507 1302 2703 1365 quanta
2733 1303 2943 1364 poterat
2969 1293 3281 1350 occultabat
3305 1312 3322 1361 ;
3361 1297 3635 1365 respondit
3654 1313 3766 1367 que

2214 1383 2455 1440 rentibus
2496 1394 2595 1440 n'cc
2622 1384 2832 1438 mentiri
2878 1399 2937 1439 se
2975 1398 3134 1455 posse
3158 1424 3173 1449 ,
3213 1398 3325 1439 nec
3370 1384 3635 1440 hominem
3675 1402 3767 1456 pro-

2214 1475 2372 1543 dere,
2415 1490 2709 1546 passusque
2746 1487 2854 1530 tam
2892 1477 3057 1531 multa
3083 1484 3359 1531 tormenta
3384 1478 3624 1546 corporis
3647 1478 3765 1550 (non-

2215 1568 2341 1623 dum
2364 1567 2506 1623 enim
2543 1577 2695 1622 erant
2736 1567 3090 1638 imperatores
3126 1564 3482 1637 christiani),
3527 1572 3766 1637 permansit

2217 1662 2270 1718 in
2299 1663 2581 1719 sententia.
2631 1662 2831 1718 Deinde
2861 1661 2927 1716 ad
2969 1662 3363 1733 Imperatorem
3389 1661 3578 1716 ductus
3597 1704 3610 1728 ,
3636 1678 3765 1731 usque

2217 1756 2351 1812 adeo
2377 1755 2637 1811 mirabilis
2676 1756 2939 1826 apparuit,
2969 1762 3030 1810 ut
3064 1755 3179 1825 ipse
3204 1753 3419 1808 homini
3448 1768 3601 1823 quem
3623 1768 3767 1808 serva-

2217 1846 2347 1914 bat,
2397 1846 2778 1916 indulgentiam
2816 1845 2935 1900 sine
2982 1845 3089 1899 ulla
3128 1842 3455 1900 difï¬cultate
3481 1845 3761 1913 impetraret.

2217 1939 2355 2009 Quid
2385 1940 2486 1994 hoc
2510 1938 2624 1994 fieri
2658 1946 2837 2010 potest
2885 1935 3084 1992 fortius.
3108 1945 3273 2007 atque
3302 1937 3664 1992 constantius?
3687 1937 3765 1993 Sed

2218 2032 2294 2085 ait
2323 2032 2600 2101 quisquam
2624 2030 2857 2085 timidior
2889 2048 2904 2085 :
2936 2030 3157 2085 Paratus
3177 2044 3304 2086 esse
3330 2044 3545 2101 possum
3570 2030 3630 2085 ad
3652 2047 3759 2101 qua:-
3828 2036 3829 2041 â€˜

2219 2122 2349 2177 libet
2376 2120 2592 2177 ferenda
2617 2130 2898 2188 tormenta,
2929 2121 3191 2176 vcl'etiam
3219 2130 3460 2175 mortem
3484 2120 3755 2185 obeundam,

2221 2229 2290 2269 ne
2331 2228 2547 2284 peccem
2579 2231 2592 2267 :
2624 2228 2746 2268 cum
2789 2222 2968 2268 autem
2997 2222 3276 2283 peccatum
3308 2228 3423 2267 non
3456 2212 3525 2267 sit
3551 2213 3615 2266 ita
3644 2228 3758 2268 meu-
3828 2246 3829 2249 Î·

2223 2306 2344 2371 tiri,
2380 2314 2437 2360 ut
2461 2320 2633 2376 neque
2661 2306 2909 2375 cuiquam
2933 2303 3079 2359 obsis
3102 2345 3119 2372 ,
3160 2319 3342 2374 neque
3362 2304 3550 2358 falsum
3571 2303 3761 2358 testimo-
3828 2324 3829 2327 Î·

2222 2396 2373 2452 nium
2398 2396 2565 2463 dicas,
2597 2405 2652 2452 et
2696 2396 2869 2466 prosis
2911 2395 3110 2461 alicui;
3160 2395 3391 2450 stultum
3438 2402 3521 2450 est
3554 2403 3603 2447 et
3635 2408 3757 2463 grave
3828 2395 3829 2466 1

2224 2496 2535 2559 peccatum,
2578 2487 2874 2542 voluntaria
2916 2485 3111 2541 frustra
3142 2487 3416 2542 sustinere
3441 2494 3692 2549 lamenta,
3721 2493 3758 2539 et
3828 2496 3829 2559 Î¾

2225 2581 2464 2639 fortassis
2494 2582 2678 2638 utilem
2706 2583 2932 2637 salutem
2962 2596 3025 2637 ac
3054 2582 3215 2636 vitam
3254 2582 3523 2636 incassum
3550 2578 3757 2635 saeviemi-
3828 2578 3829 2645 á¾–

2225 2676 2325 2732 bus
2344 2675 2623 2746 projicere.
2654 2678 2697 2729 Î‘
2722 2690 2827 2745 quo
2851 2689 3034 2745 quaero
3050 2689 3144 2729 cur
3170 2675 3361 2729 timeat
3387 2672 3531 2743 quod
3554 2672 3753 2741 scriptum

2225 2776 2332 2834 est,
2350 2766 2569 2821 Falsum
2602 2765 2936 2821 testimonium
2981 2781 3083 2819 non
3121 2765 3259 2820 dices
3296 2762 3493 2834 (Exod.
3529 2777 3628 2827 xx,
3656 2758 3748 2830 l6);

2226 2868 2284 2917 et
2305 2873 2410 2914 non
2435 2858 2619 2913 timeat
2640 2857 2781 2927 quod
2804 2857 2913 2912 Deo
2938 2856 3141 2911 dictum
3164 2864 3250 2911 est
3274 2896 3290 2921 ,
3326 2853 3517 2909 Perdes
3534 2866 3676 2905 omne:
3695 2849 3753 2919 qui

2228 2949 2505 3019 loquuntur
2527 2947 2842 3002 mendacium
2867 2946 3039 3017 (Psal.
3068 2962 3102 3003 v
3122 2987 3139 3014 ,
3167 2944 3261 3019 7)?
3303 2943 3422 3001 Non
3440 2985 3456 3012 ,
3489 2942 3639 3012 inquit
3658 2939 3748 2996 seri

2228 3050 2376 3112 ptum
2406 3047 2523 3105 est,
2555 3039 2726 3094 Omne
2753 3039 3086 3095 mendacium
3113 3056 3127 3093 :
3159 3038 3259 3094 sed
3290 3038 3363 3092 ita
3394 3034 3634 3104 intelligo,
3652 3046 3700 3087 ac
3719 3030 3751 3086 si

2228 3134 2299 3189 sit
2324 3133 2581 3202 scriptum
2611 3175 2627 3199 ,
2658 3130 2855 3187 Perch
2880 3145 3067 3186 omnes
3087 3130 3177 3201 qui
3208 3131 3500 3201 loquuntur
3520 3126 3680 3182 falsum
3699 3131 3752 3177 te-

2230 3226 2558 3281 stimonium.
2585 3225 2655 3279 At
2683 3237 2781 3278 nec
2821 3222 2889 3277 ibi
2926 3221 3125 3277 dictum
3152 3229 3271 3289 est,
3318 3219 3487 3275 Omne
3508 3217 3672 3271 falsum
3692 3220 3750 3267 te-

2229 3315 2562 3371 slimonium.
2611 3313 2716 3370 Sed
2748 3314 2817 3368 ibi
2845 3314 3070 3383 positum
3097 3322 3180 3368 est
3203 3353 3219 3381 ,
3263 3311 3465 3382 inquit,
3505 3308 3585 3363 ubi
3608 3314 3749 3361 caetera

2229 3422 2349 3478 qua:
2377 3406 2531 3461 omni.
2568 3405 2725 3461 modo
2753 3404 2890 3460 mala
2928 3413 3071 3459 sunt.
3120 3402 3393 3473 Numquid
3424 3410 3477 3456 et
3512 3397 3623 3457 illud
3646 3392 3747 3466 quod

2230 3500 2303 3556 ibi
2328 3508 2440 3565 est,
2473 3497 2594 3553 Non
2634 3497 2828 3552 occides
2858 3495 3059 3568 (Exod.
3080 3511 3180 3561 xx,
3215 3495 3351 3564 l3)!
3399 3491 3543 3561 Quod
3575 3490 3612 3545 si
3643 3484 3747 3542 omni

2231 3590 2392 3646 modo
2420 3590 2615 3644 malum
2642 3596 2763 3655 est,
2804 3587 3070 3658 quomodo
3112 3587 3179 3642 ab
3211 3586 3315 3641 hoc
3342 3584 3555 3642 crimine
3582 3590 3748 3636 excusa-

2230 3682 2429 3755 bunth
2466 3680 2631 3751 justi,
2680 3680 2769 3749 qui
2807 3688 2925 3748 post
2965 3678 3135 3749 legem
3169 3677 3353 3733 datam
3392 3666 3747 3755 multos

2230 3772 2398 3830 runt?
2441 3772 2548 3828 Sed
2594 3768 2945 3841 respondetur
2985 3768 3133 3840 quod
3168 3783 3276 3823 non
3316 3768 3439 3840 ipse
3461 3754 3745 3825 occidat,qui

2227 3865 2357 3937 justi
2397 3863 2625 3933 alicujus
2652 3861 2903 3932 praecepti
2944 3860 3188 3915 minister
3214 3868 3319 3915 est.
3373 3858 3561 3913 Horum
3586 3863 3686 3919 ergo
3701 3845 3745 3899 li-

2231 3972 2438 4013 morem
2459 3956 2536 4011 sic
2560 3954 2783 4024 accipio,
2809 3961 2870 4007 ut
2895 3960 3073 4007 tamen
3096 3952 3242 4006 illum
3271 3947 3573 4005 laudabilem
3599 3940 3740 4000 virum.

2231 4048 2321 4119 qui
2368 4061 2468 4103 nec
2506 4044 2719 4101 mentiri
2762 4043 2926 4099 voluit
2948 4083 2963 4108 ,
3009 4058 3109 4100 nec
3147 4042 3417 4097 hominem
3443 4034 3670 4107 prodere,
3704 4034 3741 4080 ÎµÎ¹

2232 4140 2423 4198 melius
2456 4139 2687 4195 arbitrer
2719 4136 3046 4191 intellexisse
3067 4135 3208 4206 quod
3235 4134 3483 4203 scriptum
3508 4134 3605 4192 est,
3627 4130 3670 4176 et
3688 4120 3741 4173 i0-

2233 4230 2503 4286 tellectum
2531 4228 2737 4284 fortiter
2766 4226 3090 4296 implevisse.

2303 4321 2391 4376 24.
2420 4320 2525 4377 Sed
2550 4319 2759 4375 venitur
2778 4316 3065 4387 aliquando
3087 4316 3153 4371 ad
3186 4311 3477 4387 hujusmodi
3495 4302 3734 4363 articulum.

2234 4420 2292 4467 ut
2317 4426 2426 4467 non
2456 4411 2847 4480 interrogemur
2875 4407 2962 4462 ubi
2993 4406 3062 4461 sit
3090 4407 3179 4462 ille
3215 4406 3307 4478 qni
3331 4401 3594 4475 quaeritur,
3616 4400 3740 4457 Î·ÎµÎ±Î¿Îµ

2234 4517 2486 4572 cogamur
2513 4509 2574 4555 ut
2596 4514 2717 4555 eum
2754 4497 3038 4568 prodamus
3062 4539 3078 4565 ,
3123 4498 3166 4552 si
3198 4498 3275 4553 sic
3294 4494 3563 4552 occultatus
3584 4491 3650 4540 est
3665 4520 3678 4545 .
3701 4482 3737 4529 Î¹Î·

2234 4591 2467 4649 inveniri
2505 4591 2659 4646 facile
2702 4590 2804 4645 nisi
2856 4589 3096 4659 proditus
3134 4597 3364 4660 nequeat
3394 4604 3408 4641 :
3437 4581 3523 4639 sed
3545 4572 3737 4649 (Î¹Ï…Ï‰á¿“á½·Î¹Ï…Ï„

2234 4697 2264 4736 a
2290 4681 2444 4737 nobis
2473 4689 2650 4736 utrum
2694 4680 2785 4734 illo
2830 4679 2949 4734 loco
2982 4679 3079 4746 sit,
3126 4694 3192 4734 an
3233 4694 3337 4734 non
3360 4676 3445 4732 sit.
3484 4668 3570 4726 Ubi
3590 4664 3627 4719 si
3647 4670 3730 4759 cuin

2235 4790 2357 4832 esse
2393 4775 2592 4830 scimus
2613 4814 2628 4839 ,
2674 4772 2901 4829 tacendo
2928 4787 3050 4827 eum
3094 4771 3398 4843 prodimus;
3435 4764 3511 4820 vel
3532 4749 3734 4853 elisit-1dr

2234 4866 2415 4923 cendo
2457 4880 2787 4937 nequaquam
2825 4879 2924 4920 nos
2950 4878 3071 4920 esse
3096 4863 3332 4920 dicturos
3358 4902 3379 4929 ,
3413 4867 3565 4915 utrum

2235 4973 2301 5012 an
2330 4973 2434 5012 non
2463 4930 2577 5011 sit-z
2609 4930 2677 5011 ei:
2704 4955 2805 5011 hoc
2828 4954 2973 5011 enim
3004 4955 3203 5026 colligit
3236 4955 3324 5010 ille
3350 4950 3435 5023 qui
3470 4940 3651 5017 quierit,

2235 5062 2357 5104 eum
2396 5062 2515 5103 esse
2538 5088 2558 5113 ,
2600 5046 2687 5101 ubi
2727 5046 2774 5101 si
2818 5062 2925 5101 non
2967 5054 3147 5115 esset,
3198 5047 3327 5101 nihil
3360 5037 3488 5098 aliud
3518 5034 3575 5089 ab
3595 5036 3721 5091 Î¸Î¿Î±Ï…Î¹

2235 5137 2448 5195 mentiri
2474 5138 2677 5204 nollet,
2709 5152 2809 5193 nec
2836 5137 3104 5193 hominem
3131 5138 3353 5207 prodere
3374 5176 3391 5203 ,
3423 5128 3514 5187 nisi
3537 5134 3631 5180 eum
3648 5123 3720 5210 Î·Î¿Î¾Î¹

2236 5230 2307 5284 ibi
2330 5244 2448 5284 esse
2473 5228 2908 5299 responderetur.
2956 5229 3030 5284 Ita
3056 5245 3153 5299 per
3177 5239 3401 5285 nostram
3424 5220 3497 5276 vel
3518 5211 3717 5296 tacitum:

2238 5329 2398 5376 tatem
2437 5320 2527 5375 vel
2571 5318 2693 5373 talia
2738 5318 2907 5373 verba
2947 5319 3107 5375 homo
3135 5319 3401 5389 proditur,
3427 5318 3479 5366 ut
3512 5301 3714 5389 intrelquf

2237 5411 2448 5482 qumrit,
2469 5410 2514 5465 si
2562 5417 2880 5480 potestatem
2926 5388 3219 5477 habet,iet
3258 5404 3469 5465 inveniat
3501 5388 3711 5482 cumuli}

2241 5468 2413 5557 tamen
2458 5500 2526 5554 ab
2571 5499 2688 5569 ejus
2736 5498 3042 5554 inventione
3087 5499 3359 5555 mendacio
3396 5497 3548 5547 nostro
3582 5468 3706 5544 1Â³â°âµâµâ°â¸

2304 5638 2318 5668 á½·
2358 5644 2404 5684 Î¹Î¹Î¹
2429 5636 2585 5684 veteri
2605 5634 2916 5703 Qermancnsi
2939 5636 3134 5696 codice,
3166 5629 3459 5697 rhagaseiuis.
3495 5631 3531 5669 in
3566 5608 3700 5658 ÏƒÎ¹Î¹Î·Î¹ÎµÎ¹Î‡

2242 5702 2358 5763 tino,
2382 5702 2666 5762 Tegasensts.
