3880 6284
82 351 159 410 505

79 462 224 519 averti.
266 457 580 526 Quapropter
603 453 648 509 si
672 452 847 509 nescis
885 452 972 508 ubi
1001 451 1105 517 sit,
1138 450 1284 506 nulla
1310 458 1396 506 est
1425 463 1584 505 causa

77 549 346 613 nominanda:
387 547 656 614 veritatis,
694 545 788 601 sed
836 553 890 601 te
921 544 1135 600 nescire
1171 541 1444 597 fatendum
1483 548 1585 595 est.

76 650 118 704 Si
138 656 280 701 autem
306 640 404 696 scis
430 639 518 695 ubi
544 639 645 706 sit,
691 641 803 693 sive
841 636 918 693 ibi
944 637 1012 691 sit
1048 635 1135 690 ubi
1162 634 1450 705 quaeritur,
1475 632 1589 688 sive

76 737 200 802 alibi;
221 748 313 789 non
337 739 415 786 est
438 729 741 795 dicendum,
768 743 889 783 cum
916 726 1197 797 quaesitum
1224 723 1381 779 fuerit
1412 731 1589 777 utrum

75 830 125 883 ibi
158 826 241 887 sit,
278 839 338 877 an
362 836 465 875 non
493 820 599 887 sit,
625 819 742 875 Non
779 819 898 874 dico
925 816 1067 888 quod
1111 817 1307 887 quaeris
1338 834 1354 871 :
1384 814 1481 871 sed
1504 814 1588 870 di~

74 915 245 975 cendum
264 954 279 979 ,
303 912 415 968 Scio
442 910 529 966 ubi
555 911 644 978 sit,
670 909 765 965 sed
802 923 1071 979 nunquam
1100 906 1428 962 monstrabo.
1458 905 1591 960 Nam

74 1008 104 1062 si
125 1006 280 1060 denuo
316 1002 428 1056 loco
466 1015 574 1055 non
612 999 938 1070 respondeas
962 1040 977 1065 ,
1007 1008 1062 1054 et
1091 1007 1143 1053 te
1186 1012 1292 1051 non
1323 1012 1443 1052 esse
1470 1012 1592 1067 pro-

74 1098 247 1152 diturum
273 1092 505 1158 fatearis;
554 1092 655 1147 tale
684 1099 769 1147 est
794 1104 858 1145 ac
882 1093 925 1144 si
953 1088 1201 1145 eumdem
1226 1088 1401 1144 locum
1426 1087 1592 1158 digito

75 1186 298 1243 ostendas:
326 1193 568 1238 movetur
608 1181 751 1238 enim
803 1189 949 1236 certa
1002 1179 1254 1249 suspicio.
1310 1178 1367 1233 Si
1412 1186 1595 1232 autem

78 1281 203 1351 primo
222 1276 420 1333 fatearis
445 1283 499 1330 te
525 1275 666 1331 scire
685 1273 773 1328 ubi
802 1274 891 1338 sit,
916 1271 1010 1327 sed
1038 1286 1143 1326 non
1175 1270 1389 1337 dicere;
1420 1277 1595 1339 potest

75 1374 243 1427 fortasse
258 1369 318 1423 ab
343 1368 433 1422 illo
468 1368 589 1422 loco
618 1364 900 1435 inquisitor
924 1364 1095 1419 averti
1120 1405 1135 1430 ,
1168 1371 1223 1418 et
1252 1363 1343 1417 tibi
1367 1362 1476 1432 jam
1507 1362 1590 1416 in-

76 1463 281 1527 cumbere,
306 1468 357 1513 ut
376 1458 464 1512 ubi
488 1466 576 1512 est
602 1472 634 1511 a
662 1466 714 1512 te
742 1454 1018 1526 prodatur.
1047 1454 1154 1510 Pro
1175 1469 1277 1524 qua
1302 1453 1406 1508 lide
1433 1461 1591 1521 atque

78 1553 328 1607 humanitate
350 1547 609 1620 quidquid
639 1547 849 1603 fortiter
880 1545 1067 1601 tuleris
1092 1585 1108 1611 ,
1141 1558 1247 1598 non
1274 1543 1450 1598 solum
1481 1555 1588 1595 non

73 1641 301 1711 culpabile,
346 1638 439 1694 sed
489 1638 654 1693 etiam
696 1635 961 1690 laudabile
994 1634 1264 1704 judicatur
1303 1652 1317 1688 :
1352 1633 1591 1703 exceptis

71 1734 261 1787 duntaxat
303 1731 380 1786 liis
406 1745 526 1800 qua:
561 1730 608 1784 si
652 1743 841 1799 passus
864 1728 1021 1783 fuerit
1053 1726 1216 1781 homo
1239 1766 1254 1789 ,
1300 1740 1408 1781 non
1436 1724 1589 1780 forti-

71 1835 156 1889 ter,
185 1822 264 1877 sed
305 1821 568 1891 impudice
597 1834 662 1875 ac
699 1820 924 1889 turpiter
952 1818 1060 1889 pati
1104 1817 1315 1872 dicitur.
1367 1816 1479 1870 Hoc
1508 1824 1591 1871 est

70 1918 172 1971 enim
194 1915 415 1969 ultimum
452 1912 837 1978 mendacium,
884 1909 951 1965 de
988 1924 1095 1980 quo
1138 1908 1444 1980 diligentius
1484 1916 1592 1961 tra-

70 2004 260 2060 ctandum
283 2016 383 2059 est.

116 2096 298 2153 CAPUT
319 2095 451 2151 XIV.
472 2125 546 2136 â€”
564 2096 658 2152 25.
675 2095 1061 2150 Mendaciorum
1087 2103 1199 2149 octo
1215 2110 1421 2165 genera.
1453 2092 1588 2148 Nam

70 2188 239 2255 primum
262 2186 424 2242 estad
453 2187 765 2243 evitandum
796 2186 1021 2257 capitale
1049 2187 1384 2241 mendacitun
1408 2186 1589 2256 longe-

68 2295 139 2347 que
171 2277 480 2348 fugiendum,
525 2279 675 2350 quod
711 2278 863 2336 lit.in
901 2279 1144 2335 doctrina
1183 2278 1454 2349 religionis
1483 2278 1591 2333 :ad

67 2369 171 2438 quod
200 2354 514 2425 mendacium
554 2370 702 2425 nulla
742 2370 1053 2425 conditione
1096 2371 1381 2440 quisquam
1430 2369 1590 2425 debet

69 2460 225 2515 adduci.
256 2461 551 2519 Secundum
589 2470 767 2517 autem
788 2501 808 2529 ,
833 2471 894 2516 ut
912 2462 1145 2532 aliquem
1176 2461 1331 2515 laedat
1354 2461 1584 2531 injuste:

69 2554 167 2620 quod
190 2554 279 2609 tale
300 2563 398 2622 est,
427 2563 485 2609 ut
508 2564 566 2611 et
591 2554 721 2610 nulli
749 2555 955 2625 prosit,
994 2562 1052 2609 et
1077 2554 1219 2610 obsit
1237 2554 1416 2609 alicui.
1450 2553 1587 2609 Ter-

69 2648 189 2714 tium,
218 2648 345 2717 quod
370 2647 439 2702 ita
471 2647 695 2718 prodest
715 2647 903 2712 alteri,
933 2655 991 2700 ut
1015 2646 1159 2702 obsit
1179 2646 1335 2701 alteri
1360 2686 1381 2710 ,
1403 2661 1591 2716 quam-

70 2738 124 2791 vis
141 2754 226 2793 non
242 2740 304 2795 ad
329 2740 717 2796 immunditiam
748 2739 890 2795 obsit
912 2739 1267 2809 corporalem.
1307 2738 1584 2806 Quartum,

71 2830 167 2897 quod
188 2831 237 2885 lit
270 2832 373 2888 sola
418 2832 718 2888 mentiendi
764 2831 1088 2901 fallendique
1131 2830 1349 2887 libidine
1378 2872 1393 2898 ,
1445 2829 1588 2900 quod

69 2936 218 2976 merum
243 2925 566 2980 mendacium
611 2933 712 2980 est.
758 2924 1013 2993 Quintum
1037 2966 1051 2989 ,
1084 2923 1225 2993 quod
1253 2922 1311 2977 fit
1343 2922 1587 2992 placendi

71 3013 293 3083 cupiditate
326 3015 388 3072 de
424 3016 787 3086 suaviloquio.
832 3014 927 3069 llis
955 3014 1205 3070 omnibus
1227 3014 1441 3084 penitus
1468 3013 1588 3069 evi-

73 3105 155 3160 tatis
171 3114 306 3176 atque
336 3107 547 3178 rejectis
573 3147 598 3173 ,
636 3107 876 3177 sequitur
901 3114 1109 3161 sextum
1134 3119 1303 3175 genus
1325 3147 1341 3172 ,
1367 3104 1509 3175 quod
1534 3112 1590 3160 et

72 3195 161 3249 nulli
181 3197 341 3264 obest,
379 3208 433 3253 et
454 3197 681 3268 prodest
714 3197 875 3255 alicui
904 3214 918 3249 :
951 3196 1097 3250 velut
1123 3195 1169 3249 si
1195 3195 1456 3265 quispiam
1487 3210 1586 3265 pe-

71 3288 222 3342 cuniam
262 3289 473 3359 alicujus
517 3288 717 3358 injuste
765 3288 1051 3343 tollendam
1079 3329 1096 3354 ,
1147 3288 1325 3342 sciens
1368 3287 1456 3342 ubi
1493 3286 1583 3354 sit,

72 3377 225 3434 nescire
243 3394 297 3436 se
322 3380 611 3437 mentiatur
634 3395 970 3450 quocumque
997 3380 1376 3449 interrogante.
1406 3379 1585 3448 Septi-

72 3483 190 3535 mum,
221 3472 349 3541 quod
367 3483 419 3528 et
446 3472 585 3527 nulli
605 3471 787 3538 obest,
812 3480 870 3526 et
890 3472 1107 3541 prodest
1130 3471 1286 3526 alicui
1318 3489 1331 3524 :
1359 3479 1587 3540 excepto

71 3558 101 3612 si
130 3558 261 3629 judex
315 3562 608 3633 interrogat
641 3579 654 3615 :
686 3562 831 3616 velut
875 3561 920 3616 si
968 3562 1155 3616 nolens
1200 3561 1471 3616 hominem
1515 3560 1580 3615 ad

73 3653 519 3720 mortemqutesitum
566 3650 831 3722 prodere,
880 3651 1211 3715 mentiatur;
1257 3667 1362 3705 non
1409 3652 1580 3706 solum

70 3733 211 3802 justum
247 3750 391 3813 atque
416 3743 758 3798 innocentem
784 3784 799 3809 ,
831 3741 925 3797 sed
963 3750 1017 3797 et
1059 3757 1209 3797 reum
1238 3759 1254 3807 ;
1286 3743 1409 3812 quia
1437 3743 1575 3797 chri-

73 3828 206 3885 stiante
227 3833 496 3904 disciplima
524 3836 633 3902 sit,
681 3844 742 3890 ut
787 3850 960 3905 neque
994 3835 1063 3890 de
1104 3837 1415 3906 cujusquam
1456 3852 1580 3891 cor-

73 3921 245 3978 rectione
265 3924 602 3996 desperetur,
649 3942 823 3995 neque
858 3928 1105 3996 cuiquam
1145 3928 1436 3995 paenitendi
1482 3927 1576 3983 ad-

72 4005 145 4062 itus
164 4010 549 4071 intercludaturâ€˜.
584 4015 659 4072 De
679 4017 872 4086 quibus
901 4016 1106 4071 duobus
1128 4017 1435 4087 generibus,
1459 4034 1577 4088 qua:

72 4098 197 4156 solent
215 4103 387 4163 habere
410 4123 658 4179 magnam
702 4107 1157 4172 controversiam,
1206 4110 1336 4164 satis
1380 4118 1579 4166 tracta-

73 4188 220 4259 timus,
253 4198 437 4268 etquid
464 4198 623 4253 nobis
648 4198 886 4267 placeret
922 4197 1255 4253 ostendimus
1282 4217 1295 4253 :
1326 4209 1381 4253 ut
1411 4202 1577 4256 susei-

76 4277 227 4344 piendis
266 4287 779 4343 incommoditatibus
801 4329 817 4354 ,
856 4303 976 4357 quae
1018 4287 1242 4343 honeste
1270 4304 1333 4344 ac
1370 4289 1578 4347 fortiter

76 4368 329 4441 tolerantur,
356 4377 467 4433 ltzee
486 4394 705 4449 quoque
732 4394 931 4449 genera
955 4378 1261 4435 devitentur
1289 4396 1317 4434 a
1349 4381 1576 4437 fortibus

75 4467 111 4512 et
138 4462 339 4523 fidelibus
379 4480 431 4525 et
468 4470 749 4526 veracibus
778 4471 911 4525 viris
936 4486 999 4526 ac
1038 4470 1267 4526 feminis.
1315 4470 1572 4527 Octavum

77 4559 281 4622 cstgenus
304 4560 590 4628 mendacii,
623 4560 765 4631 quod
806 4571 860 4617 et
901 4562 1033 4617 nulli
1066 4562 1258 4629 obest,
1292 4571 1346 4619 et
1378 4564 1445 4618 ad
1475 4564 1577 4621 hoc

78 4642 251 4710 ÏÏ‰á½±ÎµÎ´Î¹,
275 4658 325 4703 Î¹Î¹Î¹
346 4651 409 4705 ab
436 4652 769 4707 immunditia
795 4653 1060 4722 corporali
1081 4655 1310 4723 aliquem
1343 4662 1572 4723 tueatur,

79 4729 265 4792 duntaxat
288 4755 342 4795 ea
367 4757 518 4812 quam
565 4743 809 4814 superius
844 4748 1397 4801 commemoravimus.
1440 4747 1573 4803 Nam

79 4822 190 4879 etiam
219 4844 308 4885 non
347 4832 465 4889 lotis
493 4835 737 4890 manibus
777 4834 1097 4891 manducare
1120 4877 1135 4903 ,
1186 4837 1571 4894 immunditiam

81 4917 268 4977 Putabant
300 4923 454 4979 Judaei
492 4926 700 4995 (Matth.
732 4941 801 4980 xv
826 4968 841 4994 ,
872 4926 942 4994 2,
971 4926 1084 4997 20).
1129 4927 1235 4982 Aut
1271 4928 1315 4983 si
1346 4936 1400 4985 et
1436 4928 1574 4986 hanc

81 5003 283 5074 quisqmm
306 5012 675 5071 immunditiam
703 5025 885 5083 vocat;
924 5032 1029 5072 non
1053 5025 1226 5073 tamen
1253 5020 1410 5075 talem
1431 5062 1446 5085 ,
1474 5036 1572 5091 pro

80 5102 365 5162 qmevitanda
387 5110 747 5166 mentiendum
788 5110 876 5165 sit.
926 5108 984 5166 Si
1017 5121 1193 5168 autem
1236 5114 1569 5170 mendacium

80 5184 260 5261 laleest,
295 5199 421 5267 quod
446 5201 600 5256 alicui
631 5201 790 5256 faciat
826 5202 1071 5271 injuriam
1096 5220 1111 5269 ;
1142 5206 1348 5260 etiamsi
1374 5205 1441 5260 ab
1470 5206 1569 5263 hac

82 5271 334 5342 immunditia
354 5332 369 5357 ,
409 5307 562 5362 quam
586 5309 773 5349 omnes
796 5293 1041 5351 homines
1068 5297 1353 5353 abhorrent
1382 5314 1443 5353 ac
1469 5299 1567 5355 de-

83 5370 304 5443 testantur,
342 5382 531 5437 muniat
576 5383 884 5449 hominem;
929 5393 1105 5440 utrum
1137 5394 1192 5442 et
1234 5387 1337 5444 hoc
1367 5404 1567 5460 genere

83 5461 363 5524 mentiendum
389 5472 493 5541 sit,
533 5474 579 5529 si
608 5475 726 5530 talis
755 5476 847 5531 ï¬at
870 5475 1060 5546 injuria
1088 5492 1182 5547 per
1208 5480 1563 5552 mendacium,

304 5582 489 5640 omittit,
522 5592 728 5651 Excepto
756 5588 800 5638 si
823 5588 987 5651 judea:
1028 5588 1320 5654 interrogat,
1348 5600 1399 5643 et
1428 5597 1566 5646 uncis

226 5644 254 5683 Î¹Î¹
267 5643 397 5683 verba
428 5654 671 5683 muaan
716 5664 825 5683 Î·Î¹Î½Î¿
857 5657 1071 5683 Î™á¿—Î¹Î¹Î¿Îµá¿Î·Î¹Î¹Î±
1095 5657 1305 5683 nmmum.â€œ
1332 5659 1524 5683 numam
1549 5673 1560 5683 .

226 5643 398 5715 á¼±Ï‚Î³Î¾ÎµÎ¹Î¹á½¶Î·
413 5643 689 5715 Î²Î±Î¹Î¼ÎµÎ¹Î¹Î¹á½¶Î¾Î¹,
715 5643 841 5714 (Î¹Î¹Î¹Î±á¿–
856 5657 1074 5715 Erasmus
1094 5643 1319 5715 praeterit
1331 5643 1560 5707 omnino}

87 5689 225 5806 Ego:
241 5689 1562 5775 Î·Î¿Î¹Ï‰Î¹á½·Î¹Î¹á½¶á¼§Î½á¿—Î¾á¿‘Î¹á½²á¼²Î¹á½¶á¿–á¿—á¿—.á¿–Â¹â€œá¼µÏ‰á¿–Î¹á½²á¼³á¾¶á¿“Î±á¼¯á¿†á¼á½²â€™á¼‘Î¹á½¶á½¥á½²á¼•á½·á¿á½¶á¼±á½¶á½¶Î¹á½¶

1421 331 1627 389 LIBER
1667 331 1755 391 [Î™Î
1762 335 1862 395 US.

3180 361 3285 416 Ï‰Î´

1696 466 1817 520 quae
1855 470 1959 510 non
1990 456 2059 512 sit
2087 457 2139 512 in
2166 473 2232 515 eo
2259 475 2456 530 genere
2484 463 2831 523 immunditiae
2852 510 2869 537 ,
2902 470 2970 527 de
3006 488 3113 545 quo
3140 490 3284 531 nunc

1696 543 1925 614 agimus,
1949 546 2049 601 alia
2079 551 2302 619 quaestio
2326 562 2411 608 est
2437 571 2450 607 :
2478 570 2582 611 non
2612 559 2753 612 enim
2778 560 2890 630 jam
2919 561 2986 618 de
3006 543 3285 623 mendacio

1696 636 1985 704 quaeritur;
2017 639 2112 693 sed
2140 643 2395 711 quaeritur
2422 654 2595 700 utrum
2639 648 2797 703 alicui
2833 650 3067 709 facienda
3094 656 3164 711 sit
3197 657 3286 713 in-

1692 722 1832 793 juria
1855 728 2019 782 etiam
2047 744 2154 784 non
2179 747 2273 801 per
2296 734 2631 791 mendacium
2653 780 2666 803 ,
2696 748 2755 793 ut
2777 740 2864 795 illa
2890 743 2956 798 ab
2977 745 3145 800 altero
3178 745 3287 803 im-

1697 818 1955 874 munditia
1995 820 2309 892 depellatur.
2365 827 2518 895 Quod
2562 830 2708 885 nullo
2749 834 2909 889 modo
2951 839 3283 906 putaverim:

1697 925 1995 982 quanquam
2023 926 2386 986 proponantur
2420 920 2704 978 levissima:
2742 925 2949 995 injuriae
2973 969 2987 994 ,
3019 930 3181 985 veluti
3207 940 3291 988 est

1697 1002 1785 1058 illa
1814 1020 1972 1075 quam
1999 1008 2065 1064 de
2092 1026 2197 1065 uno
2216 1012 2397 1068 modio
2420 1016 2617 1070 amisso
2645 1031 2805 1087 supra
2834 1023 3285 1092 commemoravi;

1697 1102 1754 1149 et
1792 1097 2014 1153 multum
2057 1102 2400 1169 perturbent,
2446 1115 2621 1161 utrum
2660 1122 2764 1163 non
2792 1109 3080 1168 debeamus
3115 1114 3288 1171 facere

1697 1186 1941 1257 cuiquam
1970 1192 2051 1245 vel
2092 1192 2252 1248 talem
2298 1195 2544 1265 injuriam
2572 1240 2587 1264 ,
2625 1199 2671 1254 si
2714 1216 2776 1256 ea
2806 1210 2980 1271 potest
3018 1204 3151 1260 alius
3172 1247 3187 1272 ,
3217 1222 3286 1263 ne

1697 1284 1937 1346 stuprum
1978 1281 2241 1350 patiatur,
2272 1284 2489 1341 defendi
2517 1297 2609 1344 aut
2637 1291 2853 1346 muniri.
2894 1292 3001 1350 Sed
3025 1336 3041 1362 ,
3069 1304 3129 1350 ut
3152 1296 3282 1366 dixi,

1694 1366 1796 1421 alia
1827 1372 2048 1438 quaastio
2068 1382 2170 1429 est.

1765 1454 1991 1514 CAPUT
2016 1460 2133 1516 XV.
2163 1494 2234 1504 â€”
2256 1465 2591 1525 Auctoritates
2619 1470 2822 1541 diuinw,
2862 1476 3040 1546 quibus
3076 1479 3286 1534 menda-

1695 1546 1831 1600 cium
1872 1551 2185 1620 prohibetur,
2216 1556 2419 1627 aliaque
2444 1571 2698 1631 praecepta
2726 1580 2790 1618 ea:
2818 1568 2967 1636 factis
2994 1578 3283 1624 sanctorum

1698 1637 2044 1711 intelligenda.
2076 1642 2395 1716 Praeceptum
2450 1650 2709 1721 prwbendi
2753 1656 2964 1710 alteram
3018 1660 3282 1716 maxillam

1696 1730 2011 1797 percutienti.
2038 1731 2356 1807 Prwceptttm
2384 1755 2487 1794 non
2533 1742 2750 1812 jurandi
2797 1748 3020 1802 omnino.
3074 1748 3278 1805 Prwce-

1693 1829 1837 1891 ptum
1864 1840 1963 1879 non
1985 1828 2242 1896 cogitandi
2265 1830 2329 1884 de
2357 1834 2595 1887 crastino.
2618 1835 2937 1907 Prwceptum
2962 1857 3024 1895 ne
3042 1840 3273 1910 Apostoli

1692 1930 1859 1969 secum
1880 1918 2076 1987 aliquid
2102 1930 2299 1990 portent
2328 1924 2379 1978 in
2406 1926 2505 1979 uia.
2545 1926 2698 1983 Nunc
2718 1930 2847 1985 illud
2877 1932 3019 2003 quod
3045 1934 3284 1990 institui-

1692 2024 1837 2076 mus,
1866 2026 2182 2083 peragamus
2212 2033 2231 2069 :7
2255 2027 2431 2072 utrum
2481 2021 2843 2077 mentiendum
2885 2024 2974 2091 sit,
3028 2026 3073 2080 si
3119 2027 3282 2083 etiam

1692 2099 2016 2159 inevitabilis
2039 2106 2271 2163 conditio
2300 2121 2648 2181 proponatur,
2668 2124 2726 2169 ut
2751 2124 2844 2170 aut
2873 2118 2973 2172 ltoc
2996 2118 3273 2190 faciamus,

1691 2201 1785 2246 aut
1813 2202 2056 2264 stuprum
2087 2197 2375 2267 patiamur,
2416 2201 2502 2257 vel
2528 2203 2759 2274 aliquam
2782 2207 3165 2264 exsecrabilem
3196 2211 3279 2266 in-

1692 2284 2090 2355 quinationem;
2121 2290 2335 2346 etiamsi
2372 2294 2685 2351 mentiendo
2715 2296 2851 2352 nulli
2892 2298 3151 2357 faciamus
3192 2302 3278 2357 in-

1686 2373 1902 2446 juriam.

1761 2468 1853 2524 26.
1882 2470 1956 2526 De
1982 2487 2086 2541 qua
2105 2489 2165 2529 re
2193 2475 2394 2546 patebit
2431 2477 2624 2549 aliquis
2647 2480 3061 2539 considerationi
3105 2485 3277 2556 locus,

1691 2559 1736 2614 si
1767 2562 1913 2630 prius
1940 2563 2148 2620 divinas
2174 2569 2544 2638 auctoritates,
2576 2587 2695 2642 quas
2725 2574 3063 2630 mendacium
3095 2578 3278 2648 prohi-

1691 2654 1839 2723 bent,
1869 2656 2155 2726 diligenter
2200 2659 2547 2718 discutiamus
2577 2679 2592 2716 :
2618 2664 2662 2719 si
2703 2666 2845 2720 enim
2887 2667 3016 2737 ipsae
3067 2670 3274 2725 nullum

1690 2745 1819 2802 dant
1844 2748 2042 2815 locum,
2074 2749 2269 2805 frustra
2287 2753 2576 2821 quaerimus
2601 2771 2704 2825 qua
2746 2773 3042 2825 exeamus;
3085 2770 3275 2816 tenen-

1691 2837 1817 2893 dum
1846 2848 1930 2894 est
1968 2841 2110 2896 enim
2141 2844 2287 2897 omni
2318 2844 2479 2900 modo
2506 2856 2833 2918 praeceptum
2857 2849 2973 2918 Dei,
3008 2861 3061 2907 et
3080 2853 3274 2908 volun-

1694 2936 1775 2984 tas
1822 2930 1918 2985 Dci
1960 2931 2012 2987 in
2068 2933 2280 3003 iisquae
2321 2937 2550 2992 tenendo
2592 2948 2916 3010 prmceptum
2968 2941 3085 3011 ejus
3131 2944 3275 3013 passi

1692 3021 1970 3088 fuerimus,
2012 3040 2165 3094 aequo
2192 3026 2372 3082 animo
2398 3029 2675 3098 sequenda.
2712 3047 2725 3083 :
2757 3030 2802 3084 si
2842 3039 3020 3086 autem
3066 3034 3275 3088 relaxa-

1694 3123 1778 3169 tur
1797 3115 1988 3185 aliquis
2014 3118 2213 3185 exitus,
2245 3134 2350 3173 non
2390 3130 2472 3175 est
2512 3122 2564 3175 in
2592 3121 2682 3175 tali
2709 3137 2867 3177 causa
2912 3125 3273 3181 recusandum

1690 3206 2047 3261 mendacium.
2078 3209 2367 3279 Propterea
2404 3211 2597 3266 divina:
2625 3213 2918 3283 Scriptura:
2960 3230 3064 3270 non
3097 3217 3271 3271 solum

1690 3308 1954 3369 praecepta
1981 3301 2072 3355 Dei
2112 3304 2401 3367 continent,
2432 3303 2527 3358 sed
2572 3306 2731 3359 etiam
2772 3306 2937 3360 vitam
2959 3322 3272 3378 \moresque

1682 3390 1984 3460 justorum;
2014 3400 2071 3446 ut
2114 3393 2158 3446 si
2188 3392 2322 3447 forte
2371 3395 2637 3450 occultum
2662 3405 2765 3460 est,
2821 3398 3270 3467 quemadmodum

1686 3486 2051 3555 accipiendum
2076 3487 2145 3540 sit
2170 3488 2312 3558 qnod
2341 3489 2665 3559 praecipitur,
2709 3491 2760 3545 in
2810 3490 2965 3546 factis
3002 3493 3269 3561 justorum

1688 3576 2027 3647 intelligatur.
2072 3578 2324 3649 Exceptis
2378 3580 2554 3650 itaque
2594 3580 2677 3635 liis
2722 3580 2875 3636 factis
2930 3598 3049 3652 qua:
3096 3592 3273 3653 potest

1684 3667 1908 3738 quisque
1925 3668 1991 3722 ad
2008 3668 2348 3740 allegoricam
2368 3670 2810 3741 significationem
2837 3672 3059 3742 referre,
3081 3690 3273 3745 quam-

1684 3760 1764 3814 vis
1791 3769 1937 3830 gesta
1960 3776 2080 3816 esse
2117 3778 2276 3817 nemo
2305 3763 2561 3835 ambigat,
2591 3765 2747 3819 sicuti
2774 3774 2900 3821 sunt
2939 3765 3051 3821 fere
3089 3768 3268 3823 omnia

1685 3852 1736 3906 in
1757 3853 1903 3908 libris
1933 3853 2141 3909 Veteris
2180 3855 2506 3911 Testamenti
2534 3858 2684 3928 :quis
2698 3859 2840 3913 enim
2864 3859 2935 3914 ibi
2956 3860 3153 3929 aliquid
3174 3876 3269 3915 au-

1683 3942 1809 3998 deat
1835 3944 2105 3999 alfirmare
2130 3962 2234 4000 non
2275 3948 2544 4017 pertinere
2582 3949 2649 4003 ad
2677 3951 2953 4019 figuratam
3012 3966 3266 4020 premun-

1685 4034 2001 4090 tiationem?
2028 4037 2233 4106 Quippe
2253 4052 2375 4093 cum
2403 4040 2691 4108 Apostolus
2720 4040 2880 4095 etiam
2910 4041 3048 4097 filios
3096 4044 3269 4098 Abra-

1684 4125 1788 4193 hae,
1818 4142 1953 4196 quos
2002 4129 2185 4197 utique
2219 4130 2442 4182 naturali
2470 4129 2662 4184 ordine
2714 4134 3038 4201 prOpagandi
3083 4137 3266 4204 populi

1681 4218 1856 4274 editos
1884 4234 2002 4274 esse
2029 4231 2190 4288 atque
2212 4221 2408 4275 vixisse
2435 4220 2688 4277 facillime
2713 4222 2909 4277 dicitur
2961 4224 3087 4289 (non
3118 4227 3260 4282 enim

1680 4306 1920 4365 monstra
1949 4321 2003 4367 et
2029 4311 2266 4382 prodigia
2294 4319 2415 4366 nata
2438 4322 2580 4378 sunt,
2623 4322 2680 4368 ut
2708 4313 2774 4369 ad
2815 4315 3257 4385 significationem

1679 4402 1911 4471 aliquam
1964 4402 2161 4457 ducant
2196 4403 2481 4474 animum),
2528 4404 2636 4460 duo
2690 4415 2867 4462 tamen
2912 4407 3258 4465 Testamenta

1678 4493 1979 4563 significare
2006 4505 2208 4550 asserat
2238 4494 2432 4567 (Galat.
2462 4512 2534 4563 tv,
2578 4498 2799 4571 22-24);
2853 4510 2907 4556 et
2948 4501 3261 4557 beneficium

1680 4585 1807 4640 illud
1846 4586 2107 4651 mirabile,
2149 4588 2292 4658 quod
2324 4589 2463 4643 Deus
2486 4593 2683 4660 populo
2706 4591 2864 4646 Israel
2905 4594 3152 4663 praestitit
3187 4597 3255 4650 ad

1679 4680 1943 4734 eruendos
1972 4696 2065 4735 eos
2093 4679 2159 4735 de
2187 4681 2460 4749 servitute,
2512 4698 2615 4752 qua
2656 4683 2709 4737 in
2758 4683 2993 4755 Egypto
3036 4702 3251 4756 preme-

1678 4771 1888 4838 bantur,
1921 4786 2243 4843 poanamque
2265 4774 2534 4839 vindictas,
2573 4788 2693 4828 cum
2729 4776 2779 4829 in
2819 4777 3010 4831 itinere
3034 4794 3257 4848 peccas-

1677 4869 1816 4928 sent,
1882 4861 1937 4915 iu
2000 4861 2166 4931 figura
2218 4863 2503 4932 contigisse
2547 4863 2689 4918 dicat
2736 4863 2781 4935 (Î™
2800 4864 2916 4919 Cor.
2950 4883 3003 4931 x,
3043 4869 3203 4939 l-H)
3239 4888 3255 4926 :

1677 4968 1795 5022 qua:
1830 4951 1967 5006 facta
2007 4951 2264 5019 invenies,
2290 4952 2481 5023 quibus
2518 4953 2673 5007 istam
2723 4956 2961 5025 regulam
3004 4957 3253 5028 derogcs,

1674 5054 1728 5101 et
1754 5046 2022 5103 affirmare
2045 5062 2336 5117 prtesumas
2363 5046 2429 5100 ad
2458 5046 2679 5118 figuram
2702 5048 2935 5119 aliquam
2985 5066 3088 5105 non
3131 5067 3253 5108 esse

1675 5139 1999 5211 redigenda?
2027 5139 2122 5193 His
2138 5152 2264 5209 ergo
2284 5139 2543 5209 exceptis,
2568 5154 2628 5194 ea
2658 5156 2775 5209 qum
2798 5142 2851 5195 in
2882 5141 3030 5197 Novo
3069 5143 3258 5199 Testa-

1673 5238 1855 5285 mento
1891 5244 1922 5283 a
1961 5230 2158 5284 sanctis
2204 5228 2337 5283 facta
2378 5237 2532 5296 sunt,
2588 5230 2677 5285 ubi
2716 5247 2924 5287 morum
2975 5232 3257 5288 imitando-

1672 5323 1831 5377 rumâ€˜
1880 5321 2280 5378 evidentissima
2338 5323 2733 5379 commendatio
2779 5333 2883 5393 est,
2917 5326 3126 5380 valeant
3180 5326 3248 5381 ad

1671 5414 1913 5484 exempla
1946 5414 2407 5485 intelligendarum
2433 5416 2849 5486 Scripturarum,
2883 5432 3001 5487 quae
3029 5418 3077 5471 in
3109 5432 3247 5488 pra:-

1669 5507 1839 5577 ceptis
1868 5507 2069 5577 digesta
2109 5516 2253 5563 sunt.

1739 5599 1828 5653 27.
1864 5598 2019 5654 Velut
2048 5615 2168 5654 cum
2190 5598 2415 5670 legimus
2438 5601 2489 5655 in
2528 5599 2841 5669 Evangelia,
2867 5598 3117 5668 Accepisti
3138 5600 3249 5654 ala-

1670 5708 1808 5764 pam,
1839 5709 1961 5761 para
2001 5693 2212 5746 alteram
2250 5693 2513 5746 maxillam
2552 5692 2761 5762 (Matth.
2790 5706 2842 5759 Î½,
2871 5689 2985 5762 59).
3049 5692 3249 5751 Exem-

1739 5784 1754 5815 Â¹
1791 5780 1955 5833 Plures
1978 5788 2104 5847 Mss,
2129 5779 2504 5833 emendatorum.
