3880 6284
581 294 684 351 507

581 407 724 477 plum
762 410 937 457 autem
978 398 1244 471 patientia:
1282 396 1484 451 nullum
1518 410 1677 464 quam
1720 394 1887 463 ipsius
1940 393 2148 447 Domini

579 493 847 566 potentius
878 498 933 547 et
976 487 1319 545 excellentius
1360 484 1662 540 invenimus
1706 492 1800 537 :at
1851 483 1967 553 ipse
2023 497 2143 536 eum

577 586 727 655 alapa
749 596 1034 654 percussus
1060 588 1223 643 esset,
1255 593 1362 632 non
1401 575 1492 640 ait,
1529 574 1667 629 Ecce
1694 575 1861 628 altera
1901 572 2149 637 maxilla;

577 675 673 731 sed
697 675 792 741 ait,
835 673 896 728 Si
948 669 1232 735 maledixi,
1281 666 1527 737 exprobra
1575 666 1637 718 de
1686 663 1857 726 malo;
1902 663 1946 716 si
1988 671 2153 715 autem

578 766 718 829 bene,
747 763 870 836 quid
895 776 973 815 me
998 742 1149 815 credis
1204 757 1379 829 (Joan.
1431 771 1555 810 xvut
1587 796 1600 820 ,
1637 752 1779 822 25)?
1831 751 1926 808 Ubi
1967 758 2154 805 osten-

579 854 679 919 dit,
724 852 867 907 illam
908 849 1347 920 prteparationem
1393 845 1616 898 alterius
1659 842 1885 895 maxillce
1913 841 1964 894 in
1994 838 2155 894 corde

581 942 898 997 faciendam.
926 940 1077 1008 Quod
1104 939 1261 993 etiam
1300 935 1572 1005 apostolus
1614 933 1805 986 Paulus
1835 931 2017 1000 utique
2054 944 2155 984 no—

578 1043 769 1090 verat:
804 1049 924 1088 nam
956 1042 1010 1086 et
1032 1033 1145 1100 ipse
1174 1045 1292 1083 cum
1333 1036 1478 1082 esset
1517 1027 1668 1095 alapa
1704 1040 1986 1094 percussus
2032 1033 2156 1077 ante

580 1129 913 1189 Puntilicem,
944 1141 1050 1179 non
1077 1125 1171 1188 ait,
1209 1124 1431 1177 Percute
1459 1120 1729 1174 maxillam
1756 1119 1999 1181 alteram;
2029 1115 2147 1182 sed,

582 1204 833 1273 Percutiet
862 1228 909 1270 te
934 1215 1182 1268 Dominus
1236 1214 1423 1282 inquit,
1478 1212 1643 1281 paries
1697 1206 1927 1262 dealbate
1957 1223 1974 1259 :
2009 1216 2055 1259 ct
2101 1217 2154 1258 tu

582 1310 722 1363 sedes
739 1308 976 1379 judicare
1003 1321 1080 1358 nte
1099 1304 1373 1358 secundum
1401 1303 1581 1372 legem,
1606 1310 1650 1353 et
1681 1307 1857 1352 contra
1887 1298 2045 1367 legem
2064 1296 2156 1365 ju-

582 1398 664 1452 bes
695 1413 773 1449 me
803 1396 990 1466 percuti
1039 1395 1175 1463 (Act.
1204 1409 1352 1457 χχιιι,
1401 1393 1456 1460 ’5)
1478 1391 1500 1442 ?
1520 1390 1777 1443 altissime
1812 1388 2025 1441 intuens
2077 1400 2157 1439 sa-

580 1488 873 1544 cerdotium
938 1484 1242 1541 Iudaeorum
1313 1483 1423 1552 jam
1484 1481 1586 1535 tale
1626 1479 1820 1533 factum
1869 1477 2047 1536 fuisse,
2100 1483 2157 1529 ut

581 1579 796 1632 nomine
825 1575 1120 1630 forinsecus
1159 1574 1370 1637 niteret,
1413 1571 1729 1625 intrinsecus
1774 1578 1950 1621 autem
1997 1565 2155 1620 luteis

578 1666 1020 1736 concupiscentiis
1042 1664 1318 1728 sorderet;
1347 1662 1487 1729 quod
1518 1661 1862 1715 transiturum
1891 1673 2010 1713 esse
2037 1657 2155 1710 vin-

578 1759 717 1814 dicta
746 1758 949 1811 Domini
982 1755 1194 1810 videbat
1230 1754 1283 1808 in
1314 1753 1533 1823 Spiritu,
1568 1766 1688 1805 cum
1734 1748 1863 1803 illud
1903 1748 2104 1802 diceret
2138 1764 2151 1800 :

579 1848 674 1902 sed
714 1856 888 1901 tamen
929 1861 1021 1900 cor
1053 1854 1291 1915 paratum
1318 1842 1566 1906 habebat,
1596 1856 1700 1893 non
1733 1841 1904 1892 solum
1932 1838 1998 1892 ad
2026 1838 2167 1891 alias.

581 1938 763 2006 alapas
791 1934 1147 2005 accipiendas,
1179 1933 1273 1987 sed
1304 1934 1462 1987 etiam
1484 1930 1735 2002 quteiibet
1773 1937 2034 1982 tormenta
2062 1941 2159 1996 pro

579 2028 808 2084 veritate
835 2026 1100 2098 patienda,
1142 2041 1265 2081 eum
1313 2038 1501 2081 eorum
1555 2022 1843 2078 dilectione
1889 2035 1918 2074 a
1966 2019 2158 2089 quibus

581 2122 670 2176 illa
710 2129 1001 2191 pateretur.

652 2213 742 2268 28.
782 2211 1049 2282 Scriptum
1073 2220 1156 2265 est
1184 2210 1366 2273 etiam,
1400 2205 1510 2279 Ego
1537 2215 1706 2261 autem
1731 2205 1844 2259 dico
1868 2205 2023 2271 vobis,
2058 2219 2169 2258 non-

568 2305 754 2374 jurarc
782 2304 1005 2357 omnino.
1043 2302 1250 2358 iuravit
1269 2310 1446 2356 autem
1467 2301 1580 2371 ipse
1624 2298 1909 2367 Apostolus
1943 2298 1996 2352 in
2036 2297 2160 2366 Epi-

581 2394 734 2449 stolis
754 2394 865 2449 suis
894 2392 1068 2467 (Rom.
1111 2409 1187 2460 ιι,
1221 2393 1273 2457 i;
1300 2390 1532 2462 Philipp.
1561 2406 1597 2455 ι,
1626 2391 1682 2454 8,
1715 2400 1760 2445 et
1782 2386 1950 2443 Gttlat.
1977 2403 2016 2453 ι,
2036 2387 2158 2457 20).

581 2483 651 2539 Et
673 2485 752 2538 sic
776 2483 1010 2539 ostendit
1033 2482 1303 2554 quomodo
1330 2479 1694 2551 accipiendum
1732 2487 1875 2535 esset
1914 2477 2053 2550 quod
2088 2476 2163 2532 di-

582 2584 725 2629 ctum
748 2581 849 2639 est,
890 2572 1020 2627 Dico
1046 2573 1202 2636 vobis,
1249 2589 1348 2626 non
1359 2572 1545 2643 jurare
1578 2571 1780 2624 omnino
1809 2584 1829 2623 :
1857 2585 1925 2623 ne
1959 2568 2171 2623 scilicet

575 2667 809 2739 jurando
845 2666 912 2721 ad
950 2665 1255 2721 facilitatem
1274 2663 1487 2735 jurandi
1510 2664 1768 2727 veniatur,
1801 2677 1867 2716 ex
1910 2660 2161 2715 facilitate

581 2757 648 2812 ad
684 2755 1146 2823 consuetudinem,
1175 2765 1332 2826 atque
1354 2755 1423 2809 ita
1452 2770 1518 2810 ex
1546 2751 1933 2809 consuetudine
1971 2751 2022 2806 in
2049 2766 2161 2821 per-

576 2847 775 2920 jurium
827 2848 1119 2904 decidatur.
1176 2847 1242 2901 Et
1294 2848 1417 2902 ideo
1446 2862 1552 2901 non
1613 2846 1881 2900 invenitur
1926 2844 2157 2911 jurasse,

580 2941 684 2995 nisi
739 2940 1001 3004 scribens,
1056 2939 1145 2994 ubi
1191 2938 1550 2993 consideratio
1587 2936 1794 2991 cautior
1849 2950 1960 2988 non
2003 2935 2169 2989 habet-

588 3030 818 3101 linguam
874 3030 1223 3099 przecipitcm.
1271 3028 1337 3082 Et
1375 3027 1476 3081 hoc
1518 3026 1699 3095 utique
1742 3042 1771 3079 a
1810 3025 1973 3092 malo,
2023 3026 2169 3079 sicut

581 3121 782 3176 dictum
831 3132 947 3184 est,
997 3120 1147 3187 Quod
1195 3128 1358 3173 autem
1412 3117 1633 3187 amplius
1683 3127 1775 3182 est,
1821 3104 1852 3169 ξι
1900 3117 2034 3170 malo
2086 3126 2158 3171 est

583 3212 796 3287 (Matth.
828 3228 881 3279 v,
914 3213 1003 3287 54,
1036 3212 1129 3281 57)
1165 3229 1179 3265 :
1211 3227 1316 3263 non
1358 3218 1533 3263 tamen
1565 3223 1686 3274 suo,
1728 3206 1823 3262 sed
1849 3221 2035 3261 eorum
2073 3206 2156 3260 in-

584 3286 870 3365 firmitatis,
900 3286 1091 3371 quibus
1117 3302 1278 3355 etiam
1305 3302 1385 3356 sic
1422 3299 1580 3354 fidem
1630 3298 1808 3353 facere
1842 3298 2154 3351 conabatur.

583 3394 715 3449 Nam
769 3394 913 3463 quod
961 3395 1185 3462 loquens
1245 3393 1498 3462 jurasset,
1546 3390 1670 3444 dum
1724 3406 1831 3444 non
1873 3390 2154 3455 scriberet,

584 3485 765 3539 nescio
793 3495 967 3537 utrum
992 3485 1165 3552 aliqua
1205 3483 1271 3537 de
1297 3483 1388 3537 illo
1428 3483 1702 3551 Scriptura
1750 3483 2063 3536 narraverit.
2093 3482 2159 3535 Et

585 3584 763 3629 tamen
810 3564 1065 3627 Dominus
1100 3574 1196 3639 ait,
1229 3574 1433 3626 omnino
1478 3589 1581 3626 non
1616 3573 1796 3642 jnrare
1822 3587 1841 3626 :
1869 3588 1974 3627 non
2015 3572 2155 3626 enim

582 3669 846 3724 concessit
884 3675 941 3722 ut
968 3668 1023 3721 id
1060 3666 1251 3721 lieeret'
1280 3665 1657 3719 scribentibus.
1712 3664 1817 3719 Sed
1863 3666 1983 3734 quia
2014 3679 2156 3733 pra:-

583 3761 723 3830 cepti
748 3760 927 3815 violati
972 3775 1124 3814 reum
1172 3758 1413 3823 Paulum,
1464 3757 1757 3826 praesertim
1798 3757 1849 3811 in
1900 3756 2158 3825 Epistolis

582 3849 901 3921 conscriptis
947 3861 1106 3919 atque
1147 3849 1304 3903 editis
1334 3848 1399 3902 ad
1437 3847 1764 3918 spiritualem
1802 3846 1967 3899 vitam
2010 3847 2155 3899 salu-

587 3948 801 4011 temque
854 3940 1167 4011 populorum
1204 3936 1353 3993 nefas
1392 3943 1476 3990 est
1501 3935 1711 4002 dicere;
1756 3935 2156 4004 intelligendum

586 4032 817 4088 estillud
844 4032 985 4102 quod
1009 4032 1236 4102 positum
1276 4038 1377 4093 est,
1407 4028 1633 4096 omnino,
1673 4028 1739 4082 ad
1780 4028 1880 4082 hoc
1900 4028 2152 4098 positum,

585 4131 643 4177 ut
668 4133 920 4192 quantum
942 4123 994 4178 in
1023 4131 1077 4177 te
1120 4130 1221 4186 est,
1264 4137 1369 4175 non
1410 4119 1649 4186 affectes,
1688 4134 1793 4174 non
1831 4135 2000 4186 ames,
2052 4136 2157 4175 non

586 4214 739 4283 quasi
769 4230 865 4284 pro
903 4215 1043 4269 bono
1070 4230 1189 4269 cum
1216 4212 1393 4283 aliqua
1414 4211 1765 4267 delectatione
1786 4221 2007 4283 appetas
2035 4213 2156 4284 jus-

580 4302 888 4375 iurandum.

656 4396 748 4452 29.
780 4396 928 4452 Sicut
954 4396 1105 4459 illud,
1139 4394 1313 4450 Nolite
1328 4396 1552 4465 cogitare
1570 4395 1633 4449 de
1653 4396 1910 4459 crastino;
1934 4404 2005 4459 et,
2042 4394 2156 4450 Νο-

583 4487 674 4543 lite
701 4488 869 4557 itaque
902 4488 1125 4557 cogitare
1150 4486 1271 4553 quid
1298 4487 1628 4549 manducetis,
1661 4494 1707 4538 et
1735 4486 1859 4554 quid
1884 4484 2083 4549 bibatis,
2108 4495 2154 4540 et

581 4578 705 4648 quid
726 4576 1009 4631 induamini
1035 4574 1247 4647 (Matth.
1280 4590 1353 4638 vr,
1378 4574 1467 4638 54,
1494 4572 1611 4646 ‘25).
1635 4573 1767 4628 Cum
1796 4574 1972 4629 autem
1998 4573 2146 4630 vide-

587 4682 707 4722 mus
731 4675 787 4722 et
838 4667 1010 4736 ipsum
1053 4666 1330 4719 Dominum
1376 4663 1627 4718 habuisse
1672 4664 1894 4729 loculos,
1934 4680 2040 4734 quo
2090 4680 2155 4720 ea

584 4773 706 4828 quae
759 4757 1042 4822 dabantur,
1091 4755 1456 4820 mittebantur,
1498 4764 1555 4810 ut
1582 4755 1781 4811 servari
1830 4765 2052 4825 possent
2087 4756 2152 4811 ad

583 4861 712 4900 usus
742 4862 837 4915 pro
878 4856 1116 4915 tempore
1142 4836 1669 4915 necessarioonan.
1696 4860 1794 4909 xu,
1814 4844 1891 4914 6);
1925 4852 1980 4901 et
2009 4845 2155 4915 ipsos

584 4937 871 5006 Apostoios
895 4951 1207 5008 procurasse
1228 4937 1393 4991 multa
1415 4937 1639 4993 fratrum
1674 4936 1996 5007 indigentite,
2045 4954 2151 4993 non

586 5027 759 5081 solum
787 5028 842 5082 in
877 5029 1191 5097 crastinum,
1245 5028 1337 5084 sed
1376 5029 1538 5084 etiam
1563 5030 1617 5083 in
1658 5029 1916 5098 prolixius
1944 5044 2167 5099 tempus.

585 5120 941 5189 impendentis
969 5120 1143 5188 famis,
1185 5121 1320 5176 sicut
1348 5122 1403 5176 in
1431 5121 1650 5177 Actibus
1680 5121 2052 5193 Apostolorum
2072 5121 2152 5176 le-

587 5211 763 5283 gimus
807 5211 941 5283 (Act.
969 5227 1046 5277 xi,
1085 5210 1320 5283 28-30):
1353 5210 1483 5267 satis
1524 5212 1697 5266 elucet
1744 5211 1829 5266 illa
1887 5220 2150 5281 praecepta

588 5301 667 5356 sic
704 5300 1064 5372 intelligenda,
1095 5309 1154 5355 ut
1183 5300 1314 5355 nihil
1351 5300 1530 5369 operis
1561 5300 1727 5355 nostri
1780 5301 2150 5370 temporalium

583 5389 1048 5461 adipiscendorum
1073 5405 1255 5446 amore
1277 5390 1362 5446 vel
1393 5390 1586 5446 timore
1610 5390 1864 5460 egestatis
1902 5399 2153 5461 tanquam

582 5494 649 5535 ex
687 5481 1000 5536 necessitate
1034 5480 1308 5537 faciamus.

652 5569 742 5624 30.
784 5570 912 5626 Item
942 5571 1143 5627 dictum
1161 5581 1245 5628 est
1266 5571 1562 5644 Apostolis,
1585 5578 1645 5627 ut
1663 5571 1794 5627 nihil
1810 5585 1996 5627 secum
2022 5586 2150 5642 pcr-

582 5667 755 5721 tantes
816 5660 998 5729 invia,
1052 5677 1117 5719 ex
1160 5661 1449 5736 Evangelio
1491 5667 1755 5725 viverent.
1794 5663 1861 5721 Et
1914 5664 2150 5734 quodam

1707 282 1793 336 DE
1831 280 2197 347 MENDACIO,
2239 279 2294 336 S.
2336 279 2706 337 AUGUSTINI
2824 340 2831 347 ,

2267 392 2386 447 loco
2412 392 2573 447 etiam
2612 393 2726 463 ipse
2749 393 3004 449 Dominus
3030 394 3354 466 significavit
3372 412 3467 455 cur
3500 400 3597 458 hoc
3617 405 3787 477 dixerit,

2263 497 2383 537 cum
2412 483 2635 549 addidit,
2665 482 2862 554 Dignus
2904 492 2978 539 est
3022 485 3154 540 enim
3182 489 3457 557 operarius
3507 496 3789 556 mercedem

2265 571 2414 643 (Luc.
2468 590 2522 638 x,
2549 574 2601 638 4,
2630 575 2684 640 7,
2715 584 2759 627 et
2787 572 2975 629 Matth.
3013 591 3073 641 x,
3105 577 3195 647 10)
3227 594 3241 630 :
3275 577 3370 633 ubi
3430 582 3557 636 satis
3596 590 3784 647 ostendit

2264 667 2578 734 permissum
2609 665 2710 721 hoc
2733 680 2872 731 esse,
2901 681 3005 722 non
3042 667 3288 738 iussum;
3335 686 3405 726 ne
3442 671 3577 730 forte
3609 679 3685 747 qui
3709 679 3784 740 hoc

2262 753 2480 822 faceret,
2513 767 2568 811 ut
2594 757 2644 811 in
2668 773 2830 828 opere
2856 759 3253 827 praedicationis
3276 761 3431 817 verbi
3456 764 3640 836 aliquid
3661 771 3716 824 ab
3730 774 3786 827 eis

2263 838 2454 908 quibus
2477 841 2815 911 prmdiearei,
2847 841 2901 895 in
2941 856 3065 896 usus
3102 843 3228 898 vitae
3260 844 3425 915 hujus
3461 861 3697 918 sumeret,
3715 854 3792 909 illi-

2262 929 2424 983 citum
2469 930 2665 1000 aliquid
2715 947 2772 985 se
2819 930 2994 987 facere
3036 933 3413 989 arbitraretur.
3465 935 3621 995 Posse
3653 950 3787 1000 tamen

2263 1019 2574 1074 laudabilius
2605 1035 2709 1074 non
2734 1021 2869 1086 fieri,
2899 1022 2950 1076 in
2985 1024 3228 1091 apostolo
3257 1024 3426 1079 Paulo
3462 1028 3586 1082 satis
3619 1029 3791 1087 demon-

2262 1116 2484 1162 stratum
2533 1118 2614 1163 est
2655 1127 2668 1162 :
2703 1110 2792 1179 qui
2835 1126 2957 1165 cum
3011 1111 3239 1180 diceret,
3283 1110 3623 1172 Communicet
3659 1130 3785 1176 autem

2261 1199 2346 1268 qui
2366 1200 2700 1253 catcchizatttr
2725 1200 2891 1266 verbo,
2924 1202 2968 1255 ei
2990 1203 3077 1272 qui
3115 1220 3181 1257 se
3205 1205 3508 1271 catcchizat,
3537 1207 3593 1260 in
3609 1210 3788 1265 omnibus

2263 1288 2403 1342 bonis
2432 1288 2624 1360 (Galat.
2656 1306 2728 1354 vr,
2754 1290 2836 1363 6);
2868 1300 2922 1346 et
2960 1292 3143 1347 multis
3171 1293 3312 1350 locis
3335 1294 3387 1349 id
3410 1296 3681 1353 salubriter
3706 1300 3788 1355 ficri

2268 1378 2335 1432 ab
2359 1380 2437 1433 eis
2473 1379 2665 1449 quibus
2704 1381 2937 1436 verbum
2985 1382 3326 1452 praedicaret,
3368 1387 3687 1444 ostenderet:
3716 1390 3790 1445 Sed

2263 1477 2427 1524 tanten
2453 1488 2561 1540 ego,
2593 1472 2781 1542 inquit,
2814 1490 2913 1526 non
2955 1489 3065 1527 sum
3092 1490 3212 1528 usus
3244 1474 3344 1528 hac
3363 1485 3607 1546 potestate
3639 1480 3678 1549 (l
3701 1479 3785 1535 Car.

2262 1577 2341 1627 ix,
2367 1561 2478 1633 ιε).
2509 1562 2826 1618 Potestatem
2878 1579 3003 1633 ergo
3023 1565 3168 1619 dedit
3189 1566 3474 1634 Dominus,
3498 1583 3611 1623 cum
3631 1571 3715 1625 ista
3732 1572 3786 1627 di~

2262 1662 2427 1719 ceret,
2452 1668 2557 1707 non
2585 1655 2805 1724 imperio
2834 1656 3169 1710 constrinxit.
3203 1658 3275 1712 Ita
3310 1660 3560 1731 pleraque
3576 1662 3626 1715 in
3653 1664 3785 1718 verbis

2264 1741 2556 1812 intelligere
2584 1761 2688 1798 non
2719 1745 2973 1812 valentes,
3008 1746 3059 1800 in
3088 1745 3240 1802 factis
3286 1760 3588 1804 sanctorum
3630 1751 3785 1823 colligi-

2264 1848 2381 1888 mus
2424 1835 2865 1904 quemadmodum
2919 1846 3165 1907 oporteat
3217 1841 3412 1909 accipi,
3445 1843 3577 1912 quod
3607 1843 3784 1901 facilcin

2264 1924 2418 1978 aliam
2448 1934 2647 1994 partem
2678 1927 2980 1995 duceretur,
3008 1928 3108 1983 nisi
3133 1931 3390 1999 exemplo
3414 1930 3735 1989 revecaretur.

2335 2017 2559 2074 CAPUT
2587 2019 2792 2074 XVl.--
2813 2021 2899 2075 51.
2934 2021 3006 2075 0s
3031 2021 3242 2091 duplex,
3273 2023 3411 2077 cocis
3453 2033 3499 2077 ct
3542 2025 3687 2078 cordis
3710 2026 3786 2079 :dc

2263 2124 2360 2180 quo
2385 2126 2473 2165 ore
2511 2111 2697 2165 dictum
2734 2113 2818 2178 sit,
2861 2112 2934 2168 Os
2983 2113 3124 2183 quod
3148 2115 3430 2183 mentitur,
3459 2126 3547 2171 etc.
3582 2117 3645 2171 υτ
3662 2118 3785 2174 Cnidi!

2265 2203 2412 2255 etiam
2438 2202 2490 2255 in
2517 2200 2790 2274 Evangelio
2818 2214 3170 2258 monstratum.
3199 2204 3514 2260 An'vetitum
3559 2207 3609 2261 id
3639 2216 3785 2261 εσιιιιιιιι

2266 2292 2601 2357 mendacium,
2647 2308 2745 2363 quo
2792 2293 2945 2348 alicui
2982 2294 3287 2351 detrahitur.
3328 2297 3518 2352 Sensus
3557 2298 3712 2367 triplex
3745 2299 3783 2352 in

2266 2381 2376 2435 loco
2404 2381 2741 2436 Ecclesiastici
2794 2381 2931 2456 (cap.
2952 2383 3008 2449 7,
3027 2385 3065 2455 7
3086 2423 3101 2438 .
3132 2386 3244 2455 14).
3272 2386 3367 2441 Sic
3392 2398 3516 2457 ergo
3539 2387 3660 2457 quod
3690 2388 3785 2442 scri-

2267 2482 2411 2542 ptum
2441 2481 2543 2538 est,
2572 2471 2643 2528 0s
2682 2482 2848 2528 autem
2895 2474 3031 2545 quod
3055 2477 3318 2545 mentitur,
3366 2478 3544 2531 occidit
3580 2478 3781 2543 nam;

2266 2561 2464 2634 do'quo
2487 2579 2583 2620 one
2605 2564 2820 2632 dixerit,
2847 2566 3120 2637 quaeritur.
3151 2567 3482 2640 Plerumque
3512 2571 3640 2625 enim
3674 2569 3780 2624 Scri-

2268 2663 2418 2723 ptura
2445 2670 2567 2710 cum
2597 2672 2658 2711 os
2696 2656 2843 2722 dicit,
2873 2660 3313 2729 conceptaculum
3345 2662 3529 2731 ipsum
3554 2661 3701 2716 cordi:
3727 2661 3790 2715 si"

2264 2746 2497 2816 gnificat,
2529 2747 2617 2802 ubi
2644 2748 2811 2817 placet
2839 2755 2893 2804 et
2934 2748 3243 2806 decernitur
3267 2751 3534 2823 quidquidi
3555 2753 3689 2808 etiam
3710 2764 3778 2820 per

2266 2851 2470 2903 vocem,
2499 2852 2620 2892 cum
2645 2853 2828 2894 verum
2872 2840 3157 2909 loquimur,
3204 2845 3510 2897 enuntiatur
3537 2851 3622 2898 :ut
3658 2841 3776 2898 corde

2267 2929 2570 2993 mentiatur,
2594 2930 2676 2983 cui
2706 2931 2876 2999 placet
2907 2932 3245 2988 mendacium
3270 2949 3285 2999 ;
3317 2934 3485 3004 possit
3512 2944 3665 2989 autem
3699 2947 3777 2986 non

2263 3017 2424 3073 corde
2448 3020 2688 3084 mentiri,
2717 3021 2804 3089 qui
2829 3034 2927 3091 per
2950 3037 3132 3077 vocem
3157 3024 3304 3079 aliud
3334 3036 3487 3094 quam
3513 3032 3588 3079 est
3614 3023 3657 3076 in
3688 3021 3771 3075 atti-

2264 3122 2367 3163 mo'
2391 3111 2459 3163 ita
2517 3110 2733 3192 profert,
2768 3122 2825 3168 ut
2866 3114 3085 3185 majoris
3112 3118 3239 3172 mali
3270 3116 3499 3173 evitandi
3531 3130 3664 3171 causa
3690 3128 3775 3168 una

2266 3204 2374 3258 lum
2399 3219 2458 3260 se
2484 3205 2762 3261 admittere
2787 3211 3011 3274 noverit,
3041 3211 3124 3264 cui
3149 3219 3330 3267 tamen
3358 3220 3619 3280 utrumque
3637 3206 3771 3276 displi-

2263 3305 2398 3351 ceat.
2437 3297 2499 3349 Et
2540 3297 2628 3367 qui
2686 3297 2786 3353 hoc
2839 3311 3102 3364 asserunt,
3150 3303 3221 3356 ita
3270 3304 3452 3358 dicunt
3500 3304 3640 3356 etiam
3679 3297 3769 3353 illud

2264 3386 2656 3455 intelligendum
2687 3387 2824 3456 quod
2853 3389 3108 3459 scriptum
3145 3401 3247 3457 est,
3287 3393 3386 3459 Qui
3411 3392 3614 3463 loquitur
3636 3387 3770 3443 verin

2265 3483 2360 3528 tem
2380 3477 2433 3529 in
2460 3476 2609 3530 corde
2634 3493 2725 3531 suo
2755 3476 2924 3547 (Psal.
2950 3493 3059 3545 xrv,
3087 3480 3142 3549 5)
3174 3499 3189 3536 :
3218 3483 3559 3552 quiasemper
3588 3479 3632 3532 in
3654 3475 3771 3530 corde

2265 3567 2460 3618 veritas
2485 3566 2743 3636 loquenda
2772 3576 2853 3621 est
2871 3584 2886 3632 ;
2904 3582 3021 3647 .uon
3052 3578 3230 3624 autem
3258 3585 3469 3640 semper
3492 3571 3543 3623 in
3568 3581 3648 3622 ore
3681 3578 3767 3619 cor-

2266 3655 2427 3724 poris,
2483 3656 2529 3709 si
2581 3657 2754 3727 aliqua
2795 3671 2953 3712 causa
2995 3661 3216 3737 cavendi
3266 3662 3495 3732 majoris.
3522 3659 3628 3714 mali
3666 3652 3766 3709 aliud

2262 3761 2421 3816 quam
2452 3747 2503 3801 in
2532 3748 2710 3802 animo
2738 3757 2838 3814 est,
2862 3764 2994 3804 voce
3013 3751 3240 3821 proferri
3266 3754 3458 3824 exigat.
3490 3752 3550 3807 Et
3575 3745 3765 3815 essequi-

2263 3837 2383 3892 dem
2414 3853 2474 3891 os
2500 3839 2696 3907 cordis,
2729 3856 2790 3894 ex
2816 3840 2917 3896 hoc
2937 3841 3048 3910 jam
3070 3843 3291 3915 intelligi
3323 3850 3510 3914 potest,
3555 3833 3764 3910 quod’ubi

2264 3929 2460 3984 locutio
2488 3939 2591 3997 est,
2612 3931 2683 3985 ibi
2712 3946 2774 3986 os
2801 3948 2907 3986 non
2934 3933 3167 3989 absurde
3191 3935 3499 4006 intelligitur
3526 3948 3537 3986 :
3564 3944 3646 3985 nec
3658 3932 3762 3981 recte

2262 4022 2546 4088 diceretur,
2600 4023 2700 4091 Qui
2738 4026 2959 4093 loquitur
3004 4026 3058 4079 in
3106 4027 3260 4081 corde
3299 4041 3431 4090 suo;
3455 4023 3548 4079 nisi
3572 4031 3619 4077 et
3645 4030 3695 4072 os
3724 4014 3760 4068 in

2263 4114 2426 4169 corde
2454 4124 2598 4169 recte
2619 4115 3022 4186 intelligeretur.
3049 4117 3363 4189 Quanquam
3379 4127 3431 4173 et
3449 4130 3509 4172 eo
3534 4116 3635 4184 ipso
3655 4111 3753 4165 loco.

2264 4206 2353 4261 ubi
2379 4208 2634 4276 scriptum
2656 4217 2738 4262 est
2758 4249 2771 4274 ,
2808 4207 2879 4261 Os
2907 4218 3073 4263 autem
3086 4213 3222 4280 quod
3245 4210 3489 4271 mentitur,
3512 4202 3664 4259 occidit
3680 4195 3759 4249 atti-

2263 4308 2433 4362 mam;
2480 4297 2524 4351 si
2564 4297 2957 4352 circumstantia
2999 4298 3261 4355 lectionis
3291 4297 3645 4355 consideretur,
3686 4296 3757 4339 n0"

2263 4389 2550 4456 accipiatur
2574 4387 2799 4443 fortasse
2844 4388 2987 4443 aliud
3016 4405 3173 4459 quatn
3210 4404 3272 4445 os
3316 4388 3501 4444 cordis.-
3530 4383 3756 4438 Obscurum

2264 4478 2407 4532 enim
2459 4493 2769 4547 responsum
2817 4478 2887 4533 ibi
2927 4488 3026 4543 est,
3059 4480 3146 4534 ubi
3171 4480 3409 4535 homines
3444 4477 3577 4538 latet,
3615 4465 3685 4539 qui
3717 4475 3771 4516 os

2264 4567 2458 4632 cordis,
2493 4568 2593 4622 nisi
2618 4582 2680 4623 os
2699 4571 2940 4639 corporis
2967 4579 3243 4638 consonet,
3262 4570 3438 4625 audire
3456 4580 3551 4620 non
3574 4559 3753 4631 possunt.

2263 4658 2392 4712 illud
2421 4666 2593 4713 autem
2627 4675 2689 4714 os
2707 4660 2835 4716 dicit
2856 4661 2908 4715 in
2937 4677 3001 4716 eo
3025 4663 3431 4731 loeo'Scriptura
3458 4640 3755 4729 pervenirem!

2261 4749 2496 4802 auditum
2522 4748 2749 4819 Spiritus
2796 4751 3024 4817 Domini,
3054 4751 3403 4823 quilreplevlt
3439 4745 3751 4802 nmmum-

2262 4852 2379 4894 rum
2405 4853 2419 4891 :
2447 4837 2517 4892 ita
2548 4847 2604 4893 ut
2640 4839 2798 4893 etiam
2829 4838 2967 4894 labia
2994 4851 3049 4896 et
3085 4854 3270 4897 vocem
3317 4849 3370 4896 et
3398 4838 3619 4905 linguam
3647 4834 3754 4879 σθω·

2260 4940 2521 4987 moveret
2543 4932 2595 4986 in
2625 4947 2689 4987 eo
2717 4932 2859 4997 loco;
2890 4946 2990 4989 nec
3029 4940 3204 4989 tamen
3233 4933 3417 4989 omnia
3440 4928 3566 4983 sinat
3600 4912 3752 4974 intem"

2261 5031 2386 5078 etus
2425 5022 2525 5077 nisi
2551 5023 2619 5078 de
2645 5023 2809 5078 corde
2833 5023 3023 5093 accipi,
3073 5023 3504 5093 quia’Dominum
3540 5009 3655 5067 dicit
3677 5012 3751 5057 Iwli

2259 5115 2425 5170 latere
2451 5115 2589 5186 quod
2615 5115 2845 5171 dicitur:
2872 5117 3012 5187 quod
3054 5126 3229 5172 autem
3277 5128 3404 5171 sono
3434 5101 3615 5165 isto‘ad
3636 5103 3749 5187 aut?

2261 5179 2484 5260 nostras
2506 5206 2805 5275 pertinente
2869 5179 3076 5272 dicitur,
3129 5220 3229 5261 nec
3265 5202 3511 5260 homines.
3537 5194 3658 5279 latel-
3696 5179 3748 5232 1⁸³

2261 5296 2455 5367 quippe
2480 5297 2736 5367 scriptum
2752 5305 2842 5352 est
2873 5314 2887 5351 :
2921 5296 3188 5353 Humane
3214 5306 3287 5351 eu
3308 5281 3654 5357 magum
3683 5280 3745 5323 ta-

2262 5387 2481 5459 pientite,
2510 5396 2681 5441 etnon
2722 5387 2948 5441 liberabit
2974 5367 3744 5459 nmisdicanuwlaﬁt‘ej“:

2261 5456 2400 5535 at...
2418 5495 2595 5534 rerum
2612 5479 2772 5534 illius?
2789 5480 2925 5534 testis
2946 5488 3035 5534 est}
3066 5478 3229 5543 Deus,
3243 5489 3293 5532 et
3334 5456 3743 5549 εοηιισιιιιίωξξντ

2262 5578 2395 5625 lator
2421 5578 2494 5625 est
2508 5580 2560 5624 et
2588 5584 2751 5634 verus,
2779 5567 2966 5639 lingua
2990 5540 3362 5624 illiusauditor-
3379 5540 3741 5639 Πυθίων

2264 5673 2343 5720 tus
2386 5663 2588 5719 Domini
2632 5618 2838 5733 replevit
2854 5618 3079 5716 J'orbem
3124 5662 3386 5722 terrarum,
3446 5654 3489 5703 et
3528 5642 3607 5695 hoc
3642 5618 3740 5695 Μ
