3880 6284
142 337 232 395 ως
1533 324 1729 379 Linea
1771 325 1967 381 unus.

137 449 327 504 continet
353 443 546 509 omnia,
573 439 828 495 scientiam
865 437 1011 493 liabet
1039 438 1189 492 vocis.
1222 436 1437 508 Propter
1479 436 1572 489 hoc
1596 437 1678 508 qui

138 537 330 607 loquitur
355 533 551 603 iniqua,
577 547 675 585 non
700 539 859 601 potest
888 528 1064 594 latere,
1091 528 1181 582 sed
1206 544 1294 582 nec
1333 529 1579 598 prwteriet
1621 527 1678 579 il-

138 625 512 694 lumcorripiens
536 624 798 691 iudicium.
830 621 894 675 In
936 620 1321 692 cogitationibus
1369 619 1500 672 enim
1540 619 1686 688 impii

136 715 431 787 interrogatio
457 715 891 779 erit;sermonum
923 722 1089 765 autem
1115 712 1251 765 illius
1294 710 1488 763 auditio
1516 726 1548 763 a
1591 709 1688 763 Do-

136 811 252 863 mino
276 808 448 872 veniet,
481 805 551 858 ad
574 805 940 874 correptionem
967 804 1285 875 iniquitatum
1332 802 1490 856 illius.
1546 801 1687 868 Quo-

137 903 251 955 niam
270 898 403 950 auris
430 896 533 949 zeli
571 897 711 949 audit
735 896 924 959 omnia,
956 904 1002 948 et
1039 895 1283 950 tumultus
1328 894 1685 947 murmuratio-

137 1010 236 1047 mnn
259 1009 350 1044 non
377 988 731 1042 abscondetur.
762 987 1020 1042 Custodtte
1043 1002 1160 1058 ergo
1188 1003 1270 1040 vos
1314 1004 1347 1040 a
1402 1001 1685 1039 murmura-

136 1085 382 1152 tionc,quar
402 1081 537 1134 nihil
561 1079 785 1149 prodest,
809 1086 903 1130 et-a
923 1078 1229 1132 detractione
1249 1078 1436 1148 lingua:
1455 1077 1645 1147 parcite
1667 1093 1686 1130 :

136 1174 340 1242 quoniam
367 1187 668 1241 responsum
697 1168 964 1223 obscurum
991 1169 1044 1222 in
1065 1185 1276 1222 uacuum
1323 1185 1424 1221 non
1466 1167 1580 1220 ibit.
1616 1167 1687 1220 Us

137 1275 271 1319 alitem
292 1263 423 1330 quod
449 1264 711 1328 incutitur,
761 1261 942 1316 occidit
984 1262 1206 1314 animam
1255 1259 1406 1331 (Sup.
1432 1275 1470 1325 ι,
1502 1259 1534 1313 6
1569 1257 1681 1329 Η).

139 1356 326 1409 Videtur
351 1369 480 1424 ergo
509 1354 592 1408 his
614 1347 824 1417 minari,
847 1353 934 1421 qui
961 1351 1241 1405 obscurum
1290 1359 1473 1420 putant
1507 1361 1560 1405 et
1601 1364 1689 1404 se-

141 1455 305 1502 cretum
329 1461 448 1500 esse
471 1443 618 1514 quod
644 1443 805 1500 corde
856 1444 1051 1510 agitant
1080 1451 1238 1513 atque
1269 1452 1502 1496 versant.
1554 1441 1683 1495 Tam

145 1554 242 1592 rem
264 1537 462 1591 clarum
493 1535 780 1591 ostendere
805 1535 970 1590 voluit
993 1535 1093 1590 hoc
1120 1549 1240 1589 esse
1291 1535 1509 1588 auribus
1568 1533 1680 1598 Dei,

140 1627 336 1682 utetiam
367 1626 657 1679 tumultum
685 1640 806 1680 eum
832 1625 1201 1695 appellaverit.

191 1719 266 1772 59..
295 1718 570 1772 Manifesta
589 1718 750 1770 etiam
777 1718 826 1769 in
851 1716 1139 1784 Evangelio
1167 1715 1462 1769 invenimus
1485 1729 1544 1768 os
1565 1728 1686 1768 cor-

133 1809 225 1871 dis;
243 1817 293 1860 ut
311 1823 414 1861 uno
436 1808 557 1860 loco
577 1817 633 1861 et
651 1807 892 1876 corporis
909 1805 1161 1861 et-cordis
1181 1820 1240 1858 os
1265 1805 1520 1859 Dominus
1537 1818 1685 1858 com-

135 1912 428 1952 memorasse
459 1897 795 1961 inveniatur,
827 1897 912 1950 ubi
939 1899 1011 1950 ait
1042 1913 1069 1954 :,
1097 1896 1272 1950 Adhuc
1296 1905 1444 1950 et-voc
1482 1897 1588 1948 sine
1607 1895 1685 1948 in-

133 1988 301 2042 tellectu
321 1988 436 2042 estis
452 1990 479 2041 i’
511 1987 635 2041 Non
675 1987 949 2057 intelligitis
969 1989 1087 2058 quia
1125 2004 1269 2042 omne
1290 1987 1422 2057 quod
1443 1987 1494 2039 in
1525 2003 1579 2039 os
1599 1987 1682 2039 in-

135 2087 230 2142 trat,
255 2080 300 2132 in
328 2087 546 2130 uentrem
574 2078 730 2144 vadit,
761 2086 804 2129 et
825 2077 876 2130 in
895 2093 1140 2130 secessum
1161 2078 1432 2141 emittitur;
1457 2093 1570 2145 qute
1587 2093 1682 2130 au-

133 2178 211 2222 tem
231 2169 498 2237 procedunt
517 2167 588 2222 de
611 2184 716 2233 ore,
742 2167 806 2220 de
824 2169 1190 2234 cordegctceunt,
1224 2176 1267 2220 ct
1287 2185 1344 2221 ea
1363 2168 1685 2238 coinquinant

135 2260 388 2314 nominent?
411 2259 491 2312 De
519 2259 674 2314 corde
693 2260 824 2312 enim
850 2266 1029 2312 exeunt
1048 2260 1370 2329 cogitationes
1391 2259 1538 2312 mala:
1554 2299 1568 2323 ,
1595 2259 1683 2311 hoc

132 2351 303 2404 Inicidia
319 2391 338 2416 ,
361 2350 654 2412 adulteria,
689 2349 1075 2421 fornicationes,
1099 2351 1234 2420 furta
1253 2389 1267 2415 ,
1308 2350 1438 2417 falsa
1461 2349 1683 2402 testimo-

133 2442 228 2506 nia,
254 2442 576 2511 blasphemia
605 2457 624 2496 :
656 2443 761 2495 haec
792 2450 907 2495 sunt
931 2457 1045 2512 qtae
1079 2441 1402 2512 coinquinant
1435 2441 1684 2495 hominem

135 2529 314 2600 (Matth.
337 2547 402 2585 xv
420 2573 435 2597 ,
468 2530 688 2601 16-20).
716 2530 812 2586 Hic
835 2532 878 2585 si
906 2546 1066 2585 unum
1091 2545 1184 2594 os,
1211 2531 1351 2601 quod
1389 2539 1470 2586 est
1495 2546 1685 2600 corpo-

132 2621 218 2688 ris,
241 2620 568 2677 intellexeris
588 2663 603 2688 ,
633 2620 902 2692 quomodo
926 2622 1290 2677 intellecturus
1318 2635 1376 2675 es
1393 2663 1407 2687 ,
1439 2621 1565 2687 Qute
1587 2637 1682 2674 au.-

132 2721 216 2766 tan
231 2711 496 2780 procedam:
516 2712 587 2766 de
605 2728 710 2777 ore,
736 2712 799 2766 de
821 2712 971 2766 corde
991 2720 1169 2766 exeunt
1187 2729 1208 2777 ;
1234 2727 1354 2767 cum
1379 2720 1432 2766 et
1456 2720 1642 2781 sputus
1663 2712 1682 2744 ι

132 2808 174 2854 et
191 2803 401 2858 vomitus
427 2801 496 2858 de
527 2817 628 2858 ore
646 2802 982 2872 procedant?
1007 2802 1119 2858 Nisi
1147 2803 1281 2856 forte
1310 2810 1433 2857 tunc
1460 2803 1683 2874 quisque

131 2906 216 2944 non
241 2893 630 2964 coinquinatur,
647 2909 770 2949 cum
795 2894 903 2949 edit
927 2893 1126 2964 aliquid
1153 2893 1514 2958 immundum;
1535 2895 1683 2950 coin-

131 2983 345 3050 quinatur
368 2995 554 3040 autem
578 3026 592 3049 ,
624 3000 746 3038 cum
790 2983 842 3038 id
868 2985 1084 3038 evomit.
1117 2984 1267 3050 Quod
1296 2985 1339 3038 si
1365 2984 1683 3040 absurdissi-

133 3091 251 3132 mum
290 3087 399 3143 est,
425 3084 602 3132 restat
629 3086 684 3131 ut
711 3091 773 3131 os
797 3075 976 3131 cordis
1018 3076 1369 3146 intelligamus
1395 3090 1427 3130 a
1459 3077 1684 3132 Domino

132 3167 391 3234 expositum
409 3209 424 3232 ,
455 3183 586 3222 cum
611 3168 718 3230 ait,
752 3166 878 3233 Quae
915 3167 1190 3238 procedunt
1215 3167 1278 3222 de
1303 3184 1388 3222 ore
1407 3210 1421 3233 ,
1450 3169 1513 3222 de
1534 3169 1685 3224 corde

135 3268 302 3312 meum.
326 3259 454 3316 Nam
485 3269 543 3314 et
571 3258 770 3313 furtum
812 3275 933 3313 cum
963 3260 1159 3328 possit,
1191 3267 1245 3314 et
1267 3274 1408 3328 saepe
1451 3260 1522 3314 ita
1551 3260 1639 3314 ﬁat
1662 3300 1679 3326 ,

136 3347 177 3402 in
198 3350 389 3405 silentio
414 3351 884 3422 corporalisvocis
908 3359 1066 3421 atque
1091 3351 1198 3406 oris
1237 3352 1557 3421 perpetrari;
1584 3352 1679 3408 de-

137 3442 484 3498 mentissimum
505 3451 590 3496 est
605 3441 684 3496 sic
701 3441 1016 3511 intelligere,
1031 3449 1092 3495 ut
1107 3450 1230 3497 tunc
1249 3453 1682 3513 putemusquem-

137 3545 265 3596 quam
290 3542 502 3599 peccato
550 3532 674 3590 furti
703 3533 1085 3597 contaminari,
1125 3547 1247 3586 cum
1289 3533 1340 3587 id
1377 3535 1568 3589 l’atetur
1591 3545 1680 3589 aut

139 3619 332 3687 indicat;
358 3638 474 3678 cum
503 3633 685 3678 autem
713 3621 767 3678 id
790 3623 950 3677 tacite
974 3624 1290 3690 committit,
1318 3624 1683 3694 incoinquina-

143 3717 227 3764 tum
250 3714 505 3768 arbitrari.
534 3717 602 3770 At
628 3729 754 3768 vero
775 3714 822 3768 si
845 3713 913 3767 ad
933 3729 994 3768 os
1017 3714 1193 3768 cordis
1216 3713 1357 3783 quod
1381 3713 1579 3769 dictum
1600 3725 1682 3769 est

141 3801 431 3871 referamus,
461 3804 600 3860 nihil
625 3804 841 3858 omnino
867 3803 1067 3874 peccati
1104 3805 1259 3858 tacite
1283 3805 1542 3859 committi
1583 3819 1680 3875 po-

141 3901 261 3948 test:
287 3912 387 3950 non
414 3897 956 3963 enimcommittitur,
985 3895 1087 3951 nisi
1111 3911 1178 3951 ex
1199 3912 1294 3952 ore
1313 3898 1402 3952 illo
1428 3898 1680 3953 interiore

141 3987 374 4051 procedat.

197 4076 272 4130 55.
303 4078 442 4134 Sicut
470 4087 650 4136 autem
693 4079 946 4149 quaeritur
973 4078 1040 4133 de
1068 4093 1172 4147 quo
1201 4093 1295 4133 ore
1341 4079 1562 4147 dixerit,
1612 4080 1684 4136 0s

142 4179 278 4224 autem
292 4171 422 4239 quod
440 4161 705 4236 mentitur,
728 4171 908 4224 occidit
933 4171 1187 4234 animum;
1208 4170 1277 4226 ita
1299 4171 1464 4240 qtueri
1487 4180 1678 4240 potest,

143 4255 196 4311 de
218 4275 310 4327 quo
336 4262 632 4321 mendacio.
665 4260 886 4315 Videtur
930 4260 1070 4315 enim
1115 4259 1180 4314 de
1209 4261 1300 4314 illo
1345 4261 1557 4329 proprie
1602 4261 1684 4315 di-

144 4359 272 4412 cere,
309 4365 407 4420 quo
448 4351 696 4420 cuiquam
722 4350 1036 4405 detrahitur.
1081 4351 1169 4404 Ait
1210 4350 1351 4404 enim
1387 4369 1400 4404 :
1431 4351 1683 4405 Abstinete

145 4453 240 4508 ergo
259 4457 333 4495 ros
367 4459 410 4496 α.
434 4445 834 4502 murmuratione
853 4485 868 4508 ,
898 4444 1162 4512 qumnihil
1185 4445 1417 4513 prodest,
1445 4454 1492 4498 et
1526 4462 1558 4499 (ι
1591 4446 1681 4500 dc-

147 4531 354 4586 tractione
393 4533 578 4604 lingua:
601 4535 806 4609 parcite.
848 4533 932 4588 Fit
963 4542 1137 4588 autem
1170 4535 1269 4588 ista
1295 4535 1552 4590 detractio
1592 4553 1686 4606 per

149 4619 555 4688 malevolentiam,
580 4639 700 4678 cum
723 4625 999 4694 quisquam
1027 4641 1130 4679 non
1159 4625 1330 4680 solum
1358 4642 1450 4681 ore
1470 4642 1533 4681 ac
1554 4643 1683 4684 voce

150 4713 358 4779 corporis
379 4715 578 4785 profert
597 4716 736 4785 quod
757 4715 1008 4786 contingit
1033 4717 1085 4770 in
1108 4717 1335 4786 aliquem
1361 4762 1374 4784 ,
1402 4719 1495 4773 sed
1522 4721 1680 4775 etiam

152 4801 308 4856 tacitus
347 4807 497 4860 talem
525 4808 634 4862 vult
661 4806 839 4872 credi;
882 4807 1020 4876 quod
1045 4817 1126 4862 est
1167 4809 1347 4878 utique
1389 4825 1482 4864 ore
1507 4811 1683 4866 cordis

154 4886 395 4952 detrahere
418 4913 432 4948 :
455 4897 594 4967 quod
620 4896 747 4953 dicit
767 4898 1052 4953 obscurum
1075 4908 1132 4953 et
1149 4901 1411 4958 occultum
1434 4901 1543 4957 Deo
1562 4917 1684 4958 esse

60 5029 70 5042 ,
155 4991 252 5036 non.
265 4998 426 5051 posse.

212 5071 286 5126 54.
314 5073 435 5131 Nam
477 5078 618 5149 quod
661 5079 765 5134 alio
810 5080 928 5135 loco
957 5080 1210 5149 scriptum
1255 5090 1368 5148 est,
1401 5082 1525 5137 Noti
1562 5085 1687 5140 velle

157 5161 320 5214 utentiri
341 5181 478 5222 omne
505 5169 852 5234 mendacium;
890 5185 996 5225 non
1023 5170 1088 5224 ad
1117 5170 1221 5225 huc
1245 5172 1428 5226 volunt
1464 5175 1643 5229 valere
1665 5215 1680 5241 ,

158 5255 203 5299 ut
235 5253 363 5308 nullo
404 5259 672 5313 mendacio
705 5259 982 5330 quisquam
1025 5261 1328 5317 mentiatur.
1357 5262 1535 5334 Itaque
1563 5281 1682 5320 eum

160 5336 270 5393 alius
286 5343 477 5412 dixerit,
505 5365 567 5404 ex
596 5351 697 5404 isto
721 5350 1007 5421 Scriptura:
1036 5353 1340 5412 testimonio
1360 5371 1529 5426 usque
1551 5356 1684 5412 adeo

158 5432 432 5492 generaliter
473 5454 627 5494 omne
671 5439 1000 5497 mendacium
1047 5457 1166 5499 esse
1193 5443 1594 5513 detestandum,
1627 5457 1684 5504 ut

161 5516 290 5607 ctiam
323 5524 362 5578 si
387 5528 496 5595 quis
536 5533 745 5588 mentiri
782 5533 941 5600 velit,
987 5535 1193 5590 etiamsi
1221 5552 1328 5592 non
1353 5538 1643 5593 mentiatur
1665 5581 1680 5607 ,

161 5604 243 5670 iam
259 5615 475 5676 voluntas
494 5623 604 5694 ipsa
622 5624 918 5681 damnanda
935 5628 1024 5694 sit;
1043 5637 1200 5700 atque
1220 5629 1284 5686 ad
1306 5631 1407 5689 hoc
1424 5604 1686 5704 interpre-

211 5719 224 5752 ¹
253 5727 367 5789 tot,
386 5739 581 5795 spicum.
605 5743 658 5786 At.
680 5743 752 5788 Fr.
779 5744 832 5790 et
850 5743 978 5800 Mss,
1002 5744 1181 5804 sputus.

3263 346 3367 402 5l0

1792 445 1951 506 tetur,
1968 439 2108 509 quod
2137 455 2240 495 non
2259 443 2454 497 dictum
2482 455 2582 509 cst,
2600 446 2713 501 Noli
2740 452 2948 506 mentiri
2967 456 3122 511 omne
3145 461 3365 515 menda-

1789 530 1963 597 cium;
1991 531 2105 598 scd,
2136 532 2262 587 Noli
2281 535 2405 588 velle
2426 538 2624 590 ntentiri
2645 555 2789 593 omne
2809 545 3157 611 mendacium;
3185 560 3238 604 ut
3261 569 3365 610 non

1789 620 1963 674 solum
1989 623 2238 690 mentiri,
2269 624 2363 680 sed
2395 641 2492 680 nec
2517 627 2652 682 velle
2682 631 2891 686 mentiri
2921 635 3144 706 quisque
3174 641 3365 697 audeat

1791 713 1898 769 ullo
1930 715 2225 770 mendacio.

1859 805 2083 863 CAPUT
2113 809 2274 863 XVII.
2305 842 2378 852 —
2409 812 2605 868 Psalmi
2651 815 2683 870 5
2721 819 2994 873 versiculus
3038 822 3070 876 7
3109 825 3366 894 tripliciter

1789 912 1985 968 quoque
2028 899 2322 956 intellectus.
2355 901 2673 973 Prteceptum
2712 917 2880 961 vetans
2920 911 3107 980 falsum
3137 917 3365 970 testimo-

1789 987 1926 1040 nium
1947 986 2067 1052 dici,
2087 991 2334 1058 quomodo
2350 993 2748 1064 intelligendum.
2765 999 2901 1052 Dicit
2925 1001 3077 1067 alius,
3102 1003 3210 1058 lino
3227 1009 3366 1075 quod

1789 1078 1861 1132 ait
1881 1120 1894 1145 ,
1929 1077 2054 1133 Noli
2073 1080 2197 1135 velle
2218 1083 2415 1136 mentiri
2436 1100 2580 1138 omne
2601 1088 2954 1154 mendacium;
2979 1091 3044 1146 de
3070 1109 3162 1148 ore
3189 1098 3368 1153 cordis

1789 1170 2244 1226 exterminandum
2262 1182 2418 1242 atque
2437 1175 2768 1230 alienandum
2788 1194 2904 1234 esse
2923 1181 3253 1239 mendacium
3271 1203 3369 1241 vo-

1790 1259 1887 1313 luit
1916 1277 1930 1312 :
1965 1269 2078 1315 uta
2106 1264 2418 1332 quibusdam
2467 1268 2754 1322 mendaciis
2793 1285 2886 1326 ore
2931 1275 3174 1343 corporis
3202 1278 3368 1332 absti-

1788 1352 2020 1406 nendum
2050 1353 2138 1418 sit,
2171 1355 2306 1409 sicut
2334 1356 2421 1410 illa
2447 1367 2571 1412 sunt
2595 1361 2843 1427 maxime,
2872 1378 2988 1432 qua:
3016 1368 3278 1434 pertinent
3298 1371 3364 1425 ad

1787 1444 2084 1499 doctrinam
2127 1448 2432 1518 religionis;
2464 1467 2492 1504 a
2523 1454 2836 1521 quibusdam
2871 1471 2993 1510 vero
3029 1474 3132 1512 non
3162 1461 3230 1514 sit
3271 1478 3366 1518 ore

1787 1535 2024 1602 corporis
2049 1537 2415 1593 abstinendum
2437 1580 2452 1607 ,
2481 1542 2525 1594 si
2557 1543 2771 1611 majoris
2799 1546 2919 1598 mali
2948 1547 3177 1602 evitandi
3205 1565 3362 1606 causa

1790 1625 1950 1694 exigit
1974 1643 1988 1690 ;
2015 1642 2109 1681 ore
2149 1639 2326 1684 autem
2353 1633 2528 1685 cordis
2574 1633 2640 1686 ab
2667 1635 2810 1688 omni
2839 1636 3114 1692 mendacio
3157 1642 3365 1708 penitus

1787 1714 2054 1770 abstinere
2067 1716 2374 1774 debeamus.
2399 1720 2498 1776 Ubi
2521 1732 2732 1790 Oportet
2759 1724 2976 1796 intelligi
2997 1729 3136 1796 quod
3167 1731 3362 1785 dictum

1787 1814 1899 1872 est,
1933 1805 2060 1860 Noli
2087 1809 2210 1863 uelle
2240 1825 2258 1863 :
2286 1811 2532 1867 voluntas
2559 1813 2755 1884 quippe
2787 1817 2894 1885 ipsa
2925 1819 3072 1887 quasi
3100 1834 3160 1873 os
3189 1822 3366 1877 cordis

1786 1897 2073 1967 accipitur,
2108 1909 2172 1954 ut.
2204 1916 2308 1955 non
2338 1903 2596 1972 pertineat
2622 1905 2686 1958 ad
2717 1920 2776 1959 os
2803 1907 2978 1961 cordis
2999 1949 3012 1971 ,
3043 1925 3162 1963 cum
3193 1912 3364 1982 majus

1787 1990 1982 2044 malum
2013 2000 2258 2047 caventes
2287 1994 2573 2048 mentiatur
2599 1995 2769 2051 inviti.
2797 1997 2890 2051 Est
2914 2010 2963 2052 et
2998 2001 3183 2056 tertius
3211 2003 3366 2058 lutei-

1789 2080 1985 2148 lectus,
2013 2099 2119 2153 quo
2143 2084 2220 2139 sic
2249 2086 2479 2156 accipias
2501 2129 2514 2151 ,
2546 2087 2669 2142 Noli
2707 2106 2852 2143 omne
2871 2132 2886 2155 ,
2920 2099 2975 2144 ut
3004 2094 3238 2162 exceptis
3264 2096 3362 2149 ali-

1788 2173 1978 2242 quibus
2007 2175 2293 2230 mendaciis
2322 2179 2532 2232 mentiri
2564 2187 2614 2234 te
2653 2179 2810 2234 sinat.
2840 2181 3110 2253 Tanquam
3141 2186 3183 2240 si
3213 2186 3362 2242 dice-

1789 2271 1902 2327 ret,
1936 2263 2051 2318 Noli
2084 2265 2220 2319 velle
2245 2266 2467 2323 credere
2495 2270 2638 2324 omni
2684 2269 2880 2326 homini
2916 2291 2929 2326 :
2965 2291 3065 2328 non
3101 2277 3277 2346 utique
3305 2288 3365 2332 ut

1788 2353 1918 2406 nulli
1945 2353 2252 2408 crederetur
2278 2367 2550 2422 moneret;
2594 2359 2688 2413 sed
2731 2369 2789 2414 ut
2819 2376 2921 2416 non
2952 2366 3230 2431 omnibus,
3263 2367 3364 2422 ali-

1787 2441 1980 2512 quibus
2018 2453 2192 2499 autem
2220 2446 2542 2502 crederetur.
2572 2449 2637 2502 Et
2666 2450 2718 2504 id
2746 2451 2884 2520 quod
2913 2455 3150 2524 sequitur
3168 2498 3184 2523 ,
3217 2457 3364 2511 Assi-

1788 2532 1952 2588 duitas
1971 2534 2103 2588 enim
2121 2535 2231 2605 ejus
2250 2551 2350 2589 non
2375 2538 2602 2607 proficiet
2625 2540 2696 2591 ad
2717 2539 2899 2594 bonum
2923 2541 3105 2612 (Eccli.
3130 2561 3219 2611 vn,
3248 2547 3360 2617 14),

1788 2624 1866 2678 ita.
1887 2633 2057 2685 sonat,
2081 2626 2361 2696 quasinon
2388 2642 2418 2680 a
2448 2628 2743 2694 mendacio,
2768 2631 2860 2684 sed
2887 2633 2952 2685 ab
2976 2634 3188 2688 assiduo
3212 2652 3363 2690 men-

1787 2713 1957 2773 dacio.
1987 2713 2040 2768 id
2076 2723 2176 2782 est,
2208 2729 2237 2768 a
2267 2716 2648 2772 consuetudine
2673 2726 2832 2789 atque
2861 2735 3041 2776 amore
3069 2725 3361 2779 mentiendi

1789 2803 2067 2875 prohibete
2091 2805 2350 2860 videatur.
2377 2805 2494 2874 Quo
2517 2806 2753 2876 profecto
2780 2809 3057 2866 delabetur
3075 2853 3088 2876 ,
3121 2815 3359 2884 quisquis

1785 2897 1870 2952 vel
1897 2897 2040 2951 omni
2085 2897 2359 2955 mendacio
2411 2902 2668 2968 putaverit
2705 2902 3059 2972 abutendum,
3095 2907 3186 2977 (ita
3216 2907 3359 2962 enim

1786 3002 1886 3042 nec
1912 2986 2038 3041 illud
2067 2988 2287 3051 cavebit,
2318 2990 2455 3058 quod
2487 2991 2542 3043 tit
2571 2991 2621 3043 in
2651 2991 2886 3048 doctrina
2918 2995 3124 3062 pietatis
3153 3004 3202 3050 et
3234 2999 3359 3052 reli~

1786 3077 1984 3148 gionis;
2007 3094 2111 3148 quo
2138 3080 2445 3134 sceleratius
2471 3080 2595 3150 quid
2621 3081 2775 3137 facile
2802 3084 3059 3153 invenias,
3089 3101 3191 3142 non
3225 3088 3362 3144 inter

1786 3169 1961 3222 omnia
1989 3168 2280 3233 mendacia,
2305 3169 2396 3224 sed
2430 3172 2563 3224 inter
2589 3174 2764 3226 omnia
2797 3175 3065 3247 peccata?)
3089 3178 3167 3231 vel
3199 3177 3355 3234 alicui

1787 3258 2094 3324 mendacio,
2124 3261 2362 3328 quamvis
2392 3259 2566 3326 facili,
2607 3264 2845 3331 quamvis
2877 3264 3093 3319 innoxio
3114 3306 3128 3332 ,
3171 3277 3358 3323 nutum

1786 3351 2089 3405 voluntatis.
2110 3352 2621 3420 accommodaverit;
2661 3365 2714 3408 ut
2744 3370 2846 3409 non
2877 3355 3069 3412 invitus
3103 3359 3360 3415 evadendi

1786 3440 2002 3510 majoris
2016 3441 2138 3494 mali
2167 3456 2345 3505 causa,
2363 3441 2457 3496 sed
2476 3444 2656 3498 volens
2674 3444 2946 3514 libensque
2962 3447 3263 3502 mentiatur.
3283 3448 3360 3504 Ita

1786 3545 1906 3584 cum
1937 3530 2032 3585 tria
2063 3531 2170 3585 sint
2203 3547 2322 3601 qua:
2352 3531 2403 3586 in
2436 3532 2535 3586 hac
2563 3536 2823 3588 sententia
2864 3536 3082 3607 intelligi
3114 3540 3357 3608 possint:

1786 3631 1910 3688 aut,
1942 3623 2111 3677 Omne
2136 3623 2467 3679 mendacium
2506 3641 2609 3680 non
2640 3627 2808 3682 solum
2840 3630 3048 3684 mentiri
3089 3632 3231 3699 noli,
3265 3635 3358 3692 sed

1787 3730 1884 3770 nec
1903 3715 2034 3769 velle
2055 3715 2264 3770 mentiri
2284 3716 2321 3781 ¹;
2339 3725 2448 3781 aut,
2469 3717 2575 3771 noli
2599 3719 2752 3783 velle,
2774 3719 2867 3774 sed
2894 3721 2976 3774 vel
3003 3721 3196 3777 invitus
3211 3739 3362 3781 men-

1789 3806 1920 3869 tire,
1950 3820 2069 3860 cum
2110 3805 2412 3875 fugiendum
2455 3809 2759 3878 estaliquid
2805 3811 3051 3879 gravius;
3095 3822 3218 3879 aut,
3251 3815 3362 3870 noli

1787 3911 1964 3962 omne,
1994 3904 2051 3950 ut
2075 3899 2310 3967 exceptis
2329 3899 2590 3968 aliquibus
2614 3901 2904 3955 mendaciis
2929 3911 3120 3956 caetera
3148 3905 3366 3973 permit-

1790 3996 1995 4042 tantur:
2018 4004 2179 4042 unum
2207 3989 2294 4043 hic
2315 4006 2409 4059 pro
2427 3991 2509 4043 his
2524 3990 2716 4060 quibus
2731 3992 2940 4046 mentiri
2969 4009 3232 4062 nunquam
3255 3997 3364 4062 pla-

1787 4087 1903 4143 cet,
1936 4080 2040 4134 duo
2070 4095 2168 4149 pro
2194 4081 2296 4134 illis
2324 4081 2412 4151 qui
2441 4080 2723 4149 aliquando
2750 4090 2934 4151 putant
2956 4098 3074 4138 esse
3101 4087 3364 4140 mentien-

1788 4169 1935 4234 dum,
1967 4169 2318 4224 inveniuntur.
2350 4169 2453 4224 Sed
2487 4181 2658 4224 tamen
2685 4171 2823 4239 quod
2852 4173 3107 4240 sequitur,
3132 4174 3364 4229 Assidui-

1790 4268 1866 4311 tas
1886 4259 2014 4311 enim
2037 4259 2142 4327 ejus
2167 4275 2264 4311 non
2285 4260 2511 4328 pro/iriet
2530 4260 2597 4312 ad
2609 4262 2810 4326 bonum,
2834 4262 3013 4317 nescio
3039 4275 3210 4318 utrum
3240 4281 3366 4335 pos-

1789 4349 1856 4403 sit
1883 4349 2064 4418 prima:
2091 4349 2275 4403 harum
2296 4350 2451 4404 trium
2478 4352 2754 4406 sententiae
2784 4352 3057 4424 suffragari
3079 4373 3091 4408 :
3111 4355 3209 4409 nisi
3228 4355 3364 4412 forte

1789 4439 1859 4492 ita
1889 4447 1944 4492 ιιι
1974 4438 2326 4508 perfecturum
2357 4451 2676 4511 praeceptum
2707 4443 2808 4511 sit,
2851 4445 3068 4500 omnino
3094 4462 3360 4516 nunquam

1792 4547 1897 4586 non
1931 4532 2100 4586 solum
2132 4533 2378 4614 mentiri,
2410 4535 2503 4589 sed
2531 4535 2616 4589 vel
2647 4536 2779 4591 velle
2805 4538 3052 4601 mentiri;
3082 4539 3363 4593 assiduitas

1789 4640 1914 4678 vero
1940 4625 2227 4680 mentiendi
2271 4640 2369 4680 nec
2397 4627 2790 4696 proﬁcientibus
2820 4628 3169 4696 permittatur.
3219 4629 3361 4683 Tan-

1790 4732 1945 4786 quam
1970 4717 2012 4771 si
2044 4732 2163 4771 cum
2191 4719 2585 4786 praeciperetur,
2615 4733 2878 4786 nunquam
2903 4734 3121 4788 prorsus
3148 4735 3248 4773 non
3277 4736 3364 4776 so-

1789 4806 1896 4861 lum
1925 4807 2301 4872 mentiendum,
2335 4808 2426 4862 sed
2454 4823 2551 4863 nec
2576 4808 2897 4861 voluntatem
2927 4807 3222 4864 habendam
3244 4826 3364 4868 esse

1790 4899 2099 4966 mentiendi,
2116 4901 2568 4956 contradiceretur
2593 4903 2866 4970 exemplis.
2888 4903 3027 4972 quod
3049 4905 3220 4975 aliqua
3243 4917 3363 4960 sunt

1791 4993 1950 5046 etiam
1977 5007 2164 5060 magna
2179 4993 2493 5047 auctoritate
2507 4993 2793 5063 approbata
2820 4995 3092 5050 mendacia
3114 5013 3126 5048 :
3147 5011 3366 5066 respon-

1789 5083 2005 5138 deretur
2035 5091 2207 5136 autem
2229 5123 2242 5146 ,
2285 5083 2372 5136 illa
2400 5083 2610 5153 quidem
2640 5098 2758 5138 esse
2788 5085 3170 5153 proficientium
3193 5126 3206 5149 ,
3246 5102 3364 5156 qua:

1793 5175 1991 5228 habent
2034 5173 2322 5228 secundum
2357 5173 2492 5228 hanc
2521 5174 2678 5228 vitam
2707 5176 3090 5246 qualecumque
3130 5177 3360 5231 ofﬁcium

1789 5262 2197 5328 misericordiae;
2229 5263 2322 5318 sed
2350 5279 2516 5334 usque
2540 5264 2674 5320 adeo
2696 5280 2816 5320 esse
2841 5282 2999 5326 omne
3024 5265 3358 5321 mendacium

1790 5355 1984 5409 malum
2005 5394 2020 5420 ,
2053 5362 2108 5409 et
2149 5354 2398 5424 perfectis
2422 5365 2580 5425 atque
2608 5356 2964 5426 spiritualibus
3001 5356 3190 5410 animis
3215 5357 3363 5410 omni

1790 5447 1948 5504 modo
1975 5445 2273 5517 fugiendum
2294 5487 2310 5514 ,
2337 5454 2396 5502 ut
2421 5463 2518 5503 nec
2549 5449 2674 5518 ipsis
2711 5447 3103 5517 proﬁcientibus
3130 5445 3360 5500 assidui-

1791 5547 1871 5596 tas
1898 5539 2012 5610 ejus
2034 5539 2381 5610 permittenda
2405 5540 2492 5595 sit.
2517 5541 2720 5595 Dictum
2746 5547 2832 5594 est
2851 5540 2990 5596 enim
3011 5538 3120 5608 jam
3172 5536 3239 5592 de
3263 5535 3362 5591 ob-

1791 5632 2094 5688 stetricibus
2123 5632 2420 5703 Egyptiis,
2447 5631 2588 5701 quod
2612 5632 2679 5687 de
2704 5630 2879 5688 indole
2906 5629 2972 5686 ad
3014 5629 3204 5685 melius
3233 5641 3358 5699 prov

1856 5745 1870 5775 ί
1906 5750 2030 5807 Mss,
2055 5743 2139 5795 sed
2162 5742 2234 5796 rcl
2249 5742 2364 5795 velle
2385 5741 2593 5794 mentiri.
