3880 6284
110 347 193 403 513
1445 313 1636 372 ‘LIBEF

1745 311 1896 370 NUS.

162 453 235 509 58.
270 448 379 505 Haec
408 451 555 500 certe
578 438 751 497 omnis
780 432 1066 508 disputatio
1094 429 1342 503 quamvis
1367 427 1616 489 alternet,

106 547 198 601 aliis
220 535 554 595 asscrentibns
594 543 862 600 nunquam
898 541 1021 582 esse
1041 520 1431 584 mentiendum,
1460 525 1517 573 et
1560 515 1628 570 ad

106 638 186 689 hoc
204 632 357 686 divina
386 622 682 681 testimonia
710 616 1091 680 recitantibus;
1114 612 1234 668 aliis
1259 607 1635 666 contradicen-

105 727 231 787 tibus,
256 729 305 776 et
349 718 481 773 inter
526 716 638 785 ipsa
664 712 823 768 verba
854 709 1154 765 divinorum
1199 700 1633 760 testimoniorum

103 814 329 871 mendacio
377 812 547 863 locum
589 802 1172 876 qumrcntibusznemo
1224 804 1402 849 tamen
1456 797 1635 861 potest

102 908 259 970 dicere,
281 903 372 956 hoc
399 913 457 954 se
483 904 577 951 aut
596 897 648 950 in
670 893 919 962 exemplo
946 897 1039 944 aut
1064 888 1116 941 in
1138 885 1303 941 verbo
1330 882 1635 952 Scriptura-

102 1015 189 1055 rum
214 993 450 1056 invenire,
480 998 539 1043 ut
576 985 904 1057 diligendum
934 981 1019 1035 vel
1046 994 1152 1035 non
1178 976 1301 1032 odio
1327 973 1630 1030 habendum

103 1091 229 1144 ullum
252 1080 574 1140 mendacium
610 1078 879 1140 videatur;
911 1071 1007 1129 sed
1031 1068 1297 1126 interdum
1322 1063 1633 1122 mentiendo

101 1176 344 1233 faciendum
389 1187 511 1228 esse
564 1169 707 1240 quod
758 1166 956 1232 oderis,
1005 1160 1228 1232 utquod
1252 1157 1483 1228 amplius
1533 1156 1631 1211 tle-

103 1266 350 1325 testandum
376 1271 458 1318 est
478 1262 767 1315 devitetur.
814 1255 919 1312 Sed
952 1255 1007 1309 in
1032 1254 1132 1307 hoc
1154 1259 1338 1307 errant
1365 1248 1629 1310 homines,

100 1359 204 1430 quod
222 1356 434 1411 subdunt
456 1353 691 1424 pretiosa
720 1348 1017 1404 vilioribus.
1056 1347 1189 1401 Cum
1214 1344 1360 1399 enim
1404 1355 1631 1396 conces-

104 1452 204 1508 seris
243 1445 621 1502 admittendum
661 1456 781 1498 esse
826 1437 1037 1509 aliquod
1086 1436 1323 1498 malum,
1370 1447 1440 1487 ne
1490 1430 1632 1484 aliud

103 1544 261 1614 gravius
305 1538 664 1600 admittatur;
716 1548 820 1587 non
869 1546 938 1586 ex
999 1527 1183 1598 regula
1235 1522 1494 1587 veritatis,
1536 1520 1632 1575 sed

99 1652 145 1690 ex
166 1648 240 1688 sua
261 1634 476 1700 quisque
501 1625 794 1697 cupiditate
821 1632 980 1692 atque
1009 1617 1394 1675 consuetudine
1416 1616 1634 1668 metitur

97 1726 280 1787 malum;
303 1731 354 1777 et
380 1720 429 1774 id
450 1728 602 1788 putat
630 1716 861 1787 gravius,
885 1711 1024 1791 quod
1048 1711 1161 1780 ipse
1186 1706 1413 1777 amplius
1433 1703 1632 1760 exhor-

94 1818 237 1881 rescit,
262 1829 358 1867 non
384 1811 531 1881 quod
564 1807 799 1877 amplius
836 1818 1021 1859 revera
1050 1798 1355 1870 fugiendum
1386 1804 1487 1851 est.
1520 1794 1634 1848 lloc

97 1907 294 1966 totumab
304 1904 499 1960 amoris
512 1898 868 1973 perversitate
882 1896 1115 1967 gignitur
1130 1892 1329 1947 vitium.
1340 1888 1473 1944 Cum
1492 1886 1632 1942 enim

93 2003 182 2057 dua:
200 2002 294 2054 sint
312 2000 428 2052 vita:
451 2004 659 2051 nostra:
683 2010 697 2057 ;
729 2006 834 2045 una
861 1990 1205 2059 sempiterna,
1234 1999 1353 2056 qua:
1375 1982 1632 2037 divinitus

93 2093 393 2164 promittitur;
439 2089 613 2143 altera
650 2080 974 2153 temporalis,
1000 2080 1053 2134 in
1083 2092 1187 2150 qua
1234 2090 1375 2130 nunc
1406 2086 1629 2128 sumus:

92 2200 182 2241 cum
204 2183 412 2255 quisque
442 2181 607 2235 istam
637 2173 988 2245 temporalem
1020 2169 1246 2238 amplius
1267 2166 1495 2236 diligere
1520 2177 1634 2218 coe-

92 2280 212 2349 perit,
238 2291 385 2346 quam
429 2273 578 2327 illam
626 2268 1026 2339 sempiternam,
1068 2269 1286 2333 propter
1313 2259 1451 2314 hanc
1475 2272 1633 2328 quam

91 2368 236 2438 diligit,
266 2373 407 2435 putat
450 2377 576 2418 esse
623 2359 802 2416 omnia
844 2353 1083 2411 facienda
1106 2370 1125 2419 ;
1148 2367 1246 2407 nec
1275 2350 1381 2405 ulla
1405 2349 1637 2404 aestimat

90 2460 287 2529 graviora
320 2470 560 2526 peccata,
602 2466 762 2524 quam
798 2464 920 2520 qum
952 2447 1073 2502 huic
1095 2445 1219 2499 vita:
1245 2443 1448 2498 faciunt
1491 2440 1633 2510 inju-

90 2552 208 2612 riam,
232 2558 280 2603 et
301 2549 379 2603 vel
396 2548 446 2603 ei
473 2541 877 2602 commoditatis
896 2537 1127 2609 aliquid‘
1162 2537 1342 2606 inique
1367 2543 1422 2589 et
1447 2532 1634 2588 illicito

90 2640 311 2706 auferunt,
336 2648 426 2694 aut
450 2652 575 2694 eam
624 2635 836 2704 penitus
861 2632 1005 2685 illata
1040 2636 1215 2683 morte
1241 2626 1502 2681 adimunt.
1530 2623 1632 2678 ιω-

88 2747 165 2801 que
188 2731 335 2798 fures,
387 2738 442 2785 et
464 2736 738 2798 raptores,
780 2732 834 2778 et
860 2719 1304 2781 contumeliosos,
1328 2728 1381 2771 et
1405 2724 1635 2771 tortores

90 2834 211 2894 atque
243 2820 611 2878 interfectores
650 2816 821 2887 magis
869 2812 1134 2876 oderunt,
1175 2823 1335 2880 quam
1383 2806 1631 2872 lascivos,

89 2914 305 2980 ebriosos,
337 2913 668 2976 luxuriosos,
701 2908 747 2961 si
776 2906 909 2961 nulli
941 2903 1150 2959 molesti
1182 2903 1310 2956 sint.
1337 2899 1450 2954 Non
1489 2898 1632 2953 cnim

90 3007 359 3078 intelligunt,
382 3013 474 3058 aut
517 3000 743 3058 omnino
781 3004 992 3062 curant,
1026 2993 1165 3064 quod
1189 2993 1273 3047 isti
1305 2992 1414 3045 Deo
1438 2989 1637 3044 faciant

89 3099 289 3168 iniuriam
318 3117 332 3164 ;
365 3113 469 3152 non
488 3093 708 3166 quidem
734 3091 784 3145 in
817 3090 959 3145 illius
974 3086 1191 3157 aliquod
1211 3082 1631 3147 incommodum,

88 3193 159 3248 sed
182 3192 229 3247 in
266 3206 409 3247 suam
448 3202 703 3259 magnam
755 3182 1076 3255 perniciem;
1107 3194 1227 3234 cum
1270 3179 1409 3232 dona
1438 3176 1552 3247 ejus
1580 3176 1632 3229 in

89 3298 132 3340 se
171 3291 515 3353 corrumpunt,
545 3280 709 3334 etiam
739 3272 1075 3344 temporalia,
1104 3280 1264 3340 atque
1297 3268 1423 3338 ipsis
1452 3282 1636 3321 corru-

90 3377 313 3445 ptionibus
335 3383 654 3431 aversantur
677 3378 873 3423 mterna
892 3383 916 3420 τ
944 3364 1174 3419 maxime
1194 3362 1236 3417 si
1249 3360 1357 3431 jam
1378 3359 1633 3429 templum

93 3467 162 3522 Dei
185 3483 291 3523 esse
317 3472 633 3537 coeperunt;
662 3459 803 3531 quod
830 3454 1149 3513 Christianis
1194 3451 1443 3506 omnibus
1492 3451 1635 3520 Apo-

91 3558 225 3612 stolus
271 3557 341 3612 ita
388 3556 523 3609 dicit
558 3572 571 3607 :
604 3550 829 3606 Nescitis
855 3548 973 3619 quia
1014 3544 1253 3613 templum
1279 3540 1374 3596 Dei
1400 3541 1539 3605 estis,
1585 3549 1635 3594 et

94 3649 274 3717 Spiritus
313 3648 406 3703 Dei
440 3645 639 3701 habitat
683 3644 737 3696 in
783 3638 954 3693 vobis?
987 3635 1224 3706 Quisquis
1258 3632 1501 3704 templum
1540 3630 1636 3685 Dei

92 3740 344 3809 corruperit,
372 3744 663 3804 corrumpet
700 3732 847 3786 illuni
878 3729 1034 3784 Deus.
1066 3724 1334 3795 Templum
1362 3724 1495 3777 enim
1539 3722 1636 3777 Dei

92 3843 278 3884 sanctum
300 3840 389 3895 est,
415 3827 556 3896 quod
583 3826 700 3879 estis
729 3820 870 3892 tos(l
898 3820 1015 3875 Cor.
1049 3834 1123 3883 ut,
1161 3816 1227 3873 16
1244 3824 1290 3869 et
1310 3814 1420 3885 i7).

145 3923 218 3977 59.
255 3924 315 3977 Ει
338 3922 518 3977 omnia
561 3918 774 3987 quidem
802 3916 901 3970 ista
926 3921 1163 3983 peccata,
1194 3909 1306 3964 sive
1331 3907 1526 3977 quibus
1548 3906 1635 3960 in~

92 4017 200 4084 juria
250 4019 302 4071 iit
328 4014 635 4071 hominibus
656 4013 711 4065 in
758 4009 888 4080 ipsis
934 4007 1055 4061 vita:
1099 4004 1255 4073 hujus
1279 3998 1632 4066 commodis',

94 4109 182 4163 sive
202 4111 379 4180 quibus
405 4124 464 4165 se
493 4106 595 4176 ipsi
622 4103 863 4159 homines
880 4106 1250 4167 corrumpunt,
1279 4104 1333 4151 et
1358 4095 1487 4149 nulli
1505 4093 1638 4147 invi-

96 4209 136 4255 to
159 4212 330 4259 nocent
354 4220 367 4256 :
399 4200 581 4257 omnia
602 4212 727 4269 ergo
745 4197 843 4250 ista
864 4203 1096 4265 peccata,
1125 4190 1331 4246 etiamsi
1352 4187 1475 4242 huic
1501 4195 1638 4241 tem-

97 4294 230 4362 porali
272 4295 386 4349 vitm
422 4293 491 4348 ad
538 4290 769 4360 aliquam
796 4286 1203 4343 delectationem
1244 4280 1328 4337 vel
1355 4278 1639 4334 utilitatem

98 4388 304 4443 videntur
330 4387 613 4444 consulere
661 4384 806 4455 (nam
848 4378 1024 4433 nullus
1068 4373 1269 4445 aliquid
1301 4374 1491 4427 horum
1533 4370 1637 4424 alio

100 4480 331 4547 proposito
354 4493 415 4533 ac
444 4479 553 4532 fine
580 4471 921 4541 committit);
971 4477 1147 4523 tamen
1177 4465 1242 4519 ad
1266 4464 1423 4535 illam
1450 4462 1633 4527 vitam,

101 4584 193 4635 qua:
219 4571 529 4640 sempiterna
554 4576 658 4632 est,
701 4562 1001 4634 implicatos
1036 4558 1287 4613 omnibus
1336 4554 1511 4610 modis
1540 4553 1639 4607 im-

104 4659 300 4727 pediunt.
338 4661 536 4715 Horum
580 4664 758 4711 autem
784 4653 881 4706 alia
906 4659 1173 4719 suntquae
1213 4647 1356 4702 solos
1386 4644 1643 4700 facientes

105 4752 373 4818 impediunt,
410 4751 515 4804 alia
555 4761 674 4819 quae
717 4759 809 4800 eos
836 4743 993 4799 etiam
1031 4742 1084 4795 in
1110 4740 1301 4810 quibus
1328 4737 1483 4791 fiunt.
1510 4735 1641 4790 Nam

108 4841 173 4894 illa
197 4858 301 4913 quae
321 4842 558 4897 utilitatis
574 4839 641 4894 ad
666 4838 803 4892 hanc
820 4837 979 4889 vitam
1008 4831 1324 4903 pertinentis
1353 4828 1518 4900 gratia
1540 4843 1646 4883 ser-

109 4912 282 4997 tantur,
325 4951 440 4988 cum
490 4931 804 4987 auferuntur
829 4927 896 4981 ab
927 4922 1228 4994 injuriosis;
1274 4921 1351 4976 illi
1380 4920 1480 4976 soli
1517 4912 1644 4989 pec—

110 5035 227 5089 cant,
254 5034 350 5079 eta
379 5027 483 5080 vita
522 5032 723 5079 mterna
766 5017 1147 5089 impediuntur,
1186 5013 1276 5084 qui
1313 5027 1375 5067 ea
1421 5010 1641 5075 faciunt,

114 5128 198 5167 non
226 5116 257 5170 ii
298 5118 481 5188 quibus
514 5115 733 5170 faciunt.
777 5111 960 5181 itaque
979 5106 1187 5164 etiamsi
1217 5120 1278 5161 ea
1304 5104 1405 5159 sibi
1446 5103 1646 5159 auferri

115 5208 304 5278 quisque
322 5208 631 5275 consentiat,
657 5206 742 5263 vel
777 5220 845 5260 ne
874 5203 1035 5258 faciat
1058 5199 1259 5271 aliquid
1296 5198 1439 5264 mali,
1468 5197 1551 5252 vel
1579 5211 1647 5251 ne

117 5295 160 5350 in
185 5299 255 5354 bis
281 5301 400 5371 ipsis
425 5301 595 5372 majus
632 5295 835 5368 aliquid
873 5292 1197 5350 incommodi
1248 5290 1509 5361 patiatur;
1539 5302 1646 5342 non

118 5388 262 5444 solum
286 5408 382 5447 non
407 5401 609 5464 peccat,
642 5390 736 5445 sed
767 5388 897 5443 illud
945 5386 1155 5441 fortiter
1197 5392 1253 5439 et
1289 5380 1644 5447 laudabiliter,

122 5480 205 5536 hoc
228 5485 409 5542 utiliter
430 5498 480 5542 et
500 5483 891 5555 inculpabiliter
920 5481 1063 5535 facit.
1092 5479 1219 5547 Quae
1249 5487 1425 5533 autem
1453 5473 1651 5529 sancti-

124 5574 224 5629 tatis
247 5578 603 5650 religionisque
631 5590 790 5632 causa
817 5583 1119 5638 servantur,
1161 5572 1421 5644 cumineo
1451 5568 1652 5624 violare

175 5710 190 5742 ⁸
218 5717 330 5770 Mss,
360 5720 402 5763 et
421 5713 494 5765 vel
524 5712 629 5771 eius
650 5709 965 5761 commoditati
987 5708 1187 5772 aliquid.

176 5774 193 5805 ‘
218 5778 280 5826 Sic
299 5783 395 5827 uss.
419 5785 475 5828 at
498 5775 633 5830 editi.
648 5772 954 5827 incommodis

3228 316 3335 374 δη

1742 424 1985 494 iniuriosi
2034 427 2333 492 voluerint;
2385 426 2549 483 etiam
2590 426 2820 497 peccatis
2854 428 3165 495 minoribus,
3214 445 3323 487 non

1740 523 1919 570 tamen
1941 515 2148 585 injuriis
2176 516 2425 581 aliorum,
2452 517 2499 570 si
2528 515 2765 572 conditio
2796 518 3109 585 proponitur
3152 525 3207 572 et
3231 517 3317 573 fa-

1738 604 1908 660 cultas
1926 607 2101 672 datur,
2124 605 2431 661 redimenda
2448 614 2592 661 sunt.
2607 606 2675 661 Et
2694 615 2819 661 tunc
2834 605 2944 675 jam
2966 606 3052 660 illa
3072 606 3327 663 desinunt

1738 710 1858 752 esse
1877 706 2112 766 peccata,
2128 712 2246 767 quae
2271 705 2491 767 propter
2508 696 2751 767 graviora
2773 695 2990 750 vitanda
3012 697 3289 768 suscipiun
3303 728 3325 739 -

1740 795 1844 843 tur.
1863 787 2173 844 Sicutenim
2192 789 2245 843 in
2267 789 2428 844 rebus
2457 789 2699 856 utilibus,
2744 788 2892 844 velut
2919 788 2973 842 in
3014 789 3326 858 pecuniario

1738 882 1911 937 aliove
1934 882 2115 952 aliquo
2134 881 2419 937 commodo
2456 881 2775 951 corporali‘,
2818 895 2925 936 non
2964 892 3185 935 vocatur
3227 880 3323 935 da-

1738 987 1945 1038 mnum,
1973 971 2113 1043 quod
2137 983 2353 1043 propter
2364 971 2535 1041 majus
2550 973 2754 1026 lucrum
2779 970 3038 1026 amittitur
3057 985 3072 1035 ;
3091 971 3168 1026 sic
3190 980 3245 1025 et
3273 972 3325 1026 in

1738 1063 1900 1117 rebus
1916 1062 2117 1117 sanctis
2146 1078 2257 1117 non
2275 1070 2493 1117 vocatur
2514 1072 2811 1132 peccatum,
2852 1061 2992 1131 quod
3022 1076 3091 1117 ne
3114 1062 3325 1132 gravius

1737 1154 2068 1222 admittatur,
2090 1154 2409 1210 admittitur.
2432 1155 2595 1209 Αυιεί
2617 1163 2671 1209 et
2690 1153 2817 1209 illud
2832 1153 3086 1209 damnum
3111 1153 3326 1222 dicitur,

1737 1245 1880 1314 quod
1902 1245 2089 1315 aliquis
2112 1245 2371 1315 perditae
2407 1244 2635 1315 amplius
2658 1244 2843 1314 perdat
2861 1261 2877 1311 ;
2894 1252 3115 1300 vocetur
3142 1254 3194 1300 ct
3226 1244 3329 1301 hoc

1740 1336 2183 1405 peecatum,dnm
2202 1346 2379 1392 tamen
2416 1336 2810 1406 suscipiendum
2847 1351 2987 1402 esse,
3028 1344 3086 1391 ut
3101 1337 3330 1407 amplius

1737 1426 1987 1496 evitetur,
2004 1429 2075 1483 ita
2103 1443 2261 1485 nemo
2281 1428 2507 1497 dubitet,
2531 1430 2668 1484 sicut
2691 1444 2848 1484 nemo
2867 1429 3071 1484 dubitat
3102 1428 3326 1485 cavendi

1739 1519 1956 1588 majoris
1970 1519 2148 1575 damni
2170 1535 2331 1576 causa
2366 1519 2675 1591 patiendum
2714 1533 2836 1575 csse
2855 1518 2997 1590 quod
3021 1520 3197 1575 minus
3222 1528 3325 1574 est.

1810 1610 2034 1665 CAPUT
2074 1611 2216 1665 XIX.
2242 1641 2315 1651 —
2342 1610 2432 1665 40.
2466 1609 2590 1664 Tria
2627 1610 2875 1664 servanda
2902 1608 3180 1665 sanctitatis
3207 1626 3329 1663 cau-

1738 1718 1797 1756 sa
1820 1717 1839 1756 :
1859 1702 2103 1773 pudicitia
2132 1703 2379 1771 corporis,
2421 1703 2622 1756 castitas
2645 1703 2824 1767 animi,
2850 1710 2898 1756 et
2935 1702 3116 1756 veritas
3135 1701 3326 1756 doctri-

1739 1808 1839 1846 ηαξ.
1882 1793 1985 1847 lsta
2016 1802 2142 1847 sunt
2168 1802 2347 1847 autem
2388 1808 2507 1861 qua:
2550 1792 2849 1847 sanctitatis
2884 1806 3042 1846 causa
3064 1791 3329 1847 servanda

1740 1893 1865 1940 sunt
1893 1902 1905 1938 :
1939 1885 2191 1955 pudicitia
2210 1886 2477 1956 corporis,
2500 1894 2555 1941 et
2576 1886 2793 1941 castitas
2818 1887 3029 1952 animm,
3056 1895 3110 1941 et
3128 1888 3329 1942 veritas

1740 1977 2018 2032 doctrinm.
2082 1979 2397 2034 Pudicitiam
2453 1980 2713 2049 corporis,
2745 1994 2851 2032 non
2874 1980 3241 2034 consentiente
3265 1992 3329 2035 ac

1741 2071 2083 2141 permittente
2106 2070 2283 2125 anima
2306 2085 2466 2127 nemo
2492 2071 2671 2125 violat.
2695 2069 2961 2141 Quidquid
3001 2071 3143 2125 enim
3175 2070 3328 2125 nobis

1742 2162 1922 2217 invitis
1964 2162 2273 2233 nullamque
2322 2162 2680 2218 tribuentibus
2705 2171 3021 2232 potestatem
3050 2163 3253 2232 majore
3276 2161 3329 2217 vi

1738 2253 1996 2324 contingit
2026 2253 2078 2308 in
2104 2263 2288 2309 nostro
2308 2268 2553 2325 corpore,
2581 2254 2724 2308 nulla
2747 2252 3073 2324 impudicitia
3096 2262 3197 2309 est.
3221 2252 3328 2310 Sed

1742 2344 2083 2414 permittendi
2105 2353 2279 2415 potest
2304 2359 2426 2399 esse
2445 2345 2621 2415 aliqua
2647 2344 2807 2411 ratio,
2840 2345 3209 2400 consentiendi
3236 2359 3331 2399 au-

1741 2445 1849 2491 tem
1875 2436 2037 2490 nulla.
2070 2436 2220 2491 Tunc
2237 2436 2381 2492 enim
2398 2436 2779 2502 consentimus,
2810 2450 2930 2491 cum
2958 2436 3319 2505 approbamus

1739 2537 1794 2582 et
1816 2529 2095 2583 volumus:
2130 2529 2487 2598 permittimus
2537 2536 2714 2582 autem
2737 2527 2899 2582 etiam
2926 2542 3033 2582 non
3063 2528 3324 2595 volentes,

1740 2616 2005 2673 evitanda:
2029 2617 2253 2687 alicujus
2273 2618 2491 2687 majoris
2510 2617 2849 2687 turpitudinis
2872 2618 3061 2687 gratia.
3092 2617 3330 2673 Consen-

1740 2707 1820 2761 sio
1846 2721 1976 2762 sane
2004 2706 2072 2762 ad
2098 2706 2479 2776 impudicitiam
2525 2708 2878 2777 corporalem,
2922 2707 3081 2761 etiam
3114 2706 3331 2762 castita-

1742 2809 1846 2855 tem
1892 2800 2058 2855 animi
2105 2798 2285 2855 violat.
2316 2800 2494 2855 Animi
2539 2800 2735 2871 quippe
2759 2798 2974 2854 castitas
2998 2806 3081 2853 est
3108 2799 3162 2853 in
3189 2797 3328 2854 bona

1740 2892 2010 2947 voluntate
2039 2900 2092 2946 et
2111 2891 2318 2946 sincera
2339 2890 2641 2957 dilectione,
2671 2906 2790 2961 qua:
2810 2905 2914 2945 non
2946 2890 3326 2960 corrumpitur,

1741 2983 1841 3037 nisi
1882 2997 2003 3036 cum
2052 2997 2294 3037 amamus
2318 2992 2475 3053 atque
2521 2982 2818 3051 appetimns
2858 2981 3001 3055 quod
3042 2981 3329 3038 amandum

1739 3084 1896 3146 atque
1924 3074 2277 3146 appetendum
2300 3089 2403 3129 non
2423 3074 2753 3129 esseveritas
2772 3072 2946 3129 docet.
2966 3073 3327 3130 Custodienda

1739 3175 1822 3221 cst
1842 3181 1969 3235 ergo
1992 3166 2269 3221 sinceritas
2297 3165 2631 3221 dilectionis'
2660 3165 2753 3221 Dei
2777 3174 2833 3221 et
2857 3165 3115 3235 proximi;
3140 3166 3194 3220 in
3220 3165 3323 3223 hac

1739 3260 1881 3314 enim
1911 3259 2126 3313 castitas
2142 3258 2306 3312 animi
2339 3257 2702 3313 sanctificatur
2729 3274 2742 3310 :
2767 3265 2822 3313 et
2848 3258 3111 3329 agendum
3133 3258 3329 3329 quibus

1740 3366 2024 3421 possumus
2071 3350 2293 3416 viribus,
2338 3357 2395 3405 et
2422 3349 2506 3419 pia
2535 3349 2942 3419 supplicatione,
2980 3358 3037 3403 ut
3061 3364 3183 3404 cum
3210 3350 3330 3405 vio-

1741 3444 1896 3499 landa
1926 3443 2192 3514 appetitur
2214 3442 2463 3513 pudicitia
2484 3441 2723 3512 corporis
2740 3442 2929 3508 nostri,
2956 3456 3053 3496 nec
3072 3442 3187 3512 ipse
3209 3441 3332 3496 ani-

1739 3551 1842 3591 mae
1866 3549 2058 3590 sensus
2081 3542 2371 3599 extremus,
2399 3533 2489 3603 qui
2516 3532 2664 3588 carni
2705 3532 3006 3603 implicatus
3031 3541 3132 3600 est,
3155 3532 3329 3604 aliqua

1740 3628 2094 3684 delectatione
2142 3636 2418 3698 tangatur;
2462 3627 2507 3681 si
2547 3635 2721 3681 autem
2756 3626 2855 3681 hoc
2890 3641 2993 3681 non
3020 3635 3217 3697 potest,
3248 3628 3331 3683 vel

1741 3719 1936 3775 mentis
1965 3719 2018 3773 in
2043 3732 2148 3773 non
2174 3716 2556 3773 consentiendo
2589 3717 2805 3772 castitas
2830 3727 3192 3773 conservetur.
3228 3715 3333 3773 Cu-

1746 3811 2027 3868 stodienda
2074 3820 2157 3865 est
2209 3820 2384 3864 autem
2416 3810 2468 3864 in
2510 3809 2673 3863 animi
2701 3809 2962 3875 castitate,
2990 3808 3132 3878 quod
3156 3808 3221 3863 ad
3250 3808 3334 3863 di-

1742 3904 2025 3960 lectionem
2049 3901 2275 3972 proximi
2312 3900 2558 3969 pertinet,
2607 3898 2908 3954 innocentia
2927 3906 2980 3952 ει
3003 3898 3330 3954 benevolen-

1743 3996 1848 4051 tia:
1868 3993 2005 4065 quod
2022 4003 2196 4048 autem
2218 3991 2285 4046 ad
2306 3990 2419 4056 Dei,
2439 3990 2625 4059 pietas.
2646 3989 2948 4044 lunocentia
2965 3997 3066 4054 est,
3084 4003 3183 4057 qua
3202 3988 3333 4043 nulli

1742 4100 2027 4151 uocemus;
2048 4082 2417 4139 benevolentia
2443 4096 2546 4150 qua
2566 4080 2723 4134 etiam
2754 4092 3038 4148 prosumus
3083 4077 3167 4131 cui
3207 4092 3333 4146 pos-

1742 4192 1959 4242 sumus;
2010 4176 2198 4245 pietas,
2248 4187 2351 4244 qua
2396 4171 2620 4227 colimus
2663 4169 2855 4224 Deum.
2898 4167 3106 4222 Veritas
3151 4175 3329 4222 autem

1744 4267 2023 4334 doctrinm,
2054 4263 2329 4335 religionis
2352 4272 2512 4332 atque
2542 4259 2779 4331 pietatis,
2818 4258 3026 4313 nonnisi
3052 4257 3331 4313 mendacio

1745 4360 2003 4423 violatur;
2030 4371 2148 4411 cum
2180 4356 2291 4425 ipsa
2319 4368 2525 4407 summa
2548 4363 2705 4422 atque
2727 4350 2911 4405 intima
2932 4350 3149 4417 veritas,
3177 4349 3330 4420 cujus

1747 4462 1828 4509 est
1853 4451 1952 4506 ista
1982 4449 2243 4515 doctrina,
2273 4447 2419 4502 nullo
2447 4445 2605 4501 modo
2632 4443 3001 4515 possitviolari
3032 4461 3045 4497 :
3076 4443 3144 4498 ad
3170 4457 3329 4514 quam

1747 4543 2047 4615 pervenire,
2071 4540 2302 4611 atquein
2330 4538 2418 4592 illa
2443 4537 2587 4592 omni
2612 4536 2772 4591 modo
2801 4550 3040 4602 manere,
3068 4535 3223 4604 eique
3247 4549 3337 4605 pe-

1748 4636 1891 4691 nitus
1916 4634 2179 4689 inhmrcre
2206 4645 2312 4685 non
2342 4628 2539 4694 licebit,
2584 4627 2684 4681 nisi
2706 4642 2828 4681 cum
2858 4624 3203 4694 corruptibile
3231 4625 3335 4680 hoc

1749 4728 1979 4784 induerit
2008 4724 2483 4794 incorruptionem,
2512 4729 2569 4776 et
2594 4719 2819 4774 mortale
2839 4718 2942 4773 hoc
2975 4717 3204 4773 induerit
3228 4718 3338 4774 im-

1749 4818 2120 4874 mortalitatem
2138 4814 2177 4887 (l
2197 4814 2312 4869 Cor.
2332 4829 2420 4877 xv,
2441 4810 2553 4883 53).
2575 4811 2679 4866 Sed
2702 4810 2823 4880 quia
2843 4808 3017 4864 omnis
3035 4804 3095 4864 in
3110 4809 3208 4866 hac
3230 4802 3339 4866 vita'

1749 4912 1936 4982 pietas,
1962 4907 2273 4965 exercitatio
2299 4912 2400 4970 est,
2426 4918 2528 4973 qua
2549 4904 2600 4957 in
2629 4902 2770 4956 illam
2794 4900 3047 4968 tenditur,
3071 4902 3155 4957 cui
3185 4916 3340 4958 exer-

1751 5002 1987 5061 citationi
2015 5001 2261 5056 ducatum
2288 4996 2492 5068 prmbel
2528 4995 2629 5050 ista
2654 4994 2915 5059 doctrina,
2945 5009 3064 5064 quze
3091 4994 3340 5048 humanis

1752 5095 1930 5151 verbis
1985 5100 2040 5147 et
2097 5101 2480 5158 corporeorum
2556 5092 3011 5141 sacramentorum
3052 5084 3341 5154 signaculis

1754 5188 1924 5259 ipsam
1952 5182 2187 5239 insinuat
2207 5190 2367 5250 atque
2390 5179 2600 5233 intimat
2628 5178 2907 5233 veritatem
2938 5195 2950 5232 :
2984 5186 3264 5247 propterea
3286 5184 3341 5230 et

1754 5278 1870 5332 hmo
1897 5290 2015 5346 qua:
2054 5288 2152 5343 per
2198 5270 2532 5326 mendacium
2571 5268 2839 5337 corrumpi
2885 5276 3081 5337 potest,
3111 5266 3341 5321 maxime

1756 5372 2061 5437 incorrupta
2091 5363 2350 5420 servanda
2390 5372 2501 5427 est;
2534 5361 2663 5416 utsi
2703 5360 2831 5430 quid
2873 5360 2923 5414 in
2974 5360 3061 5413 illa
3095 5358 3339 5412 castitate

1754 5464 1917 5521 animi
1942 5462 2102 5517 fuerit
2128 5461 2400 5524 violatum,
2436 5456 2628 5511 habeat
2655 5454 2795 5509 unde
2818 5460 3110 5522 reparelur.
3142 5450 3342 5505 Corru-

1822 5579 1838 5610 ι
1874 5583 1941 5627 lla
1962 5574 2227 5637 legendum
2243 5584 2358 5637 cum
2385 5577 2504 5637 _Mss._
2540 5569 2656 5617 Editi
2677 5606 2689 5627 ,
2715 5566 2839 5636 sicut
2870 5561 3157 5637 in‘pectmia
3188 5560 3343 5637 alioue

1755 5623 2001 5701 commodo
2015 5623 2269 5701 corporali
2303 5634 2446 5694 [velut
2487 5630 2538 5680 in
2580 5623 2858 5691 pecuniaria
2897 5623 3047 5674 aliove
3095 5623 3344 5675 commodo

1759 5699 2035 5765 corporali]
2116 5699 2123 5701 ἡ
2366 5755 2377 5765 ,
2501 5752 2529 5765 ,,
2566 5764 2583 5765 ἡ
2630 5746 2769 5765 ,ηηη

1826 5747 2072 5813 iritaals‘s.
2100 5766 2153 5808 Αι
2176 5758 2309 5809 editi.
2335 5752 2585 5805 sinceriter
2608 5747 2814 5800 dilectio.
