3880 6284
507 270 612 328 515

509 389 598 451 pta
623 378 763 436 enim
784 375 1098 432 auctoritate
1123 374 1379 430 doctrina:
1398 416 1414 440 ,
1443 375 1616 430 nullus
1646 383 1736 428 aut
1782 388 1974 430 cursus
2008 383 2102 429 aut

511 485 758 528 recursus
784 482 903 524 esse
923 466 990 522 ad
1017 466 1314 521 castitatem
1341 465 1502 518 animi
1533 473 1727 534 potest.

584 560 810 618 CAPUT
835 559 954 613 XX.
986 585 1054 598 ——
1086 559 1174 613 41.
1211 557 1484 611 Pudicitia:
1516 556 1794 626 corporalis
1819 571 1974 610 causa
2002 570 2100 609 non

515 654 880 709 mentiendum.
906 650 1064 704 Fides
1096 649 1230 702 unde
1257 650 1410 701 dicta.
1435 647 1650 702 Castilas
1677 648 1850 699 animi.
1875 645 2102 701 Conﬁci-

521 756 607 801 tur
633 759 760 814 ergo
790 758 855 798 ex
875 741 961 794 his
989 740 1235 796 omnibus
1255 737 1370 792 bace
1387 737 1668 803 sententia,
1692 745 1749 789 ut
1773 735 2102 790 mendacium

517 837 657 908 quod
687 850 792 890 non
817 835 979 887 violat
1001 832 1295 886 doctrinam
1327 829 1557 898 pietatis,
1589 843 1760 898 neque
1791 828 1957 896 ipsam
1976 827 2097 896 pie-

523 939 707 992 tatem,
736 940 908 996 neque
936 923 1312 984 innocentiam,
1342 935 1515 991 neque
1539 920 1986 985 benevolentiam,
2010 932 2105 987 pro

523 1019 767 1091 pudicitia
795 1014 1034 1084 corporis
1060 1012 1442 1066 admittendum
1472 1011 1559 1066 sit.
1591 1011 1658 1065 Et
1680 1022 1854 1064 tamen
1883 1012 1928 1064 si
1953 1009 2104 1079 quis-

520 1127 678 1182 quam
729 1113 1051 1178 proponeret
1089 1104 1189 1158 sibi
1236 1103 1314 1158 sic
1351 1103 1633 1157 amandum
1670 1103 1968 1167 veritatem,
1999 1113 2103 1154 non

524 1210 722 1258 tantum
751 1214 870 1268 quae
917 1197 971 1250 in
1000 1194 1410 1264 contemplando
1457 1202 1559 1258 est,
1590 1193 1685 1248 sed
1707 1193 1867 1247 etiam
1901 1191 1951 1245 in
1978 1205 2106 1245 vero

524 1287 854 1346 enuntiando
879 1285 1101 1356 quodin
1130 1299 1228 1339 suo
1253 1299 1465 1354 quoque
1489 1297 1666 1337 rerum
1695 1297 1893 1351 genere
1921 1295 2105 1335 verum

522 1393 640 1446 est;
672 1387 725 1433 et
755 1393 862 1432 non
891 1377 1044 1432 aliter
1075 1374 1444 1445 proferendam
1475 1389 1569 1428 ore
1593 1372 1836 1442 corporis
1855 1372 2108 1425 ‘senten-

523 1474 652 1526 tiam
692 1513 707 1537 ,
739 1483 896 1540 quam
923 1470 974 1523 in
1010 1470 1189 1522 animo
1213 1474 1470 1536 concepta
1495 1475 1655 1535 atque
1682 1475 1966 1534 conspecta
1987 1471 2104 1529 est;

531 1576 591 1620 ut
622 1564 745 1618 tidei
764 1562 1049 1618 veridicam
1073 1559 1518 1631 pulchritudinem
1547 1574 1650 1612 non
1673 1557 1843 1612 solum
1870 1572 2020 1622 auro,
2054 1563 2110 1610 et

525 1665 780 1728 argento,
812 1664 867 1710 et
892 1654 1149 1725 gemmis,
1179 1661 1234 1707 et
1270 1651 1497 1706 amantis
1524 1649 1755 1720 przodiis,
1806 1647 1898 1703 sed
1923 1658 1978 1702 et
2007 1648 2107 1716 ipsi

525 1748 785 1805 universte
807 1743 1082 1814 temporali
1110 1743 1231 1797 vitze
1255 1741 1514 1811 omnique
1531 1739 1771 1808 corporis
1801 1739 1943 1793 bono
1972 1753 2111 1808 prae-

529 1849 787 1913 poneret;
821 1836 1002 1892 nescio
1042 1844 1216 1889 utrum
1265 1833 1534 1902 sapienter
1578 1846 1606 1884 a
1635 1845 1900 1900 quoquam
1930 1842 2111 1883 errare

528 1933 816 1988 diceretur.
840 1929 906 1984 Et
941 1928 986 1982 si
1018 1926 1118 1981 hoc
1147 1925 1258 1981 suis
1285 1924 1532 1979 omnibus
1558 1923 1749 1978 talibus
1788 1923 1946 1977 rebus
1967 1930 2111 1976 recte

529 2022 835 2085 anteferret,
859 2018 1128 2088 plurisque
1151 2015 1440 2085 penderet;
1471 2023 1620 2069 recte
1662 2015 1821 2068 etiam
1841 2022 2111 2082 tempora-

531 2112 670 2168 libus
697 2113 855 2167 rebus
883 2111 1107 2164 aliorum
1129 2109 1425 2174 hominum,
1457 2122 1593 2178 quos
1622 2105 1923 2161 innocentia
1951 2107 2113 2160 bene-

529 2205 866 2274 volentiaque
929 2215 1021 2256 sua
1087 2215 1303 2256 servare
1359 2208 1520 2270 atque
1571 2199 1825 2269 adjuvare
1869 2199 2108 2254 deberet.

537 2295 752 2349 Amaret
778 2293 919 2348 enim
945 2291 1233 2360 perfectam
1261 2290 1442 2354 ﬁdem,
1474 2306 1580 2344 non
1611 2290 1782 2344 solum
1813 2290 1951 2345 bene
1990 2305 2109 2346 crc-

531 2383 691 2440 dendi
719 2400 781 2438 ea
809 2399 926 2453 qua:
969 2383 1068 2437 sibi
1100 2380 1379 2436 excellenti
1406 2389 1462 2436 et
1487 2380 1591 2436 tide
1616 2380 1774 2450 digna
1799 2381 2114 2436 auctoritate

532 2477 869 2541 dicerentur,
911 2474 1004 2529 sed
1047 2474 1208 2530 etiam
1257 2473 1485 2529 fideliter
1524 2473 1830 2529 enuntiandi
1857 2489 1976 2545 qua:
2001 2473 2114 2544 ipse

535 2569 758 2624 dicenda
800 2567 1081 2638 judicaret,
1125 2581 1188 2620 ac
1217 2566 1436 2621 diceret.
1483 2565 1640 2620 Fides
1679 2565 1822 2621 enim
1851 2565 2114 2635 appellata

535 2670 620 2716 est
645 2661 696 2715 in
725 2660 888 2714 latina
914 2659 1091 2730 lingua
1117 2673 1182 2713 ex
1207 2672 1274 2713 co
1300 2659 1424 2728 quia
1452 2657 1511 2712 fit
1533 2657 1674 2726 quod
1696 2657 1889 2712 dicitur
1916 2674 1929 2710 :
1955 2671 2114 2727 quam

536 2748 873 2806 manifestum
894 2758 976 2803 est
1003 2763 1108 2804 non
1133 2747 1386 2803 exhibere
1421 2749 1786 2803 mentientem.
1830 2747 1961 2813 Qua:
1988 2755 2044 2803 et
2069 2747 2116 2802 si

532 2845 710 2899 minus
730 2842 977 2905 violatur,
1001 2856 1122 2896 cum
1153 2841 1226 2896 ita
1254 2843 1479 2910 quisque
1505 2840 1778 2903 mentitur,
1804 2847 1863 2893 ut
1885 2840 1934 2894 ei
1968 2839 2117 2893 nullo

533 2929 871 2987 incommodo
891 2929 1138 2999 nullaque
1169 2928 1404 2997 pernicie
1436 2927 1705 2994 credatur,
1736 2926 1911 2981 addita
1953 2929 2116 2982 etiam

534 3020 826 3076 intentione
845 3019 929 3074 vel
949 3018 1133 3073 salutis
1154 3016 1381 3083 tuendas,
1412 3016 1500 3071 vel
1520 3015 1784 3086 pudicitia:
1802 3017 2115 3086 corporalis;

533 3112 762 3167 violatur
791 3119 990 3176 tamen,
1005 3117 1061 3164 et
1085 3123 1173 3164 res
1194 3109 1420 3163 violatur
1439 3108 1492 3162 in
1516 3107 1679 3162 animi
1700 3109 1944 3164 castitate
1958 3116 2120 3178 atque

535 3205 814 3259 sanctitate
837 3202 1118 3260 servanda.
1146 3200 1302 3258 Unde
1324 3202 1584 3272 cogimur,
1613 3218 1719 3256 non
1743 3203 1991 3272 opinione
2021 3203 2122 3258 ho-

536 3297 736 3352 minum
754 3312 872 3367 quae
893 3296 1202 3367 plerumque
1218 3295 1271 3348 in
1286 3309 1469 3350 errore
1487 3302 1589 3361 est,
1608 3295 1699 3349 sed
1722 3295 1835 3364 ipsa
1860 3309 1978 3364 quae
2005 3310 2121 3351 om-

539 3386 696 3441 nibus
715 3386 1077 3456 supereminet
1093 3393 1252 3455 atque
1272 3399 1373 3439 una
1397 3384 1738 3439 invictissima
1763 3394 1847 3440 est
1869 3386 2114 3454 veritate,

537 3477 695 3532 etiam
723 3475 985 3546 pudicitia:
999 3475 1242 3544 corporis
1275 3473 1564 3543 perfectam
1597 3473 1752 3531 fidem
1772 3485 2117 3547 anteponere.

538 3567 635 3622 Est
651 3570 791 3622 enim
817 3565 978 3620 animi
997 3566 1232 3628 castitas,
1269 3578 1420 3619 amor
1450 3563 1726 3620 ordinatus
1754 3580 1859 3619 non
1891 3566 2120 3622 subdens

539 3660 741 3730 majora
791 3658 1102 3712 minoribus.
1132 3657 1306 3713 Minus
1330 3665 1409 3712 est
1425 3665 1601 3711 autem
1633 3657 1884 3728 quidquid
1915 3659 1967 3712 in
1998 3673 2120 3713 cor-

537 3765 689 3822 pore,
725 3765 886 3820 quam
931 3749 1183 3820 quidquid
1215 3750 1267 3803 in
1301 3749 1479 3803 animo
1507 3749 1693 3804 violari
1724 3759 1914 3819 potest.
1966 3750 2123 3807 Certe

539 3844 681 3898 enim
711 3857 831 3898 cum
864 3857 958 3910 pro
996 3841 1245 3911 pudicitia
1271 3841 1534 3910 corporali
1565 3842 1790 3912 quisque
1836 3844 2114 3908 mentitur,

541 3934 684 3988 videt
702 3932 914 4003 quidem
935 3931 1326 4000 corrumpendo
1341 3932 1549 4000 corpori
1570 3945 1685 3996 suo,
1701 3946 1806 3986 non
1835 3947 2003 4000 suam,
2029 3931 2123 3987 sed

543 4025 768 4081 alienam
801 4022 1081 4078 imminere
1111 4021 1415 4086 libidinem;
1437 4031 1590 4077 cavet
1620 4031 1817 4088 tamen,
1844 4038 1912 4078 ne
1933 4023 2122 4078 saltem

543 4111 901 4186 permittendo
960 4112 1028 4166 sit
1089 4111 1374 4181 particeps.
1431 4111 1720 4167 Permissio
1747 4128 1875 4168 vero
1919 4113 2005 4167 illa
2035 4114 2125 4168 ubi

546 4206 648 4260 nisi
679 4206 730 4260 in
774 4204 954 4258 animo
989 4203 1108 4257 est?
1149 4201 1320 4256 Etiam
1367 4203 1660 4272 corporalis
1706 4219 1834 4274 ergo
1873 4203 2125 4274 pudicitia

547 4295 813 4364 corrumpi
841 4293 940 4348 nisi
969 4294 1022 4347 in
1060 4293 1240 4346 animo
1265 4307 1372 4347 non
1401 4302 1608 4362 potest:
1635 4309 1740 4363 quo
1766 4309 1869 4349 non
1899 4309 2130 4350 consen-

547 4390 731 4452 tiente,
758 4402 933 4458 neque
976 4386 1342 4456 permittente,
1369 4386 1515 4440 nullo
1555 4386 1715 4440 modo
1743 4395 1890 4442 recte
1937 4387 2130 4442 dicitur

550 4481 732 4538 violari
758 4477 1008 4550 pudicitia
1032 4476 1346 4545 corporalis,
1375 4476 1629 4546 quidquid
1650 4477 1702 4530 in
1724 4491 1950 4548 corpore
1971 4476 2123 4533 fuerit

550 4573 720 4628 aliena
764 4568 986 4624 libidine
1027 4575 1408 4638 perpetratum.
1455 4565 1607 4621 Unde
1647 4566 1932 4638 colligitur,
1962 4567 2128 4622 multo

551 4662 720 4732 magis
739 4661 902 4716 animi
932 4661 1229 4715 castitatem
1259 4657 1573 4714 servandam
1603 4673 1722 4714 esse
1750 4660 1804 4714 in
1842 4660 2042 4726 animo,
2075 4661 2127 4717 in

552 4769 658 4825 quo
687 4755 846 4808 tutela
875 4761 959 4808 est
979 4751 1245 4824 pudicitia:
1268 4753 1579 4822 corporalis.
1609 4753 1967 4820 Quamobrem
1990 4754 2129 4825 quod

552 4848 605 4902 in
635 4847 787 4902 nobis
807 4856 908 4912 est,
943 4855 1225 4918 utrumque
1255 4847 1452 4901 sanctis
1481 4847 1718 4902 moribus
1747 4855 1803 4902 et
1840 4862 2128 4903 conversa-

555 4938 698 4992 tione
734 4937 1074 4991 muniendum
1103 4945 1186 4992 est
1213 4945 1372 5007 atque
1419 4936 1751 5006 sepiendum,
1808 4952 1874 4993 re
1921 4937 2131 4994 aliunde

552 5030 799 5086 violetur.
826 5027 958 5083 Cum
1000 5039 1175 5083 autem
1203 5039 1487 5101 utrumque
1520 5046 1626 5085 non
1659 5039 1854 5101 potest,
1887 5031 2010 5102 quid
2034 5045 2131 5101 pro

552 5135 661 5191 quo
698 5120 766 5173 sit
799 5120 1245 5174 contemnendum
1275 5121 1394 5191 quis
1438 5137 1543 5176 non
1572 5121 1786 5178 videat?
1815 5138 1934 5178 cum
1957 5123 2133 5178 videat

551 5210 676 5280 quid
704 5210 789 5264 cui
817 5210 885 5265 sit
908 5210 1341 5280 praaponeudutn,
1364 5213 1574 5268 animus
1587 5215 1819 5282 corpori,
1845 5230 1912 5269 an
1938 5229 2133 5284 corpus

553 5301 765 5362 animo;
799 5300 960 5354 animi
983 5300 1197 5354 castitas
1221 5303 1486 5372 pudicitia:
1514 5304 1852 5372 corporis,an
1882 5305 2134 5374 pudicitia

550 5392 790 5461 corporis
815 5392 1040 5445 castitati
1063 5393 1255 5458 animi;
1280 5405 1333 5449 et
1352 5394 1477 5464 quid
1509 5396 1676 5465 magis
1703 5396 1753 5447 in
1786 5397 2015 5464 peccatis
2043 5411 2138 5452 ca-

552 5483 805 5548 vendum,
822 5482 1102 5550 permissio
1120 5483 1239 5538 facti
1253 5485 1432 5550 alieni,
1461 5499 1527 5538 an
1556 5484 1863 5540 commissio
1889 5485 2011 5542 facti
2035 5488 2133 5548 tui.

619 5570 844 5628 CAPUT
865 5571 1005 5627 XXI.
1029 5574 1190 5629 -42,
1216 5573 1463 5646 Epilogus
1484 5575 1865 5643 prwdiclorum.
1894 5576 2138 5634 Mentim-

615 5684 632 5715 ι
667 5685 741 5733 sic
761 5687 810 5734 in
833 5694 935 5736 Mss.
961 5695 1014 5737 At
1037 5688 1086 5736 in
1111 5686 1271 5746 editis,
1295 5691 1424 5738 motu
1443 5691 1666 5743 corporis.

1393 262 1479 319 DE
1518 261 1885 331 MENDAClO,
1927 262 1982 318 S.
2026 261 2391 319 AUGUSTINI
2429 263 2632 318 LIBER
2671 264 2867 322 UNUS.
3699 279 3780 338 516

2216 375 2336 428 dum
2378 391 2635 446 nunquam
2658 377 2764 431 ulla
2792 377 3039 433 mendacii
3062 363 3241 451 genere
3267 396 3341 436 ea:
3366 389 3485 437 octo
3536 391 3780 448 recensitis-

2210 463 2513 536 Defensores
2529 470 2779 524 mendacii
2799 487 2949 541 quam
2969 474 3110 528 caeci.
3132 472 3337 530 Elucet
3363 475 3548 547 itaque
3562 479 3777 543 discussis

2210 561 2479 628 omnibus,
2530 561 2661 616 nihil
2707 563 2849 618 aliud
2901 565 2988 620 illa
3039 567 3364 622 testimonia
3410 552 3775 640 Scripturar'um

2210 666 2449 718 monere,
2497 653 2598 707 nisi
2646 669 2912 724 nunquam
2958 670 3080 712 esse
3116 659 3353 713 omnino
3403 661 3777 724 mentiendum:

2211 744 2637 816 quandoquidem
2665 762 2764 802 nec
2789 747 2896 802 ulla
2919 749 3163 819 exempla
3194 750 3619 806 mendaciorum
3642 756 3784 811 imita.

2214 837 2355 892 tione
2381 837 2539 908 digna
2562 839 2614 892 in
2643 839 2880 894 moribus
2903 840 3162 912 factisque
3190 851 3522 898 sanctorum
3551 845 3782 903 invenian-

2215 939 2336 996 tur;
2364 929 2504 999 quod
2536 929 2601 985 ad
2626 945 2718 985 eas
2759 932 2948 986 attinet
2981 932 3315 1003 Scripturas,
3366 949 3494 1005 quas
3536 935 3599 990 ad
3626 939 3782 995 nullam

2214 1019 2489 1090 figuratam
2515 1019 2952 1088 significationem
2993 1020 3338 1090 referuntur,
3391 1024 3553 1079 sicuti
3587 1037 3781 1085 sumre:

2212 1119 2375 1181 gestze
2418 1111 2470 1164 in
2517 1110 2736 1165 Actibus
2782 1112 3184 1181 Apostolorum.
3213 1113 3362 1169 Nam
3402 1114 3617 1171 Domini
3641 1121 3784 1175 omnia

2215 1201 2265 1254 in
2298 1201 2603 1272 Evangelio,
2629 1217 2745 1271 qua:
2775 1203 3191 1272 imperitioribus
3223 1205 3524 1260 mendacia
3557 1208 3781 1278 videntur,

2214 1289 2448 1360 figurata:
2477 1287 2891 1360 significationes
2917 1301 3067 1347 sunt.
3119 1294 3190 1348 Et
3215 1295 3369 1365 quod
3404 1296 3483 1350 ait
3512 1299 3780 1367 Apostolus,

2217 1378 2457 1435 Omnibus
2477 1382 2645 1435 omnia
2660 1386 2821 1454 factus
2834 1399 2966 1450 sum,
2980 1394 3035 1437 ut
3055 1401 3227 1440 omnes
3251 1386 3616 1455 lucrifacerem
3631 1389 3672 1464 (ι
3685 1390 3778 1448 Cor.

2215 1487 2290 1536 ix,
2309 1471 2402 1541 ἓξ)
2424 1490 2437 1525 :
2459 1487 2566 1526 non
2588 1487 2706 1527 eum
2731 1475 3052 1538 mentiendo,
3078 1475 3172 1530 sed
3191 1478 3594 1546 compatiendo
3626 1479 3780 1538 fecisse

2215 1573 2358 1618 recte
2378 1563 2687 1633 intelligitur
2711 1582 2724 1629 ;
2749 1575 2806 1619 ut
2830 1575 2970 1620 tanta
2987 1567 3255 1622 charitate
3275 1583 3414 1622 cum
3437 1569 3518 1623 eis
3536 1569 3779 1630 liberandi:

2214 1666 2413 1725 ageret,
2446 1670 2508 1710 ac
2533 1655 2579 1710 si
2608 1657 2721 1726 ipse
2749 1657 2799 1710 in
2827 1671 2890 1716 eo
2917 1658 3058 1711 malo
3083 1667 3250 1725 esset,
3283 1673 3316 1713 a
3353 1673 3467 1729 quo
3490 1659 3605 1714 illos
3629 1676 3780 1719 sanare
3846 1655 3847 1729 Ῑ

2215 1747 2478 1816 cupiebat.
2527 1746 2642 1800 Non
2696 1755 2779 1800 est
2829 1746 2988 1817 igitur
3030 1748 3416 1803 mentiendum
3475 1750 3531 1804 in
3577 1751 3777 1808 doctrina
3846 1745 3847 1817 ᾖ

2217 1838 2426 1907 pietatis
2459 1852 2472 1890 :
2503 1852 2750 1907 magnum
2779 1838 2922 1892 enim
2955 1838 3127 1892 scelus
3154 1846 3255 1904 est,
3294 1848 3354 1895 et
3387 1840 3614 1910 primmn
3641 1856 3778 1911 genus

2216 1927 2539 1982 detestabilis
2569 1926 2850 1982 mendacii.
2902 1926 3016 1982 Non
3044 1937 3126 1983 est
3163 1929 3551 1986 mentiendum
3581 1932 3777 1987 secundo

2214 2034 2450 2089 genere;
2497 2019 2620 2090 quia
2667 2019 2797 2074 nulli
2843 2019 3082 2075 facienda
3131 2029 3214 2076 est
3274 2022 3503 2092 injuria.
3565 2023 3668 2079 Non
3709 2012 3773 2081 est

2215 2111 2576 2166 mentiendum
2623 2113 2779 2166 tertio
2827 2127 3060 2182 genere;
3087 2113 3210 2183 quia
3256 2114 3398 2168 nulli
3440 2093 3558 2168 cum
3597 2116 3773 2171 alterius

2218 2203 2406 2274 injuria
2431 2203 2812 2257 consulendum
2833 2211 2933 2257 est.
2966 2202 3082 2257 Non
3107 2212 3194 2258 est
3219 2205 3596 2260 mentiendum
3615 2217 3766 2277 quarto

2216 2308 2434 2365 genere,
2487 2301 2706 2364 propter
2763 2293 3023 2348 mendacii
3077 2294 3387 2359 libidinem,
3441 2310 3560 2365 quae
3611 2311 3690 2364 per
3727 2310 3771 2352 se

2218 2387 2385 2458 ipsam
2415 2387 2602 2440 vitiosa
2631 2393 2731 2440 est.
2783 2385 2899 2441 Non
2944 2394 3026 2441 est
3066 2384 3447 2441 mentiendum
3497 2385 3666 2456 quinto
3693 2403 3766 2456 ge-

2219 2494 2382 2544 nere;
2410 2479 2533 2549 quia
2579 2493 2680 2532 nec
2708 2479 2818 2547 ipsa
2843 2476 3039 2533 veritas
3063 2478 3172 2532 fine
3210 2469 3473 2548 placendi
3515 2475 3766 2552 hominibus

2218 2568 2539 2626 enuntianda
2564 2576 2650 2623 est
2681 2585 2694 2622 :
2727 2576 2922 2638 quanto
2947 2570 3124 2623 minus
3149 2567 3518 2634 mendacium,
3545 2566 3669 2638 quod
3690 2581 3760 2637 per

2219 2675 2279 2716 se
2326 2660 2518 2731 ipsum.
2565 2658 2688 2730 quia
2734 2659 3068 2714 mendacium
3113 2667 3215 2725 est,
3274 2658 3470 2730 utique
3499 2665 3641 2727 turpe
3674 2655 3766 2712 est!

2219 2750 2334 2807 Non
2360 2762 2442 2807 est
2467 2749 2828 2806 mentiendum
2849 2757 3002 2806 sexto
3029 2761 3226 2822 genere
3251 2765 3269 2815 ;
3301 2763 3482 2819 neque
3499 2749 3630 2804 enim
3651 2755 3760 2802 recte

2221 2841 2382 2897 etiam
2431 2839 2719 2894 testimonii
2765 2840 2963 2895 veritas
3006 2853 3103 2910 pro
3149 2838 3479 2910 cujusquam
3527 2837 3761 2909 temporali

2221 2929 2504 2986 commodo
2541 2944 2605 2985 ac
2652 2929 2820 2984 salute
2862 2929 3238 3001 corrumpitur.
3299 2929 3386 2985 Ad
3430 2929 3757 3000 sempiternam

2222 3035 2349 3076 vero
2393 3019 2618 3075 salutem
2667 3019 2845 3074 nullus
2885 3019 3157 3075 ducendus
3203 3031 3292 3076 est
3320 3020 3610 3091 epitulaute
3647 3031 3760 3073 men-

2223 3110 2395 3166 dacio.
2436 3109 2553 3165 Non
2593 3110 2733 3164 enim
2787 3109 2941 3164 malis
2984 3112 3418 3168 convcrtentium
3463 3110 3676 3166 moribus
3707 3107 3757 3162 ad

2225 3203 2392 3258 bonos
2433 3217 2611 3258 mores
2648 3202 3039 3258 convertendus
3079 3212 3196 3259 est:
3230 3206 3360 3275 quia
3412 3204 3458 3259 si
3503 3213 3618 3273 erga
3645 3201 3755 3256 illum

2227 3293 2526 3348 faciendum
2575 3300 2676 3356 est,
2724 3291 2886 3347 debet
2931 3292 3091 3347 etiam
3135 3294 3250 3364 ipse
3300 3306 3586 3350 conversus
3622 3289 3755 3346 facere

2225 3399 2349 3454 erga
2387 3383 2562 3447 alios;
2613 3391 2771 3452 atque
2811 3383 2881 3436 ita
2922 3397 3026 3437 non
3062 3383 3126 3438 ad
3167 3384 3363 3451 bonos,
3403 3383 3498 3440 sed
3533 3381 3594 3436 ad
3627 3377 3753 3434 malos

2226 3488 2403 3529 mores
2439 3474 2782 3537 convertitur,
2815 3489 2935 3528 cum
2976 3473 3079 3529 hoc
3108 3474 3156 3530 ei
3199 3476 3472 3544 praebetur
3496 3471 3750 3528 imitandum

2226 3578 2506 3630 converso,
2534 3564 2672 3634 quod
2697 3565 2746 3619 ei
2771 3566 3066 3633 prtestitum
3095 3575 3179 3620 est
3205 3564 3585 3621 convertendo.
3613 3562 3749 3630 Neque

2227 3657 2452 3725 septimo
2487 3670 2684 3725 genere
2727 3654 3088 3711 mentiendum
3133 3666 3257 3721 est;
3304 3672 3411 3713 non
3453 3658 3583 3711 enim
3612 3654 3747 3722 cujus-

2227 3761 2383 3817 quam
2427 3745 2778 3802 commoditas
2803 3754 2895 3800 aut
2931 3746 3073 3801 salus
3112 3748 3425 3818 temporalis
3473 3741 3744 3816 perficienda:

2231 3838 2352 3894 ﬁdei
2384 3837 2709 3909 praeferenda
2739 3847 2840 3895 est.
2879 3839 2988 3895 Nec
3015 3840 3058 3895 si
3089 3841 3372 3910 quisquam
3406 3839 3459 3894 in
3488 3849 3615 3893 recte
3638 3834 3746 3888 lactis

2229 3931 2426 3985 nostris
2449 3940 2554 3985 tam
2592 3930 2730 3985 male
2772 3938 3047 3999 movetur,
3088 3939 3146 3986 ut
3173 3930 3264 3986 ﬁat
3305 3932 3462 3987 etiam
3503 3930 3655 3982 animo
3673 3923 3742 3977 de-

2229 4023 2393 4077 terior
2431 4021 2692 4092 longeque
2717 4037 2745 4075 a
2777 4022 2970 4092 pietate
3003 4023 3280 4091 remotior,
3324 4031 3594 4095 propterea
3632 4023 3740 4070 recte

2231 4113 2367 4168 facta
2395 4113 2685 4168 deserenda
2710 4123 2833 4168 sunt
2861 4131 2877 4169 :
2904 4129 3024 4168 cum
3046 4114 3097 4168 id
3127 4115 3282 4170 nobis
3311 4114 3566 4186 prrccipue
3599 4118 3738 4163 tenen-

2230 4205 2355 4259 dum
2395 4206 2483 4270 sit,
2524 4219 2628 4274 quo
2655 4219 2843 4259 vocare
2889 4213 3049 4275 atque
3096 4206 3324 4262 invitare
3359 4205 3614 4270 debemus,
3645 4207 3742 4267 quos

2232 4297 2367 4350 sicut
2411 4296 2766 4366 nosmetipsos
2808 4296 3113 4367 diligimus;
3175 4296 3558 4365 fortissimeque
3607 4289 3738 4344 animo

2233 4384 2455 4439 bibenda
2504 4393 2588 4440 est
2623 4385 2912 4454 apostolica
2957 4386 3044 4440 illa
3079 4389 3382 4442 sententia:
3432 4383 3550 4439 Aliis
3587 4375 3736 4452 quidm

2233 4492 2402 4531 sumus
2418 4476 2542 4530 odor
2561 4478 2675 4532 vita:
2695 4477 2748 4531 in
2770 4479 2942 4546 vitam,
2972 4479 3089 4533 aliis
3122 4478 3250 4535 odor
3279 4479 3450 4535 mortis
3472 4478 3520 4530 in
3544 4477 3735 4528 mortem;

2232 4579 2281 4622 et
2307 4567 2376 4621 ad
2403 4567 2510 4622 Iuro
2534 4569 2646 4641 quis
2677 4567 2888 4624 idoneus
2926 4569 3002 4642 (ll
3048 4567 3166 4624 Cor.
3205 4585 3265 4639 tt,
3298 4568 3430 4640 ιδῃ
3469 4565 3567 4622 Nec
3598 4567 3735 4616 oetam

2233 4673 2428 4728 genere
2470 4657 2830 4714 mentiendum
2881 4668 3000 4727 est;
3045 4661 3167 4732 quia
3209 4670 3262 4716 et
3307 4662 3358 4716 in
3399 4656 3539 4713 bonis
3569 4647 3732 4732 castitas

2235 4747 2417 4814 animi,
2467 4748 2714 4818 pudicitia
2742 4750 3023 4819 corporis;
3058 4731 3112 4805 et
3149 4750 3201 4805 in
3240 4749 3390 4805 malis
3428 4746 3475 4801 id
3505 4739 3622 4831 quod
3659 4731 3732 4831 ίρξί

2238 4839 2479 4908 facimus,
2529 4854 2596 4897 eo
2637 4839 2778 4912 quod
2829 4839 2945 4896 fieri
2991 4841 3213 4899 sinimus
3262 4841 3425 4912 majus
3461 4844 3550 4892 est.
3596 4829 3638 4882 Ιη
3670 4822 3727 4876 bis

2237 4939 2413 4986 autem
2455 4939 2576 4986 octo
2619 4931 2903 5001 generibus
2953 4941 3098 4987 tanto
3140 4933 3361 5004 quisque
3405 4929 3561 4983 minus
3597 4916 3727 4990 ρεωτί

2237 5034 2358 5074 cum
2405 5021 2676 5088 mentitur,
2723 5029 2921 5090 quanto
2967 5023 3194 5093 emergit
3223 5022 3290 5078 ad
3329 5027 3585 5077 octavum:
3620 5010 3723 5102 ιτυξο

2239 5113 2498 5183 amplius,
2544 5122 2744 5184 quanto
2790 5113 3028 5186 devergit
3087 5117 3156 5170 ad
3198 5117 3420 5186 primum
3462 5110 3497 5161 ¹.
3539 5102 3722 5172 Quisquis

2239 5213 2415 5260 autem
2443 5219 2562 5261 esse
2605 5205 2819 5276 aliquod
2848 5222 3016 5278 genus
3061 5207 3323 5264 mendacii
3359 5199 3483 5277 quod
3515 5195 3720 5268 1³⁸⁸⁸³³⁸⁸³

2241 5311 2348 5352 non
2375 5297 2446 5352 sit
2488 5299 2774 5367 putaverit,
2815 5298 3046 5369 decipiet
3090 5313 3150 5356 se
3178 5299 3346 5372 ipsum
3390 5288 3600 5361 turpiter,
3631 5283 3718 5330 ωιι

2242 5394 2522 5450 honestum
2551 5407 2612 5448 se
2634 5393 2971 5465 deceptorem
2996 5393 3280 5450 arbitratur
3297 5392 3517 5449 aliorum.

2307 5575 2326 5651 ξ
2358 5572 2807 5654 genere
2833 5574 3083 5654 ξε
3101 5572 3404 5654 saeratae

2243 5635 2310 5704 se
2365 5633 2592 5704 υνξιηιυῑι·
2642 5624 3116 5704 Ακςεξίρλεξιοδὲοοείι

2246 5647 2309 5685 αα
2444 5647 2592 5682 mum.
2649 5647 3116 5694 aegro-montensrs,
3147 5647 3384 5697 παρτ-φναν.
3431 5647 3639 5672 ωι-ιι-σ-νν
3679 5654 3686 5662 .

2246 5647 2589 5758 libramensis
2607 5701 2651 5744 et
2678 5694 3004 5756 0ratellensis,
3031 5687 3258 5759 emergit.'
3276 5692 3508 5744 Vaticanus,
3528 5659 3699 5724 tum”!
