3880 6284
606 316 710 376 519

581 381 886 488 “hereticos
917 426 1155 484 frandes.
1190 423 1298 481 Sed
1333 424 1438 478 noh
1467 422 1596 477 mihi
1624 421 1976 492 persuadetur
2000 435 2094 476 eos
2123 419 2194 474 de

607 522 824 582 latebris
843 521 955 577 suis
989 517 1187 573 nostris
1213 529 1333 572 esse
1360 514 1654 570 mendaciis
1682 512 1968 568 eruendos.
1998 509 2196 580 thuid

603 615 747 669 enim
775 625 870 668 eos
897 617 1040 664 tanta
1070 621 1198 663 cura
1235 605 1499 676 vestigare
1544 613 1706 675 atque
1736 603 1988 673 indagare
2027 615 2194 658 cona«

601 719 745 769 mur,
790 701 895 757 nisi
937 707 1196 770 uteaptos
1231 697 1284 752 in
1330 704 1680 766 apertumque
1730 692 2053 763 productos,
2103 700 2197 745 aut

601 795 762 850 etiam
804 791 1271 862 ipsosveritatem
1307 787 1615 849 doceamus,
1656 792 1749 838 aut
1787 792 1932 838 certe
1973 782 2195 838 veritate

601 883 879 941 convictos
907 894 1102 936 nocere
1140 878 1256 931 aliis
1284 890 1393 930 non
1421 873 1698 929 sinamus?
1736 872 1803 927 ad
1829 873 1930 926 hoc
1957 886 2106 942 ergo,
2137 880 2196 926 ut

599 990 785 1032 eorum
811 972 1145 1028 mendacium
1172 969 1431 1030 deleatur,
1460 966 1572 1020 sive
1597 972 1871 1029 caveatur,
1898 963 1989 1016 Dei
2016 971 2190 1016 autem

597 1066 798 1121 veritas
819 1067 1094 1132 augeatur.
1123 1056 1402 1126 Quomodo
1425 1056 1587 1126 igitur
1613 1053 1894 1109 mendacio
1917 1052 2190 1107 mendacia

597 1164 745 1213 recte
772 1161 956 1223 potero
978 1147 1251 1220 persequi?
1267 1149 1347 1202 An
1368 1155 1424 1202 et
1449 1143 2014 1220 latrociniojatrocinia
2033 1151 2088 1199 et
2102 1157 2192 1197 sa-

596 1247 813 1317 crilegio
825 1243 1176 1313 sacrilegia,et
1186 1239 1448 1296 adulterio
1460 1247 1583 1293 sunt
1597 1237 1854 1292 adulteria
1870 1251 2193 1308 persequen-

592 1338 700 1392 da?
738 1335 801 1391 Si
833 1344 998 1388 autem
1029 1334 1213 1388 ueritas
1257 1331 1352 1385 Dei
1381 1331 1432 1384 in
1460 1345 1569 1384 meo
1597 1328 1858 1383 mendacio
1887 1327 2188 1392 abundabit,

593 1425 975 1497 numquidnam
998 1433 1053 1479 et
1077 1438 1174 1478 nos
1197 1421 1390 1476 dicturi
1415 1435 1620 1484 sumus,
1651 1418 1925 1473 Faciamus
1951 1418 2106 1485 mala,
2135 1428 2191 1473 ut

589 1518 791 1572 veniant
818 1517 947 1570 bona
975 1515 1147 1583 (Rom.
1169 1527 1246 1579 tu,
1276 1509 1467 1583 7et8)?
1489 1510 1640 1578 Quod
1667 1509 1812 1564 vides
1840 1509 2188 1579 quemadmo-

590 1609 717 1664 dum
739 1607 1030 1663 detestetur
1053 1603 1358 1674 Apostolus.
1376 1601 1512 1670 Quid
1539 1609 1622 1655 est
1649 1601 1792 1656 enim
1815 1599 1979 1667 aliud,
2002 1600 2190 1654 Menti-

589 1716 763 1764 amur,
779 1708 834 1754 ut
847 1697 1129 1752 haereticos
1149 1694 1434 1750 mendaces
1454 1693 1520 1748 ad
1535 1693 1809 1748 veritatem
1831 1692 2185 1758 adducamus;

591 1791 714 1857 nisi,
739 1789 1014 1843 Faciamus
1035 1787 1190 1852 ntala,
1213 1795 1267 1838 ut
1283 1785 1480 1839 ueniant
1496 1783 1663 1837 bona?
1683 1785 1763 1836 An
1786 1782 2071 1852 aliquando
2089 1783 2186 1838 bo-

589 1898 719 1938 num
739 1889 822 1937 est
836 1879 1189 1945 mendacium,
1215 1877 1302 1932 vel
1328 1875 1613 1946 aliquando
1630 1874 1963 1928 mendacium
1980 1888 2084 1928 non
2103 1883 2186 1928 est

591 1971 828 2029 malum?
857 1969 966 2026 Cur
999 1983 1126 2038 ergo
1168 1968 1421 2036 scriptum
1454 1975 1554 2030 est,
1601 1965 1787 2032 Odisti,
1817 1963 2040 2018 Domine
2079 1981 2188 2018 om-

589 2077 677 2116 nes
695 2061 782 2132 qui
804 2067 1078 2129 operantur
1101 2057 1447 2127 iniquitatem;
1469 2054 1645 2126 perdes
1669 2071 1840 2109 omnes
1860 2056 1947 2126 qui
1966 2054 2185 2126 loquun-

588 2161 674 2205 tur
692 2149 1008 2204 mendacium
1024 2146 1196 2216 (Psal.
1216 2162 1266 2213 v,
1291 2145 1390 2218 7)?
1409 2145 1524 2201 Non
1550 2146 1692 2200 enim
1718 2146 1924 2216 aliquos
1951 2146 2180 2216 excepit,

585 2253 678 2298 aut
713 2240 984 2297 indefinite
1015 2238 1169 2303 dixit,
1207 2235 1400 2292 Perdes
1440 2237 1692 2306 loquentes
1735 2235 2083 2301 mendacium;
2129 2245 2186 2292 ut

586 2332 869 2405 quosdam,
889 2345 996 2386 non
1015 2343 1204 2384 omnes
1218 2326 1437 2398 intelligi
1457 2327 1686 2381 sineret:
1710 2326 1804 2381 sed
1830 2327 2183 2382 universalem

587 2425 905 2481 sententiam
927 2420 1165 2490 protulit,
1187 2419 1391 2485 dicens,
1412 2416 1606 2472 Pet-des
1619 2434 1790 2472 omnes
1810 2418 1896 2488 qui
1915 2418 2186 2489 loquuntur

588 2513 929 2570 mendacium.
971 2512 1053 2565 An
1088 2509 1211 2581 quia
1251 2523 1355 2563 non
1391 2507 1589 2562 dictum
1620 2517 1721 2574 est,
1764 2507 1962 2564 Perdes
1995 2522 2183 2564 omnes

586 2604 679 2675 qui
705 2604 995 2674 loquuntur
1027 2614 1187 2655 omne
1223 2598 1588 2665 mendacium,
1619 2598 1724 2666 vel,
1763 2599 1854 2668 qui
1895 2598 2184 2669 loquuntur

586 2692 960 2764 quodcumque
995 2688 1364 2755 mendacium;
1394 2687 1516 2743 ideo
1557 2687 1848 2758 putandum
1885 2697 1968 2743 est
2006 2689 2180 2744 locum

583 2784 740 2839 alicui
767 2783 1058 2838 relaxatum
1084 2795 1204 2836 esse
1231 2778 1538 2834 mendacio:
1557 2787 1615 2833 ut
1644 2780 1846 2835 scilicet
1870 2779 1939 2835 sit
1966 2779 2181 2852 aliquod

584 2875 942 2941 mendacium,
966 2873 1106 2944 quod
1127 2873 1216 2943 qui
1232 2871 1539 2940 loquuntur,
1561 2886 1664 2926 non
1687 2887 1780 2928 eos
1797 2873 1934 2928 Deus
1957 2873 2176 2943 perdat;

582 2967 680 3024 sed
705 2982 799 3022 cos
828 2979 1014 3020 omnes
1043 2963 1230 3033 perdat
1255 2964 1342 3034 qui
1368 2963 1656 3033 loquuntur
1676 2963 1930 3034 injustum
1956 2966 2179 3021 menda-

582 3060 756 3126 cium,
797 3073 902 3113 non
936 3058 1307 3128 quodcumque
1346 3055 1708 3126 mendaeium;,
1749 3057 1871 3126 quia
1914 3058 2179 3115 invenitur

580 3159 634 3208 et
651 3148 1029 3221 justum,qnod
1047 3149 1226 3218 utique
1247 3147 1418 3202 laudis
1433 3146 1593 3202 debet
1617 3161 1755 3214 esse,
1779 3164 1885 3204 non
1906 3151 2180 3209 criminis?

653 3241 880 3298 CAPUT
905 3240 968 3295 11.
989 3269 1061 3281 --
1081 3240 1136 3294 9.
1161 3237 1668 3294 Priscillianistarum
1688 3255 1829 3294 error
1848 3241 1911 3295 de
1930 3244 2178 3299 mendacii

579 3350 680 3389 usu
705 3333 772 3386 ad
795 3330 1052 3386 latendum
1093 3329 1292 3384 alienis.
1321 3328 1582 3384 Sententia
1611 3328 1705 3382 hac
1748 3328 2175 3388 Priscillianista-

579 3439 694 3478 rum
719 3423 912 3492 auferri
938 3421 1142 3475 omnino
1168 3419 1434 3490 martyrio.
1475 3418 1665 3474 Nonne
1708 3421 1885 3477 cernis
1918 3434 2172 3493 quantum

579 3513 796 3583 adjuvet
823 3512 937 3568 haec
957 3510 1243 3581 disputatio
1269 3525 1364 3565 eos
1391 3510 1555 3580 ipsos,
1579 3526 1714 3581 quos
1744 3527 1839 3582 pro
1868 3529 2057 3585 magna
2079 3532 2159 3572 ve-

578 3606 797 3662 natione
821 3601 1114 3658 mendaciis
1140 3602 1338 3657 nostris
1358 3616 1551 3672 caperc
1581 3603 1868 3660 molimur?
1884 3605 2171 3664 Priscillia-

577 3699 840 3754 nistarum
868 3703 949 3751 est
967 3694 1130 3760 enim,
1162 3694 1300 3749 sicut
1321 3693 1434 3763 ipse
1462 3697 1793 3764 monstrasti,
1826 3697 1929 3753 ista
1952 3709 2169 3756 sentcn-
2215 3749 2218 3754 .

578 3791 649 3845 tia
668 3810 682 3844 :
698 3788 784 3844 cui
807 3785 1215 3857 comprobanda:
1239 3784 1494 3841 adhibent
1523 3787 1820 3842 testimonia
1842 3788 1908 3845 de
1927 3787 2167 3862 Scriptu-

576 3883 670 3946 ris,
694 3879 1033 3940 exhortantes
1063 3891 1188 3932 suos
1213 3875 1280 3931 ad
1314 3875 1673 3931 mentiendum
1710 3885 1957 3950 tanquam
1991 3897 2172 3938 exetn-

575 3973 678 4043 plis
705 3969 1152 4035 Patriarcharum,
1188 3967 1598 4038 Prophetarum,
1631 3969 2028 4038 Apostolorum,
2055 3973 2167 4028 An-

572 4065 835 4136 gelorum;
863 4077 970 4120 non
991 4061 1292 4118 dubitantes
1311 4060 1508 4117 addere
1525 4061 1683 4117 etiam
1698 4061 1869 4132 ipsum
1885 4065 2165 4122 Dominum

572 4153 866 4220 Christum,
910 4168 1010 4209 nec
1055 4167 1114 4209 se
1154 4152 1309 4208 aliter
1351 4152 1672 4209 arbitrantes
1720 4170 1964 4212 veracem
2012 4174 2162 4214 suam

571 4247 855 4304 ostendere
877 4247 1182 4312 falsitatem,
1211 4245 1312 4300 nisi
1341 4245 1632 4302 Veritatem
1663 4246 1843 4304 dicant
1868 4265 1989 4307 esse
2015 4269 2165 4308 men-

569 4341 778 4397 dacem.
809 4338 1192 4409 Rcdarguenda
1219 4347 1343 4395 sunt
1369 4339 1490 4408 ista,
1520 4355 1626 4395 non
1655 4341 1906 4399 imitanda
1939 4363 1952 4400 :
1985 4361 2086 4402 nec
2109 4349 2160 4402 in

569 4449 636 4490 co
664 4432 806 4488 malo
840 4431 1096 4486 debemus
1138 4429 1653 4486 Priscillianistarum
1695 4447 1815 4488 esse
1852 4436 2158 4506 participes,

569 4523 622 4578 in
667 4537 772 4593 quo
817 4519 1028 4576 caeteris
1055 4519 1318 4575 hmreticis
1344 4521 1731 4575 convincuntur
1780 4536 1900 4578 esse
1924 4525 2154 4594 pejores.

569 4616 672 4686 lpsi
694 4615 834 4671 enim
874 4613 994 4682 soli,
1023 4613 1106 4669 vel
1132 4621 1278 4669 certe
1303 4613 1533 4670 maxime
1571 4615 1669 4684 ipsi
1701 4617 2057 4685 reperiuntur,
2089 4621 2156 4676 ad

567 4706 937 4762 occultandam
963 4720 1112 4761 suam
1143 4720 1300 4776 quam
1340 4713 1523 4774 putant
1555 4705 1852 4774 veritatem,
1897 4707 2156 4778 dogmati-

566 4811 691 4852 zare
714 4797 1046 4852 mendacium
1067 4815 1082 4852 :
1101 4805 1258 4865 atque
1285 4794 1388 4851 hoc
1411 4803 1517 4850 tam
1534 4811 1782 4866 magnum
1811 4799 2007 4854 malum
2033 4800 2155 4858 ideo

561 4887 764 4958 justum
792 4887 1113 4952 existimare,
1144 4886 1267 4957 quia
1311 4885 1494 4941 dicunt
1533 4885 1585 4940 in
1612 4887 1774 4943 corde
1815 4890 2153 4949 retinendum

565 4994 686 5033 esse
715 4976 855 5048 quod
881 4992 1064 5031 verum
1103 4989 1218 5042 est;
1249 4991 1342 5032 ore
1371 4985 1548 5031 autem
1574 4975 1641 5031 ad
1671 4977 1874 5034 alienos
1912 4981 2152 5050 proferre

453 5128 471 5137 _
563 5067 776 5131 falsum,
802 5067 1006 5122 nullum
1032 5082 1152 5122 esse
1175 5077 1478 5137 peccatum;
1504 5074 1560 5122 et
1580 5067 1682 5124 hoc
1711 5084 1831 5126 esse
1853 5072 2108 5143 scriptum
2129 5117 2146 5143 ,

567 5158 668 5224 Qui
694 5157 913 5228 loquitur
940 5159 1196 5213 ueritatem
1214 5159 1267 5212 in
1286 5159 1436 5212 corde
1453 5176 1543 5214 suo
1574 5157 1746 5230 (Psal.
1778 5179 1887 5231 xw,
1920 5164 1975 5235 ’5)
1996 5182 2009 5218 :
2030 5174 2152 5221 tan-

561 5265 720 5320 quam
740 5249 842 5304 hoc
865 5250 992 5305 satis
1017 5249 1169 5305 sitad
1192 5250 1467 5321 justitiam,
1494 5252 1700 5308 etiamsi
1721 5255 1971 5325 loquatur
1997 5259 2148 5329 quis-

561 5357 666 5411 que
705 5342 756 5396 in
797 5357 894 5397 ore
943 5341 1309 5409 mendacium,
1342 5343 1553 5412 quando
1582 5359 1687 5398 non
1717 5347 2021 5414 proximus,
2055 5351 2148 5406 sed

562 5433 768 5488 alienus
796 5433 896 5487 hoc
928 5433 1090 5488 audit.
1125 5433 1416 5504 Propterea
1445 5443 1631 5504 putant
1656 5435 1814 5490 etiam
1845 5441 2146 5508 apostolum

561 5521 805 5588 Paulum,
832 5539 953 5579 cum
981 5523 1222 5589 dixisset,
1256 5524 1572 5593 Deponcntes
1608 5527 1945 5597 mendacium,
1987 5533 2149 5604 loqui.

563 5615 688 5668 mini
731 5616 1019 5681 ueritatem;
1064 5616 1241 5670 statim
1288 5614 1595 5681 addidisse,
1634 5624 1975 5692 unusquisque
2033 5643 2148 5682 cum

561 5707 793 5776 proximo
822 5725 931 5774 suo,
964 5708 1081 5778 quia
1113 5725 1285 5764 sumus
1321 5707 1534 5765 invicem
1574 5713 1794 5767 membra
1825 5714 2039 5788 (Ep/tes,
2074 5739 2143 5789 iv,

1553 306 1828 365 CONTRA
1871 302 2290 371 MENDACIUM,
2329 305 2388 362 S.
2427 303 2794 364 AUGUSTlNl
3739 327 3814 386 δίο

2306 417 2431 490 25).
2465 420 2534 476 Ut
2571 421 2817 477 videlicet
2842 435 2962 476 cum
2985 421 3063 478 eis
3089 423 3181 494 qui
3215 424 3376 482 nobis
3397 425 3452 482 in
3478 430 3704 491 societate
3721 446 3815 497 veri.

2303 508 2426 564 tutis
2465 511 2691 580 proximi
2720 526 2824 566 non
2861 521 3006 580 sunt,
3051 528 3241 584 neque,
3292 524 3354 572 ut
3387 517 3459 573 ita
3495 519 3678 591 dicam,
3707 543 3813 586 com-

2303 599 2572 656 membres
2598 601 2770 656 nostri
2787 610 2934 670 sunt,
2959 603 3105 674 loqui
3129 603 3284 660 liceat
3308 617 3642 681 oporteatque
3659 620 3814 675 menda-

2299 703 2462 743 crum.

2370 781 2422 836 5.
2453 781 2583 850 Quae
2610 785 2871 840 sententia
2893 795 3106 844 sanctos
3141 799 3410 864 martyres
3437 794 3720 864 exhonorat,
3747 803 3814 860 imo

2299 884 2427 926 vero
2451 874 2625 927 aufert
2650 883 2834 930 saneta
2854 877 3076 933 omnino
3095 881 3379 952 martyria.
3408 881 3608 940 lustius
3625 888 3740 944 enim
3758 905 3817 946 sa-

2300 962 2637 1034 pientiusque
2663 964 2922 1034 facerent,
2955 969 3247 1026 secundum
3279 973 3440 1039 istos,
3468 975 3512 1029 si
3535 985 3818 1045 persecutori.

2297 1051 2397 1108 bus
2437 1055 2548 1108 suis
2587 1070 2692 1110 non
2719 1070 2780 1112 se
2821 1058 3207 1116 conﬁterentur
3247 1076 3374 1118 esse
3410 1064 3720 1135 christianos,
3753 1089 3820 1129 nec

2296 1164 2391 1205 eos
2424 1165 2519 1206 sua
2561 1151 2899 1209 confessione
2937 1153 3175 1211 facerent
3219 1156 3520 1215 homicidas
3550 1179 3562 1215 :
3590 1163 3672 1218 sed
3696 1167 3820 1234 potius

2296 1241 2604 1296 mentiendo
2635 1250 2690 1297 et
2715 1245 2958 1314 negando
2977 1246 3119 1317 quod
3144 1258 3320 1316 erant,
3354 1259 3410 1306 et
3439 1252 3536 1322 ipsi
3560 1255 3731 1310 salvum
3754 1257 3820 1313 ba-

2295 1329 2485 1386 berent
2513 1332 2688 1386 carnis
2728 1335 3066 1391 commodum
3117 1339 3407 1410 cordisque
3450 1347 3757 1415 propositum,
3784 1362 3819 1405 et

2295 1420 2412 1476 illos
2438 1432 2752 1494 conceptum
2779 1426 2959 1496 animo
2999 1429 3175 1485 scelus
3214 1433 3447 1503 implere
3485 1451 3586 1490 non
3625 1439 3819 1496 sinerent.

2292 1510 2410 1566 Non
2435 1513 2576 1568 enim
2608 1514 2833 1582 proximi
2862 1532 3050 1574 eorum
3077 1531 3230 1576 erant
3251 1523 3306 1577 in
3340 1523 3448 1580 tide
3473 1527 3757 1598 christiana,
3780 1544 3817 1588 ut

2293 1619 2413 1659 cum
2442 1605 2521 1659 eis
2549 1605 2810 1661 deberent
2841 1607 2984 1679 loqui
3028 1612 3306 1669 veritatem
3350 1615 3406 1671 in
3433 1631 3528 1673 ore
3563 1633 3668 1684 suo,
3705 1638 3815 1691 quam

2293 1694 2646 1765 loquebantur
2672 1695 2722 1750 in
2750 1697 2911 1754 corde
2936 1715 3069 1766 suo;
3095 1703 3191 1758 sed
3229 1704 3402 1774 ipsius
3439 1708 3662 1764 veritatis
3716 1712 3813 1766 insu-

2293 1801 2389 1858 per
2418 1786 2634 1842 inimici.
2664 1787 2720 1843 Si
2748 1790 2888 1844 enim
2911 1791 3068 1860 Jehu,
3097 1809 3257 1864 quem
3287 1797 3393 1853 sibi
3418 1799 3555 1854 inter
3576 1805 3815 1858 caaterosad

2291 1879 2592 1947 exemplum
2623 1879 2914 1936 mentiendi
2943 1884 3230 1953 prudenter
3257 1887 3513 1945 videntur
3539 1891 3720 1961 intueri,
3737 1911 3814 1951 ser-
3862 1879 3863 1954 ἶ

2291 1984 2415 2025 vum
2442 1971 2617 2026 Baalis
2644 1987 2703 2026 se
2728 1987 2847 2028 esse
2875 1978 3128 2034 mentitus
3147 1989 3248 2048 est,
3279 1992 3342 2037 ut
3379 1998 3561 2042 servos
3591 1988 3691 2057 ejus
3711 1988 3813 2044 occi-

2290 2063 2442 2119 deret
2468 2081 2482 2116 :
2510 2072 2709 2134 quanto
2741 2064 2936 2134 justius
2965 2071 3258 2127 secundum
3311 2074 3535 2131 istorum
3563 2080 3811 2148 perversita-

2292 2163 2419 2222 tem,
2451 2165 2690 2228 tempore
2713 2163 3094 2231 persecutionis
3115 2180 3303 2220 servos
3323 2165 3621 2224 daemonum
3640 2183 3689 2225 se
3706 2185 3810 2225 mea

2291 2246 2514 2303 tirentur
2536 2253 2675 2307 servi
2704 2237 2920 2320 Chrisii,
2941 2270 3009 2309 ne
3034 2255 3174 2311 servi
3199 2257 3510 2314 daemonum
3530 2275 3690 2316 servos
3707 2263 3806 2316 occi-

2289 2337 2478 2395 derent
2497 2341 2694 2398 Christi
2719 2361 2734 2410 ;
2762 2353 2817 2401 et
2844 2347 3204 2402 sacriﬁcarent
3229 2347 3392 2403 idolis
3421 2366 3491 2405 ne
3517 2351 3808 2406 interﬁceren-

2289 2433 2373 2482 tur
2392 2429 2654 2499 homines,
2686 2433 2731 2488 si
2759 2435 3076 2490 sacriﬁcavit
3118 2437 3212 2497 ille
3251 2439 3407 2494 Baali
3454 2447 3510 2495 ut
3551 2440 3806 2498 interﬁceret

2287 2520 2569 2579 homines?
2593 2524 2729 2593 Quid
2759 2526 2902 2582 enim
2929 2528 3007 2584 eis
3037 2528 3268 2598 obesset,
3295 2532 3584 2588 secundum
3606 2535 3805 2604 egregiam

2287 2610 2582 2669 doctrinam
2615 2617 3162 2690 mendaciloquorum,
3196 2621 3240 2676 si
3267 2621 3471 2678 diaboli
3497 2624 3674 2680 cultum
3697 2641 3804 2682 men-

2287 2703 2512 2759 tirentur
2541 2706 2594 2760 in
2639 2722 2882 2780 corpore,
2923 2711 3135 2781 quando
3157 2713 3248 2768 Dei
3277 2714 3454 2770 cultus
3490 2716 3752 2772 servabatur
3769 2718 3803 2772 in

2285 2795 2483 2851 corde?
2508 2796 2612 2852 Sed
2641 2815 2746 2854 non
2773 2800 2852 2856 sic
2885 2801 3263 2858 intellexerunt
3286 2805 3592 2875 Apostolum
3606 2814 3801 2879 martyris

2283 2887 2416 2955 veri,
2444 2899 2707 2960 martyres
2733 2892 2924 2946 sancti.
2955 2892 3214 2949 Viderunt
3247 2896 3454 2967 quippe
3491 2906 3800 2969 tenueruntque

2283 2979 2424 3048 quod
2442 2981 2696 3051 scriptum
2717 2992 2817 3050 est,
2842 2983 3005 3039 Corde
3024 2987 3246 3041 creditur
3263 2989 3339 3041 ad
3347 2991 3615 3060 justitiam,
3633 3008 3702 3046 ore
3715 3009 3800 3046 con-

2282 3071 2432 3138 fessio
2459 3073 2517 3141 ﬁt
2546 3073 2615 3126 ad
2636 3075 2851 3129 salutent
2877 3077 3054 3150 (Rom.
3085 3095 3115 3132 x
3135 3119 3153 3139 .
3185 3078 3270 3152 10)
3299 3097 3315 3147 ;
3362 3090 3419 3139 et
3441 3124 3456 3150 ,
3495 3083 3558 3138 In
3583 3100 3658 3138 ore
3675 3101 3798 3139 eorum

2282 3179 2381 3218 non
2410 3174 2482 3217 est
2507 3166 2759 3220 inventum
2783 3169 3098 3224 mendacium
3124 3170 3312 3244 (Apoc.
3341 3189 3453 3243 ιη,
3481 3175 3583 3247 5):
3607 3190 3661 3230 ac
3676 3174 3735 3229 sic
3753 3173 3798 3227 ir-

2281 3255 2728 3324 reprehensibiles
2767 3260 3045 3329 abierunt,
3089 3262 3178 3318 ubi
3219 3267 3419 3321 tentari
3458 3281 3489 3321 a
3526 3264 3796 3322 mendacibus

2280 3347 2501 3402 ulterius
2520 3364 2623 3403 non
2646 3352 2942 3416 cavebunt;
2973 3353 3094 3424 quia
3121 3355 3412 3413 mendaces
3439 3359 3647 3430 amplius
3670 3359 3709 3412 in
3721 3357 3795 3411 suis

2277 3440 2585 3496 caelestibus
2609 3442 2836 3497 cmtibus
2863 3443 2945 3498 vel
2983 3445 3184 3502 alienos
3212 3449 3300 3502 vel
3347 3451 3611 3519 proximos
3632 3464 3715 3504 non
3731 3449 3794 3502 ln-

2277 3531 2496 3588 bebunt.
2533 3533 2682 3588 Illum
2714 3550 2840 3590 vero
2865 3535 3002 3591 Jehu
3031 3538 3314 3595 mendacio
3343 3542 3502 3612 impio
3527 3551 3576 3598 et
3596 3540 3793 3597 sacriﬁcio

2277 3625 2536 3694 sacrilego
2565 3625 2887 3682 occidendos
2916 3628 3106 3697 impios
3130 3638 3184 3684 et
3201 3631 3496 3703 sacrilegos
3513 3632 3788 3703 inquirentem

2276 3731 2383 3771 non
2413 3717 2768 3784 imitarentur,
2797 3733 2896 3774 nec
2924 3719 2968 3774 si
3008 3720 3076 3776 de
3115 3720 3206 3776 illo
3243 3724 3420 3793 qualis
3447 3722 3621 3779 fuisset
3655 3721 3786 3778 eadem

2278 3805 2554 3877 Scriptura
2584 3808 2853 3864 tacuisset.
2882 3809 3016 3864 Cum
3045 3826 3172 3866 vero
3197 3814 3458 3884 scriptum
3491 3815 3556 3869 sit
3588 3830 3686 3870 eum
3727 3827 3787 3866 re-

2273 3907 2416 3954 ctum
2444 3913 2538 3953 cor
2559 3914 2665 3954 non
2684 3898 2932 3956 habuisse
2951 3917 3071 3956 eum
3100 3902 3238 3968 Deo;
3265 3905 3398 3974 quid
3419 3906 3468 3961 ei
3480 3905 3670 3976 profuit,
3687 3902 3784 3974 quod

2276 4004 2374 4059 pro
2401 3990 2653 4045 nonnulla
2671 3991 2990 4058 obedientia,
3008 4009 3169 4064 quam
3195 3995 3262 4050 de
3287 3997 3450 4052 domo
3476 3997 3638 4052 Achab
3660 3997 3782 4051 omni-

2272 4093 2342 4132 no
2367 4078 2613 4144 delenda,
2638 4095 2734 4150 pro
2753 4082 3042 4152 cupiditate
3069 4099 3180 4141 sua:
3203 4085 3574 4144 dominationis
3587 4086 3778 4150 exhibuit,

2269 4169 2593 4240 aliquantam
2630 4172 2930 4229 mercedem
2973 4177 3332 4233 transitoriam
3371 4181 3516 4252 regni
3544 4176 3779 4249 temporalis

2268 4262 2470 4334 accepit
2497 4263 2516 4335 (
2531 4263 2597 4319 lV
2624 4265 2753 4336 Reg.
2777 4265 2876 4338 x)?
2905 4266 2984 4322 Ad
3010 4271 3329 4326 sententiam
3357 4274 3526 4342 potius
3561 4269 3776 4327 veridicum

2267 4362 2558 4424 martyrum
2603 4353 2988 4412 defendendam
3031 4366 3104 4426 te,
3139 4361 3323 4431 frater,
3363 4365 3616 4428 exhortor,
3652 4369 3697 4415 ut
3727 4359 3776 4412 sis

2265 4441 2520 4499 adversus
2547 4445 2854 4510 mendaces,
2889 4463 2993 4503 non
3022 4449 3283 4506 mendacii
3309 4452 3513 4520 doctor,
3539 4452 3620 4509 scd
3639 4449 3777 4506 verita.

2266 4533 2332 4588 tis
2358 4543 2612 4590 assertor.
2644 4535 2775 4591 Nam
2805 4536 3111 4608 diligentius
3134 4581 3150 4609 ,
3181 4541 3406 4599 obsecro
3429 4585 3444 4610 ,
3467 4542 3655 4599 attende
3675 4535 3772 4610 quod

2262 4623 2403 4692 dico,
2434 4633 2494 4680 ιιι
2524 4625 2762 4682 invenias
2787 4643 2947 4698 quam
2978 4630 3050 4685 sit
3073 4632 3391 4702 cavendum,
3417 4634 3549 4706 quod
3574 4633 3669 4689 zelo
3690 4629 3770 4700 qui-

2261 4715 2383 4773 dem
2411 4718 2661 4776 laudabili
2709 4721 2965 4778 adversus
3003 4724 3215 4795 impios,
3262 4735 3320 4784 ut
3357 4728 3549 4799 possint
3589 4735 3769 4793 compre-

2262 4811 2422 4866 hendi
2449 4821 2502 4868 et
2527 4813 2720 4886 corrigi
2745 4815 2828 4870 vel
2852 4816 3026 4886 vitari,
3049 4817 3144 4874 sed
3166 4825 3345 4876 tamen
3365 4819 3607 4876 incautius
3625 4816 3767 4871 docen-

2259 4901 2384 4958 dum
2413 4913 2642 4974 putatur.

2328 4995 2553 5053 CAPUT
2593 4996 2678 5051 111.
2706 5028 2778 5038 -
2804 4998 2859 5054 λι.
2903 4999 3225 5056 Mendacium
3249 5003 3598 5059 Catholicorum
3621 5007 3664 5051 ut
3688 4996 3761 5048 hev

2259 5089 2438 5143 reticos
2474 5090 2698 5161 capiant,
2739 5093 3068 5162 perniciosius
3092 5097 3200 5167 fore
3225 5113 3372 5166 quam
3407 5095 3702 5151 haereticorum
3722 5093 3758 5138 αι

2260 5178 2544 5235 Catholicae
2579 5181 2785 5236 lateant.
2827 5182 3075 5256 Exemplo
3102 5203 3183 5242 res
3210 5189 3573 5243 demonstratur.
3600 5177 3756 5236 Priscil-

2257 5271 2484 5327 lianistas
2503 5289 2682 5342 capere
2706 5291 2795 5344 per
2831 5277 3145 5332 mendacium
3180 5280 3324 5345 velle,
3359 5290 3428 5334 est
3450 5296 3552 5333 cum
3575 5274 3670 5346 ipsis
3689 5269 3752 5321 de-

2250 5363 2478 5432 pravari.
2502 5362 2894 5428 Mendwiorum
2915 5382 3109 5437 genera
3131 5371 3293 5426 multa
3314 5379 3449 5435 sunt,
3471 5383 3574 5438 qua:
3595 5359 3748 5434 quidem

2257 5454 2434 5508 omnia
2458 5455 2831 5512 universaliter
2850 5457 3029 5514 odisse
3049 5459 3321 5516 debemus.
3350 5460 3543 5515 Nullum
3565 5448 3744 5511 cstenim

2257 5544 2589 5599 mendacium
2619 5547 2758 5616 quod
2805 5563 2912 5603 non
2956 5549 3024 5604 sit
3068 5553 3388 5608 contrarium
3432 5547 3626 5606 veritati.
3650 5539 3744 5597 Nam

2257 5637 2394 5690 sicut
2417 5637 2505 5691 lux
2527 5646 2583 5691 et
2601 5637 2852 5703 tenebrae,
2875 5641 3044 5709 pictas
3069 5651 3124 5697 et
3147 5643 3404 5714 impietas,
3427 5639 3598 5713 justitia
3619 5643 3658 5689 ct
3673 5629 3743 5685 ini.

2255 5729 2428 5798 quitas
2448 5769 2461 5794 ,
2490 5736 2764 5799 peccatum
2787 5738 2840 5786 ct
2869 5741 3011 5789 recte
3032 5732 3258 5810 factum,
3291 5734 3474 5793 sanitas
3496 5739 3543 5789 et
3563 5719 3739 5785 imbecil-
