3880 6284
121 323 207 382 521

120 439 242 498 litas,
264 434 360 487 vita
380 441 432 486 et
452 446 505 485 m
517 447 619 496 ars;
640 431 708 485 ita
729 430 865 486 inter
885 446 940 485 se
957 439 1077 485 sunt
1095 431 1286 486 veritas
1301 431 1663 486 mendacium-

119 543 207 596 que
231 524 507 579 cttntraria.
547 521 693 576 Unde
721 530 915 591 quanto
950 537 1188 574 amamus
1218 522 1391 588 istam,
1425 528 1571 575 tanto
1602 521 1668 574 il-

122 617 193 670 iid
219 615 384 669 odisse
408 613 684 667 debemus.
705 610 1081 666 Verumtamen
1106 620 1229 664 sunt
1255 611 1496 680 quasdam
1519 627 1668 664 men-

115 708 258 772 dacia,
305 721 421 775 qua:
446 705 667 759 credere
696 703 830 758 nihil
871 704 1044 757 obsit:
1079 705 1318 773 quamvis
1365 705 1522 758 etiam
1579 703 1668 756 tali

112 796 371 853 mentiendi
430 809 630 864 genere
693 793 874 846 fallere
934 792 1205 858 voluisse,
1262 791 1538 846 mentienti
1601 791 1669 844 sit

111 889 320 949 noxium,
351 901 459 938 non
488 883 748 938 credenti.
779 883 1048 950 Tanquam
1079 882 1122 935 si
1163 881 1327 935 frater
1356 880 1441 934 ille
1481 895 1667 934 servus

110 981 195 1038 Dei
218 977 410 1032 Fronto
432 978 487 1030 in
518 977 583 1030 iis
599 991 715 1046 qua:
734 975 824 1029 tibi
849 975 1118 1039 indicavit,
1148 973 1287 1043 quod
1317 973 1472 1039 absit,
1491 973 1664 1043 aliqua

109 1067 426 1130 mentiretur;
460 1066 565 1120 sibi
596 1065 864 1119 nocuisset
893 1063 1128 1133 profecto
1153 1105 1166 1129 ,
1191 1079 1294 1117 non
1319 1062 1409 1117 tibi
1431 1104 1444 1128 ,
1476 1078 1662 1132 quam-

104 1163 170 1215 vi»
198 1170 245 1213 tu
280 1159 457 1212 omnia
488 1155 812 1211 credidisses
839 1155 952 1209 sine
981 1164 1067 1208 tua
1106 1155 1378 1223 iniquitate
1407 1153 1659 1207 narranti.

105 1251 333 1320 Quoniam
377 1249 494 1303 sive
546 1247 630 1300 illa
663 1248 730 1300 ita
748 1254 901 1317 gesta
941 1247 1084 1310 sint,
1127 1246 1239 1298 sive
1279 1259 1383 1297 non
1413 1244 1520 1307 ita;
1560 1259 1661 1296 non

102 1345 274 1398 habent
300 1353 474 1395 tamen
504 1339 728 1408 aliquid,
753 1337 891 1407 quod
915 1338 958 1391 si
985 1337 1104 1406 quis
1131 1334 1416 1389 crediderit
1447 1335 1514 1388 ita
1545 1349 1663 1388 esse

98 1442 277 1503 gestum
297 1471 311 1492 ,
338 1428 562 1482 etiamsi
593 1443 697 1481 non
732 1429 799 1480 ita
827 1427 892 1479 sit
916 1436 1156 1495 gestum,
1202 1424 1383 1494 regula
1426 1422 1662 1477 veritatis

104 1522 380 1578 etdoctriua
424 1519 622 1574 salutis
662 1517 1167 1586 mterruejudicctur
1203 1532 1322 1569 esse
1350 1514 1659 1583 culpandus.

94 1614 142 1667 Si
167 1619 329 1665 autem
368 1609 476 1663 hoc
507 1610 733 1678 quisque
767 1609 1071 1672 incutiatur,
1102 1605 1238 1676 quod
1273 1605 1315 1659 si
1347 1606 1464 1674 quis
1491 1603 1663 1658 credi-

100 1704 250 1768 derit,
292 1702 558 1756 adversus
606 1699 900 1753 doctrinam
938 1697 1136 1753 Christi
1181 1697 1466 1751 inereticus
1518 1697 1656 1760 erit;

98 1802 220 1846 tanto
243 1799 321 1846 est
345 1790 640 1844 nocentior
690 1790 970 1853 mentiens,
1019 1798 1213 1857 quanto
1258 1787 1502 1840 miserior
1539 1801 1657 1840 cre-

15 1909 25 1924 ·
98 1883 222 1936 deus.
273 1881 400 1935 \iide
449 1894 583 1949 ergo
628 1880 781 1948 quale
827 1879 914 1943 sit,
969 1877 1013 1932 si
1065 1877 1322 1930 adversus
1364 1875 1655 1930 doctrinam

93 1972 258 2027 Christi
288 1971 498 2025 mentiti
532 1970 808 2034 fuerimus,
837 1971 974 2039 quod
1000 1969 1239 2037 quisquis
1265 1966 1549 2021 crediderit
1580 1966 1657 2019 in-

98 2063 263 2125 teribit,
289 2072 340 2116 ut
372 2062 628 2116 inimicos
654 2059 891 2129 ejusdem
924 2059 1178 2111 doctrina:
1207 2059 1495 2124 capiamus,
1525 2070 1656 2125 quos

95 2154 146 2206 ad
171 2154 462 2218 veritatem,
495 2151 626 2206 dum
657 2165 752 2204 nos
775 2152 842 2203 ab
871 2165 930 2204 ea
962 2149 1278 2213 recedimus,
1310 2147 1651 2212 adducamus;

96 2245 182 2296 imo
205 2258 324 2297 vero
350 2258 476 2296 cum
508 2241 797 2296 mendaces
818 2240 1122 2293 mentiendo
1150 2239 1408 2306 capimus,
1435 2236 1653 2290 menda-

93 2336 155 2388 cia
198 2335 367 2404 pejora
417 2334 735 2388 doceamus.
789 2330 941 2384 Aliud
989 2339 1071 2384 est
1112 2329 1251 2383 enim
1288 2327 1427 2399 quod
1473 2328 1655 2382 dicunt

94 2425 272 2494 quando
293 2424 650 2489 mentiuntur,
671 2421 813 2476 aliud
845 2421 1053 2490 quando
1081 2419 1350 2474 falluntur.
1378 2419 1506 2473 Nam
1530 2435 1650 2473 cum

97 2515 306 2570 heresim
337 2531 490 2570 suam
515 2515 733 2578 docent,
762 2528 822 2567 ea
850 2513 1030 2566 dicunt
1061 2513 1111 2564 in
1139 2512 1329 2581 quibus
1361 2511 1610 2564 falluntur
1636 2527 1648 2561 :

97 2609 274 2677 quando
301 2617 483 2662 autem
517 2623 579 2661 se
621 2607 802 2661 dicunt
844 2605 1042 2658 sentire
1072 2603 1212 2673 quod
1258 2617 1360 2656 non
1392 2602 1648 2666 sentiunt,

94 2701 160 2755 vel
197 2716 292 2754 non
333 2701 543 2756 sentire
594 2697 732 2768 quod
764 2697 1016 2760 sentiunt,
1066 2710 1128 2748 ca
1173 2695 1354 2748 dicunt
1380 2695 1428 2746 in
1458 2693 1650 2763 quibus

94 2791 404 2844 mentiuntur.
440 2788 600 2856 Quod
629 2788 707 2841 eis
728 2786 962 2855 quisquis
981 2784 1170 2850 credit,
1194 2783 1292 2837 etsi
1323 2796 1415 2836 eos
1445 2797 1548 2836 non
1572 2783 1652 2835 in—

95 2883 228 2946 venit,
254 2883 363 2951 ipse
402 2896 511 2934 non
543 2881 703 2949 perit.
742 2880 782 2932 A
810 2878 987 2948 regula
1018 2877 1212 2946 quippe
1256 2876 1512 2929 catholica
1543 2890 1645 2928 non

93 2971 280 3037 recedit,
313 2973 400 3042 qui
425 2971 742 3026 hmreticum
773 2971 1029 3024 catholica
1055 2969 1297 3040 dogmata
1323 2968 1647 3022 mendaciter

95 3063 415 3131 proﬁtentem,
446 3063 773 3119 catholicum
798 3061 968 3116 credit
998 3079 1010 3113 :
1041 3075 1100 3114 ac
1131 3077 1223 3129 per
1245 3061 1462 3114 hocnon
1489 3069 1571 3114 est
1595 3059 1645 3113 ei

93 3155 450 3220 perniciosum:
487 3154 617 3224 quia
648 3153 699 3205 in
727 3151 959 3206 hominis
989 3163 1166 3213 mente
1207 3150 1274 3204 de
1311 3166 1413 3220 qua
1446 3150 1645 3203 latente

95 3261 178 3298 non
205 3246 652 3316 potestjudicare,
687 3259 790 3297 non
822 3244 873 3296 in
905 3243 994 3298 Dei
1023 3243 1220 3296 fallitur
1250 3243 1521 3312 fidequam
1552 3242 1644 3296 dc—

95 3335 166 3389 bet
183 3336 380 3391 insitam
406 3334 704 3390 custodire.
744 3333 909 3388 Porro
948 3343 1121 3387 autem
1162 3333 1372 3402 quando
1401 3332 1641 3385 haeresim

97 3441 217 3482 suam
239 3429 449 3496 docent,
485 3427 730 3498 quisquis
764 3426 840 3480 cis
879 3425 1161 3480 crediderit
1191 3425 1422 3494 putando
1452 3424 1643 3478 verita-

98 3527 200 3583 tem,
221 3525 315 3574 erit
335 3522 628 3592 particeps,
649 3528 708 3573 ut
731 3519 947 3580 erroris,
974 3519 1042 3572 ita
1069 3528 1120 3571 et
1145 3517 1499 3572 damnationis
1521 3518 1639 3572 illo-

100 3627 212 3670 nun.
235 3614 317 3669 Sic
339 3616 394 3668 fit
419 3624 481 3669 ut
517 3629 640 3669 cum
680 3613 751 3667 illi
780 3629 872 3666 sua
901 3613 1099 3666 nefaria
1127 3612 1370 3682 dogmata
1399 3611 1639 3664 fabulan-

100 3714 181 3772 tur,
207 3707 252 3761 in
273 3709 460 3777 quibus
471 3707 752 3763 mortifero
775 3722 953 3761 errore
972 3707 1236 3771 falluntur,
1260 3714 1385 3759 tunc
1406 3706 1641 3774 quisquis

99 3797 378 3864 crediderit,
420 3807 610 3868 pereat
651 3814 664 3851 :
693 3811 790 3852 nos
813 3805 988 3851 autem
1019 3796 1229 3866 quando
1255 3797 1509 3850 catholica
1540 3797 1637 3849 do-

19 3951 24 3958 I
97 3898 237 3952 gnrata
263 3889 631 3956 praedicamus,
661 3887 715 3940 in
754 3888 940 3956 quibus
978 3897 1172 3942 rectam
1196 3887 1352 3941 ﬁdem
1377 3897 1636 3954 tenenms,

97 3983 196 4029 tunc
232 3978 270 4030 si
309 3977 636 4042 crediderit,
686 3978 982 4031 inveniatur
1031 3977 1348 4047 quicumque
1388 3979 1634 4045 perierat.

96 4063 281 4130 Quando
305 4085 448 4136 vero,
473 4085 598 4123 cum
628 4068 732 4122 sint
761 4068 1192 4134 Priscillianisttc,
1237 4079 1290 4123 ut
1317 4085 1409 4123 sua
1435 4085 1636 4123 venena

99 4170 181 4211 non
220 4161 451 4227 prodant,
498 4169 710 4215 nostros
748 4177 805 4216 se
853 4176 972 4216 esse
1017 4163 1372 4226 mentiuntur;
1402 4163 1636 4232 quisquis

100 4255 300 4302 nostrum
326 4252 403 4306 eis
432 4250 623 4314 credit,
653 4252 813 4306 etiam
849 4251 948 4305 illis
975 4252 1257 4305 latentibus
1281 4293 1291 4316 ,
1321 4251 1433 4321 ipse
1454 4251 1638 4305 catho-

101 4334 203 4391 licus
227 4349 526 4408 perseverat
559 4358 572 4394 :
612 4356 707 4395 nos
732 4349 934 4407 contra,
972 4350 1029 4394 ut
1053 4341 1116 4394 ad
1149 4357 1329 4396 eorum
1364 4343 1637 4410 pervenia-

101 4441 194 4480 mus
215 4430 523 4502 indaginem,
551 4433 593 4486 si
617 4432 1034 4486 Priscillianistas
1059 4447 1155 4485 nos
1181 4447 1299 4486 esse
1325 4434 1630 4498 mentimur;

101 4517 195 4584 quia
215 4535 385 4576 eorum
413 4531 662 4592 tanquam
687 4533 862 4576 nostra
884 4536 1064 4576 Sumus
1085 4523 1326 4592 dogmata
1353 4522 1630 4590 laudaturi,

102 4609 300 4680 quisquis
326 4629 383 4668 ea
410 4614 715 4680 crediderit,
761 4622 853 4667 aut
899 4613 1292 4666 contirmabitur
1332 4613 1471 4682 apud
1518 4629 1630 4681 eos,

103 4704 176 4748 aut
212 4701 547 4756 transferetur
571 4703 636 4755 ad
666 4716 758 4756 eos
783 4701 993 4754 interim
1024 4702 1198 4754 statim
1232 4719 1244 4753 :
1291 4702 1416 4770 quid
1455 4711 1630 4756 autem

103 4782 206 4842 hora
238 4803 604 4861 superventura
633 4793 819 4864 pariat,
848 4801 1022 4846 utrum
1048 4792 1168 4847 inde
1192 4802 1371 4862 postea
1401 4792 1631 4848 liberen-

107 4883 173 4929 tur
193 4894 300 4934 vera
326 4884 620 4940 dicentibus
648 4885 817 4950 llOltiS,
849 4884 934 4952 qui
957 4883 1160 4952 decvpti
1188 4893 1310 4938 sunt
1334 4883 1632 4939 fallentibus

109 4969 256 5038 nobis;
280 4983 329 5028 et
348 4967 519 5030 utrum
541 4977 725 5032 audire
747 4977 906 5031 velint
931 4976 1230 5042 docentem,
1257 4991 1412 5046 quem
1441 4977 1515 5031 sic
1536 4992 1632 5031 ex-

110 5063 214 5125 perti
233 5077 344 5120 sunt
369 5071 728 5131 mentientem,
761 5069 876 5137 quis
907 5069 1109 5122 noverit
1132 5069 1373 5122 certum?
1396 5069 1509 5138 quis
1533 5069 1632 5123 hoc

111 5162 204 5204 esse
224 5155 410 5223 ignoret
433 5159 727 5213 incertum?
753 5160 825 5213 Ex
844 5175 947 5227 quo
965 5159 1242 5228 colligitur,
1263 5160 1629 5226 perniciosius,

109 5247 180 5289 aut
201 5251 248 5294 ut
281 5247 446 5301 mitius
471 5249 674 5318 loquar,
725 5248 1065 5315 periculosius
1095 5248 1302 5302 mentiri
1333 5246 1634 5302 Catholicos

115 5329 427 5392 Illhzereticos
471 5341 699 5408 capiant,
746 5356 901 5409 quam
952 5341 1276 5394 mentiuntur
1306 5340 1538 5395 haeretici
1578 5349 1634 5394 ut

115 5416 364 5480 Catholicos
379 5431 590 5486 lateant.
619 5433 873 5499 Quoniam
897 5434 1130 5502 quisquis
1160 5434 1325 5488 credit
1353 5433 1633 5488 Catholicis

120 5515 370 5572 mentiendo
399 5524 733 5587 tentantihus,
764 5535 852 5576 aut
894 5525 1141 5588 eflicitur,
1166 5533 1256 5577 aut
1295 5524 1634 5579 confirmatur

118 5595 628 5681 hereticuszquisquis
654 5625 824 5667 autem
845 5615 1008 5668 credit
1039 5614 1300 5670 ltzcreticis
1332 5615 1634 5671 incutiendo

124 5700 214 5746 Sese
233 5701 607 5767 occultantibus,
636 5721 737 5758 non
759 5707 950 5760 desinit
990 5721 1108 5762 esse
1137 5707 1444 5764 cubolicus.
1479 5709 1630 5778 Quod

279 5789 481 5854 SANCT.
518 5798 791 5857 Aueusr.
837 5799 942 5859 Vl.

1495 317 1701 372 LIBER
1745 316 1936 372 UXUS.

3247 344 3352 402 523

1783 431 1956 485 utfiat
2007 433 2228 501 planius,
2274 439 2445 507 aliqua
2477 444 2707 514 exempli
2758 450 2922 517 gratia
2972 468 3347 523 proponamus,

1779 529 1831 572 et
1882 537 1944 574 ex
1989 523 2065 576 eis
2116 527 2446 592 potissimum
2495 534 2725 602 scriptis,
2784 554 2901 606 qua:
2947 543 3076 596 mihi
3129 545 3349 616 legenda

1776 618 1986 668 misisti.

1845 706 1898 760 5.
1943 707 2080 761 Ecce
2117 713 2506 768 constituamus
2529 729 2654 772 ante
2680 721 2862 775 oculos
2887 725 3134 779 callidum
3162 731 3348 798 explo-

1774 801 2000 848 ratorem
2032 798 2288 853 accedere
2315 802 2378 855 ad
2407 819 2526 857 eum
2554 821 2708 876 quem
2737 809 3187 872 Priscillianistam
3230 835 3350 877 esse

1773 887 2143 950 prmsenserit;
2177 897 2229 942 ct
2275 891 2483 947 Dictiuii
2510 897 2742 966 episcopi
2772 899 2871 971 (a),
2914 904 2997 958 vel
3028 908 3220 976 cogniti
3269 915 3349 964 vi:

1773 981 1897 1037 tam,
1926 977 2010 1030 vel
2057 977 2308 1049 incogniti
2355 982 2548 1039 famam
2593 989 2808 1046 laudare
2849 996 3218 1054 mendaciter:
3268 1015 3349 1059 est

1771 1061 1870 1151 hoc
1901 1065 2226 1123 tolerabilius
2265 1071 2457 1142 adlmc,
2485 1077 2607 1143 quia
2648 1079 2738 1135 ille
2781 1093 2996 1151 putatur
3051 1088 3214 1146 fuisse
3261 1109 3350 1148 ca-

1771 1150 2016 1222 tholicus,
2050 1166 2206 1226 atque
2233 1175 2293 1213 ex
2340 1161 2428 1215 illo
2456 1180 2640 1222 errore
2679 1150 2968 1228 correctus.
3003 1177 3204 1235 Deinde
3234 1183 3348 1238 Pri-

1767 1243 2062 1298 scillianum
2093 1248 2108 1316 (
2131 1248 2231 1303 hoc
2257 1250 2398 1304 enim
2421 1257 2660 1325 sequitur
2685 1260 2738 1314 in
2766 1271 2878 1317 arte
2909 1269 3230 1342 mentiendi)
3251 1289 3345 1329 ve-

1767 1333 2074 1389 nerabiliter
2095 1352 2602 1400 commemoraturus
2623 1358 2722 1415 est,
2750 1351 3016 1410 hominem
3049 1333 3268 1429 impium
3292 1373 3348 1419 et

1766 1420 2152 1492 detestabilem,
2183 1439 2234 1482 et
2267 1446 2364 1500 pro
2387 1433 2496 1488 suis
2525 1437 2739 1494 nefariis
2775 1444 3062 1502 sceleribus
3104 1420 3342 1508 crimini-

1765 1509 1966 1581 busque
2008 1516 2336 1576 damnatum.
2386 1521 2442 1577 lu
2486 1541 2585 1594 qua
2631 1529 2745 1598 ejus
2776 1537 3060 1592 venerabili
3103 1555 3341 1600 comme-

1765 1604 2082 1700 moratione,
2112 1608 2153 1660 si
2181 1607 2315 1664 forte
2347 1611 2452 1678 ille,
2478 1617 2559 1668 cui
2589 1619 2719 1672 retia
2751 1623 3034 1681 tenduntur
3061 1628 3341 1700 hujusmo-

1764 1688 1836 1755 di,
1868 1691 2048 1746 firmus
2075 1695 2467 1754 Priscillianista
2489 1719 2592 1758 non
2625 1706 2827 1775 fuerat,
2860 1713 2957 1769 hac
2995 1717 3110 1786 ejus
3130 1688 3340 1789 'przedi-

1762 1781 1967 1837 catione
1998 1784 2309 1842 tirmahitur.
2337 1791 2468 1846 Cum
2498 1807 2668 1851 autem
2697 1800 2761 1855 ad
2788 1813 2976 1861 cmtera
3007 1781 3338 1880 explorantis

1761 1883 1937 1923 sermo
1982 1877 2323 1945 processerit,
2377 1890 2429 1935 et
2479 1884 2705 1942 dicentis
2754 1893 2992 1950 misereri
3044 1877 3102 1954 se
3149 1917 3334 1960 eorum

1759 1973 1893 2027 quos
1940 1964 2097 2017 tantis
2123 1980 2362 2022 errorum
2397 1974 2630 2030 tenebris
2660 1981 2994 2039 tenebrarum
3044 1998 3227 2045 auctor
3253 1993 3339 2046 in~

1759 2050 2000 2117 volverit,
2030 2063 2087 2106 ut
2114 2055 2365 2112 honorem
2403 2063 2594 2119 anima:
2617 2081 2727 2122 suae
2755 2078 2808 2124 et
2830 2072 3118 2131 claritatem
3145 2079 3336 2137 divina:

1760 2143 2017 2239 prosapia:
2047 2160 2150 2199 non
2179 2163 2499 2218 agnoscant;
2527 2164 2633 2210 tum
2661 2159 2852 2216 deinde
2877 2164 3090 2221 Dictiuii
3119 2169 3332 2239 librum,

1758 2231 1909 2298 cujus
1937 2249 2124 2288 nomen
2155 2248 2237 2290 est
2277 2238 2429 2294 Libra
2450 2283 2466 2309 ,
2514 2261 2576 2299 eo
2605 2249 2743 2316 quod
2771 2259 3107 2320 pertractatis
3135 2231 3336 2318 duode;

1757 2320 1857 2374 cim
1884 2325 2261 2390 qmestionihus
2286 2330 2428 2384 velut
2451 2336 2618 2390 unciis
2648 2340 2959 2408 explicatur,
2991 2349 3149 2402 tantis
3173 2361 3333 2404 extu-

1757 2408 1876 2463 lerit
1903 2411 2160 2476 laudibus,
2201 2425 2255 2468 ut
2284 2417 2440 2473 talem
2484 2420 2695 2480 Libram
2721 2468 2735 2491 ,
2785 2445 2887 2499 qua
2917 2433 3196 2492 horrendzc
3221 2441 3334 2495 bla-

1756 2502 2007 2568 sphemia:
2048 2505 2404 2575 continentur,
2435 2513 2610 2566 multis
2647 2516 2900 2574 librarum
2945 2526 3058 2578 auri
3102 2529 3332 2585 millibus

1755 2590 2128 2658 pretiOsiorem
2154 2610 2271 2648 esse
2305 2606 2524 2654 testetur
2556 2621 2568 2655 :
2610 2620 2802 2676 nempe
2827 2608 2938 2665 hzec
2963 2617 3150 2668 astutia
3178 2634 3330 2673 men-

1757 2681 1934 2734 tientis
1955 2723 1971 2748 ,
2003 2685 2231 2738 animam
2259 2688 2525 2746 credentis
2552 2693 2821 2761 interficit,
2859 2711 2948 2755 aut
2970 2703 3078 2772 jam
3114 2706 3329 2764 interfe—

1753 2780 1888 2825 clam
1922 2773 1971 2826 in
1996 2776 2179 2829 eadem
2209 2790 2379 2834 morte
2403 2781 2680 2855 demergit,
2711 2805 2771 2843 ac
2797 2791 3060 2861 deprimit.
3092 2797 3215 2864 Sed,
3249 2803 3330 2856 in-

1751 2862 1919 2930 quies,
1955 2875 2133 2932 postea
2161 2865 2488 2924 liberabitur.
2519 2873 2675 2941 Quid,
2719 2879 2760 2931 si
2793 2896 2894 2934 non
2940 2882 3044 2950 fiat,
3079 2862 3327 2944 sive-ali-

1751 2965 1860 3020 quo
1892 2954 2278 3013 interveniente
2316 2958 2693 3031 impedimento
2719 2985 2785 3024 ne
2823 2984 2990 3043 coepta
3017 2981 3324 3048 complean-

1751 3051 1854 3107 tur,
1887 3045 1998 3100 sive
2027 3047 2380 3104 obstinatione
2419 3057 2610 3110 mentis
2639 3058 2899 3117 heretica:
2923 3081 3105 3125 rursus
3134 3045 3320 3129 eadem

1749 3135 2011 3204 negantis,
2045 3138 2247 3192 etiamsi
2279 3139 2452 3211 aliqua
2485 3144 2592 3213 jam
2623 3161 2858 3218 cmpcrat
2882 3143 3157 3213 confiteri?
3182 3177 3322 3230 prae-

1747 3226 1928 3278 sertim
1950 3227 2071 3295 quia
2098 3229 2139 3280 si
2162 3233 2468 3298 cognoverit
2493 3249 2551 3288 se
2575 3237 2641 3291 ab
2661 3238 2832 3294 alieno
2853 3241 3015 3300 fuisse
3042 3226 3318 3318 tenta-tum,

1745 3327 1810 3367 co
1840 3315 1954 3383 ipso
1991 3316 2242 3372 audacius
2272 3320 2360 3373 illa
2391 3337 2510 3392 quae
2550 3328 2741 3396 sentit,
2786 3333 3016 3390 studebit
3055 3315 3322 3398 occultare

1749 3405 2063 3473 mendacio;
2093 3410 2305 3478 quando
2334 3411 2383 3466 id
2410 3414 2673 3486 inculpate
2694 3421 2805 3476 fieri
2832 3425 2998 3480 multo
3025 3430 3220 3485 certius
3235 3434 3286 3488 di

1745 3496 1968 3562 dicerit,
2022 3499 2183 3553 etiam
2229 3503 2476 3573 exemplo
2523 3507 2686 3576 ipsius
2735 3513 2816 3566 sui
2866 3520 3158 3574 tentatoris.
3209 3522 3320 3579 Hoc

1744 3587 1938 3657 quippe
1985 3588 2038 3642 in
2086 3588 2322 3661 homine,
2370 3595 2459 3664 qui
2502 3598 2812 3654 veritatem‘
2852 3608 3126 3675 tegendam
3171 3621 3320 3680 putat

1743 3691 1862 3733 esse
1905 3681 2228 3746 mentiendo,
2285 3701 2384 3754 qua
2418 3687 2625 3743 totidem
2661 3689 2832 3749 fronte
2861 3697 3208 3770 culpabimus,
3261 3714 3318 3759 et

1743 3767 1994 3829 damnare
2019 3771 2350 3841 audebimus,
2380 3777 2518 3846 quod
2546 3779 2834 3837 docemus?

1811 3858 1866 3911 6.
1901 3857 2154 3915 Remanet
2188 3861 2365 3931 igitur,
2397 3874 2452 3918 ut
2477 3870 2613 3936 quod
2640 3874 2874 3928 sentiunt
2900 3875 3311 3942 Priscillianistzn

1741 3951 2026 4005 secundum
2064 3951 2283 4008 lateresis
2309 3970 2416 4010 sum
2444 3958 2692 4015 nefariam
2723 3961 3037 4034 falsitatem,
3068 3973 3132 4026 de
3163 3975 3272 4031 Deo
3291 4017 3307 4043 ,

1741 4040 1806 4094 de
1835 4042 2028 4107 anima,
2057 4042 2124 4098 de
2150 4059 2391 4114 corpore,
2433 4057 2486 4102 et
2512 4049 2578 4104 de
2602 4057 2804 4108 crctcris
2846 4059 3023 4126 rebus,
3055 4078 3159 4118 non
3203 4040 3305 4120 du;

1740 4130 1966 4184 bitemus
1997 4134 2169 4187 veraci
2213 4135 2405 4204 pietate
2452 4137 2741 4208 damnare;
2787 4146 2926 4213 quod
2965 4161 3140 4206 autem
3182 4170 3305 4211 sen-

1743 4221 1894 4284 tiunt,
1930 4229 1985 4272 ut
2005 4222 2197 4276 veritas
2225 4225 2517 4281 occultetur
2542 4243 2659 4284 esse
2684 4235 3041 4293 mentiendum
3061 4281 3077 4306 ,
3105 4243 3171 4298 sit
3205 4261 3307 4301 no-

1740 4311 1819 4364 bis
1843 4352 1857 4377 ,
1882 4320 1934 4364 et
1960 4311 2081 4378 illis,
2123 4315 2260 4382 quod
2303 4316 2455 4382 absit,
2488 4318 2677 4390 dogma
2707 4338 3008 4385 commune.
3041 4331 3151 4390 Hoc
3199 4345 3306 4394 tam

1741 4416 1984 4470 magnum
2027 4402 2222 4458 malum
2250 4414 2348 4471 est,
2381 4415 2438 4461 ut
2474 4411 2678 4466 etiamsi
2721 4425 2942 4474 conatus
2972 4421 3058 4477 hic
3101 4435 3298 4496 noster,

1802 4558 2335 4638 {99991233159323.5190
2357 4565 2529 4637 qui”?
2550 4567 2600 4618 ίη
2617 4567 2823 4638 me,
2848 4577 2976 4638 quod
2997 4580 3258 4633 veritatem.

1800 4619 1876 4701 ςςί).
1886 4626 1943 4701 lu
1962 4619 2186 4701 editjsuet
2198 4619 2408 4701 dicunt}.
2419 4619 2643 4701 ίξρἰεορί.
2663 4619 3304 4701 *t’téniqtié'ﬁaitiﬁésfi'ik-

1736 4682 1956 4788 poliatur,
1993 4682 2166 4754 deinde
2190 4682 2586 4758 dictmn‘hlirum,
2609 4693 2746 4754 cujus
2767 4682 3209 4753 ηόιῖιὲητεᾙ-ἱὶὖῖἇῖ

1755 4753 1870 4788 ocrs.
1895 4755 1987 4788 nec
2010 4757 2104 4788 non
2127 4745 2262 4788 infra-
2286 4756 2440 4788 (δέη-»ιω
2478 4753 2550 4788 47-
2585 4755 2885 4788 νμςιίιιιῖιηιιο
2908 4768 3132 4788 .,η.η.......
3157 4765 3276 4788 ημη

1755 4745 1987 4818 cei-statuet:
2009 4757 2116 4818 non
2127 4745 2262 4805 infra,
2286 4749 2450 4818 capite
2478 4745 2892 4818 17,_:restituitnus
2904 4745 3140 4812 veterum

1733 4811 2602 4890 ἷῖἔξξξ.ξ¹,ῗῗὲῗξέι³ἓθ,ξ39¹¹ἶθίέ..θέἓὲἰιὲἰίε
2639 4817 2760 4890 Fui}.
2787 4819 3013 4889 οίυιίηίιιε
3051 4811 3305 4890 euersas

1735 4869 2065 4946 Asturﬂicepsis,
2086 4883 2120 4946 ἐ
2153 4869 2259 4940 cui,
2286 4885 2308 4912 ν
2345 4877 2398 4918 ut
2431 4873 2604 4923 tdatius
2624 4875 2686 4946 "in
2708 4876 2943 4946 .Chronico
2967 4869 3303 4946 seri—bifurob

1742 4924 2328 5005 ff:i§?ill‘ff‘£[9¥¥€éi!“2
2355 4944 2497 5002 quam
2534 4924 3184 5005 ννοίὶιεῡεὶίιὶίἷέεἱρὶϊὲὦ
3199 4924 3306 5002 ἔιιῖἱὲ

1743 4986 2447 5070 :ejusdnetunsgctfenepiseoliis,
2466 4986 3308 5070 suc‘cessn.aﬁitbfdéfiiﬁymﬁz

1734 5047 2033 5123 {liquot}?le
2046 5047 2273 5123 detornato
2287 5047 2400 5123 suo
2415 5047 2584 5105 errore
2611 5047 2982 5123 resipisceutem

1733 5115 2689 5192 IE..°.°.!:!B!3'..‘?§53-lenitatemue“
2712 5115 2905 5192 iam}.
2946 5129 2996 5177 in
3018 5115 3307 5192 ξὺίᾶὀὶἆῖἇ

1734 5169 2426 5246 synodumgroletanatn‘anjusi
2432 5190 2628 5246 quoque
2651 5169 3003 5238 correctionem
3023 5169 3307 5246 Le;

1737 5233 2006 5314 Eat-Latet:
2022 5233 2223 5314 eratet?
2251 5233 2676 5314 .".“"FF“’.“1.'"
2699 5233 3193 5314 Asturiééiéérii'ciii
3211 5233 3304 5314 ῖῦἒ

1736 5291 2009 5376 {aesaes
2025 5291 2212 5376 ira“
2241 5297 2445 5376 sese
2460 5306 2712 5376 tractatus,
2729 5291 3191 5376 .iciiiéé's’éc'diihﬁﬁ'

1745 5368 1766 5395 ι
1787 5350 2194 5425 scilliauidogma
2237 5360 2552 5425 conscripsit,
2580 5375 2607 5410 a
2644 5350 3307 5425 multis'c'urit"ti€££i§tibh'é

1744 5428 1765 5455 ι
1789 5411 2212 5489 [υξςωέῃω-ςουιιι
2233 5430 2273 5464 St
2297 5411 2496 5489 aliquid,
2515 5411 2598 5481 ait,
2610 5411 3308 5489 memoria;

1745 5489 1765 5516 α
1787 5474 1901 5551 dum
1939 5483 2132 5551 putant,
2185 5474 2539 5551 reparationem
2577 5474 2684 5551 ejus
2724 5474 3304 5551 ,ﬁﬁs'aé'ﬁéhﬁt'ifﬁi-

1745 5553 1766 5578 κ
1789 5547 1844 5582 re
1875 5548 2017 5605 quam
2057 5537 2113 5605 la,
2131 5537 2258 5605 sum.
2282 5556 2302 5605 lg
2340 5550 2574 5591 caeterum
2602 5537 3138 5600 'Dictiniiumem'ia'izh—n'
3164 5537 3304 5605 55$-

1740 5599 1947 5667 versaria
1975 5599 2333 5667 ‘testiviiatein
2380 5607 2597 5667 Hispania
2642 5609 2757 5657 colit
2798 5599 3120 5662 Asturicen’sisi
3141 5599 3304 5667 Eccle-

1738 5657 1838 5734 sia,
1862 5658 1942 5734 die
1966 5658 1994 5705 '2
2019 5661 2156 5722 juaii.
2197 5663 2307 5710 Vide
2331 5657 2595 5713 Ferrarium
2627 5668 2674 5715 in
2707 5657 3304 5734 Caulogo—gen‘erahvssu»

1737 5729 1938 5770 ρῐυιίιω.

2073 5809 2111 5846 θ
2630 5809 3019 5897 (Dix-scpt.)
3061 5807 3072 5814 ’

3225 5906 3296 5916 ...ο
