3880 6284
507 322 615 380 525

508 447 616 507 quo
642 446 736 490 eos
775 445 872 505 per
908 428 1242 485 mendacium
1282 438 1474 496 capere
1509 425 1755 495 cupimus
1784 431 1838 478 et
1865 431 2094 488 mutare,

510 529 583 584 ita
629 535 1005 597 prosperetur,
1050 529 1111 578 ut
1154 534 1249 576 eos
1286 520 1559 589 capiamus
1601 525 1761 588 atque
1809 526 2094 581 mutemus,

515 619 673 675 nullis
695 618 856 673 lucris
881 622 1297 683 compcnscntur
1324 609 1437 665 haec
1463 610 1676 672 damna,
1707 607 1900 678 quibus
1926 615 1980 661 et
2000 620 2098 660 nos

512 727 633 767 cum
682 708 811 779 ip~is
859 720 955 777 pro
997 705 1207 760 illorum
1237 701 1568 757 correctione
1591 697 1966 768 depravamur.
1997 695 2101 750 Per

514 805 615 858 hoc
654 814 884 870 namque
928 795 1260 852 mendacium
1306 800 1357 846 et
1398 805 1496 845 nos
1537 789 1737 844 erimus
1763 802 1829 843 ex
1847 802 1921 842 ea
1950 795 2100 857 parte

516 894 792 965 perversi,
834 890 989 944 etilli
1019 883 1379 941 semicurrecti
1415 900 1427 936 :
1462 878 1890 951 quandoquidem
1918 876 2056 931 istud
2081 917 2096 941 ,

512 984 652 1057 quod
674 988 866 1055 putant
891 993 1010 1036 esse
1036 992 1131 1047 pro
1159 976 1379 1030 veritate
1406 971 1792 1035 mentiendum,
1820 985 1926 1024 non
1948 970 1999 1025 in
2023 968 2100 1022 cis

514 1078 864 1147 corrigimus;
897 1072 1015 1142 quia
1045 1068 1183 1124 idem
1209 1083 1308 1122 nos
1333 1065 1636 1122 didicimus‘
1664 1071 1719 1117 et
1743 1062 2019 1127 docemus,
2047 1068 2103 1114 et

516 1171 628 1225 fieri
672 1175 921 1236 oportere
957 1161 1327 1232 praecipimus,
1380 1156 1552 1213 ut'ad
1592 1171 1685 1211 eos
1734 1150 2101 1207 emendandos

514 1258 792 1331 pervenire
820 1254 1105 1324 possimus.
1133 1251 1279 1319 Quos
1331 1257 1509 1303 tamen
1562 1262 1665 1301 non
1714 1242 2098 1306 emcndamus,

510 1349 705 1419 quibus
730 1344 1029 1412 mendunt’,
1057 1358 1165 1413 qun
1193 1356 1377 1396 verum
1423 1337 1708 1410 tegendum
1753 1335 2098 1400 existimant,

513 1454 618 1496 non
647 1437 974 1500 auferimus;
1021 1432 1260 1488 sednus
1305 1431 1482 1501 potius
1529 1425 2102 1491 immendamuryeum

514 1530 723 1602 pertaie
743 1526 1001 1583 mendum
1029 1540 1124 1581 eos
1149 1523 1580 1595 quteritnusmec
1596 1517 1895 1573 invenimus
1918 1530 2104 1588 quem-

513 1619 919 1678 admodumeis
984 1616 1260 1673 conversis
1298 1614 1520 1672 credere
1561 1613 1851 1676 valeamus,
1906 1608 2102 1681 quibus

513 1712 778 1788 perversis
805 1712 1012 1768 mentiti
1039 1724 1254 1775 sumus;
1287 1723 1354 1763 ne
1375 1706 1513 1763 forte
1539 1705 1681 1777 quod
1705 1713 1756 1759 ut
1784 1712 2105 1775 caperentur

512 1816 639 1863 sunt
664 1804 826 1877 passi,
856 1802 1054 1859 faciant
1079 1800 1256 1872 capti;
1291 1813 1394 1855 non
1421 1797 1594 1854 solum
1620 1795 1743 1867 quia
1773 1793 1945 1850 facere
1974 1809 2102 1849 con-

514 1902 823 1961 sueverunt,
869 1891 964 1949 sed
1008 1891 1130 1963 quia
1159 1889 1304 1945 etin
1349 1888 1538 1954 nobis,
1570 1886 1636 1942 ad
1675 1900 1812 1958 quos
1851 1884 2101 1954 veniunt,

515 1989 617 2043 hoc
641 1984 934 2042 inveniunt.

586 2074 812 2135 CAPUT
840 2073 929 2131 ιν.
950 2104 1019 2116 -
1038 2072 1089 2128 7.
1121 2070 1384 2129 Mentiemi
1403 2072 1454 2125 in
1479 2086 1600 2136 uno,
1629 2086 1731 2124 non
1748 2067 1931 2122 haberi
1950 2066 2104 2137 [idem

517 2171 575 2226 in
615 2169 754 2224 aliis.
797 2166 863 2223 Et
903 2165 1044 2239 quod
1088 2174 1173 2221 est
1217 2162 1606 2228 miserabilius,
1655 2162 1817 2217 etiam
1858 2160 1956 2231 ipsi
1991 2158 2102 2230 jam

519 2260 672 2335 quasi
715 2260 883 2316 nostri
924 2257 1098 2315 en‘ecti
1124 2298 1139 2324 ,
1182 2255 1632 2327 quemadmodum
1663 2253 1819 2309 nobis
1848 2250 2100 2320 credant,

520 2352 759 2423 reperire
804 2363 909 2405 non
954 2357 1196 2420 possunt.
1242 2345 1300 2403 Si
1342 2346 1485 2401 enim
1527 2345 1903 2415 snSpicentur,
1941 2341 2102 2397 etiam

519 2445 636 2515 ipsa
663 2441 922 2498 catholica
962 2439 1208 2511 dogmata
1238 2452 1333 2493 nos
1358 2435 1687 2492 mendaciter
1712 2433 1889 2506 loqui,
1921 2441 1979 2489 ut
2004 2447 2105 2488 ne-

508 2538 635 2592 scio
650 2533 777 2607 quid
795 2533 936 2589 aliud
954 2533 1280 2588 occultemus
1292 2528 1434 2601 quod
1452 2544 1634 2585 verum
1659 2538 1934 2599 putamus;
1958 2532 2106 2584 certe

518 2628 647 2684 talia
689 2626 981 2698 suspicanti
1030 2624 1269 2681 dicturus
1294 2638 1374 2688 es,
1410 2621 1522 2678 Hoc
1556 2630 1679 2677 tunc
1719 2619 1840 2677 ideo
1881 2618 2017 2688 feci,
2048 2626 2107 2674 ut

520 2736 768 2793 caperem
790 2729 844 2776 te
869 2737 882 2774 :
907 2717 1003 2776 sed
1033 2717 1159 2790 quid
1189 2714 1539 2788 respondebis
1563 2713 1795 2780 dicenti,
1826 2713 1977 2771 Unde
2004 2712 2105 2784 igi-

500 2822 613 2870 ttur
633 2813 746 2870 scio
762 2820 937 2868 utrum
960 2812 1120 2867 etiam
1143 2825 1284 2865 nunc
1303 2809 1357 2864 id
1381 2807 1564 2871 facias,
1590 2823 1657 2863 ne
1682 2807 1907 2879 capiaris
1926 2820 1957 2859 a
1979 2819 2063 2859 me
2082 2804 2107 2858 ‘l

524 2904 607 2961 An
655 2918 787 2960 vero
825 2903 1073 2973 cuiquam
1113 2898 1423 2972 persuaderi
1451 2907 1648 2969 :polest
1691 2897 1960 2952 hominem
1999 2910 2105 2949 non

523 2993 739 3050 mentiri
770 3007 839 3050 ne
863 2993 1125 3063 capiatur,
1157 2991 1248 3062 qui
1276 2990 1530 3045 mentitur
1556 2997 1614 3041 ut
1635 2985 1850 3056 capiat?
1880 2984 2109 3041 Vldesue

506 3104 631 3161 quo
657 3087 838 3144 tendat
873 3086 979 3143 huc
1018 3084 1256 3141 malum?
1300 3093 1358 3139 ut
1400 3083 1605 3139 sciiicct
1648 3098 1754 3136 non
1792 3081 1966 3138 solum
2008 3096 2108 3138 nos

524 3181 653 3251 illis,
686 3179 893 3252 ipsique
918 3177 1073 3234 nobis
1095 3218 1111 3245 ,
1142 3175 1236 3233 sed
1264 3175 1440 3231 omnis
1466 3173 1630 3229 frater
1656 3173 1809 3228 omni
1825 3171 2106 3228 fratrinon

523 3272 793 3330 immerito
826 3270 1070 3328 videatur
1094 3276 1533 3339 esse-suspectus.
1568 3268 1739 3338 Atque
1767 3265 1835 3322 ita
1858 3265 1984 3321 dum
2016 3281 2111 3337 per

525 3363 865 3423 mendacium
897 3362 1131 3420 tenditur
1162 3370 1220 3415 ut
1244 3360 1499 3415 doceatur
1524 3358 1688 3426 fides,
1716 3358 1768 3416 id
1802 3360 1976 3430 agitur
2010 3374 2109 3429 po-

530 3458 637 3512 tius
661 3454 682 3487 ⁸
711 3462 771 3511 ut
806 3454 937 3510 nulli
978 3451 1218 3510 habenda
1248 3453 1320 3507 sit
1344 3451 1495 3506 fides.
1539 3448 1598 3507 Si
1642 3448 1783 3504 enim
1825 3460 1880 3506 et
1925 3460 2111 3507 contra

529 3547 700 3603 Deum
726 3545 998 3616 loquimur
1018 3585 1033 3612 ,
1065 3559 1188 3599 cum
1230 3542 1551 3608 mentimur,
1584 3541 1712 3612 quid
1741 3549 1949 3598 tantum
1986 3541 2112 3598 mali

526 3639 729 3713 poterit
768 3638 824 3694 in
873 3636 982 3693 ullo
1028 3634 1307 3693 mendacio
1351 3633 1577 3705 reperiri
1607 3633 1648 3702 ‘,
1677 3632 1818 3704 quod
1861 3643 2113 3705 tanquam

530 3730 970 3791 scelestissimum
992 3728 1137 3786 omni
1166 3728 1326 3783 modo
1352 3726 1591 3783 devitarc
1612 3726 1937 3783 debeamus?

600 3822 828 3881 CAPUT
852 3820 915 3877 V.
935 3849 1006 3863 --
1024 3820 1077 3878 8.
1106 3817 1548 3875 Priscillianistam
1574 3816 1882 3873 tolerabilius
1913 3817 2112 3872 mentiri

530 3915 835 3971 occultando
853 3913 1085 3967 heresim
1114 3927 1280 3974 suam,
1308 3926 1462 3981 quant
1482 3908 1788 3963 catholicum
1811 3909 2114 3964 occultando

531 4008 812 4063 ueritatem.
835 4002 1083 4060 Catholici
1103 4001 1219 4058 sise
1238 4000 1542 4055 mentiantur
1556 4015 1662 4055 esse
1686 3998 2110 4071 priscillianistas,

531 4101 677 4173 pejus
724 4097 919 4171 faciunt
960 4112 1112 4164 quam
1157 4092 1548 4165 priscillianistat
1591 4107 1647 4146 se
1691 4090 1964 4147 catholicos
2010 4105 2119 4147 esse

531 4193 844 4250 mentientes.
907 4187 1015 4245 Sed
1079 4201 1222 4244 nunc
1279 4185 1499 4243 adverte
1562 4200 1723 4256 quam
1788 4184 2119 4241 tolerabilius

532 4282 952 4341 Priscillianiskc
1000 4279 1052 4335 in
1093 4289 1273 4335 nostra
1308 4278 1712 4349 comparatione
1748 4277 2074 4335 metiantur
2096 4319 2115 4346 ,

531 4375 832 4448 quando-se
859 4372 1118 4429 fallaciter
1158 4370 1304 4441 loqui
1342 4371 1555 4437 sciunt,
1584 4384 1722 4440 quos
1748 4380 1933 4426 nostro
1962 4385 2119 4426 men-

513 4468 689 4525 ‘dacio
706 4463 1032 4523 iliberandos
1057 4472 1320 4532 .pntamus
1355 4461 1423 4516 ah
1447 4463 1527 4518 eis
1554 4458 1703 4516 falsis
1729 4461 1783 4516 in
1808 4461 2001 4532 quibus
2027 4477 2115 4517 er-

518 4559 707 4615 arando
745 4554 1019 4612 falluntur.
1052 4550 1452 4609 Priscillianista
1490 4550 1620 4606 dicit
1660 4549 1802 4621 quod
1843 4550 2019 4606 anima
2049 4552 2121 4608 sit

522 4664 661 4721 pars
687 4648 803 4713 Dei,
827 4654 879 4704 et
910 4643 1149 4717 ejusdem
1174 4641 1330 4713 cujus
1353 4650 1434 4698 est
1459 4640 1547 4697 ille
1572 4649 1773 4697 natura:
1801 4651 1960 4713 atque
1987 4640 2118 4698 sub-

528 4741 768 4797 stantia.
804 4738 990 4808 lingua
1044 4737 1158 4791 haec
1194 4742 1278 4791 est
1318 4742 1375 4789 et
1413 4732 1724 4789 detestanda
1765 4732 2118 4804 blasphemia.

539 4832 792 4901 Sequitur
817 4828 961 4884 enim
997 4835 1056 4882 ut
1093 4825 1185 4882 Dei
1215 4824 1728 4894 naturac'tptivetur
1746 4865 1764 4892 ,
1786 4823 2116 4897 decipiatur,

542 4923 776 4988 fallatur,
802 4918 1151 4976 conturbatur
1176 4924 1337 4986 atque
1356 4924 1620 4987 turpetur,
1652 4915 1936 4972 damnetur
1960 4925 2122 4989 atque

541 5014 829 5072 crucietur.
870 5012 939 5068 At
964 5010 1009 5068 si
1035 5008 1139 5067 hoc
1173 5016 1229 5066 et
1269 5009 1357 5066 ille
1389 5008 1556 5076 dicit,
1586 5008 1677 5081 qui
1705 5008 1772 5065 de
1803 5018 1951 5066 tanto
1977 5009 2122 5067 malo

542 5108 775 5164 liberare
812 5102 962 5175 cupit
1000 5100 1271 5156 hominem
1310 5112 1407 5172 per
1446 5100 1818 5166 mendacium,
1846 5101 2123 5161 videamus

544 5198 668 5275 quid
691 5195 899 5253 intersit
927 5195 1066 5251 inter
1090 5202 1370 5263 utrumque
1391 5191 1778 5264 blasphemum.
1804 5194 2122 5263 Plurimum,

546 5288 751 5359 inquis:
772 5301 895 5341 nam
915 5283 1017 5340 hoc
1036 5280 1421 5354 priscillianista
1441 5282 1570 5339 dicit
1590 5282 1660 5338 ita
1682 5282 1843 5339 etiam
1865 5284 2124 5352 credens;

542 5379 837 5438 catholicus
876 5385 1054 5433 autem
1085 5388 1191 5430 non
1232 5374 1303 5429 ita
1341 5372 1600 5440 credens,
1642 5374 1888 5445 quamvis
1931 5375 2002 5431 ita
2051 5377 2129 5433 lo-

608 5514 627 5545 ι
662 5511 735 5561 sic
756 5508 925 5575 plures
939 5515 1047 5561 uss.
1070 5515 1128 5561 At
1147 5507 1284 5568 editi,
1304 5504 1530 5563 (licinius.

606 5572 852 5646 {Aliquot
872 5580 978 5625 uss.
1008 5571 1089 5623 hic
1110 5579 1164 5624 et
1186 5570 1309 5623 intra
1329 5568 1455 5632 loco,
1484 5568 1737 5636 nudauit,
1760 5571 1961 5641 habent,
1998 5589 2134 5632 men-

546 5635 799 5757 “i'iiiiii,
821 5692 875 5746 ἱά
895 5691 981 5760 agi
1000 5692 1171 5759 potius.
1194 5691 1384 5805 altanus
1404 5700 1533 5756 κει,
1553 5691 1732 5761 agitur.
1778 5758 1789 5769 ,

612 5757 636 5792 δ
670 5756 834 5805 Plures
855 5764 982 5805 ω..
1005 5753 1177 5805 poterit
1198 5767 1262 5805 nu
1299 5767 1328 5805 ο
1356 5756 1609 5805 mutilum
1631 5771 1789 5805 rem

612 5757 636 5792 δ
670 5753 834 5809 Plures
855 5753 982 5821 Issi,
1000 5753 1177 5821 poterit
1198 5753 1328 5805 nullo
1356 5753 1609 5810 υκαιάάοῶ
1631 5758 1851 5826 reperiri.

1546 306 1816 367 CONTRA
1865 304 2288 383 MENDAClUﬂ,
2327 307 2388 366 s.
2429 306 2794 370 AUGUSTINI

2208 436 2398 494 quens.
2448 424 2545 482 Ille
2587 442 2715 499 ergo
2758 427 3091 501 blasphemat
3133 432 3418 503 nesciens,
3465 436 3568 494 iste
3607 451 3792 498 autem

2208 517 2384 574 sciens
2415 535 2428 574 :
2457 519 2545 576 llle
2585 530 2770 577 contra
2809 521 3085 586 scientiam
3106 567 3122 592 ,
3155 526 3253 582 iste
3283 536 3469 603 contra
3514 535 3791 590 conscien~

2207 607 2334 662 tiam
2367 624 2381 663 :
2408 608 2497 665 ille
2526 609 2684 666 habet
2711 614 3002 669 caecitatem
3031 614 3159 671 falsa
3183 619 3474 685 sentiendi,
3503 621 3597 677 sed
3628 623 3683 677 in
3714 626 3787 680 eis

2207 697 2369 754 habet
2412 699 2600 756 saltem
2638 701 2966 761 voluntatem
3013 722 3138 763 vera
3181 707 3427 777 dicendi;
3472 711 3574 767 iste
3616 715 3787 772 latens

2206 790 2351 846 videt
2378 806 2522 857 vera,
2542 799 2597 849 et
2623 795 2808 850 volens
2835 794 3068 866 loquitur
3085 795 3251 854 falsa.
3281 801 3385 856 Sed
3419 802 3527 869 ille,
3558 803 3788 876 inquies,

2208 881 2310 937 hoc
2329 881 2507 952 docet,
2539 895 2597 940 ut
2621 887 2823 942 erroris
2843 889 2925 943 sui
2954 888 3115 945 faciat
3137 890 3436 964 furorisque
3467 895 3789 966 participes:

2208 972 2308 1027 iste
2336 982 2513 1029 autem
2539 975 2641 1030 hoc
2664 975 2813 1045 dicit,
2848 986 2905 1032 ut
2930 979 2997 1033 ab
3025 978 3118 1035 illo
3143 996 3328 1039 errore
3352 999 3417 1038 ac
3444 982 3633 1041 furore
3663 987 3792 1042 libe-

2207 1074 2288 1120 ret
2318 1063 2580 1123 homines.
2619 1066 2734 1123 Jam
2770 1069 2984 1141 quidem
3022 1086 3183 1143 supra
3213 1074 3423 1130 ostendi
3452 1087 3716 1148 quantum
3741 1090 3794 1135 es

2206 1154 2309 1212 hoc
2340 1168 2559 1227 noceat,
2592 1159 2734 1231 quod
2760 1160 2998 1217 creditur
3020 1161 3405 1234 profuturum;
3438 1182 3632 1224 verum
3658 1169 3797 1226 inte-

2207 1250 2307 1305 rim
2352 1250 2396 1305 si
2439 1252 2803 1322 appendamus
2832 1252 2897 1309 in
2946 1253 3030 1311 bis
3072 1253 3281 1312 duobus
3320 1257 3459 1313 mala
3506 1262 3793 1329 pmsentia

2208 1342 2483 1412 (quoniam
2520 1342 2655 1397 bona
2696 1341 2868 1399 futura
2903 1360 3023 1418 qua:
3051 1347 3346 1404 catholicus
3371 1348 3439 1406 de
3472 1351 3795 1424 corrigendo

2210 1432 2459 1489 lneretico
2480 1435 2726 1506 inquirit,
2752 1436 2950 1493 incerta
2979 1438 3165 1511 sunt),
3188 1440 3307 1511 quis
3332 1452 3518 1514 peccat
3541 1445 3791 1514 gravius;

2194 1532 2384 1580 utrum
2415 1524 2505 1596 qui
2545 1525 2816 1583 hominem
2853 1527 3051 1601 decipit
3080 1532 3360 1600 nesciens,
3391 1548 3461 1589 an
3490 1535 3584 1607 qui
3629 1535 3794 1592 Deum

2194 1615 2544 1688 'blasphemat
2574 1619 2791 1675 sciens?
2815 1620 3063 1678 Profecto
3090 1623 3217 1695 quid
3247 1624 3315 1680 sit
3339 1625 3492 1697 pejus
3519 1627 3794 1699 intelligit,

2207 1708 2296 1781 qui
2323 1707 2524 1765 homini
2556 1709 2732 1767 Deum
2762 1712 2987 1769 sollicita
3014 1715 3211 1786 pietate
3246 1719 3530 1789 preponit.
3563 1716 3689 1776 Bue
3710 1734 3794 1777 ao-

2199 1799 2380 1866 cedi‘t,
2420 1800 2541 1872 quia
2580 1801 2628 1858 si
2666 1802 3116 1874 blasphemandus
3152 1814 3237 1864 est
3273 1807 3446 1874 Deus,
3483 1817 3542 1865 ut
3572 1809 3649 1866 ad
3676 1826 3793 1868 eum

2208 1889 2529 1947 laudandum
2575 1890 2816 1949 homines
2853 1892 3213 1963 adducamus;
3254 1898 3441 1969 procul
3481 1899 3655 1956 dubto
3690 1916 3791 1957 non

2205 1981 2380 2037 solum
2408 1981 2475 2037 ad
2515 1982 2833 2041 laudandum
2852 2027 2871 2055 ,
2898 2001 3084 2045 verum
3123 1988 3283 2046 etiam
3309 1989 3376 2046 ad
3414 1990 3793 2064 blaspheman-

2208 2070 2333 2127 dmn
2362 2072 2527 2129 Deum
2547 2115 2562 2141 ,
2591 2075 2836 2147 exemplo
2862 2086 2917 2133 et
2940 2078 3181 2136 doctrina
3213 2090 3394 2137 nostra
3423 2082 3683 2143 homines
3710 2087 3788 2142 in-

2206 2164 2435 2220 vitamus
2467 2182 2480 2219 :
2512 2167 2760 2238 quoniam
2800 2184 2935 2240 quos
2969 2169 3035 2227 ad
3070 2171 3164 2229 Dei
3206 2172 3392 2247 laudes
3425 2190 3522 2246 per
3549 2177 3654 2232 Dei
3679 2178 3791 2235 bla-

2208 2255 2479 2324 sphemiae
2505 2258 2755 2312 molimur
2779 2259 3069 2329 adducere,
3089 2263 3269 2334 utique
3297 2265 3344 2320 si
3370 2265 3786 2335 ndduxerimus,

2196 2363 2315 2402 non
2334 2347 2503 2403 solum
2524 2348 2739 2405 laudare
2752 2351 2981 2420 discent,
3003 2368 3187 2410 verum
3208 2356 3366 2413 etiam
3391 2356 3791 2430 blasphemus.

2210 2435 2334 2493 Haec
2362 2436 2466 2493 illis
2496 2438 2751 2495 beneﬁcia
2778 2442 3131 2509 conferimus,
3153 2459 3288 2515 quos
3313 2461 3424 2503 non
3449 2448 3777 2519 ignoranter,

2209 2528 2304 2585 sed
2333 2530 2565 2588 scienter
2604 2531 3027 2603 blasphemando
3067 2536 3136 2593 ab
3175 2538 3440 2596 hmreticis
3475 2540 3781 2600 liberamus.

2210 2620 2425 2679 Etcum
2459 2622 2747 2696 Apostolus
2783 2624 3026 2683 homines
3067 2629 3345 2687 tradiderit
3380 2633 3544 2689 etiam
3573 2634 3682 2705 ipsi
3708 2649 3788 2690 sa-

2214 2723 2372 2781 tame,
2406 2728 2463 2771 ut
2491 2716 2760 2773 discerent
2788 2733 2896 2773 non
2926 2719 3297 2790 blasphemare
3329 2721 3392 2788 (1
3418 2723 3550 2779 Tim.
3579 2740 3633 2794 ι,
3663 2725 3785 2798 20)τ

2213 2824 2312 2864 nos
2337 2808 2863 2866 conamurhomincs
2891 2825 3082 2867 eruere
3101 2821 3310 2870 satanas
3330 2855 3346 2881 ,
3372 2824 3435 2870 ut
3456 2814 3671 2873 discant
3693 2833 3786 2875 non

2212 2914 2310 2970 per
2353 2899 2741 2971 ignorantiam,
2792 2899 2885 2956 sed
2925 2915 3024 2972 per
3065 2903 3345 2960 scientiam
3374 2905 3787 2978 blasphemarc;

2213 2988 2473 3060 nobisque
2515 2989 2643 3060 ipsis
2688 2991 2956 3062 magistris
3002 3008 3189 3049 eorum
3236 2993 3340 3051 hoc
3383 3003 3491 3053 tam
3545 3014 3785 3070 magum

2214 3079 2840 3155 importamusoaitium,
2871 3092 2929 3139 ut
2955 3091 3171 3154 propter
3185 3085 3479 3144 nauticos
3510 3090 3787 3161 capiendos
3870 3088 3880 3161 ll

2214 3171 2361 3243 prius
2390 3171 2705 3240 efﬁCiamur,
2734 3174 2877 3245 quod
2901 3184 3106 3232 certum
3127 3178 3783 3253 θει,.ῐ)θ11›1αψιιοιιιαωο

2198 3277 2335 3327 -res,
2371 3278 2479 3335 quo
2504 3264 2770 3335 possimus
2812 3274 3028 3337 pr0pter
3064 3282 3192 3334 eos,
3225 3270 3366 3340 quod
3394 3272 3663 3330 incertum
3684 3285 3782 3341 est.
3870 3286 3880 3341 i

2214 3357 2547 3424 liberandos,
2574 3359 2812 3416 veritatis
2839 3360 2956 3431 ejus
2983 3375 3105 3419 esse
3126 3362 3393 3421 doctores.

2286 3449 2341 3506 9.
2371 3449 2503 3506 Cum
2546 3450 2705 3523 igitur
2747 3451 3121 3524 blasphemare
3159 3454 3325 3510 Deum
3366 3454 3661 3515 doceamus
3695 3472 3783 3516 no-

2216 3550 2360 3599 stros
2377 3585 2392 3611 ,
2423 3550 2480 3598 ut
2508 3558 2603 3599 eos
2624 3542 3052 3603 .Priscillianista:
3093 3547 3313 3604 credant
3336 3563 3495 3616 suos;
3523 3552 3782 3614 videamus

2216 3634 2343 3706 quid
2374 3635 2497 3691 mali
2530 3635 2711 3692 dicant
2732 3637 2869 3708 ipsi,
2894 3639 3108 3709 quando
3128 3650 3413 3714 propterea
3442 3646 3779 3711 mentiuntur,

2217 3734 2275 3780 ut
2311 3739 2406 3782 eos
2434 3734 2647 3783 nostros
2680 3741 2804 3784 esse
2841 3728 3141 3787 credamus.
3182 3733 3655 3793 Anathctnatizant
3678 3736 3779 3794 Pri-

2214 3816 2552 3888 scillianum,
2596 3828 2654 3877 et
2695 3819 2762 3876 ad
2812 3830 3053 3881 nostrum
3097 3824 3377 3883 arbitrium
3424 3828 3776 3894 detestantur;

2218 3905 2401 3964 dicunt
2418 3910 2649 3965 animam
2679 3920 2979 3968 creaturam
3011 3913 3102 3970 Dei
3128 3929 3269 3984 esse,
3296 3933 3415 3984 non
3435 3928 3673 3989 partem;
3698 3936 3775 3976 es-

2220 4008 2495 4056 secrantur
2514 3999 3034 4059 Rriscillianistarum
3051 4005 3182 4062 falsa
3197 4009 3481 4081 martyris;
3504 4010 3778 4069 catholicos

2220 4091 2520 4164 episcopos,
2549 4094 2800 4166 aquibus
2826 4096 2919 4152 illa
2949 4095 3169 4153 hieresis
3197 4098 3390 4156 nudata
3408 4142 3428 4169 ,
3456 4116 3775 4175 oppugnata,
3870 4102 3873 4167 l

2221 4190 2484 4253 prostrata
2527 4191 2610 4239 est
2631 4225 2647 4251 ,
2677 4185 2883 4256 magnis
2910 4184 3153 4243 eli‘erunt
3188 4188 3435 4247 laudibus
3458 4229 3477 4258 ,
3512 4202 3569 4248 et
3605 4204 3775 4250 extera

2224 4270 2543 4343 hujusmodi.
2566 4274 2703 4332 Ecce
2724 4274 2824 4347 ipsi
2854 4291 2978 4333 vera
3004 4277 3192 4334 dicunt
3212 4281 3423 4352 quando
3446 4284 3774 4351 nuntientur.

2224 4380 2329 4421 non
2369 4382 2475 4438 quo
2503 4368 2662 4425 simul
2706 4370 2873 4440 possit
2910 4370 3012 4425 hoc
3042 4371 3226 4443 ipsum
3271 4390 3454 4431 verum
3496 4391 3622 4435 esse
3653 4376 3774 4449 quod

2207 4456 2559 4514 mendacium
2586 4468 2699 4526 est;
2731 4459 2825 4516 sed
2866 4460 2918 4517 in
2954 4461 3059 4517 alio
3088 4463 3316 4534 quando
3359 4467 3703 4536 metiuntur,
3728 4469 3773 4525 is

2223 4549 2330 4603 alio
2359 4564 2483 4605 vera
2510 4548 2693 4605 dicunt
2723 4566 2736 4604 :
2762 4550 2975 4621 quando
3003 4553 3147 4609 enim
3176 4565 3393 4623 nostros
3414 4572 3479 4613 se
3499 4573 3622 4616 esse
3643 4574 3770 4616 Item

2218 4639 2447 4707 tiuntur,
2475 4638 2542 4696 de
2561 4639 2668 4696 fide
2685 4640 2947 4699 catholica
2963 4659 3095 4700 vera
3115 4644 3317 4709 dicunt.
3341 4648 3419 4703 Ac
3439 4663 3533 4719 per
3552 4648 3648 4708 hoc
3667 4650 3769 4720 ipsi.

2227 4748 2295 4789 ne
2324 4731 2739 4791 Priscillianista:
2760 4734 3120 4807 inveniantur,
3140 4738 3432 4812 loquuntur
3474 4742 3771 4801 meridasiter

2225 4838 2352 4881 vera
2386 4839 2529 4881 :nos
2566 4836 2743 4882 autem
2767 4866 2783 4892 ,
2823 4833 2884 4883 ut
2916 4842 3011 4884 eos
3054 4827 3431 4898 inveniamus,
3476 4848 3582 4890 non
3626 4833 3768 4891 solum

2162 4982 2172 4991 ,
2227 4918 2555 4976 mendaciter
2579 4917 2866 4990 loquimur,
2889 4928 2948 4975 ut
2964 4918 3035 4977 ad
3053 4920 3174 4983 illos
3192 4923 3463 4993 pertinere
3486 4927 3768 4988 credam;

2218 5011 2322 5070 sed
2363 5013 2522 5071 etiam
2560 5012 2693 5069 falsa
2733 5012 3039 5085 loquimur,
3069 5031 3188 5086 qua:
3212 5017 3281 5074 ad
3318 5018 3535 5078 illorum
3566 5034 3765 5079 errorem

2230 5109 2501 5183 pertinere
2531 5107 2902 5180 cognovimus.
2931 5107 3115 5182 Itaque
3152 5111 3230 5168 illi
3271 5113 3487 5184 quando
3515 5114 3665 5171 nostri
3688 5128 3767 5184 με

2233 5203 2335 5259 tari
2357 5202 2539 5259 volunt
2556 5241 2574 5267 ,
2601 5211 2655 5258 et
2679 5199 2873 5258 falsum
2900 5211 2985 5259 est
3014 5218 3083 5260 ex
3120 5213 3270 5274 parte
3287 5246 3304 5272 ,
3331 5215 3390 5263 et
3420 5222 3603 5264 verum
3625 5214 3696 5263 est
3714 5219 3764 5260 ea

2235 5302 2386 5365 parte
2402 5291 2542 5363 quod
2563 5290 2778 5360 dicunt;
2807 5291 2998 5353 falsum
3024 5300 3108 5351 est
3130 5294 3273 5353 enim
3296 5310 3397 5352 eos
3414 5307 3623 5355 nostros
3643 5308 3763 5361 ene.

2237 5399 2420 5441 verum
2446 5391 2532 5439 est
2562 5393 2741 5439 autem
2769 5384 3003 5443 animam
3029 5393 3233 5457 partem
3261 5387 3355 5445 Dei
3382 5403 3495 5445 non
3519 5404 3632 5447 esse
3656 5406 3671 5443 :
3692 5398 3764 5443 sos

2236 5494 2366 5537 vero
2388 5477 2600 5551 quando
2624 5479 2693 5534 ad
2718 5493 2811 5534 eos
2833 5481 3103 5552 pertinere
3130 5482 3303 5553 putari
3323 5482 3586 5548 volumus.
3612 5481 3761 5538 falsum

2238 5580 2322 5629 est
2358 5578 2645 5643 utrumque
2680 5569 2825 5643 quod
2863 5571 3124 5641 dicimus,
3164 5583 3222 5629 et
3251 5573 3664 5632 Priscillianistss
3689 5581 3762 5627 nos

2239 5676 2394 5730 esse,
2429 5667 2487 5720 et
2519 5663 2751 5718 animam
2789 5671 2993 5733 partem
3037 5664 3129 5720 Dei
3165 5678 3306 5723 esse.
3334 5664 3414 5721 Illi
3442 5667 3610 5737 itaque
3631 5662 3759 5719 Deo!

2242 5760 2492 5827 laudant,
2532 5770 2642 5814 non
2680 5754 3045 5827 blasphemant
3065 5796 3080 5822 ,
3107 5756 3320 5828 quando
3344 5772 3404 5817 se
3428 5758 3698 5818 occultant;
3720 5757 3759 5806 et
