3880 6284
69 341 158 402 ηε

70 452 256 528 quando
275 464 330 505 se
357 459 459 501 non
488 443 791 503 occultant,
816 434 909 490 sed
932 448 1027 489 sua
1050 429 1345 502 proferunt,
1368 423 1618 495 blasphe-

70 519 194 606 msre
218 557 273 600 se
296 537 562 595 nesciunt.
612 534 731 587 Ideo
762 530 806 583 si
845 526 912 582 ad
954 525 1111 580 ﬁdem
1149 519 1465 576 catholicam
1495 532 1625 572 con-

70 645 347 696 vertantur,
399 624 753 683 consolantur
811 617 1173 684 semetipsos,
1226 609 1348 681 quia
1404 613 1627 677 possunt

72 732 225 788 dicere
241 721 375 793 quod
398 716 710 787 Apostolus,
735 710 964 778 quicum
990 705 1132 759 inter
1152 710 1352 757 cartera
1378 697 1624 760 dixisset,

74 822 203 876 Prius
231 792 300 886 {ui
324 810 688 880 blasphemus;
719 797 1141 861 Misericordiant,
1169 792 1359 863 inquit,
1386 794 1630 843 consecu-

73 924 138 967 tus
158 883 278 969 sunt,
306 905 423 975 quia
454 904 699 973 ignorans
716 895 812 967 [cci
833 891 891 963 (l
922 891 1053 945 Tim.
1078 905 1128 953 t,
1162 884 1271 955 13).
1297 883 1402 939 Nos
1424 888 1631 943 contra,

72 1013 120 1058 ot
138 1016 189 1055 se
214 997 359 1052 nobis
388 970 657 1062 aperiant,
690 987 733 1041 si
768 986 868 1038 hoc
894 981 1043 1051 quasi
1069 980 1266 1047 justum
1298 970 1633 1029 mendacium

71 1090 282 1149 fallendis
305 1087 384 1141 eis
420 1080 807 1153 capiendisquc
839 1074 1195 1146 proferimus,
1224 1067 1541 1138 profectoet
1566 1062 1634 1116 ad

76 1183 506 1252 blaspltetuatorcs
529 1167 963 1227 Priscillianistas
981 1162 1248 1233 pertinere
1270 1172 1368 1211 nos
1388 1156 1636 1217 dicimus,

74 1282 119 1329 et
137 1244 187 1325 ut
205 1269 351 1323 nobis
378 1265 613 1320 credant
631 1303 646 1327 ,
672 1260 789 1314 sine
815 1254 1157 1311 excusatione
1178 1246 1491 1320 ignorantia:
1525 1244 1640 1299 bla-

76 1365 407 1435 sphematnus.
446 1356 639 1425 Neque
684 1352 828 1407 enim
874 1346 1208 1408 catholicus,
1259 1340 1346 1411 qui
1397 1336 1646 1408 blasphe-

78 1430 244 1513 mando
254 1452 662 1507 vulthmreticus
675 1444 841 1506 credi,
859 1449 1035 1512 potest
1046 1440 1243 1503 dicere,
1263 1437 1502 1506 ignorans
1528 1430 1645 1502 feci.

136 1544 343 1603 CAPUT
382 1541 475 1596 γι.
506 1569 582 1580 --
612 1538 699 1593 ιθ.
740 1533 944 1605 Negare
985 1531 1239 1586 Christum
1276 1540 1448 1579 coram
1481 1522 1646 1575 Itami-

81 1636 295 1694 aiusrel
347 1631 666 1688 mendaciter
700 1636 753 1680 et
802 1626 935 1693 ﬁcte,
982 1635 1237 1690 nunquam
1288 1617 1426 1671 licet.
1490 1613 1648 1683 Obje-

80 1732 182 1786 rtio.
228 1724 533 1795 Responsio.
596 1718 932 1788 Conftttantur
986 1712 1159 1767 itidem
1226 1724 1339 1779 qua:
1414 1705 1654 1778 objectari

82 1830 284 1893 possunt.
312 1816 480 1871 Corde
535 1812 737 1867 credere
780 1824 877 1861 non
912 1805 1121 1875 sufﬁcit,
1183 1802 1280 1855 nisi
1318 1808 1366 1854 et
1419 1814 1507 1852 ore
1554 1812 1655 1850 non

84 1886 261 1983 negetur
280 1908 541 1965 Christus.
570 1901 638 1957 Ut
667 1898 1024 1969 intdligendus
1084 1891 1316 1947 Psalmus
1352 1889 1440 1953 M,
1479 1888 1513 1957 Ῡ
1539 1926 1553 1939 .
1598 1886 1673 1950 3,

88 1977 158 2057 ubi
188 2001 421 2057 laudatur
457 1997 673 2065 loquens
717 1990 971 2043 veritatem
1020 1986 1074 2038 in
1124 1981 1294 2037 corde.
1348 1978 1477 2034 Item
1521 1977 1659 2045 Apo-

89 2091 223 2147 stolus
280 2087 592 2160 pravcipiens
646 2089 701 2135 ut
754 2080 1018 2148 loquamur
1068 2074 1329 2127 veritatem
1383 2085 1494 2123 cum
1542 2082 1661 2137 pro-

89 2183 222 2237 ximo.
276 2157 552 2233 Veritatem
614 2188 714 2226 non
768 2169 975 2223 veritate
1048 2162 1377 2235 prdicantes
1424 2157 1658 2223 tolerati,

89 2288 176 2325 non
195 2269 467 2340 ftdsitatent
488 2260 873 2319 «numinum.
896 2257 1143 2324 Semper,
1177 2252 1359 2315 frater,
1384 2249 1437 2305 in
1469 2248 1663 2303 talibus

90 2362 243 2417 causis
276 2374 400 2415 cum
443 2357 646 2412 timore
685 2348 1029 2407 recolcndum
1068 2352 1188 2410 est,
1230 2342 1545 2411 Quicumque
1586 2356 1666 2393 me

94 2450 321 2525 negauerit
358 2462 538 2503 coram
582 2440 865 2497 hominibus
886 2479 902 2503 ,
946 2436 1137 2506 negabo
1167 2449 1279 2487 eum
1306 2447 1475 2485 coram
1508 2428 1663 2482 Patre

94 2520 283 2613 ateoqtu'
306 2542 359 2596 in
380 2538 530 2594 castis
561 2544 635 2591 est
660 2530 874 2605 (Matth.
910 2545 966 2595 ιι,
996 2525 1108 2599 55).
1142 2525 1224 2579 An
1250 2538 1380 2577 vero
1399 2520 1666 2577 Christum

94 2651 251 2691 coram
278 2631 591 2690 hominibus
619 2643 722 2681 nou
764 2632 939 2694 negat,
974 2620 1068 2691 qui
1092 2634 1216 2674 eum
1240 2631 1424 2672 coram
1446 2613 1668 2669 Priscil-

100 2728 297 2783 lianistis
326 2731 519 2795 negat,
552 2730 612 2775 ut
649 2732 744 2773 eos
782 2717 1009 2770 latentes
1037 2709 1347 2780 bIaSphemo
1391 2705 1670 2761 mendacio

100 2818 242 2879 nudet
279 2826 333 2875 et
368 2814 587 2886 capiat?
631 2811 761 2880 Quis
807 2817 985 2862 autem
1026 2804 1261 2863 dubitat,
1310 2801 1535 2855 obsecro
1584 2807 1669 2864 te,

101 2910 259 2979 negari
287 2908 563 2964 Christum
586 2944 602 2971 ,
628 2916 749 2957 cum
790 2897 943 2953 sicuti
974 2903 1057 2951 est
1082 2907 1241 2948 verus
1262 2935 1275 2956 ,
1304 2891 1375 2946 ita
1405 2906 1510 2944 non
1553 2902 1673 2944 esse

102 3002 384 3067 dicitur;et
422 3001 569 3055 sicut
609 3010 731 3052 eum
773 2988 1166 3063 priscillianista
1207 2985 1407 3049 credit,
1444 2985 1513 3038 ita
1555 2997 1674 3038 esse

106 3094 306 3150 dicitur?

166 3186 248 3240 11.
275 3184 379 3239 Sed
413 3179 662 3238 occultos
694 3176 886 3245 lupos,
916 3172 1158 3243 inquies,
1191 3168 1404 3223 indutos
1448 3165 1677 3236 pellibus

109 3275 265 3329 ovium
308 3282 366 3330 et
411 3270 745 3328 dominicum
790 3278 1005 3336 gregem
1063 3262 1292 3317 latenter
1341 3258 1678 3328 graviterque

116 3375 399 3433 vastantes,
426 3364 589 3419 aliter
623 3359 864 3415 invenire
887 3371 994 3410 non
1023 3366 1325 3424 possumus.
1364 3347 1515 3403 Unde
1550 3361 1680 3417 ergo

115 3460 437 3516 innatuerunt
459 3452 900 3514 Priscillianistte,
932 3447 1241 3518 priusquam
1272 3442 1430 3511 hujus
1458 3439 1681 3494 menda-

113 3550 172 3604 cii
197 3551 369 3604 fuisset
392 3546 699 3617 excogitata
742 3539 988 3596 venatio?
1030 3536 1171 3592 unde
1201 3534 1266 3589 ad
1296 3533 1461 3603 ipsius
1490 3540 1678 3585 aucto-

117 3641 181 3695 rls
215 3641 455 3705 illorum,
512 3636 751 3707 profecto
790 3628 1097 3692 astutioris,
1142 3634 1195 3680 et
1241 3624 1362 3679 ideo
1406 3620 1679 3685 tectioris,

120 3730 267 3786 cubile
294 3737 611 3801 perventum
645 3724 761 3779 est?
797 3720 938 3776 unde
980 3726 1057 3773 tot
1096 3716 1333 3786 tantique
1362 3711 1681 3767 manifestati

123 3828 260 3890 atque
284 3819 561 3883 damnati,
602 3824 659 3871 et
695 3813 875 3870 ueteri
902 3807 1317 3866 innumerabiles
1346 3805 1536 3876 partim
1567 3818 1687 3859 cor-

126 3912 254 3975 recti,
283 3912 475 3981 partim
505 3908 651 3963 velut
671 3902 917 3968 correcti,
940 3910 993 3956 et
1022 3900 1072 3953 in
1102 3897 1393 3953 Ecclesiam
1422 3895 1685 3948 miseran-

129 4010 218 4056 tem
250 4003 453 4059 collecti
499 3999 657 4055 sunt?
695 3996 883 4052 Multas
926 3992 1068 4048 enim
1106 3991 1220 4045 vias
1258 3988 1349 4043 dat
1394 3986 1683 4050 Dominus,

129 4093 313 4161 quando
326 4094 635 4156 miseretur,
661 4086 852 4159 quibus
871 4084 937 4140 ad
964 4097 1146 4138 eorum
1175 4078 1513 4153 perveniatur
1533 4076 1684 4130 iuda-

133 4184 283 4253 ginetn
314 4198 581 4256 :quarum
607 4182 727 4237 duae
754 4187 877 4234 sunt
906 4176 1022 4231 aliis
1050 4174 1310 4230 feliciores
1338 4172 1390 4235 ις
1423 4178 1478 4223 ιιι
1507 4169 1587 4223 vel
1621 4167 1687 4221 ab

135 4280 202 4332 eis
223 4294 345 4349 quos
372 4279 628 4335 seducere
655 4274 957 4332 voluerunt,
986 4276 1077 4322 aut
1100 4267 1166 4321 ab
1194 4264 1271 4319 eis
1302 4277 1436 4333 quos
1460 4262 1569 4330 jam
1596 4275 1687 4315 se-

138 4369 369 4427 duxerant
388 4414 406 4441 ,
434 4365 870 4440 resipiscentibus
896 4360 1273 4429 conversisque
1304 4361 1685 4410 monstrentur.

142 4459 269 4528 Quod
291 4462 489 4517 facilius
519 4459 612 4524 fit,
644 4457 687 4510 si
717 4453 948 4509 nefarius
976 4464 1158 4506 eorum
1187 4460 1339 4503 error
1360 4486 1373 4511 ,
1399 4459 1502 4497 non
1535 4457 1689 4496 men-

145 4550 331 4609 dacibus
355 4549 741 4624 captationibus
766 4586 781 4611 ,
821 4543 914 4601 sed
944 4540 1220 4598 veracibus
1249 4534 1695 4607 disputationibus

148 4652 397 4698 evertatur.
442 4641 646 4711 Quibus
682 4632 1083 4693 conscribendis
1129 4643 1345 4700 operam
1394 4636 1446 4681 te
1482 4631 1694 4696 oportet

152 4728 440 4802 inpendere,
469 4732 719 4805 quoniam
742 4726 996 4784 Dominus
1021 4723 1235 4779 donavit
1259 4728 1317 4776 ut
1344 4719 1515 4791 possis
1538 4734 1551 4771 :
1575 4731 1694 4788 qua:

154 4825 321 4894 scopis
344 4824 569 4882 salubria
598 4820 789 4894 quibus
818 4831 1003 4875 eorum
1033 4812 1354 4886 perversitas
1384 4810 1567 4866 insana
1596 4806 1694 4864 de-

155 4918 373 4986 ttruitur,
403 4933 524 4975 eum
562 4913 733 4986 magis
766 4910 1038 4980 magisque
1073 4904 1426 4968 innotuerint,
1454 4909 1510 4957 et
1537 4915 1567 4955 a
1594 4900 1696 4955 Ca-

160 5006 336 5066 tbolicis
355 5013 430 5067 vel
448 5008 771 5067 antistitibus
790 5004 877 5074 qui
899 5003 1185 5073 loquuntur
1212 4998 1263 5053 in
1292 4996 1522 5068 populis,
1554 4992 1636 5049 vel
1666 5006 1698 5047 a
1732 5014 1741 5019 -

161 5101 415 5174 quibusque
446 5100 701 5159 studiosis
736 5098 851 5152 selo
887 5094 981 5150 Dei
1024 5090 1196 5163 plenis
1216 5131 1230 5155 ,
1264 5089 1458 5143 fuerint
1499 5100 1697 5156 usque-

166 5203 340 5263 ‘l‘llque
372 5195 583 5258 diffusa;
627 5192 743 5247 lucc
775 5196 932 5243 erunt
969 5192 1148 5240 sancta
1189 5181 1349 5245 retia,
1391 5178 1583 5249 quibus
1612 5191 1701 5232 ca-

168 5280 342 5347 piantur
370 5287 656 5350 veraciter,
702 5296 811 5336 non
855 5275 1181 5334 mendaciter
1220 5272 1570 5342 inquirantur.
1612 5268 1701 5324 Sic

170 5376 285 5431 enim
302 5382 446 5450 capti,
472 5388 566 5436 aut
591 5378 734 5433 ultro
759 5373 887 5446 quid
915 5370 1113 5425 fuerint
1138 5366 1462 5429 fatebuntur,
1488 5370 1540 5417 et
1569 5360 1703 5415 alios

172 5479 280 5533 WB
306 5470 354 5525 in
377 5488 462 5528 sua
488 5471 632 5528 mala
657 5466 915 5523 societate
938 5466 1234 5523 noverunt,
1255 5455 1340 5510 vel
1369 5451 1705 5509 concorditer

174 5558 426 5630 corrigent,
473 5562 559 5619 vel
608 5556 1024 5616 misericorditer
1067 5549 1292 5623 prodent
1332 5564 1346 5599 :
1393 5554 1481 5600 aut
1518 5545 1563 5599 si
1611 5557 1706 5598 eos

177 5648 356 5713 Meblt
390 5651 533 5710 fateri
573 5649 716 5723 quod
759 5648 1008 5704 diuturna
1049 5641 1384 5699 simulatione
1426 5643 1700 5704 texerunt,

232 5781 352 5833 'Sols
373 5786 509 5836 editio
531 5792 659 5846 Lov.,
682 5779 935 5847 faciliores.

1450 306 1663 367 LiBEK
1690 304 1886 360 UNUS.

3215 310 3320 367 526

1734 422 1940 478 occulta
1971 436 2129 478 manu
2157 423 2251 477 Dei
2284 424 2581 481 medicante
2611 426 2960 483 sanabuntur.

1806 515 1891 570 ιε.
1921 515 2024 571 Sed
2055 516 2218 571 multo
2244 516 2477 583 facilius,
2511 518 2734 587 inquies,
2763 535 2947 574 eorum
2979 521 3191 577 latibula
3222 539 3319 594 pe-

1733 615 2040 674 netramus,
2080 608 2125 662 si
2160 607 2301 678 quod
2337 616 2458 662 sunt
2487 622 2585 663 nos
2606 623 2725 664 esse
2761 611 3099 666 mentiamur.
3136 614 3245 669 Hoc
3274 618 3320 672 si

1734 699 1919 754 liceret
1937 706 2028 753 aut
2046 698 2340 769 expediret,
2369 699 2538 769 potuit
2559 698 2798 755 Christus
2825 703 3111 772 praecipere
3133 704 3319 760 ovibus

1736 791 1867 856 suis,
1899 799 1957 846 ut
1983 790 2180 861 lupinis
2201 791 2408 845 amicta:
2435 793 2658 860 pellibus
2686 793 2750 847 ad
2778 793 2934 863 lupos
2964 795 3207 851 venirent
3228 838 3242 863 ,
3271 806 3326 853 et

1737 896 1833 936 eos
1873 880 2029 951 hujus
2071 881 2200 936 artis
2237 879 2461 936 fallaciis
2505 882 2805 938 invenirent
2846 902 2859 939 :
2904 885 3045 956 quod
3088 886 3170 942 eis
3219 904 3325 943 non

1739 971 1906 1036 dixit,
1940 986 2040 1027 nec
2065 970 2277 1041 quando
2304 988 2394 1027 cas
2424 972 2475 1027 in
2513 974 2743 1029 medium
2776 974 3018 1044 luporum
3044 990 3102 1032 se
3131 977 3330 1033 missu-

1740 1079 1859 1118 rum
1883 1078 2004 1119 esse
2026 1064 2267 1133 prazdixit
2282 1063 2495 1138 (Matth.
2520 1082 2577 1132 ι,
2602 1065 2707 1139 l6).
2726 1068 2830 1122 Sed
2843 1067 2987 1123 dices
3006 1087 3018 1124 :
3038 1068 3153 1124 Non
3175 1082 3331 1126 erant

1746 1163 1872 1209 tunc
1913 1154 2251 1224 inquirendi,
2295 1170 2416 1209 cum
2454 1166 2637 1212 essent
2675 1158 2995 1225 apertissimi
3044 1160 3185 1230 lupi;
3233 1162 3326 1217 sed

1742 1259 1929 1299 eorum
1962 1260 2169 1300 morsus
2200 1246 2471 1301 etszevitia
2501 1248 2832 1316 perferenda.
2857 1249 3014 1317 Quid,
3038 1267 3159 1305 cum
3192 1261 3333 1308 tem-

1749 1352 1877 1406 pora
1910 1337 2200 1407 posteriora
2240 1339 2641 1407 praenuntiatus,
2672 1340 2722 1393 in
2756 1342 2945 1395 vestitu
2978 1343 3157 1397 ovium
3201 1344 3338 1399 dixit

1751 1442 1972 1498 rapaces
1999 1428 2154 1499 lupos
2182 1444 2302 1484 esse
2335 1431 2628 1485 venturos?
2656 1447 2831 1486 nonne
2863 1432 2931 1487 ibi
2961 1446 3077 1490 erat
3105 1434 3254 1490 locus
3283 1446 3342 1491 ut

1752 1522 1867 1577 lucc
1896 1532 2138 1577 moneret
2178 1531 2232 1577 et
2264 1522 2465 1578 diceret
2495 1541 2508 1578 :
2543 1523 2611 1578 Et
2649 1540 2747 1578 vos
2792 1534 2848 1579 ιιι
2890 1541 2984 1581 eos
3020 1526 3300 1585 inveniatis
3321 1570 3337 1597 ,

1753 1614 2010 1669 assumite
2039 1614 2289 1669 vestitum
2329 1615 2571 1686 luporum
2592 1657 2605 1682 ,
2640 1616 2962 1671 intrinsecus
2998 1627 3180 1674 autem
3209 1634 3339 1676 oves

1756 1704 1999 1760 manete?
2025 1704 2140 1760 Non
2166 1706 2265 1761 hoc
2293 1706 2366 1759 ait
2393 1724 2407 1761 :
2435 1706 2529 1761 sed
2559 1722 2678 1761 cum
2706 1708 2946 1777 dixisset,
2977 1708 3130 1765 Multi
3158 1711 3227 1765 ad
3251 1727 3338 1768 vos

1757 1799 1952 1851 venient
1985 1798 2039 1851 in
2077 1797 2253 1851 vestitu
2289 1798 2492 1863 ouium,
2536 1799 2833 1854 intrinsecus
2875 1810 3042 1856 autem
3078 1814 3195 1858 sunt
3236 1805 3346 1877 lupi

1756 1904 2000 1958 rapaces;
2030 1904 2133 1943 non
2164 1888 2399 1955 addidit,
2433 1890 2511 1944 Ex
2546 1892 2833 1948 mendaciis
2863 1895 3086 1963 vestris,
3113 1897 3237 1963 sed,
3261 1896 3347 1956 Ea:

1761 1980 2007 2049 fructibus
2052 1998 2225 2036 eorum
2273 1985 2577 2055 cognoscetis
2619 2000 2703 2039 eos
2753 1984 2862 2058 (Id.
2918 2003 3027 2055 vn,
3087 1989 3182 2056 15,
3229 1990 3345 2064 16).

1764 2073 1999 2130 Vcritate
2026 2084 2152 2130 sunt
2171 2075 2431 2141 cavenda,
2454 2077 2678 2132 veritate
2697 2079 2973 2149 capienda,
3003 2082 3225 2140 veritate
3253 2099 3349 2140 oc-

1763 2166 1987 2222 cidenda
2011 2166 2305 2223 mendacia.
2330 2167 2482 2223 Absit
2505 2176 2562 2223 ut
2588 2168 2946 2240 blasphemias
2968 2172 3347 2244 ignorantium,

1765 2260 1999 2315 scienter
2028 2259 2444 2329 blasphemando
2470 2261 2744 2317 vincamus
2775 2281 2790 2319 :
2830 2264 2967 2320 absit
2991 2274 3051 2320 ut
3078 2266 3218 2322 mala
3244 2264 3351 2324 fal-

1769 2350 1960 2405 laciam
2001 2350 2259 2405 imitando
2299 2365 2604 2406 caveamus.
2647 2351 2927 2420 Quomodo
2966 2355 3108 2411 enim
3138 2358 3356 2414 cavebi-

1769 2456 1909 2507 mus,
1941 2442 1985 2495 si
2013 2450 2071 2495 ιιι
2095 2456 2398 2508 caveamus,
2424 2441 2773 2498 habebimus?
2798 2444 2853 2499 Si
2875 2445 3015 2500 enim
3042 2456 3098 2501 ut
3116 2448 3353 2518 capiatur

1770 2532 1858 2601 qui
1892 2532 2223 2602 blasphemat
2247 2533 2525 2597 nesciens,
2559 2533 2941 2604 blasphemabo
2967 2538 3171 2605 sciens;
3205 2541 3359 2611 pejus

1772 2633 1852 2678 cst
1881 2624 2023 2693 quod
2050 2640 2149 2694 agn
2168 2666 2183 2691 ,
2208 2640 2364 2695 quam
2392 2624 2532 2694 quod
2564 2627 2736 2694 capio.
2770 2628 2825 2681 Si
2858 2638 2913 2683 ut
2943 2628 3242 2687 inveniatur
3265 2634 3357 2703 qui

1772 2715 2046 2769 Christum
2072 2724 2228 2787 negat
2251 2717 2514 2783 nesciens,
2530 2732 2628 2787 ego
2640 2716 2911 2773 Christum
2935 2720 3139 2791 negabo
3158 2722 3354 2789 sciens;

1774 2807 1838 2862 ad
1862 2808 2213 2878 perditionem
2241 2824 2325 2863 me
2352 2817 2630 2864 secuturus
2654 2819 2739 2865 est
2764 2826 2919 2881 quem
2948 2811 3025 2867 sic
3053 2812 3307 2869 invenero
3338 2829 3355 2869 :

1777 2902 1819 2956 si
1851 2900 2063 2972 quidem
2089 2911 2146 2955 ut
2173 2902 2320 2955 illum
2352 2901 2647 2968 inveniam,
2680 2903 2824 2971 prior
2846 2916 3029 2972 pereo.

1854 2995 1936 3048 15.
1981 2994 2061 3048 An
2094 2992 2229 3047 forte
2254 2992 2433 3063 quieo
2467 2993 2627 3048 modo
2666 2993 3094 3051 Priscillianistas
3120 2994 3361 3054 invenire

1781 3089 2015 3151 molitur,
2052 3088 2169 3142 ideo
2198 3103 2302 3143 non
2330 3096 2486 3159 negat
2513 3087 2805 3155 Christum,
2835 3089 2954 3159 quia
2976 3104 3071 3146 ore
3097 3090 3367 3161 depromit

1780 3180 1923 3250 quod
1968 3180 2130 3235 corde
2179 3196 2284 3235 non
2334 3179 2540 3235 credit?
2588 3180 2751 3248 Quasi
2780 3196 2907 3236 vero
2935 3181 3104 3251 (quod
3126 3191 3179 3237 et
3206 3182 3366 3252 paulo

1783 3283 1904 3328 ante
1922 3271 2031 3342 jam
2054 3272 2188 3342 dixi)
2206 3287 2327 3328 cum
2350 3272 2546 3327 dictum
2570 3280 2736 3338 esset,
2769 3270 2932 3327 Corde
2948 3273 3170 3329 creditur
3192 3273 3367 3344 adju-

1782 3365 2001 3429 stitiam;
2027 3365 2291 3420 incassum
2321 3375 2403 3420 est
2421 3362 2677 3431 additum,
2710 3380 2798 3419 ore
2830 3365 3076 3435 confessio
3097 3365 3155 3433 ﬁt
3180 3364 3248 3418 ad
3276 3380 3365 3418 sa.

1784 3458 1937 3513 tatem
1970 3456 2143 3529 (Rata.
2174 3472 2230 3523 ι,
2263 3454 2593 3527 lO)?Nonne
2618 3471 2752 3526 pene
2771 3470 2960 3512 omnes
2981 3457 3070 3527 qui
3093 3456 3365 3512 Christum

1784 3563 1964 3603 coram
2008 3547 2437 3619 persecutoribus
2482 3555 2823 3618 negaverunt,
2858 3546 3000 3617 quod
3026 3546 3092 3603 de
3122 3547 3210 3604 illo
3247 3562 3369 3604 cre-

1784 3640 2001 3704 debant.
2032 3639 2194 3696 corde
2223 3647 2536 3703 tenuerunt;
2574 3648 2629 3694 et
2665 3646 2841 3693 tamen
2884 3653 2978 3694 ore
3025 3638 3092 3693 ad
3136 3640 3363 3698 salutem

1787 3750 1895 3791 non
1924 3732 2228 3790 confitendo
2278 3733 2570 3801 perierunt,
2620 3730 2720 3786 nisi
2760 3730 2848 3801 qui
2876 3745 2971 3800 per
2997 3730 3369 3801 ptenitentiam

1788 3826 2125 3882 revixerunt?
2152 3824 2281 3890 Quis
2307 3825 2377 3877 ita
2404 3822 2744 3888 cvanescat‘,
2776 3830 2832 3875 ut
2855 3822 3132 3877 existimet
3157 3831 3373 3893 aposto-

1789 3918 1897 3972 lum
1928 3917 2143 3973 Petrum
2174 3915 2277 3969 hoc
2304 3914 2553 3969 habuisse
2574 3914 2625 3967 in
2647 3912 2807 3968 corde
2828 3912 2967 3981 quod
2996 3912 3047 3967 in
3068 3927 3182 3979 ore,
3205 3928 3376 3984 quan-

1788 4010 1859 4064 do
1886 4007 2156 4064 Christum
2183 4006 2429 4077 negavit?
2455 4004 2657 4074 Nempe
2695 4005 2749 4060 in
2789 4005 2873 4059 illa
2918 4005 3199 4074 negatione
3227 4007 3371 4059 intus

1791 4103 2068 4158 veritatem
2098 4099 2330 4163 tenebat,
2382 4106 2439 4151 et
2490 4095 2619 4151 foris
2668 4094 3001 4149 mendacium
3043 4094 3369 4164 proferebat.

1792 4195 1899 4250 Cur
1924 4207 2052 4263 ergo
2079 4190 2332 4261 lacrymis
2360 4187 2514 4242 diluit
2539 4185 2681 4257 quod
2710 4199 2803 4240 ore
2832 4194 3121 4255 negaverat
3154 4184 3371 4257 (Matth.

1795 4302 1937 4353 xxvi,
1966 4283 2180 4353 69-75),
2202 4282 2247 4337 si
2271 4280 2429 4336 saluti
2449 4277 2747 4335 sufficiebat
2764 4276 2904 4348 quod
2918 4276 3083 4334 corde
3098 4278 3375 4336 credebat!

1792 4396 1890 4437 cur
1915 4380 2143 4449 loquens
2181 4374 2232 4429 in
2260 4372 2423 4429 corde
2448 4386 2547 4426 suo
2576 4370 2876 4433 veritatem,
2906 4376 3011 4424 tam
3039 4384 3224 4426 amaro
3250 4370 3377 4427 ﬂetu

1797 4463 2003 4537 punivit
2030 4459 2365 4516 mendacium
2396 4454 2537 4527 quod
2577 4470 2673 4511 ore
2716 4453 3066 4524 deprompsit,
3115 4455 3217 4509 nisi
3255 4456 3380 4527 quia

1798 4567 2041 4627 magnam
2089 4550 2223 4605 vidit
2266 4563 2387 4605 esse
2436 4544 2750 4618 perniciem,
2802 4544 2943 4613 quod
2971 4544 3133 4600 corde
3162 4544 3378 4615 quidem

1798 4643 2024 4702 credidit
2059 4641 2125 4697 ad
2162 4638 2442 4712 justitiam,
2493 4635 2587 4693 sed
2634 4650 2727 4691 ore
2754 4649 2859 4689 non
2887 4634 3163 4690 confessus
3206 4642 3288 4691 est
3314 4636 3383 4691 ad

1800 4734 2067 4795 salutem?

1873 4828 1961 4885 ιι.
2000 4826 2336 4896 Quapropter
2366 4819 2492 4876 illud
2523 4817 2663 4889 quod
2694 4816 2949 4887 scriptum
2976 4824 3077 4883 est,
3097 4816 3195 4884 Qui
3225 4817 3391 4889 loqui—

1800 4931 1883 4975 tur
1905 4920 2159 4975 veritatem
2187 4916 2239 4970 in
2269 4914 2421 4969 corde
2444 4928 2576 4976 suo;
2604 4924 2709 4965 non
2748 4908 2827 4964 sic
2866 4908 3236 4979 accipiendum
3276 4919 3384 4976 est,

1803 5011 1957 5084 quasi
1985 5016 2189 5065 retenta
2213 5007 2265 5060 in
2292 5003 2459 5060 corde
2486 5001 2728 5067 veritate,
2763 5000 3091 5072 loquendum
3118 5000 3189 5057 sit
3217 5001 3270 5055 in
3294 5016 3392 5055 ore

1804 5102 2158 5161 mendacium.
2185 5098 2292 5157 Sed
2321 5097 2443 5154 ideo
2466 5094 2666 5151 dictum
2691 5101 2793 5158 est,
2834 5093 2956 5165 quia
2987 5093 3101 5150 fieri
3132 5101 3308 5163 potest
3330 5102 3391 5148 ut

1808 5199 2053 5270 loquatur
2078 5193 2301 5265 quisque
2329 5204 2422 5244 ore
2449 5186 2750 5253 veritatem,
2779 5200 2897 5255 qua:
2929 5184 3059 5241 nihil
3102 5184 3152 5239 ei
3199 5183 3389 5254 prosit,

1807 5292 1852 5348 si
1883 5305 1999 5346 eam
2028 5288 2079 5341 in
2105 5283 2264 5341 corde
2288 5297 2392 5337 non
2418 5288 2613 5343 teneat,
2643 5276 2693 5332 id
2736 5287 2841 5343 est,
2883 5277 2927 5331 si
2975 5274 3116 5346 quod
3158 5275 3392 5346 loquitur

1809 5386 1923 5455 ipse
1967 5396 2071 5437 non
2112 5377 2330 5433 credat:
2358 5374 2497 5431 sicut
2538 5370 2805 5433 haeretici,
2855 5368 3191 5437 maximeque
3231 5366 3393 5421 iidem

1812 5471 2226 5531 Priscillianista:
2254 5467 2470 5529 faciunt,
2492 5479 2614 5519 cum
2639 5461 2965 5517 catholicam
2989 5458 3262 5513 veritatem
3284 5470 3391 5513 non

1811 5564 2024 5636 quidem
2051 5560 2296 5621 credunt,
2323 5555 2415 5613 sed
2450 5564 2624 5609 tamen
2658 5553 2967 5622 loquuntur,
2996 5556 3053 5602 ut
3081 5544 3249 5601 nostri
3274 5559 3396 5607 esse

1880 5697 2295 5779 “Cvgiranncusis
2333 5698 2435 5751 Ms,
2472 5700 2637 5741 rescue
2701 5683 2837 5737 sciat.
2884 5688 3021 5733 Forte
3059 5693 3165 5745 pro,
3228 5690 3399 5731 ωεακ
