3880 6284
537 303 640 357 527

538 415 838 471 credantur.
871 410 1178 481 Loqnuntur
1200 424 1328 480 ergo
1347 409 1622 464 veritatem
1652 408 1706 462 in
1736 421 1831 461 ore
1859 419 1979 470 suo,
1998 416 2105 457 non

540 512 592 564 in
620 506 782 562 corde
810 519 926 559 suo.
958 504 1243 573 Pmptcrea
1266 500 1620 571 distinguendi
1649 508 1804 555 erant
1826 497 1898 551 ab
1933 494 2116 551 illode

538 612 645 668 quo
676 595 874 651 dictum
904 602 1005 657 est,
1045 593 1147 658 Qui
1186 593 1408 662 loquitur
1450 593 1705 644 veritatem
1744 590 1795 641 in
1824 587 1976 641 corde
2003 599 2116 639 suo.

551 692 699 745 llanc
727 698 904 743 autem
947 686 1221 741 veritatem
1270 683 1559 738 catholicus
1598 682 1733 736 sicut
1763 680 1816 734 in
1844 678 2011 733 corde
2036 690 2120 731 to-

544 780 745 850 quitur,
774 777 896 849 quia
921 776 991 830 ita
1011 775 1207 839 credit;
1229 775 1296 827 ita
1323 781 1376 826 et
1405 774 1457 826 in
1486 786 1578 825 ore
1603 771 1783 837 debet,
1808 778 1864 823 ut
1892 768 1964 822 ita
1984 781 2123 836 pne-

545 872 721 924 dicct:
744 877 928 924 contra
959 867 1114 920 istam
1146 880 1270 918 vero
1300 877 1398 916 nec
1424 862 1476 914 in
1506 859 1669 914 corde
1694 872 1792 913 nec
1823 858 1877 912 in
1902 871 1996 911 ore
2024 856 2122 909 ha-

544 961 669 1015 beat
688 958 991 1023 falsitatem,
1014 963 1071 1008 ut
1092 964 1146 1009 ct
1162 952 1322 1007 corde
1342 951 1525 1004 credat
1551 949 1616 1003 ad
1640 948 1926 1018 justitiam,
1958 956 2011 1001 et
2030 959 2124 1000 ore

544 1048 936 1107 confessionem
963 1045 1119 1100 faciat
1147 1043 1212 1097 ad
1241 1043 1487 1097 salutem.
1518 1040 1650 1095 Nam
1697 1048 1752 1094 et
1791 1040 1842 1093 in
1872 1038 1962 1091 illo
1987 1036 2126 1106 psal-

545 1156 637 1196 mo
664 1154 784 1195 cum
814 1137 1010 1194 dictum
1040 1144 1202 1200 esset,
1238 1133 1336 1199 Qui
1365 1132 1584 1202 loquitur
1605 1131 1862 1185 veritatem
1896 1130 1952 1181 in
1975 1126 2127 1181 corde

547 1246 639 1285 suo
655 1245 676 1295 ;
704 1243 825 1284 mox
853 1226 1011 1283 etiam
1042 1225 1143 1279 hoc
1170 1224 1407 1278 additum
1436 1233 1538 1289 est,
1572 1222 1671 1289 Qui
1697 1237 1795 1274 non
1816 1221 1914 1290 egit
1954 1218 2126 1272 tlolttnt

547 1323 601 1375 in
628 1321 802 1390 lingua
829 1333 925 1371 sua
945 1314 1117 1389 (Psul.
1154 1330 1266 1382 xw,
1300 1313 1377 1384 3).

620 1412 708 1466 15.
750 1409 819 1464 Et
849 1406 1139 1477 illudquod
1173 1405 1454 1475 Apostolus
1499 1404 1595 1471 ait,
1639 1401 1952 1473 Deponentes
1989 1417 2128 1455 men-

548 1505 769 1568 dacium,
799 1500 1059 1572 loquimini
1087 1499 1341 1553 veritatem
1380 1496 1714 1565 unusquisque
1750 1510 1864 1547 cum
1899 1493 2127 1563 proximo

549 1613 663 1662 suo,
689 1594 808 1667 quia
826 1608 998 1648 sumus
1024 1591 1234 1645 invicem
1261 1588 1478 1641 membra
1501 1584 1713 1658 (Epltcs.
1740 1599 1817 1650 tv,
1837 1582 1964 1655 25);
1992 1582 2130 1637 absit

549 1697 609 1743 ut
633 1688 711 1743 sic
734 1684 1105 1756 intelligamus,
1150 1690 1397 1751 tanquam
1441 1678 1585 1749 loqui
1626 1675 1960 1731 mendacium
1996 1689 2128 1745 per-

549 1777 756 1833 miserit
775 1790 895 1831 cum
938 1773 1019 1829 eis
1047 1772 1135 1843 qui
1164 1770 1396 1825 nondum
1426 1777 1549 1823 sunt
1576 1768 1850 1823 nobiscum
1892 1765 2127 1821 membra

552 1868 795 1939 corporis
822 1864 1041 1922 Christi.
1073 1862 1178 1920 Sed
1206 1862 1325 1917 ideo
1348 1860 1548 1915 dictum
1570 1868 1671 1926 est,
1705 1859 1825 1929 quia
1850 1857 2128 1928 unusquis-

552 1973 658 2029 que
684 1964 924 2012 nostrum
950 1954 1055 2009 hoc
1079 1952 1236 2009 debet
1258 1966 1520 2022 quemque
1543 1950 1816 2019 deputare,
1843 1947 1980 2018 quod
2007 1962 2128 2001 eum
2170 1948 2177 1957 '

504 2099 509 2103 .
554 2047 668 2103 vult
698 2046 812 2103 fieri
834 2087 849 2111 ,
892 2046 1051 2100 etiam
1081 2043 1127 2099 si
1159 2041 1391 2097 nondum
1424 2042 1589 2095 factus
1627 2048 1711 2095 est
1742 2056 1755 2092 :
1788 2039 1922 2093 sicut
1952 2037 2131 2092 Domi.

552 2153 656 2194 nus
685 2132 1447 2207 alienigenam'Samaritanum
1476 2132 1773 2201 proximum
1802 2130 1915 2200 ejus
1952 2137 2132 2183 osten-

552 2229 653 2295 dit,
683 2241 803 2284 cum
838 2241 945 2297 quo
985 2223 1404 2280 misericordiam
1448 2223 1571 2278 fecit
1614 2220 1765 2291 (Luc.
1805 2237 1870 2285 .x,
1919 2220 1988 2276 ‘50
2016 2221 2127 2291 57).

551 2317 836 2374 Proximus
856 2330 984 2387 ergo
1008 2314 1283 2371 habendus
1311 2320 1413 2380 est,
1441 2328 1544 2367 non
1564 2313 1790 2376 alienus,
1812 2327 1931 2366 cum
1953 2326 2058 2381 quo
2080 2309 2130 2365 id

554 2409 815 2482 agendum
843 2415 943 2473 est,
991 2421 1060 2463 ne
1101 2413 1373 2462 remaneat
1401 2404 1640 2458 alienus:
1667 2412 1723 2457 et
1764 2403 1806 2456 si
1837 2409 2051 2472 propter
2080 2401 2130 2455 id

554 2499 698 2572 quod
726 2498 960 2555 nondum
989 2505 1071 2553 est
1098 2495 1220 2552 fidei
1250 2504 1446 2550 nostra:
1490 2493 1916 2563 sacramentique
1964 2491 2130 2563 parti-

554 2607 682 2665 ceps
709 2590 898 2653 factus,
928 2588 1104 2659 aliqua
1129 2587 1204 2641 illi
1229 2584 1541 2641 occultanda
1583 2595 1706 2639 sunt
1732 2600 1879 2651 vera,
1911 2598 2016 2639 non
2046 2590 2130 2636 ta-

553 2699 679 2741 men
708 2681 828 2739 ideo
852 2679 1079 2737 dicenda
1108 2687 1229 2735 sunt
1262 2677 1409 2733 falsa.

625 2773 712 2831 16.
752 2771 989 2827 Fuerunt
1015 2771 1155 2827 enim
1187 2770 1345 2825 etiam
1380 2768 1704 2841 temporibus
1727 2768 2128 2838 Apostolorum,

541 2866 645 2940 qui
669 2865 947 2921 veritatem
976 2879 1078 2921 non
1100 2863 1323 2919 veritate
1350 2864 1389 2931 ί,
1414 2862 1463 2918 id
1490 2870 1592 2928 est,
1624 2877 1727 2915 non
1755 2860 1927 2915 veraci
1955 2860 2133 2915 animo

551 2957 944 3031 praedicarent:
973 2970 1109 3027 quos
1136 2955 1265 3010 dicit
1290 2955 1575 3025 Apostolus
1614 2951 1881 3006 Christum
1926 2967 2133 3006 annun-

555 3048 720 3103 tiasse
756 3060 863 3102 non
904 3054 1070 3113 caste,
1116 3047 1209 3101 sed
1239 3060 1335 3117 per
1363 3044 1610 3099 invidiam
1638 3052 1691 3098 et
1718 3044 2129 3098 contentionem.

555 3139 637 3195 Ac
658 3153 755 3210 per
784 3140 886 3194 hoc
912 3137 1071 3194 etiam
1103 3147 1227 3193 tunc
1264 3136 1503 3192 nonnulli
1547 3135 1751 3191 tolerati
1778 3142 1902 3190 sunt
1920 3151 2131 3191 annun-

556 3228 754 3297 tiantes
792 3242 896 3283 non
939 3237 1088 3283 casto
1115 3227 1296 3283 animo
1331 3227 1644 3283 veritatem:
1674 3242 1778 3281 non
1820 3234 1993 3282 tamen
2040 3227 2130 3282 ulli

555 3320 754 3376 laudati
768 3327 904 3377 sunt
928 3325 1179 3390 tanquam
1208 3318 1581 3375 annuntiantes
1606 3326 1753 3373 casto
1781 3317 1961 3372 animo
1992 3318 2134 3373 falsi-

556 3420 744 3469 tatem.
766 3411 1013 3483 Denique
1035 3410 1103 3466 de
1132 3410 1237 3465 illis
1255 3410 1411 3475 dicit,
1432 3410 1550 3465 Sive
1578 3410 1858 3472 occasione,
1883 3410 1985 3463 sive
2008 3409 2135 3463 veri-

558 3511 661 3558 tate
703 3499 932 3557 Christus
960 3500 1298 3555 'annuntietur
1341 3497 1595 3571 (Philipp.
1645 3514 1683 3565 ι,
1734 3499 1957 3570 lii-l8):
1989 3498 2134 3553 nullo

555 3591 720 3650 modo
748 3600 926 3649 autem
952 3591 1173 3659 diceret,
1202 3599 1260 3646 ut
1280 3599 1476 3662 ,postea
1506 3589 1748 3646 Christus
1760 3589 2129 3658 auuuntietur,

555 3682 705 3755 prius
736 3690 979 3754 negetur.

629 3775 718 3831 Π.
757 3772 1013 3843 Quocirca
1035 3771 1448 3843 multis‘quidem
1476 3770 1649 3827 modis
1675 3771 2133 3842 possuut'latcntcs

482 3938 490 3945 1
518 3940 527 3947 .
557 3867 797 3925 haeretici
820 3866 1089 3938 vestigari,
1122 3880 1223 3923 nec
1263 3865 1523 3921 catholica
1554 3865 1655 3922 fide
1683 3867 1999 3938 vituperata,
2037 3882 2136 3924 nec

559 3957 806 4014 haeretica
833 3957 1102 4028 impietate
1122 3956 1352 4013 laudata.

629 4045 854 4103 CAPUT
896 4046 1002 4102 νη.
1021 4076 1093 4090 --
1121 4045 1443 4102 Mendacium
1472 4047 1613 4101 nulla
1642 4047 1773 4102 velut
1807 4047 1942 4103 'bona
1978 4048 2134 4103 inten-

560 4137 693 4196 tione
717 4137 1100 4192 admittendum.
1131 4136 1291 4192 Facta
1318 4136 1421 4191 alia
1440 4154 1501 4192 ea:
1524 4138 1626 4206 [ine
1649 4140 1731 4193 vel
1757 4138 1885 4193 bona
1905 4139 1982 4193 vel
1999 4138 2135 4193 mula

558 4227 859 4296 redduntur,
890 4228 995 4283 alia
1021 4236 1139 4283 sunt
1165 4243 1254 4299 per
1289 4243 1342 4282 se
1382 4239 1584 4298 peccata
1607 4244 1626 4283 :
1661 4229 1768 4284 haec
1811 4228 1955 4284 nullo
1992 4229 2135 4300 quasi

563 4318 693 4373 bono
736 4317 838 4387 fine
875 4318 1127 4389 facienda.
1176 4316 1281 4372 Sed
1308 4316 1353 4372 si
1381 4317 1535 4373 aliter
1565 4319 1783 4373 omnino
1808 4334 1911 4373 non
1957 4326 2137 4388 posset

565 4411 721 4469 educi
749 4411 817 4467 de
844 4411 1085 4467 cavernis
1110 4410 1221 4465 suis
1252 4409 1499 4464 hmretica
1531 4410 1794 4479 impietas,
1823 4396 1924 4465 nisi
1964 4425 1995 4465 a
2025 4420 2134 4465 tra-

562 4504 694 4561 mite
720 4502 962 4559 veritatis
980 4502 1164 4573 lingua
1195 4499 1452 4556 catholica
1494 4500 1755 4567 deviaret;
1807 4502 2136 4558 tolerabilius

562 4595 652 4650 illa
675 4593 1051 4660 occultaretur,
1082 4606 1239 4662 quam
1268 4590 1365 4646 iSta
1398 4591 1845 4662 praecipitaretur;
1886 4593 2136 4650 tolerabi-

561 4687 668 4743 lius
692 4687 745 4742 in
774 4685 886 4742 suis
914 4684 1081 4741 foveis
1107 4683 1479 4739 delitescerent
1501 4683 1705 4754 vulpes,
1736 4701 1892 4756 quam
1921 4695 2138 4763 propter

566 4779 687 4836 illas
714 4776 999 4849 capiendas
1025 4778 1078 4831 in
1096 4775 1439 4846 blasphemire
1464 4774 1667 4832 foveam
1686 4777 1944 4833 caderent
1971 4794 2137 4834 vena-

566 4876 743 4935 tores;
766 4866 1089 4925 tolerabilius
1112 4865 1327 4937 perfidia
1352 4866 1871 4923 Priscillianistarum
1900 4870 2139 4927 veritatis

565 4958 831 5018 velamine
877 4965 1164 5029 tegeretur,
1210 4973 1367 5029 quam
1415 4958 1544 5014 ﬁdes
1589 4958 1981 5015 Catholieornm
2012 4975 2078 5015 ne
2106 4977 2137 5017 a

524 5072 529 5078 ’
564 5048 983 5110 Priscillianistis
1007 5048 1384 5105 mentientibus
1411 5048 1733 5118 laudaretur,
1778 5067 1807 5106 a
1851 5051 2139 5109 Catholicis

560 5141 908 5200 credentibus
948 5148 1252 5211 negaretur.
1278 5140 1409 5195 Nam
1436 5141 1481 5195 si
1512 5153 1786 5214 propterea
1818 5142 1965 5214 'justa
1992 5152 2136 5210 sunt,

560 5250 673 5292 non
703 5233 1122 5306 qualiacumque,
1153 5229 1246 5287 sed
1268 5231 1573 5302 blasphema
1589 5233 1881 5295 mendacia,
1900 5235 2019 5304 quia
2030 5232 2140 5289 hoc

567 5326 749 5383 animo
773 5322 903 5379 fiunt
927 5330 986 5379 ut
1013 5322 1207 5378 occuiti
1249 5323 1486 5379 haeretici
1515 5324 1858 5395 detegantur;
1891 5314 2139 5394 poterunt

566 5416 669 5472 isto
690 5414 869 5482 modo,
889 5413 934 5469 si
960 5412 1151 5469 eodem
1174 5413 1352 5468 animo
1373 5411 1522 5479 fiant,
1546 5422 1688 5469 casta
1715 5428 1833 5470 esse
1857 5415 2135 5471 adulteria.

566 5508 703 5576 Quid
728 5508 771 5563 si
800 5505 941 5562 enim
967 5519 1037 5561 ex
1059 5518 1285 5559 numero
1303 5503 1820 5560 Priscillianisutrum
1845 5505 2136 5575 impudica-

566 5615 685 5657 rum
712 5598 887 5669 aliqua
916 5595 1113 5652 femina
1142 5595 1344 5665 injiciat
1369 5596 1578 5650 oculum
1605 5596 1658 5652 in
1686 5596 2004 5653 catholicum
2048 5597 2138 5657 Jo~

630 5712 649 5745 ⁸
681 5710 754 5760 sic
772 5714 879 5759 Ius.
911 5705 1031 5760 ltiti
1052 5711 1232 5771 autem,
1254 5718 1347 5759 non
1368 5704 1614 5758 veraciter.

1541 288 1811 349 CONTRA
1851 279 2272 349 MENDACIUM,
2311 279 2368 338 S.
2410 280 2772 340 AUGUSTINI
3098 268 3109 279 ’
3660 297 3736 356 53

2224 400 2377 471 seph,
2408 403 2562 473 eique
2590 405 2862 474 promittat
2892 404 3216 476 prodituram
3241 423 3301 465 se
3328 409 3553 470 latebras
3576 428 3734 489 eorum

2222 492 2268 546 si
2292 492 2360 546 ab
2389 492 2481 547 illo
2508 494 2872 563 impetraverit
2912 503 3179 569 stuprum,
3209 507 3516 571 certumque
3542 504 3606 558 sit
3636 521 3745 574 eam,

2224 582 2269 636 si
2296 583 2345 637 ei
2370 598 2688 639 consensum
2717 585 2893 654 fuerit,
2921 587 3061 656 quod
3084 589 3312 659 pollicita
3325 600 3411 645 est
3428 592 3750 663 impletnraml

2224 670 2592 729 faciendumne
2607 675 2979 731 censebimus?
3007 692 3075 731 an
3093 679 3448 749 intelligemus
3470 699 3750 757 nequaquam

2225 764 2317 818 tali
2360 764 2529 833 pretio
2556 780 2764 821 merces
2789 767 3050 836 ejusmodi
3091 773 3510 840 comparandas?
3536 775 3751 849 Cur-ergo

2226 869 2333 910 non
2377 857 2968 930 cruimus‘capiendos
2997 862 3277 919 hmreticos
3317 879 3483 921 carne
3519 868 3567 922 in
3590 870 3754 927 adulte-

2227 945 2366 1001 rium
2393 946 2681 1014 delluente,
2709 958 2766 1005 et
2790 950 3058 1006 eruendus
3089 961 3331 1022 putamus
3352 970 3447 1010 ore
3477 957 3527 1010 in
3553 957 3754 1028 blasplzc~

2228 1038 2333 1091 mia
2364 1036 2660 1094 fornicante
2676 1042 2732 1094 ³7
2757 1040 3034 1097 Aut-enim
3070 1042 3671 1118 lieebitutrumque-pari
3690 1068 3751 1104 ra-

2229 1127 2373 1183 tione
2400 1126 2703 1195 defendere,
2723 1139 2780 1185 ut
2797 1131 2917 1186 ideo
2939 1132 3055 1188 iure
3072 1148 3174 1187 non
3192 1149 3311 1190 esse
3327 1135 3569 1192 dicantur
3585 1141 3748 1209 iniusta,

2230 1218 2350 1286 quia
2380 1232 2441 1272 ea
2469 1218 2604 1273 facta
2646 1230 2770 1275 sunt
2816 1223 3109 1277 intentione
3152 1240 3254 1293 qua
3282 1226 3756 1296 deprehenderentur

2230 1306 2443 1377 injusti:
2473 1319 2563 1363 aut
2587 1311 2633 1363 si
2665 1325 2790 1365 sana
2815 1311 3055 1367 doctrina
3090 1328 3188 1368 nec
3215 1317 3756 1385 pmpterinveuiendos

2232 1396 2516 1455 haereticos
2544 1402 2656 1456 vult
2682 1405 3161 1460 uoscumfeminis
3190 1408 3473 1477 impudicis
3488 1412 3656 1465 saltem
3668 1429 3760 1466 cor-

2232 1504 2380 1558 pore,
2413 1506 2517 1545 non
2544 1501 2742 1560 mente,
2769 1495 3001 1561 misceri,
3035 1495 3274 1565 profecto
3299 1514 3403 1552 nec
3420 1511 3624 1571 propter
3645 1504 3758 1558 inre-

2233 1582 2455 1639 niendos
2480 1583 2757 1641 hmreticos
2785 1588 2896 1642 vult
2917 1590 3112 1644 anobis
3137 1593 3324 1647 saltem
3353 1608 3503 1658 voce,
3531 1609 3626 1648 non
3648 1612 3761 1649 nien-

2232 1679 2304 1736 te,
2334 1681 2425 1726 aut
2466 1673 2787 1730 immundam
2837 1677 3082 1733 ltmresim
3127 1681 3431 1749 praedicari,
3475 1691 3562 1735 aut
3592 1696 3759 1741 castam

2231 1762 2549 1819 catholicam
2577 1766 2955 1837 blasphemari.
2988 1769 3117 1836 Quia
3144 1780 3197 1825 et
3224 1772 3399 1841 ipsum
3427 1775 3612 1829 mentis
3634 1777 3763 1845 impe-

2234 1854 2392 1920 rium,
2405 1856 2488 1909 cui
2504 1856 2663 1912 debet
2688 1859 2863 1913 omnis
2886 1859 3103 1915 inferior
3122 1870 3299 1917 motus
3324 1863 3554 1918 hominis
3570 1865 3758 1928 obedire,

2234 1943 2395 2016 digno
2418 1962 2520 2001 non
2543 1948 3060 2019 carebitOpprobrio,
3078 1953 3292 2022 quando
3319 1953 3397 2020 lit,
3420 1956 3555 2025 quod
3570 1959 3667 2012 lieri
3684 1975 3761 2011 nos

2234 2043 2857 2107 Oportet,seu.membro,
2879 2057 2973 2098 seu
3003 2045 3509 2118 verbn.Quanquam
3523 2050 3761 2105 cumarum

2235 2130 2398 2184 verbo
2442 2129 2518 2195 lit,
2553 2133 2793 2188 membro
2824 2136 2911 2188 lit:
2940 2136 3189 2205 quoniam
3219 2138 3397 2209 lingua
3416 2142 3761 2196 membrumue

2234 2234 2336 2288 qua
2370 2219 2710 2277 lit-verbum:
2742 2239 2842 2278 nec
2880 2225 3271 2282 ullum'factnm
3305 2241 3545 2291 nostrum
3571 2233 3763 2288 mendas

2236 2312 2345 2366 ullo
2371 2313 2592 2381 paritur,
2608 2316 2719 2369 ἠἰδί
2740 2318 2888 2386 quod
2918 2318 3062 2386 prius
3081 2321 3242 2376 corde
3264 2324 3588 2394 concipitur;
3611 2327 3677 2379 vel
3692 2341 3763 2396 po-

2237 2404 2342 2457 tius
2371 2403 2510 2458 intus
2536 2405 2819 2474 cogitando
2846 2418 2901 2462 et
2927 2411 3312 2466 consentiendo
3338 2413 3450 2482 jam
3481 2425 3683 2485 partum,
3705 2415 3763 2469 fo-

2224 2508 2322 2548 ras
2346 2493 2521 2548 editur
2547 2494 2788 2551 faciendo
2804 2514 2905 2568 per
2926 2501 3241 2556 membrum.
3266 2502 3388 2558 Non
3413 2506 3580 2577 itaque
3602 2508 3763 2560 animus

2240 2599 2268 2637 a
2300 2584 2438 2639 facto
2468 2595 2771 2653 excusatur,
2799 2590 3010 2659 quando
3034 2591 3229 2646 dicitur
3254 2594 3457 2665 aliquid
3485 2612 3583 2651 non
3604 2612 3657 2650 ex
3677 2598 3762 2649 ani-

2225 2691 2324 2730 mo
2352 2676 2488 2744 ﬁeri,
2519 2678 2660 2748 quod
2690 2689 2863 2734 tamen
2895 2695 2998 2736 non
3032 2684 3202 2750 licret,
3232 2684 3337 2739 nisi
3366 2686 3567 2741 animus
3589 2686 3762 2742 xfacien-

2234 2767 2359 2823 dum
2390 2784 2509 2825 esse
2534 2770 2863 2827 decerneret.

2309 2859 2395 2914 l8.
2437 2860 2665 2917 Interest
2706 2863 2920 2932 quidem
2973 2865 3280 2935 plurimum,
3333 2883 3437 2939 qua
3481 2883 3645 2936 causa,
3683 2885 3761 2938 quo

2238 2952 2364 3020 fine,
2390 2968 2495 3023 qua
2540 2955 2833 3010 intentione
2878 2957 3001 3026 quid
3035 2959 3284 3016 liat:sed
3340 2976 3405 3016 ea
3452 2977 3566 3033 qure
3602 2971 3760 3017 constat
3848 2988 3849 2995 η

2236 3057 2353 3098 esse
2382 3056 2621 3113 peccata,
2666 3047 2809 3100 nullo
2839 3049 2988 3102 bonze
3014 3064 3189 3105 causa:
3217 3051 3463 3115 obtentu,
3494 3053 3628 3108 nullo
3648 3053 3760 3123 quasi
3846 3062 3849 3101 ἲ

2235 3133 2376 3188 bono
2396 3133 2533 3200 line,
2566 3135 2708 3190 nulla
2739 3136 2884 3191 velut
2913 3137 3049 3192 bona
3084 3140 3383 3197 intentione
3408 3141 3631 3197 facienda
3652 3152 3759 3196 sunt.
3846 3160 3849 3195 ε

2236 3222 2309 3277 Ea
2335 3224 2528 3294 quippe
2544 3238 2703 3294 opera
2728 3224 3021 3293 hominum,
3050 3227 3188 3282 sicut
3208 3242 3403 3285 causas
3433 3232 3681 3288 habuerint
3693 3231 3759 3284 bo-
3846 3202 3849 3251 ί

2235 3329 2353 3380 nas,
2385 3329 2478 3370 seu
2510 3315 2696 3380 malas,
2729 3331 2868 3371 nunc
2894 3327 3012 3372 sunt
3038 3318 3195 3386 bona,
3226 3336 3371 3375 nunc
3397 3324 3549 3389 mala,
3570 3334 3759 3392 quznon

2235 3417 2360 3463 sunt
2401 3422 2496 3478 per
2519 3423 2577 3464 se
2603 3409 2714 3479 ipsa
2748 3419 2993 3479 peccata:
3022 3412 3159 3467 sicut
3185 3413 3387 3468 victum
3415 3415 3636 3484 praebere
3659 3428 3758 3482 μυ-
3850 3410 3851 3419 “

2236 3499 2468 3569 poribus,
2514 3497 2712 3553 bonum
2756 3514 2890 3569 opus
2917 3510 3020 3568 est,
3061 3501 3106 3556 si
3148 3503 3207 3557 ﬁt
3248 3518 3413 3559 causa
3442 3503 3761 3560 misericordia!
3848 3496 3851 3569 ἕ

2235 3606 2354 3647 cum
2382 3600 2523 3647 recta
2556 3591 2687 3658 fide;
2717 3592 2853 3648 sicut
2881 3595 3194 3651 concubitus
3232 3598 3551 3681 conjugglis.
3586 3595 3761 3668 quando
3848 3614 3851 3681 ἶ

2237 3683 2295 3739 fit
2314 3698 2472 3739 causa
2500 3684 2812 3754 generandi,
2843 3686 2886 3740 si
2913 3701 2974 3742 ea
3007 3686 3111 3742 lide
3138 3687 3228 3743 ﬁat
3265 3698 3327 3744 ut
3363 3691 3627 3760 gignantur
3648 3703 3758 3756 rege-
3848 3702 3851 3719 τ

2236 3774 2475 3831 ncrandi.
2510 3774 2633 3832 Haec
2652 3784 2810 3845 atque
2838 3775 3139 3846 huiusmodi
3164 3781 3456 3835 secundum
3485 3797 3598 3836 suas
3614 3792 3757 3834 causas

2235 3881 2398 3936 opera
2419 3877 2542 3922 sunt
2560 3866 2698 3923 bona
2723 3869 2802 3922 vel
2822 3869 2989 3935 mala;
3008 3870 3126 3939 quia
3151 3871 3341 3927 eadem
3365 3873 3473 3943 ipsa
3499 3874 3540 3927 si
3570 3871 3751 3926 habeant

3848 3806 3853 3945 ᾖ

2236 3957 2404 4011 malas
2428 3972 2637 4024 causas,
2678 3957 2729 4013 in
2764 3969 2975 4029 peccata
3002 3969 3317 4016 vertuntur:
3346 3963 3489 4018 velut
3527 3963 3568 4018 si
3589 3962 3753 4031 jactaa-
3852 3950 3853 4015 ἓ

2238 4049 2324 4104 tia:
2351 4063 2510 4104 causa
2560 4064 2758 4136 pauper
2796 4050 3057 4119 pascitur;
3088 4060 3178 4105 aut
3222 4052 3455 4108 lasciviae
3490 4066 3630 4109 causa
3664 4063 3753 4104 eum
3852 4068 3853 4099 :

2237 4153 2403 4194 uxore
2426 4137 2823 4203 eoncnmbitur;
2853 4150 2943 4194 aut
2967 4140 3061 4195 lilii
3089 4153 3428 4212 generantur,
3456 4157 3555 4197 non
3580 4150 3629 4195 ut
3653 4141 3750 4201 θεον

2236 4229 2329 4285 sed
2358 4237 2414 4286 ut
2432 4229 2642 4285 diabolo
2666 4229 2984 4286 nutriantur.
3012 4230 3147 4286 Cum
3188 4249 3317 4287 vero
3355 4234 3461 4305 jam
3499 4248 3641 4305 opera
3666 4232 3752 4299 ipsa

2239 4329 2450 4391 peccata
2476 4328 2617 4384 sunt,
2640 4321 2775 4375 sicut
2796 4320 2955 4386 furta,
2984 4330 3184 4392 stupra,
3209 4324 3561 4394 blasphemize,
3581 4322 3657 4377 vel
3674 4335 3753 4374 cr-

2241 4421 2348 4468 tora
2369 4412 2518 4477 talia;
2542 4412 2657 4482 quis
2672 4413 2854 4483 estqui
2876 4413 3013 4467 dicat
3029 4414 3205 4468 causis
3231 4414 3519 4470 bonisesse
3543 4409 3751 4471 facienda,

2238 4514 2297 4562 ut
2318 4506 2396 4560 vel
2422 4512 2639 4575 peccata
2672 4520 2775 4559 non
2797 4504 2921 4572 sint,
2948 4505 3055 4573 vel,
3081 4506 3223 4576 quod
3252 4516 3336 4562 est
3359 4501 3751 4571 absurdiusjusta
3852 4550 3855 4577 ἦ

2241 4605 2454 4667 peccata
2497 4595 2640 4650 sint?
2672 4594 2805 4663 Quis
2834 4605 2913 4651 est
2944 4597 3032 4666 qui
3057 4596 3327 4653 dicam-Ut
3354 4597 3622 4653 habeamus
3642 4588 3749 4662 quod
3854 4642 3855 4649 η

2239 4687 2425 4743 demus
2449 4686 2787 4757 pauperibus,
2818 4685 3070 4742 faciamus
3101 4688 3237 4743 furta
3264 4687 3538 4752 divitibus;
3575 4694 3668 4747 aut,
3692 4689 3750 4734 tc-

2239 4777 2484 4833 stimonia
2510 4776 2637 4830 falsa
2660 4775 2970 4843 vendamus,
3004 4777 3232 4832 maxime
3260 4778 3303 4833 si
3336 4793 3439 4833 non
3476 4776 3589 4832 inde
3622 4773 3746 4827 inno-

2239 4875 2422 4924 centes
2450 4866 2731 4933 lazduutnr,
2775 4866 2869 4921 sed
2892 4877 3146 4923 nocentes
3175 4868 3350 4937 potius
3367 4860 3747 4928 damnaturist-

2240 4957 2443 5014 dicibus
2468 4955 2763 5012 eruuntur?
2794 4955 2905 5011 Duo
2930 4957 3081 5011 enim
3094 4958 3236 5013 bona
3266 4957 3399 5013 fiunt
3431 4957 3575 5026 hujus
3605 4948 3746 5007 vendi-

2242 5049 2385 5104 tione
2426 5047 2708 5114 mendacii,
2741 5056 2800 5102 ut
2840 5058 2898 5103 et
2932 5049 3153 5118 pecunia
3196 5057 3434 5104 sumatur
3471 5045 3597 5102 unde
3631 5043 3745 5106 inops

2240 5140 2429 5202 alatur,
2452 5148 2506 5195 et
2520 5138 2681 5209 judex
2705 5137 2914 5193 fallatur
2930 5153 2995 5194 ne
3014 5139 3174 5194 homo
3191 5140 3449 5209 puniatur.
3469 5135 3743 5192 Testamenta

2242 5230 2399 5285 etiam
2418 5229 2471 5284 si
2500 5229 2785 5300 possimus,
2810 5243 2907 5282 cur
2931 5245 3034 5283 non
3052 5243 3175 5285 vera
3199 5228 3577 5300 supprimimus,
3592 5216 3741 5279 etfalsa

2242 5321 2607 5390 supponimus,
2635 5330 2691 5377 ut
2718 5320 3054 5377 haereditates
3091 5322 3175 5378 vel
3222 5323 3388 5393 legata
3427 5335 3526 5374 non
3566 5313 3738 5370 habeant

2242 5410 2460 5483 indigni,
2492 5413 2579 5484 qui
2608 5412 2740 5468 nihil
2766 5428 2832 5468 ex
2856 5413 2936 5469 eis
2957 5424 3242 5485 operantur
3268 5414 3421 5481 boni;
3448 5410 3535 5468 sed
3551 5400 3738 5475 bipolin!

2305 5568 2441 5638 ιἈηι.
2468 5596 2521 5639 et
2553 5595 2679 5652 uss,
2715 5598 2809 5641 non
2828 5589 3028 5642 eminure
3055 5603 3071 5640 :
3097 5596 3150 5641 et
3171 5589 3419 5649 infralooo,
3439 5580 3653 5639 eruendas.
3672 5572 3734 5623 ³³·

2240 5651 2376 5708 bent,
2399 5650 2638 5701 attendes.

2308 5714 2328 5744 ³
2361 5711 2545 5766 Aliquot
2568 5719 2694 5762 Mss.
2718 5712 2766 5762 in
2790 5711 3123 5767 blasphemiam
3149 5710 3420 5776 (aridumue.
