3880 6284
145 376 232 431 529

143 503 166 541 a
188 485 353 556 quibus
371 487 666 542 esurientes
690 493 992 556 pascuntur.
1023 478 1145 534 undi
1175 478 1492 541 vestiuntur,
1524 490 1679 543 perc-

141 575 250 646 grini
276 575 650 644 suscipiuntur,
682 573 874 643 captivi
905 571 1253 633 redimuntur,
1285 565 1526 621 ecclesiae
1555 578 1682 616 con-

139 665 415 720 struuntur?
440 663 551 720 Cur
576 668 718 721 enim
751 680 854 719 non
882 663 1010 716 liant
1037 662 1124 715 illa
1153 660 1288 712 mala
1320 666 1533 726 propter
1568 653 1683 706 lucc

138 759 282 824 bona,
300 758 340 811 si
369 766 589 826 propter
616 757 727 812 hzec
766 758 902 811 bona
930 770 1027 808 nec
1055 753 1143 807 illa
1182 759 1305 804 sunt
1335 748 1505 802 mala?
1533 746 1679 800 Jam-

136 864 241 904 vero
259 849 299 903 si
318 848 504 917 aliqum
535 848 828 903 immunda:
852 856 905 901 et
929 845 1117 900 divites
1150 842 1360 897 feminae
1399 839 1678 893 videantur

136 951 367 993 amatores
390 947 445 992 et
471 946 807 1008 stupratores
849 950 976 991 suos
1021 936 1237 1003 insuper
1277 933 1548 994 ditaturm;
1591 944 1686 982 cur

135 1038 293 1084 nun-ct
319 1028 410 1082 has
429 1039 609 1096 partes
623 1040 782 1098 atque
807 1037 949 1082 artes
970 1025 1232 1094 suscipiat
1249 1024 1326 1077 vir
1353 1021 1676 1085 misericors,

136 1119 295 1188 quibus
325 1135 418 1188 pro
459 1129 570 1174 tam
620 1121 758 1174 bona
802 1135 960 1175 causa
991 1127 1189 1182 utatur,
1223 1124 1280 1170 ιιι
1310 1115 1500 1169 haheat
1543 1112 1680 1165 unde

136 1211 457 1278 indigentibus
488 1210 773 1280 largiatur;
800 1225 898 1265 nec
936 1209 1115 1262 audiat
1146 1206 1456 1276 Apostol'am
1502 1204 1684 1256 dicen-

135 1313 241 1364 tem,
270 1301 364 1369 Qui
392 1303 681 1370 furabatur,
708 1305 820 1372 jam
847 1319 945 1355 non
971 1302 1198 1368 (aretur;
1227 1298 1386 1368 magis
1410 1307 1576 1349 autent
1607 1295 1684 1346 la-

135 1394 246 1446 boret
265 1410 474 1460 operans
503 1395 736 1446 manibus
763 1393 866 1447 suis
895 1393 1097 1455 bonum,
1143 1399 1194 1443 ut
1237 1389 1412 1441 habeat
1438 1384 1569 1439 unde
1593 1383 1685 1436 tri-

138 1487 287 1539 buere‘
313 1486 394 1538 cui
422 1502 556 1556 opus
583 1497 653 1540 est
681 1485 896 1554 (Epltes.
943 1498 1019 1548 tv,
1071 1481 1204 1553 28)?
1245 1481 1298 1535 Si
1339 1477 1552 1548 quidem
1573 1491 1686 1530 non

135 1576 275 1630 solum
305 1577 478 1645 ipsum
511 1577 730 1641 furtum,
765 1591 947 1630 verum
996 1575 1154 1628 etiam
1202 1573 1391 1635 falsum
1445 1570 1687 1624 testimo-

133 1667 272 1724 nium,
303 1671 354 1717 et
379 1663 728 1729 adulterium,
775 1673 830 1722 et
855 1679 1015 1718 omne
1044 1677 1178 1731 opus
1205 1661 1400 1714 malum
1434 1673 1538 1712 non
1584 1658 1689 1712 erit

134 1754 323 1817 malum,
354 1753 448 1806 sed
483 1753 704 1812 bonum.
748 1755 791 1807 si
836 1769 894 1808 ea
927 1768 1084 1807 causa
1116 1760 1467 1823 perpetretur,
1519 1757 1576 1802 ut
1617 1749 1687 1802 sit

133 1843 249 1897 unde
271 1842 350 1896 liat
371 1842 600 1896 bonum.
631 1843 758 1912 Quis
786 1844 884 1896 ista
908 1842 1068 1906 dicat,
1093 1843 1190 1896 nisi
1215 1841 1302 1911 qui
1325 1855 1410 1894 res
1432 1838 1691 1892 humanas

131 1949 396 2002 orantesque
425 1943 656 1988 conatur
675 1950 850 1989 mores
878 1935 1126 2003 legesque
1163 1929 1512 1986 subvertere?
1537 1927 1712 1998 Quod

133 2025 250 2078 enim
271 2024 748 2079 sceleratissimum
775 2025 996 2089 facinus,
1027 2022 1167 2093 quod
1200 2021 1564 2092 turpissimum
1593 2019 1692 2073 lla-

131 2116 498 2182 gitium.quod'
528 2116 900 2184 impiissimum
951 2114 1288 2184 sacrilegium
1337 2128 1442 2167 non
1488 2111 1694 2167 dicatur

129 2222 263 2274 posse
291 2207 400 2269 ﬁeri
432 2217 586 2262 recte
612 2217 768 2276 atque
790 2207 961 2276 juste;
993 2221 1089 2260 nec
1120 2204 1334 2274 impune
1361 2212 1588 2268 tantum,
1609 2216 1696 2257 ve-

131 2313 226 2348 runt
252 2298 405 2351 etiam
435 2298 693 2368 gloriose,
725 2305 781 2351 ut
807 2297 857 2350 in
890 2310 954 2352 eo
985 2293 1358 2366 perpetrando,
1383 2307 1486 2347 non
1509 2292 1684 2346 solum

132 2388 361 2456 supplicia
393 2389 540 2442 nulla
581 2389 888 2453 timeantur,
913 2386 1004 2440 sed
1027 2393 1310 2455 Sperentur
1336 2393 1392 2440 et
1427 2383 1650 2454 praemia
1674 2399 1688 2436 :

131 2481 165 2532 si
205 2481 359 2534 εθιιιει
389 2481 820 2535 concesserimus
865 2481 914 2534 in
961 2479 1206 2534 omnibus
1247 2477 1400 2532 malis
1444 2475 1694 2545 operibus

134 2570 382 2623 hominum
409 2571 532 2626 ideo
559 2586 664 2625 non
693 2571 817 2640 quid
849 2570 959 2636 liat,
988 2569 1273 2639 sedquare
1299 2568 1389 2620 liat
1414 2580 1534 2621 esse
1553 2580 1695 2634 (ιιιιιξο

136 2659 365 2727 tendum;
398 2672 456 2716 ιιι
477 2678 831 2732 qumcumque
862 2669 1078 2731 propter
1122 2659 1288 2714 bonas
1331 2671 1519 2714 causas
1558 2657 1695 2711 facta

136 2749 475 2818 inveniuntur,
507 2767 607 2806 nec
639 2753 750 2822 ipsa
781 2753 916 2806 mala
945 2766 1064 2805 esse
1085 2747 1423 2820 judicentur?
1453 2749 1520 2801 At
1545 2746 1696 2816 si‘ju-

136 2841 256 2894 stitia
286 2842 475 2897 merito
498 2845 650 2912 punit
681 2843 873 2909 furem,
907 2843 1066 2896 etiam
1097 2841 1186 2911 qui
1212 2839 1412 2894 dixerit
1431 2847 1486 2892 et
1511 2845 1695 2892 osten-

137 2933 478 2992 derit‘ideo-se
505 2937 832 2992 subtraxisse
854 2933 1314 3005 superﬂua'diviti,
1347 2941 1406 2986 ut
1434 2930 1697 3000 praeberet

140 3031 415 3084 necessaria
442 3030 699 3100 pauperi;
733 3030 778 3082 si
807 3029 994 3083 merito
1017 3026 1168 3096 punit
1213 3024 1506 3089 falsarium,
1537 3023 1695 3077 etiam

140 3122 214 3188 qui
237 3138 290 3176 se
315 3123 434 3178 ideo
459 3131 833 3178 testamentum
849 3121 1093 3175 alienum
1113 3116 1415 3187 corrupisse
1431 3114 1694 3178 docuerit,

145 3221 190 3264 ut
212 3213 491 3269 ille'hteres
517 3224 658 3268 esset
685 3214 772 3282 qui
803 3213 1033 3266 facturus
1060 3209 1181 3264 inde
1212 3209 1382 3262 fuerat
1403 3207 1698 3275 eleemosy-

147 3319 226 3356 nas
249 3306 432 3374 largas,
461 3320 565 3359 non
593 3305 682 3359 ille
719 3304 809 3372 qni
849 3303 1049 3367 nullas;
1077 3301 1122 3354 si
1154 3298 1344 3353 merito
1369 3296 1520 3365 punit
1545 3295 1697 3348 adul-

149 3401 315 3459 terum,
359 3399 520 3450 etiam
547 3395 635 3464 qui
672 3390 1116 3448 demonstraverit
1146 3385 1508 3444 misericordia
1537 3400 1594 3440 se
1619 3383 1700 3439 fe-

150 3485 265 3539 cisse
293 3487 631 3551 adulterium,
659 3494 713 3539 ut
741 3499 836 3554 per
861 3483 1001 3537 illam
1019 3496 1137 3537 eum
1157 3478 1426 3550 qualfecit,
1446 3477 1512 3532 de
1529 3484 1700 3531 morte

153 3575 394 3632 hominem
417 3579 696 3641 liberaret;
722 3585 1010 3646 postremo,
1035 3582 1091 3626 ut
1115 3573 1180 3626 ad
1205 3585 1315 3625 rem
1337 3570 1408 3625 de
1423 3584 1530 3639 qua
1551 3583 1698 3638 qum-

152 3669 238 3722 stio
255 3679 330 3724 est
361 3670 579 3738 prepius
630 3666 966 3729 accedamus,
997 3663 1041 3717 si
1071 3662 1262 3717 merito
1283 3660 1437 3730 punit
1462 3673 1583 3714 eum
1611 3658 1700 3727 qui

157 3757 342 3812 feminas
357 3760 517 3814 alicui
536 3755 1051 3812 Priscillianistarum
1082 3748 1423 3820 turpitudinis
1451 3748 1698 3813 conscim,

156 3857 411 3916 propterea
443 3863 502 3904 se
530 3847 828 3902 adulterino
855 3844 1138 3900 concubitu
1167 3841 1396 3906 miscuit,
1437 3849 1496 3895 ut
1518 3840 1583 3895 ad
1609 3855 1702 3895 eo-

159 3952 255 3990 rum
275 3939 501 3994 latebras
527 3937 860 4007 perveniret:
884 3935 1109 3989 obsecro
1138 3942 1208 3997 te,
1248 3946 1368 3985 cum
1398 3930 1540 3983 dicat
1561 3929 1703 3996 Apo-

161 4028 324 4092 stolus,
356 4031 464 4083 Nec
497 4027 768 4082 eahibeatis
806 4025 1024 4079 membra
1049 4034 1212 4078 vestra
1248 4039 1391 4075 arma
1424 4021 1701 4089 iniquitatis

164 4130 336 4186 peccato
362 4123 534 4192 (Rom.
562 4137 633 4182 Vl;
661 4119 780 4190 13);
811 4127 864 4172 et
890 4118 1010 4173 ideo
1036 4131 1134 4171 nec
1159 4121 1366 4181 manus,
1395 4129 1496 4168 nec
1519 4129 1703 4183 corpo-

165 4211 226 4264 ris
249 4214 504 4282 genitalia,
545 4225 650 4266 nec
683 4211 788 4264 alia
811 4208 1055 4263 membra-
1087 4207 1295 4276 llagitiis
1323 4205 1576 4260 exhibere
1604 4203 1702 4258 de-

171 4300 381 4367 beamus,
414 4313 484 4357 ut-
513 4299 933 4356 Prisciiliauistas
977 4297 1214 4352 invenire
1256 4295 1547 4365 pessimus;
1578 4293 1704 4363 quid

170 4407 249 4445 nos
267 4395 450 4463 lingua,
474 4392 598 4464 quid
623 4400 790 4445 totum
813 4405 875 4443 os
897 4400 1157 4456 nostrum,
1181 4389 1305 4458 quid
1321 4403 1586 4458 organum
1614 4401 1707 4442 vo-

169 4485 233 4538 cis
257 4486 478 4547 ol'l‘cndit,
504 4495 562 4539 ιιι
591 4485 704 4537 lucc
728 4483 1073 4537 exhilieamus
1101 4496 1246 4535 arma
1267 4489 1504 4550 peccato,
1535 4489 1705 4535 tanto-

172 4589 255 4641 que
290 4588 518 4645 peccato,
547 4575 634 4628 ubi
680 4575 842 4628 Deum
886 4583 1146 4637 nostrum,
1187 4581 1248 4626 ut
1280 4572 1706 4627 Priscillianistas

174 4668 500 4733 apprehensus
542 4666 610 4720 ab
648 4665 952 4735 ignorantiae
999 4663 1340 4732 blasphemiis
1393 4680 1642 4720 eruamus
1660 4666 1702 4732 ',

176 4753 270 4807 sine
293 4757 621 4810 excusatione
647 4754 957 4823 ignorantia:
980 4753 1438 4822 blasphemetnus?

234 4843 436 4902 CAPUT
477 4846 606 4900 \‘lll;
646 4875 715 4884 —
756 4846 839 4898 19.
872 4844 1134 4898 Peccatum
1177 4861 1283 4898 esse
1329 4861 1390 4899 ea:
1435 4846 1709 4900 intentione

184 4931 306 4986 aliud
332 4935 427 4989 alio
471 4935 661 4998 levius;
699 4951 798 4986 non
844 4943 1008 4987 tamen
1051 4933 1335 5005 faciendam
1370 4935 1545 5001 levius,
1575 4937 1708 5005 quod

183 5036 290 5092 sape
311 5028 506 5081 alterius
531 5027 725 5097 generis
752 5035 951 5095 peccato
975 5025 1174 5095 gravius
1196 5035 1289 5079 est.
1317 5025 1461 5081 Dicet
1484 5027 1705 5096 aliquis:

185 5110 592 5186 Ergoa-quandus
617 5125 698 5170 est
728 5115 810 5170 fur
842 5116 1060 5184 quilibet
1083 5117 1131 5170 ei
1159 5115 1259 5169 furi
1289 5116 1374 5184 qui
1404 5117 1708 5172 misericor-

183 5199 265 5256 dia:
287 5209 540 5262 voluntate
585 5207 975 5272 furatnriQuis
1007 5207 1105 5261 hoc
1131 5207 1356 5263 dixerit?
1384 5207 1490 5262 Sed
1521 5209 1708 5263 horum

184 5289 367 5352 duorum
396 5315 504 5353 non
529 5298 650 5353 ideo
679 5307 756 5352 est
787 5299 1062 5368 quisquam
1089 5297 1277 5363 bonus,
1309 5299 1434 5367 quia
1461 5298 1608 5369 pejor
1631 5307 1712 5354 est

187 5395 309 5439 unus.
343 5389 492 5459 Pejor
530 5397 613 5443 est
654 5389 792 5442 enim
836 5389 924 5457 qui
967 5388 1407 5457 concupiscendo.
1437 5404 1592 5457 quam
1621 5389 1708 5458 qui

187 5471 445 5532 miserando
466 5478 671 5532 furatur
696 5496 710 5531 :
731 5478 824 5532 sed
846 5478 889 5530 si
920 5477 1114 5532 furtum
1135 5493 1293 5533 omne
1316 5487 1584 5548 peccatum
1604 5488 1710 5546 est,

189 5561 241 5615 ab
259 5572 384 5624 omni
411 5571 549 5626 furto
579 5581 661 5626 est
687 5571 1076 5626 abstinendum.
1102 5572 1232 5640 Quis
1255 5573 1394 5628 enim
1425 5573 1566 5627 dicat
1591 5588 1712 5628 esse

238 5699 252 5763 ξ
279 5702 342 5751 sic
363 5711 461 5753 Mss.
483 5705 597 5753 Editi
624 5718 755 5763 vero,
783 5704 908 5754 unde
930 5703 1120 5755 tribuat.

239 5759 254 5789 ’
279 5763 358 5812 Soli
381 5766 510 5827 editi,
533 5759 781 5817 sert'enws.

1507 354 1702 410 Uilla“
1748 356 1942 412 UNUS.

1793 473 2136 542 peccandum,
2164 476 2368 531 etiamsi
2397 476 2535 531 aliud
2559 478 2624 532 sit
2647 479 2964 544 damnabile,
2992 478 3131 536 aliud
3157 480 3367 537 veniale

1791 566 2098 632 peccatum?
2130 567 2280 622 Nunc
2323 577 2496 623 autem
2537 569 2822 638 qua'rimus
2843 610 2859 638 ,
2889 571 2933 624 si
2974 569 3077 626 hoc
3115 582 3206 627 aut
3235 572 3368 627 illud

1788 659 2013 728 quisque
2035 659 2234 726 fecerit,
2258 661 2376 730 quis
2402 675 2506 714 non
2535 661 2792 729 peccabit,
2821 661 2934 716 sive
2959 662 3233 731 peccabit;
3257 677 3366 718 non

1789 748 1907 817 quis
1931 751 2144 818 gravius
2175 751 2408 804 leviusve
2440 751 2692 818 peccabit.
2720 750 2852 805 Nam
2893 760 2948 805 et
2987 752 3097 822 ipsa
3129 751 3268 807 furta
3293 752 3370 808 le-

1789 841 1906 894 vius
1935 841 2113 911 utique
2142 843 2428 910 puniuntur
2453 842 2587 912 lege,
2611 857 2770 912 quam
2795 851 2976 913 stupra
3001 861 3014 895 :
3037 831 3162 898 sunt
3186 852 3368 898 autem

1789 941 2012 1000 utraque
2037 941 2269 1000 peccata,
2297 932 2540 1001 quamvis
2566 933 2668 986 alia
2707 931 2924 998 leviora,
2955 932 3055 987 alia
3083 933 3368 1004 graviora;

1773 1021 1862 1083 ,ita
1907 1031 1963 1076 ut
2004 1023 2171 1077 levius
2211 1023 2465 1078 habeatur
2505 1023 2701 1078 furtum
2741 1025 2880 1093 quod
2917 1024 3367 1094 concupiscendo,

1790 1127 1947 1181 quam
1981 1122 2219 1182 stuprum
2249 1113 2387 1183 quod
2417 1114 2779 1168 subvcttiendo
2799 1114 3166 1169 committitur.
3191 1115 3247 1170 In
3269 1132 3370 1171 suo

1790 1204 1982 1273 quippe
2012 1219 2205 1272 genere
2243 1204 2361 1257 aliis
2390 1203 2628 1272 ejusdem
2658 1204 2868 1272 generis
2897 1205 3130 1274 peccatis
3169 1205 3369 1262 leviora

1793 1294 1941 1358 ﬁunt,
1970 1313 2086 1364 qua:
2119 1295 2260 1349 bono
2292 1295 2470 1349 animo
2501 1295 2742 1348 videntur
2769 1295 3008 1361 admitti;
3036 1311 3158 1351 cum
3190 1305 3369 1354 tamen

1791 1396 1846 1439 et
1871 1387 1982 1454 ipsa
2013 1386 2231 1439 alterius
2259 1386 2470 1455 generis
2502 1387 2732 1455 peccatis
2773 1386 2889 1455 ipso
2926 1400 3022 1440 suo
3056 1401 3252 1456 genere
3293 1388 3374 1444 le-

1793 1477 2034 1532 vioribus
2058 1476 2391 1530 inveniantur
2417 1493 2538 1532 esse
2567 1479 2826 1545 graviora.
2858 1476 3086 1532 Gravius
3112 1485 3195 1532 est
3223 1478 3369 1532 enim

1792 1569 2044 1634 avaritia,
2078 1585 2235 1637 quam
2275 1568 2635 1622 misericordia
2671 1568 2864 1622 furtum
2896 1567 3102 1634 facere;
3136 1568 3371 1638 itemque

1795 1668 2034 1730 stuprum
2062 1660 2274 1729 gravius
2301 1669 2382 1714 est
2413 1659 2640 1723 luxuria,
2670 1675 2826 1728 quam
2859 1660 3217 1714 misericordia
3247 1674 3371 1730 per-

1796 1762 2004 1824 petrare
2024 1772 2036 1805 :
2057 1761 2108 1807 et
2135 1762 2305 1807 tamen
2327 1753 2535 1822 gravius
2559 1763 2640 1806 est
2659 1753 2954 1807 adulterare
2979 1752 3368 1820 misericordia,

1794 1859 1954 1914 quam
1997 1844 2155 1898 furari
2197 1843 2432 1896 avaritia.
2459 1843 2636 1909 Neque
2665 1858 2804 1896 nunc
2831 1843 3005 1912 agitur
3031 1842 3156 1912 quid
3185 1844 3256 1897 sit
3287 1843 3369 1897 le-

1794 1935 1911 1990 vius
1935 1935 2046 1989 sive
2073 1935 2305 2004 gravi-us,
2335 1935 2426 1988 scd
2455 1950 2573 2003 qum
2597 1935 2701 1989 sint
2737 1944 2951 2004 peccata
2983 1935 3068 1989 vel
3097 1948 3200 1988 non
3239 1933 3367 1989 sint.

1796 2023 1964 2079 Nemo
1987 2023 2128 2080 enim
2155 2023 2624 2078 dixerit-debuisse
2649 2023 2877 2092 peccari,
2907 2022 2993 2077 ubi
3014 2031 3223 2078 constat
3250 2037 3373 2078 esse

1798 2125 2071 2186 peccatum
2104 2133 2116 2170 :
2149 2115 2242 2171 sed
2269 2115 2464 2170 debere
2493 2115 2740 2180 dicimus,
2778 2116 2822 2169 si
2863 2115 2934 2169 ita
2964 2113 3048 2169 vel
3085 2114 3156 2168 ita
3187 2127 3374 2184 pecca-

1799 2215 1907 2261 tum
1935 2214 2032 2271 est,
2059 2206 2256 2275 ignosci
2287 2207 2370 2260 vel
2399 2222 2502 2259 non
2534 2206 2757 2276 ignosci.

1867 2296 2094 2352 CAPUT
2133 2296 2220 2351 IX.
2249 2327 2318 2335 —
2342 2297 2432 2352 20.
2464 2295 2680 2350 Peccata
2717 2296 3088 2366 compensation
3128 2312 3216 2350 nec
3258 2295 3374 2364 ipsa

1798 2387 2105 2440 admittenda
2134 2403 2256 2440 esse.
2278 2385 2488 2439 Factum
2509 2386 2635 2440 Loth
2665 2386 2920 2453 offerentis
2945 2388 3081 2455 ﬁlias
3106 2404 3226 2442 suas
3248 2403 3372 2442 con-

1797 2477 2162 2546 stupratoribus
2193 2477 2486 2532 Sodomitis.
2523 2475 2826 2546 Exemplum
2862 2477 2992 2532 Loth
3033 2479 3212 2532 timore
3251 2487 3374 2533 tunc

1799 2568 2074 2639 perturbati
2110 2583 2207 2621 non
2254 2568 2569 2621 imitandum.
2610 2569 2720 2621 Nec
2748 2571 3032 2639 exemplum
3057 2569 3223 2624 David
3265 2587 3374 2641 pra

1797 2662 1874 2713 ira
1898 2662 2143 2730 jurantis.
2177 2660 2311 2725 Quid
2339 2659 2524 2725 David,
2565 2661 2742 2730 quidve
2779 2661 2876 2731 ipsi
2915 2660 3043 2716 Loth
3087 2663 3375 2732 faciendum

1799 2754 1982 2822 fuerat.
2002 2752 2132 2806 Loth
2153 2769 2183 2805 a
2208 2761 2408 2823 peccato
2428 2752 2627 2823 defendi
2643 2753 2890 2821 quomodo
2909 2754 2993 2807 via:
3013 2755 3186 2824 possit.
3211 2753 3372 2808 Facta

1799 2861 1831 2898 a
1868 2845 2052 2899 sanctis
2097 2862 2198 2898 non
2239 2845 2406 2898 omnia
2453 2845 2505 2897 in
2547 2861 2706 2898 mores
2752 2844 3119 2912 transferenda.
3148 2844 3369 2911 Verum,

1799 2937 1940 3008 quod
1990 2935 2268 2992 fatendum
2307 2945 2411 3003 est,
2458 2937 2528 2991 ita
2575 2937 2834 2991 humanos
2876 2937 3081 2993 animos
3129 2939 3373 3008 quaadatu

1800 3029 2195 3099 compensativa
2227 3037 2441 3098 peccata
2482 3029 2812 3097 perturbant,
2846 3035 2905 3082 ut
2932 3028 3091 3083 etiam
3123 3037 3375 3099 putentur

1800 3119 1995 3173 debere
2024 3117 2249 3184 laudari,
2279 3131 2341 3172 ac
2386 3118 2560 3188 potius
2599 3127 2740 3172 recte
2779 3116 2916 3172 facta
2951 3117 3212 3172 dicantur.
3245 3119 3377 3186 Quis

1802 3209 1942 3263 enim
1985 3207 2190 3262 dubitet
2227 3222 2348 3262 esse
2390 3208 2589 3277 grande
2628 3217 2931 3277 peccatum,
2963 3209 3009 3262 si
3047 3218 3198 3279 pater
3239 3209 3376 3264 filias

1801 3311 1926 3352 suas
1964 3297 2245 3366 prostituat
2287 3295 2724 3350 fornicationibus
2758 3296 3076 3365 impiorum?
3104 3297 3169 3352 Et
3198 3307 3373 3353 tamen

1803 3387 2004 3443 exstitit
2031 3401 2188 3442 causa
2218 3401 2318 3456 qua
2345 3385 2447 3441 hoc
2473 3387 2552 3440 vir
2573 3385 2746 3456 justus
2765 3387 2960 3442 debere
2978 3401 3037 3441 se
3064 3386 3238 3443 facere
3261 3390 3378 3444 exi—

1803 3477 2069 3543 stimaret,
2105 3477 2316 3547 quando
2347 3475 2634 3532 Sodomitze
2673 3476 2875 3532 nefario
2909 3477 3138 3533 libidinis
3176 3479 3378 3550 impetu

1804 3567 2099 3636 hospitibus
2133 3568 2248 3636 ejus
2292 3567 2582 3622 irruebant.
2607 3568 2694 3621 Ait
2720 3568 2862 3622 enim
2892 3585 2904 3620 :
2940 3568 3072 3622 Sunt
3109 3569 3234 3622 mihi
3262 3569 3380 3624 diu:

1805 3658 1927 3726 ﬁlia:
1967 3673 2082 3724 qua:
2123 3673 2222 3711 non
2259 3669 2589 3729 cognoverunt
2623 3659 2782 3712 virum
2805 3675 2823 3712 :
2847 3659 3121 3728 producam
3156 3660 3272 3714 illas
3310 3661 3380 3715 aa'

1805 3765 1921 3815 vos,
1948 3757 1993 3802 et
2019 3749 2214 3803 utimini
2250 3749 2322 3803 eis
2353 3750 2600 3819 quomodo
2639 3749 2878 3820 placuerit
2911 3751 3085 3817 vobis;
3105 3760 3298 3807 tantum
3323 3755 3380 3808 in

1806 3842 1936 3895 uiros
1974 3842 2095 3895 istos
2130 3859 2191 3895 ne
2227 3843 2425 3912 faciatis
2459 3843 2704 3910 iniquum,
2730 3853 2990 3912 propterea
3013 3845 3131 3917 quia
3155 3845 3379 3899 intrave-

1806 3945 1924 3988 runt
1952 3934 2048 3988 sub
2072 3945 2253 3988 tectum
2285 3935 2535 4005 tignorum
2563 3950 2784 3988 meorum
2815 3933 2964 4003 (Gen.
2994 3951 3104 4001 xix,
3132 3935 3208 4007 8).
3241 3935 3382 4002 Quid

1809 4026 1892 4082 hic
1929 4027 2206 4081 dicemus?
2234 4025 2420 4081 Nonne
2461 4028 2526 4079 ita
2562 4027 2685 4080 illud
2723 4027 2898 4082 scelus
2929 4026 3067 4096 quod
3092 4027 3382 4083 Sodomita:

1809 4119 2104 4185 hospitibus
2123 4118 2260 4173 illius
2274 4120 2372 4172 viri
2391 4119 2516 4188 justi
2539 4118 2711 4174 facere
2731 4119 3062 4174 conabantur
3075 4119 3381 4186 horremus,

1808 4218 1867 4264 ut
1893 4210 2142 4280 quidquid
2173 4209 2323 4265 fieret
2351 4226 2419 4264 ne
2449 4211 2549 4265 hoc
2575 4211 2746 4277 lieret,
2770 4210 3089 4266 arbitremur
3114 4210 3278 4267 fuisse
3303 4210 3384 4265 fa-

1809 4300 2088 4356 ciendum?
2130 4301 2302 4356 Movet
2347 4301 2504 4355 etiam
2553 4301 2781 4356 maxime
2827 4315 3053 4371 persona
3102 4299 3381 4367 facientis,

1809 4407 1928 4462 quae
1966 4392 2155 4447 merito
2188 4391 2404 4460 jnstitia:
2450 4391 2769 4446 liberabatur
2792 4408 2822 4447 a
2847 4392 3092 4449 Sodomis
3120 4409 3136 4448 :
3165 4400 3224 4448 ut
3250 4407 3384 4462 quo-

1811 4483 1950 4536 niam
1990 4483 2165 4537 minus
2197 4483 2391 4536 malum
2422 4493 2502 4536 cst
2547 4483 2769 4538 feminas
2805 4499 2960 4554 quam
2995 4483 3138 4539 viros
3176 4484 3384 4553 perpeti

1810 4585 2072 4643 stuprum,
2095 4577 2255 4630 etiam
2280 4576 2376 4630 hoc
2396 4576 2460 4628 ad
2479 4575 2734 4643 justitiam
2751 4576 2878 4646 justi
2906 4575 3044 4630 illius
3065 4577 3387 4646 pertinuisse

1811 4665 2036 4730 dicatur,
2080 4668 2217 4736 quod
2265 4666 2320 4720 in
2362 4666 2570 4720 ﬁliabus
2612 4666 2711 4719 hoc
2754 4665 2940 4719 maluit
2976 4665 3090 4720 ﬁeri
3129 4681 3286 4736 quam
3329 4667 3385 4720 in

1813 4758 2108 4828 hospitibus
2136 4759 2279 4823 suis;
2315 4774 2416 4811 non
2459 4766 2656 4811 tantum
2688 4756 2738 4811 id
2762 4756 2949 4810 volens
2972 4756 3170 4820 animo,
3198 4771 3384 4812 verum

1813 4857 1866 4902 et
1893 4847 2122 4902 olferens
2149 4847 2333 4912 verbo,
2361 4857 2413 4900 et
2440 4845 2484 4900 si
2516 4846 2590 4900 illi
2632 4845 2835 4899 assensi
2874 4843 3097 4899 fuissent
3136 4845 3384 4914 impletuv-

1815 4953 1906 4992 rus
1934 4946 1989 4992 et
2016 4936 2173 4991 facto.
2199 4935 2379 4992 Sedsi
2407 4934 2542 4988 banc
2571 4933 2801 5004 peccatis
2835 4934 3200 5003 aperuerimus
3223 4934 3384 5000 viam,

1815 5036 1874 5081 ut
1916 5027 2307 5082 committamus
2333 5027 2536 5080 minora
2565 5041 2631 5080 ne
2660 5025 2746 5078 alii
2777 5025 2976 5095 majora
3015 5025 3385 5090 committanta;

1818 5119 1934 5172 lato
1950 5117 2136 5182 limite,
2165 5117 2280 5172 imo
2299 5117 2446 5172 nullo
2472 5117 2654 5181 limite,
2684 5116 2780 5172 sed
2809 5112 3075 5172 convulsis
3095 5115 3388 5171 etremotis

1817 5209 2065 5264 omnibus
2091 5209 2329 5262 terminis
2358 5208 2562 5262 infinito
2586 5207 2758 5276 spatio
2781 5215 2971 5263 cuncta
3011 5205 3281 5261 intrabunt
3304 5213 3388 5257 at-

1817 5313 1921 5369 que
1943 5299 2254 5368 regnabant.
2275 5297 2498 5366 Quando
2519 5297 2661 5352 enim
2688 5296 2848 5352 fuerit
2871 5296 3142 5352 deﬁnitum
3164 5308 3390 5363 peccan-

1819 5390 1943 5445 dum
1987 5405 2108 5445 esse
2149 5389 2350 5444 homini
2391 5389 2588 5455 minus,
2628 5402 2696 5443 ne
2733 5387 2870 5442 alius
2907 5391 3090 5455 peccet
3125 5381 3387 5450 amplius;

1821 5480 2056 5551 profecto
2096 5488 2152 5535 et
2191 5479 2342 5535 furtis
2383 5479 2578 5534 nostris
2615 5484 2798 5546 stupra
2837 5474 3168 5531 cavebantur
3194 5469 3390 5534 aliena,

1821 5579 1874 5627 et
1899 5572 2097 5626 incesta
2123 5569 2320 5638 stupris
2340 5585 2355 5634 ;
2377 5577 2432 5624 et
2455 5569 2498 5622 si
2525 5581 2627 5637 qua
2656 5566 2898 5633 impietas
2919 5563 3030 5617 visa
3057 5559 3213 5616 fuerit
3230 5559 3392 5614 etiam

1824 5664 1972 5732 pejor
2022 5662 2270 5726 inceStis,
2312 5661 2510 5714 incesta
2558 5672 2769 5728 quoque
2807 5653 3045 5710 facienda
3083 5651 3322 5707 dicentur
3361 5666 3394 5706 a

1827 5756 1999 5821 nobis,
2032 5754 2075 5810 si
2101 5769 2168 5809 eo
2193 5751 2353 5808 modo
2384 5751 2465 5820 agi
2494 5747 2784 5819 potuerint,
2818 5754 2874 5803 ut
2901 5745 2988 5804 illa
3015 5744 3261 5819 impietas
3287 5757 3392 5799 non

3263 360 3374 420 530

3421 4561 3442 4639 ἒ
