3880 6284
522 342 622 397 531

519 454 885 511 committatur
906 451 974 507 ab
1005 451 1121 508 aliis
1146 468 1159 505 ε
1188 460 1241 507 et
1271 450 1323 506 in
1354 448 1575 520 singulis
1603 448 1901 519 quibusque
1934 461 2101 517 gene-

520 547 670 602 ribus
702 555 1063 617 peccatorum,
1099 553 1154 599 et
1196 543 1332 598 furta
1372 557 1472 614 pro
1514 542 1685 606 furtis,
1714 548 1769 595 et
1797 549 1983 611 stupra
2011 553 2106 609 pro

518 639 740 709 stupris,
764 646 818 693 et
848 638 1047 693 incesta
1079 652 1174 706 pro
1200 635 1439 701 incestis,
1465 644 1518 689 et
1558 632 1833 702 sacrilegia
1872 646 1974 701 pro
2016 644 2105 685 sa-

523 730 756 801 crilegiis
781 729 1021 785 facienda
1052 729 1410 798 putabuntur:
1435 735 1612 781 nostra
1646 740 1742 794 pro
1766 725 1975 789 alienis,
1998 738 2104 778 non

523 824 695 881 solum
727 821 929 875 minora
957 835 1054 891 pro
1081 817 1390 887 majoribus,
1419 829 1600 868 verum
1633 814 1798 869 etiam
1822 813 1865 868 si
1895 812 1961 867 ad
1990 812 2107 883 ipsa

522 930 729 971 summa
769 924 824 969 et
864 913 1092 982 pessima
1127 911 1389 973 veniatur,
1419 908 1666 977 pauciora
1697 920 1795 975 pro
1829 904 2103 975 pluribus;

522 1010 566 1062 si
597 1022 655 1062 se
695 1008 769 1062 ita
798 1021 973 1061 rerum
1010 1011 1186 1058 verset
1228 1001 1492 1064 incursus,
1526 1008 1582 1054 ιιι
1610 998 1766 1053 aliter
1793 998 1887 1053 alii-
1913 1012 2016 1052 non
2046 1012 2108 1052 se

525 1100 826 1152 abstineant
843 1110 873 1149 a
896 1094 1148 1165 peccatis,
1174 1091 1273 1147 nisi
1296 1092 1472 1146 minus
1490 1090 1782 1160 aliquanto,
1806 1088 1899 1144 sed
1929 1097 2105 1144 tamen

519 1188 866 1260 peccantibus
876 1185 1052 1247 nobis;
1070 1184 1140 1238 ita
1154 1191 1210 1237 ut
1225 1182 1444 1239 omnino
1466 1182 1552 1237 ubi
1565 1181 1758 1236 dixerit
1770 1180 2013 1234 inimicus
2030 1177 2104 1250 (α)

521 1279 610 1349 qui
643 1275 883 1332 habuerit
911 1274 1213 1344 hujusmodi
1244 1281 1558 1344 potestatem
1587 1272 1631 1336 ί,
1653 1270 1764 1325 Nisi
1796 1279 1850 1323 tu
1878 1270 2107 1324 scelera-

524 1379 609 1423 tus
640 1366 823 1432 fueris,
854 1379 953 1435 ego
983 1365 1293 1419 sceleratior
1322 1378 1437 1427 ero,
1469 1371 1561 1416 aut
1587 1361 1687 1415 nisi
1717 1370 1771 1414 tu
1801 1360 1902 1414 hoc
1929 1359 2106 1415 scelus

522 1459 733 1521 feceris.
756 1472 861 1528 ego
885 1456 1007 1511 talia
1032 1456 1181 1525 plura
1210 1454 1431 1518 faciam;
1455 1452 1631 1507 scelus
1660 1451 1812 1506 nobis
1833 1450 2109 1505 videamur

520 1549 826 1615 admittere,
861 1547 905 1602 si
944 1546 1168 1602 velimus
1200 1544 1267 1598 ab
1296 1544 1498 1599 scelere
1528 1552 1844 1611 temperare.
1876 1541 1988 1597 Hoc
2021 1556 2106 1595 sa-

521 1656 650 1711 pere
689 1639 815 1709 quid
852 1647 957 1704 est,
998 1637 1096 1692 nisi
1138 1637 1404 1705 desipere,
1434 1634 1518 1690 vel
1550 1634 1723 1705 potius
1765 1634 2033 1689 insanire?
2064 1635 2106 1687 Δ

524 1745 641 1785 mea
664 1730 858 1797 quippe
884 1728 1185 1798 iniquitate,
1209 1742 1313 1781 non
1340 1726 1408 1780 ah
1433 1727 1623 1787 aliena,
1652 1725 1764 1780 sive
1789 1725 1839 1779 in
1865 1740 1975 1791 me,
1995 1725 2107 1780 sive

522 1821 577 1875 in
606 1821 739 1874 alios
759 1829 1084 1891 perpetrata,
1108 1817 1236 1871 mihi
1258 1827 1341 1872 est
1362 1816 1595 1871 cavenda
1616 1816 1905 1870 damnatio.
1926 1815 2109 1869 Anima

520 1914 663 1969 enim
691 1929 803 1984 qua:
828 1913 1124 1983 peccaverit,
1150 1912 1260 1982 ipsa
1286 1911 1525 1964 morietur
1556 1908 1763 1983 (Exerit.
1792 1924 1941 1976 xvtn,
1974 1906 2050 1979 4).

594 2004 684 2059 ει.
725 2005 780 2060 Si
810 2018 939 2073 ergo
979 2018 1196 2073 peccare
1217 2044 1233 2070 ,
1273 2018 1339 2057 ne
1374 2002 1588 2072 gravius
1618 2002 1700 2055 vel
1730 2001 1782 2055 in
1812 2015 1911 2055 nos
1939 2000 2021 2055 vel
2054 2001 2106 2056 in

521 2096 793 2167 quoslibet
832 2096 920 2149 alii
966 2104 1208 2165 peccent,
1242 2094 1429 2164 procul
1466 2094 1627 2149 dubio
1666 2107 1772 2148 non
1810 2093 2103 2159 debemus;

524 2188 968 2244 considerandum
988 2197 1068 2241 est
1094 2187 1143 2240 in
1167 2202 1232 2240 eo
1252 2185 1389 2257 quod
1414 2184 1709 2251 fecitLoth,
1730 2194 1904 2239 utrum
1927 2201 2107 2240 exem-

524 2281 670 2351 plum
709 2278 779 2335 sit
816 2278 957 2349 quod
998 2278 1213 2343 imitari,
1242 2292 1310 2333 an
1334 2276 1513 2348 potius
1538 2276 1681 2347 quod
1708 2278 1875 2331 vitare
1912 2275 2109 2330 debea-

523 2386 664 2426 mus.
680 2370 842 2440 Magis
861 2370 1001 2424 enim
1021 2369 1225 2423 videtur
1247 2367 1556 2424 intuendum
1581 2376 1634 2423 et
1654 2367 1964 2432 notandum,
1985 2382 2106 2422 cum

522 2471 632 2518 tam
674 2462 997 2517 horrendum
1037 2461 1233 2515 malum
1270 2476 1339 2516 ex
1382 2461 1652 2531 impietate
1696 2461 2105 2532 flagitiosissima

523 2552 919 2608 Sodomitarum
948 2552 1058 2606 suis
1087 2551 1417 2621 impenderet
1439 2551 1756 2620 lioSpitibus,
1780 2552 1922 2621 quod
1944 2568 2107 2622 cupe-

522 2652 606 2699 ret
622 2642 913 2713 depellere,
933 2658 1027 2697 nec
1050 2642 1272 2708 valeret,
1298 2641 1375 2697 sic
1399 2642 1557 2697 etiam
1585 2641 1713 2712 justi
1740 2642 1975 2697 animum
2005 2659 2105 2715 po-

526 2735 692 2791 tuisse
721 2734 939 2798 turbari,
980 2743 1036 2789 ut
1065 2734 1224 2788 vellet
1255 2734 1425 2789 facere
1461 2734 1602 2803 quod
1645 2752 1749 2788 non
1788 2734 2001 2789 humani
2042 2736 2107 2791 ti-

523 2827 690 2881 moris
719 2826 971 2882 nebulosa
1004 2833 1311 2893 tempestas,
1343 2825 1435 2878 sed
1465 2824 1627 2879 divini
1653 2825 1791 2894 juris
1822 2828 2104 2897 tranquilla

524 2918 805 2982 serenitas,
846 2918 888 2971 si
930 2917 1235 2971 consulatur
1258 2931 1287 2969 a
1315 2916 1488 2981 nobis,
1526 2915 1822 2971 faciendum
1853 2932 1958 2973 non
1986 2934 2107 2976 esse

525 3009 811 3072 clamabit;
838 3016 892 3061 ct
917 3006 1123 3076 jubebit
1164 3006 1338 3077 potius
1368 3015 1426 3061 ut
1453 3007 1530 3062 sic
1558 3017 1738 3061 nostra
1770 3018 1984 3077 peccata
2013 3024 2106 3064 ca-

522 3112 761 3163 vcamus,
782 3114 848 3152 ne
893 3098 1119 3152 ullurum
1169 3112 1385 3167 prorsus
1426 3098 1719 3154 alienomm
1767 3110 2103 3171 peccatorum

526 3192 718 3246 timore
740 3204 1041 3261 peccemus.
1069 3191 1251 3246 Aliena
1276 3191 1472 3262 quippe
1499 3192 1585 3247 ille
1608 3192 1689 3247 vir
1708 3192 1885 3263 justus
1917 3194 2109 3251 timen-

524 3282 594 3336 do
617 3292 855 3351 peccata,
876 3297 994 3352 qua:
1012 3281 1111 3335 nisi
1133 3283 1530 3339 consentientes
1554 3283 1830 3355 inquinare
1850 3300 1953 3340 non
1976 3301 2104 3356 pos-

524 3380 673 3438 sunt,
695 3372 1032 3441 perturbatus
1063 3388 1166 3427 non
1196 3373 1423 3429 attendit
1443 3388 1624 3442 suum,
1644 3391 1751 3444 quo
1780 3375 1946 3431 voluit
1972 3378 2103 3434 sub-

525 3464 656 3520 dere
686 3465 818 3519 tilias
848 3464 1151 3519 libidinibus
1177 3464 1480 3536 impiorum.
1501 3466 1627 3521 “me
1646 3468 1860 3537 quando
1882 3469 1933 3523 in
1956 3470 2103 3526 Scri-

526 3555 697 3624 pturis
721 3555 920 3609 sanctis
950 3556 1193 3625 legimus,
1223 3570 1327 3610 non
1368 3555 1490 3611 ideo
1521 3558 1643 3628 quia
1675 3557 1809 3613 facta
1837 3560 2106 3616 credimus

525 3644 686 3699 etiam
710 3642 951 3698 facienda
978 3644 1260 3699 credamus
1278 3661 1293 3708 ;
1316 3660 1385 3701 ne
1402 3645 1657 3701 violemus
1674 3657 1960 3718 praecepta,
1978 3648 2103 3704 dum

524 3735 723 3805 passim
752 3744 1017 3790 sectamur
1040 3735 1303 3804 exempla.
1322 3736 1403 3791 An
1423 3751 1552 3792 vero
1576 3737 1696 3807 quia
1724 3737 1921 3807 iuravit
1940 3739 2107 3795 David

522 3841 585 3881 se
630 3814 1097 3881 occisurum'csse
1139 3825 1324 3891 Nabal,
1370 3836 1425 3883 et
1470 3827 1753 3883 clementia
1797 3830 2104 3885 considera-

521 3917 659 3972 tiore
686 3918 706 3948 ²
730 3931 837 3972 non
864 3916 991 3973 fecit
1015 3918 1058 3985 (Ι
1088 3918 1214 3991 Reg.
1247 3935 1382 3985 xxv,
1404 3920 1476 3975 22
1508 3919 1621 3991 35),
1652 3930 1929 3991 propterea
1958 3923 2103 3979 illum

521 4008 837 4065 imitandum
866 4023 985 4065 esse
1005 4010 1266 4078 dicemus,
1296 4019 1354 4066 ut
1381 4019 1582 4067 temere
1606 4013 1845 4081 jnremus
1868 4028 1962 4068 nos
1987 4029 2106 4069 esse

520 4098 776 4167 facturos,
804 4099 944 4170 quod
986 4116 1089 4156 non
1116 4116 1233 4157 esse
1260 4100 1557 4158 faciendum
1587 4111 1767 4173 postea
1794 4104 2106 4159 videamus?

521 4189 628 4247 Sed
657 4190 796 4246 sicut
820 4190 970 4246 illum
1002 4193 1179 4257 timor,
1207 4200 1266 4247 ut
1294 4194 1613 4263 prostituere
1642 4194 1779 4249 filias
1808 4196 1996 4260 vellet;
2028 4195 2105 4250 sic

524 4284 707 4351 istum,
738 4292 797 4339 ιιι
825 4293 1022 4340 temere
1046 4286 1283 4356 juraret,
1321 4285 1398 4341 ira
1427 4287 1677 4342 turbavit.
1702 4288 1939 4360 Denique
1968 4292 2010 4343 si
2038 4290 2105 4346 de

520 4375 784 4432 ambobus
810 4375 1187 4446 interrogando
1217 4386 1273 4432 ut
1302 4377 1541 4434 dicerent
1578 4395 1673 4435 cur
1710 4380 1824 4437 luce
1863 4382 2101 4447 fecerint,

518 4468 602 4525 fas
649 4469 804 4526 nobis
851 4477 998 4525 esset
1042 4470 1343 4539 inquirere,
1389 4481 1572 4541 posset
1617 4473 1706 4527 ille
1754 4474 2102 4543 respondere,

520 4560 699 4618 Timor
723 4570 774 4617 et
799 4570 986 4617 tremor
1013 4571 1253 4617 renerunt
1278 4578 1431 4632 super
1458 4580 1557 4630 me,
1586 4574 1633 4619 et
1670 4576 1991 4621 contexerant
2028 4586 2105 4622 me

520 4656 737 4711 tenebrte
774 4654 944 4725 (Paul.
968 4670 1075 4721 ων,
1107 4653 1193 4726 6);
1222 4664 1401 4724 posset
1428 4656 1587 4711 etiam
1614 4658 1794 4713 dicere
1822 4658 1943 4726 iste,
1972 4659 2103 4714 Tur-

521 4745 669 4799 batus
691 4755 762 4799 est
782 4761 888 4816 prce
910 4746 988 4799 ira
1008 4746 1183 4800 oculus
1210 4761 1348 4801 metu
1370 4744 1542 4817 (Paul.
1567 4762 1639 4815 vr,
1663 4746 1758 4819 8):
1784 4757 1841 4803 ut
1867 4764 1970 4804 non
1999 4752 2100 4804 mi-

522 4850 766 4890 raremur
788 4835 869 4890 vel
890 4836 1033 4890 illum
1066 4836 1118 4891 in
1148 4836 1354 4892 timoris
1376 4837 1630 4903 tenebris,
1654 4839 1739 4895 vel
1769 4841 1925 4896 istum
1947 4843 2103 4898 oculo

522 4922 739 4979 turbato
767 4937 870 4979 non
901 4926 1097 4982 vidisse
1122 4928 1262 4998 quod
1291 4928 1577 4985 videndum
1607 4929 1703 4986 fuit
1725 4971 1741 4997 ,
1774 4947 1841 4988 nc
1864 4930 2104 4989 facerent

519 5015 661 5086 quod
694 5014 990 5073 faciendum
1020 5033 1124 5072 non
1156 5017 1272 5073 fuit.

590 5104 681 5160 Ἠ.
723 5104 792 5160 Ει
836 5116 1022 5161 sancto
1069 5107 1283 5177 quidem
1329 5109 1493 5166 David
1536 5110 1731 5182 justius
1774 5113 1877 5171 diei
1927 5116 2102 5186 potuit

521 5196 661 5267 quod
704 5210 807 5253 nec
846 5195 1000 5252 irasci
1032 5197 1234 5265 debuit,
1268 5203 1509 5270 quamvis
1548 5204 1752 5275 ingrato
1780 5214 1833 5262 et
1860 5206 2100 5263 reddenti

522 5291 660 5345 mala
691 5306 787 5362 pro
810 5290 961 5346 bonis
981 5307 996 5357 ;
1020 5291 1113 5347 sed
1142 5294 1239 5348 etsi
1268 5302 1329 5348 ut
1347 5293 1545 5351 homini
1573 5298 1649 5353 ira
1677 5299 1964 5371 subrepsit,
1992 5315 2102 5357 non

516 5382 702 5452 utique
731 5391 935 5437 tantum
967 5382 1148 5439 debuit
1179 5387 1487 5455 praevalere,
1528 5395 1587 5443 ut
1627 5404 1687 5445 se
1725 5388 1985 5445 facturum
2011 5392 2101 5461 ju-

518 5483 686 5541 raret,
714 5473 855 5546 quod
881 5482 973 5530 aut
995 5477 1267 5534 saeviendo
1294 5477 1516 5547 faceret,
1547 5489 1638 5535 aut
1666 5481 1957 5550 peierando
1992 5497 2099 5539 non

516 5566 717 5623 faceret
743 5585 757 5622 :
783 5568 858 5623 illi
884 5577 1064 5624 autem
1090 5570 1229 5626 inter
1254 5571 1568 5628 libidinosas
1592 5572 1827 5630 insanias
1853 5573 2105 5631 Sodomi-

576 5660 596 5723 ξ
629 5658 848 5723 limum
869 5660 1081 5723 006⁵988»
1103 5659 1247 5723 hui"!
1267 5664 1454 5723 Mt

578 5719 598 5782 ξ
622 5718 697 5782 sic
717 5726 823 5770 Itss.
848 5727 903 5782 at
925 5718 1308 5782 editi,ch
1327 5721 1727 5777 consideratione.

579 5778 651 5839 (αὶ
683 5784 842 5845 Forte,
864 5778 1075 5845 iniquus.
1182 5832 1185 5837 λ

1544 335 1815 393 LONTRA
1858 334 2279 402 MENDACIUM,
2322 336 2379 395 S.
2426 336 2793 393 AUGUSTI.“

3666 350 3745 408 55!

2215 454 2386 502 tarum
2418 448 2708 502 constituto
2734 450 2852 518 quis
2879 448 3097 503 auderet
3126 448 3322 513 dicere,
3351 450 3559 506 Etianui
3585 456 3647 509 tui
3668 458 3741 508 ιιο.

2219 540 2387 609 spites
2411 539 2464 594 in
2498 548 2583 593 tua
2609 539 2794 607 domo,
2830 556 2936 610 quo
2975 556 3069 595 eos
3112 542 3308 598 intrare
3339 542 3641 602 humanitate
3662 550 3745 604 vio-

2218 630 2509 685 lentissima
2562 632 2899 700 compulisti,
2937 632 3004 687 ab
3053 632 3332 703 impudicis
3379 636 3668 705 apprehensi
3709 652 3747 696 et

2218 720 2459 791 oppressi
2484 720 2764 776 muliebria
2785 723 3073 791 patiantur,
3092 722 3220 777 nihil
3245 724 3455 790 timeas,
3473 725 3592 781 nihil
3610 743 3746 793 cures,

2216 825 2321 865 non
2361 825 2705 881 expavescas,
2738 827 2842 867 non
2874 812 3185 878 horrescas,
3226 831 3327 867 non
3370 820 3745 876 contremisras?

2214 903 2334 973 quis
2364 903 2477 957 lucc
2506 904 2586 958 vel
2618 904 2830 958 illorum
2870 906 3253 959 sceleratorum
3284 906 3465 960 socius
3492 906 3662 977 hospiti
3687 912 3753 979 pia

2214 995 2393 1050 dicere
2434 996 2691 1052 auderet?
2715 996 2821 1053 Sed
2853 997 3012 1066 plane
3052 999 3352 1054 rectissime
3376 998 3644 1066 diceretur,
3669 1004 3753 1072 Age

2212 1085 2466 1157 quidquid
2495 1096 2666 1156 potes,
2698 1104 2765 1143 ne
2794 1089 2885 1142 fiat
2909 1088 3050 1157 quod
3078 1089 3269 1144 merito
3292 1089 3451 1145 times
3475 1108 3489 1144 :
3511 1092 3753 1150 sednonte

2216 1176 2374 1231 timor
2400 1178 2500 1233 iste
2525 1178 2830 1247 compellat,
2865 1187 2923 1234 ut
2958 1179 3123 1235 facias
3149 1180 3289 1249 quod
3338 1181 3393 1235 in
3438 1196 3497 1236 se
3538 1182 3643 1236 filim
3676 1194 3755 1239 ttae

2214 1267 2328 1322 fieri
2371 1268 2417 1322 si
2458 1270 2740 1335 voluerint,
2788 1271 2987 1324 facient
3031 1287 3152 1325 cum
3182 1271 3482 1327 Sodomitis
3505 1281 3552 1327 te
3578 1285 3755 1331 auctore

2212 1360 2537 1429 nequitiam;
2566 1360 2611 1414 si
2635 1369 2810 1414 autem
2841 1361 3132 1428 noluerint,
3163 1362 3432 1431 patientur
3456 1378 3484 1415 a
3512 1362 3755 1420 Sodomitis

2214 1458 2265 1504 te
2312 1460 2530 1505 auctore
2574 1451 2905 1507 violentiam.
2946 1452 3063 1506 Noli
3109 1452 3290 1507 facere
3336 1469 3579 1523 magnum
3615 1455 3759 1510 scelus

2215 1550 2382 1607 tuum,
2410 1541 2535 1595 dum
2570 1542 2739 1611 majus
2769 1544 2783 1573 ¹
2815 1542 3085 1597 horrescis
3109 1543 3339 1597 alienum
3373 1562 3389 1599 :
3418 1546 3756 1613 quantumlibet

2212 1637 2355 1690 enim
2383 1636 2547 1691 distet
2574 1636 2712 1690 inter
2742 1647 2888 1691 tuum
2918 1646 2970 1692 et
3000 1638 3256 1701 alienum,
3286 1636 3391 1691 hoc
3416 1637 3517 1691 erit
3544 1646 3691 1704 tuum,
3710 1640 3755 1692 il-

2214 1726 2299 1781 lud
2337 1727 2590 1780 alienum.
2612 1726 2721 1781 Nisi
2756 1727 2889 1781 forte
2916 1742 3011 1796 pro
3049 1724 3364 1782 defensione
3410 1725 3563 1796 hujus
3597 1728 3681 1782 viri
3714 1728 3755 1783 in

2212 1832 2304 1871 eas
2326 1832 2383 1871 se
2406 1818 2669 1887 quispiam
2694 1827 2929 1872 eoavctct
2951 1819 3243 1887 angustias,
3270 1830 3325 1871 ut
3347 1817 3519 1872 dicat:
3538 1818 3758 1885 Quoniam

2211 1910 2454 1979 accipere
2482 1926 2640 1979 quam
2676 1910 2851 1966 facere
2884 1920 3097 1981 pratstat
3134 1912 3408 1980 iniuriam,
3439 1911 3657 1981 hospites
3684 1928 3755 1966 auo

2214 2008 2316 2055 tem
2363 2000 2438 2054 illi
2480 2016 2588 2055 non
2621 2011 2774 2055 erant
2811 2003 2993 2071 utique
3031 2002 3217 2056 facturi
3261 2003 3529 2071 injuriam,
3556 2003 3637 2057 sed
3660 2019 3758 2072 pas-

2211 2090 2358 2156 suri;
2387 2092 2567 2145 maluit
2601 2092 2677 2145 vir
2700 2092 2876 2161 justus
2910 2092 3044 2146 tilias
3069 2107 3193 2147 sitas
3219 2092 3468 2161 injuriam
3496 2094 3753 2163 pati,quam

2212 2182 2449 2251 hospites
2478 2198 2629 2249 suos,
2651 2197 2717 2238 eo
2751 2182 2870 2253 jure
2895 2200 3003 2253 quo
3031 2184 3257 2238 liliaruni
3286 2184 3537 2238 dominus
3564 2194 3694 2249 erat;
3717 2193 3757 2240 et
3848 2204 3849 2257 ξ

2212 2284 2431 2329 noverat.
2462 2289 2565 2329 neu
2593 2290 2684 2327 eas
2716 2289 2970 2345 peccare,
3000 2277 3042 2329 si
3076 2275 3126 2328 id
3160 2276 3334 2341 tieret,
3365 2277 3489 2344 quia
3522 2286 3756 2345 peccantes

2214 2365 2407 2433 potius,
2434 2366 2630 2435 quibus
2658 2381 2765 2420 non
2789 2368 3172 2430 censentirent,
3198 2368 3315 2422 sine
3347 2377 3561 2437 peccato
3582 2369 3758 2438 proprio
3848 2392 3849 2433 ς

2210 2457 2558 2511 sustinerent.
2591 2456 2826 2526 Denique
2854 2472 2960 2511 non
2993 2472 3056 2511 se
3085 2459 3212 2526 ipsrc
3243 2458 3581 2527 stupraudas,
3610 2473 3753 2528 quam-
3848 2444 3849 2485 ³

2211 2548 2291 2601 vis
2316 2562 2413 2617 pro
2439 2548 2698 2604 masculis
2721 2548 2969 2614 feminas,
2998 2565 3093 2619 pro
3122 2549 3225 2604 illis
3255 2549 3555 2619 hospitibus
3584 2550 3754 2605 obtule-

2212 2649 2352 2703 runt,
2381 2656 2446 2695 ne
2476 2656 2598 2695 reas
2622 2655 2715 2695 eas
2745 2641 2938 2696 faceret
2968 2656 3071 2694 non
3099 2642 3382 2711 perpessio
3405 2641 3627 2697 libidinis
3651 2642 3752 2695 alie-

2210 2748 2315 2798 nte,
2334 2732 2426 2787 sed
2443 2746 2552 2786 sua:
2568 2732 2850 2786 consensio
2868 2730 3174 2786 voluntatis.
3196 2731 3312 2787 Nec
3335 2742 3484 2803 pater
3498 2748 3662 2788 carum
3675 2731 3751 2785 hoc

2210 2827 2262 2881 in
2309 2842 2367 2883 se
2412 2826 2524 2882 fieri
2567 2827 2930 2896 permittebat,
2956 2842 3077 2881 cum
3120 2827 3223 2882 hoc
3262 2827 3445 2884 facere
3478 2838 3752 2885 conarentur

2209 2917 2404 2987 quibus
2443 2916 2682 2986 hospites
2725 2932 2832 2973 non
2876 2918 3166 2987 prodebat;
3194 2921 3439 2989 quamvis
3466 2920 3629 2975 minus
3652 2919 3751 2974 mali

2209 3016 2349 3063 esset
2392 3008 2533 3078 quod
2584 3008 2637 3062 in
2682 3024 2810 3071 uno,
2847 3025 3005 3078 quam
3053 3010 3096 3063 si
3139 3011 3291 3064 fieret
3338 3011 3394 3065 in
3436 3007 3752 3066 duolius:sed

2209 3107 2464 3169 quantum
2496 3108 2707 3169 poterat
2747 3100 3048 3167 resistebat,
3090 3117 3161 3157 ne
3200 3102 3374 3171 ipsum
3413 3117 3613 3173 quoque
3644 3101 3750 3155 ullus

2210 3177 2457 3259 proprius
2486 3192 2780 3263 macularet
2807 3206 3077 3257 assensus,
3106 3208 3263 3263 quem
3298 3193 3603 3249 libidinosus
3634 3192 3752 3249 furor

2209 3284 2421 3338 etiamsi
2476 3283 2846 3354 praevaluissct
2893 3286 3137 3356 corporis
3181 3286 3422 3354 viribus,
3466 3297 3627 3342 tamen
3668 3300 3748 3341 non

2207 3374 2631 3431 consentientem
2659 3391 2765 3431 non
2793 3377 3111 3433 maculasset
3139 3377 3370 3433 alienus.
3395 3377 3453 3433 ln
3478 3378 3666 3433 ﬁliabus
3680 3392 3751 3431 al-

2211 3475 2318 3522 tem
2342 3481 2446 3522 non
2472 3467 2814 3538 peceamibus
2840 3482 2940 3524 nec
2967 3470 3081 3538 ipse
3111 3472 3387 3539 peccabat,
3420 3472 3539 3543 quia
3564 3484 3655 3526 non
3679 3482 3749 3525 ets

2210 3575 2431 3630 peccare
2460 3560 2504 3615 si
2533 3561 2965 3631 opprimerentur
2990 3562 3189 3627 invitm,
3216 3562 3312 3617 sed
3350 3571 3619 3633 peccantes
3639 3560 3751 3616 ferre

2209 3651 2431 3708 faciebat
2460 3671 2473 3708 :
2502 3662 2753 3723 tanquam
2780 3653 2823 3708 si
2848 3653 2917 3708 ab
2946 3652 3203 3723 improbis
3230 3664 3286 3708 nt
3316 3655 3401 3709 sui
3442 3655 3575 3709 servi
3609 3651 3748 3709 crde-

2210 3754 2394 3799 rentur
2417 3744 2657 3809 oﬂ‘erret,
2688 3760 2755 3801 ne
2780 3744 3019 3814 hospites
3043 3745 3159 3813 ejus
3188 3754 3494 3814 paterentur
3516 3744 3659 3800 caedis
3686 3743 3747 3796 in.

2204 3835 2419 3906 juriam.
2446 3836 2520 3891 De
2547 3851 2650 3906 qua
2700 3852 2760 3891 re
2807 3851 2912 3890 non
2939 3836 3241 3906 disputabo,
3266 3838 3392 3906 quia
3437 3837 3631 3906 longum
3664 3841 3744 3894 est.

2208 3937 2386 3982 utrum
2418 3929 2498 3982 vel
2529 3928 2777 3984 dominus
2798 3928 2920 3998 jure
2948 3944 3058 3983 sure
3082 3929 3363 3999 potestatis
3389 3937 3530 3984 recte
3561 3927 3630 3982 sic
3654 3934 3745 3978 uta-

2211 4029 2296 4074 tur
2324 4020 2375 4075 in
2403 4036 2584 4085 servo,
2606 4029 2659 4073 ut
2676 4035 2887 4075 servum
2913 4034 3067 4073 suum
3094 4020 3223 4074 credi
3251 4018 3411 4075 faciat
3436 4021 3743 4076 innocentem,

2211 4130 2277 4169 ne
2317 4114 2521 4168 amicus
2558 4112 2674 4179 ejus
2705 4112 2864 4167 etiam
2897 4113 3009 4181 ipse
3048 4111 3306 4166 innocens
3345 4112 3399 4166 in
3433 4110 3583 4166 domo
3605 4109 3699 4176 ejus
3720 4119 3743 4157 a

2208 4206 2456 4261 violentis
2505 4204 2767 4274 improbis
2810 4204 3043 4272 vapulet.
3082 4200 3187 4259 Sed
3239 4212 3392 4258 certe
3435 4199 3589 4257 David
3629 4195 3743 4252 nullo

2208 4297 2369 4352 modo
2400 4304 2544 4353 recte
2572 4296 2767 4350 dicitur
2785 4295 2966 4365 jnrare
2993 4294 3241 4349 debuisse
3268 4309 3329 4349 se
3357 4308 3475 4367 esse
3502 4292 3741 4350 iacturum,

2207 4388 2346 4458 quod
2390 4397 2574 4457 postea
2614 4396 2864 4443 cerneret
2913 4400 2972 4441 se
3019 4384 3197 4441 facere
3247 4400 3358 4441 non
3398 4385 3598 4441 debere.
3623 4378 3743 4437 Unde

2206 4490 2415 4535 constat
2439 4480 2580 4551 quod
2609 4496 2711 4534 non
2740 4481 2916 4534 omnia
2947 4494 3067 4548 qum
3096 4493 3124 4530 τι
3151 4480 3352 4535 sanctis
3372 4478 3453 4533 vel
3475 4476 3618 4546 justis
3643 4470 3741 4526 Viris

2210 4572 2431 4641 legimus
2482 4572 2652 4636 facta,
2697 4569 2988 4624 transferre
3037 4569 3297 4623 debemus
3343 4570 3396 4623 in
3443 4580 3633 4628 mores;
3666 4557 3738 4615 sed

2208 4667 2366 4721 etiam
2390 4665 2513 4719 hinc
2533 4664 2738 4718 discere
2760 4679 2915 4733 quam
2949 4663 3055 4717 late
3084 4671 3279 4730 pateat,
3304 4674 3356 4717 et
3378 4660 3442 4715 ad
3466 4674 3589 4729 quos
3607 4666 3739 4721 usque

2206 4757 2481 4827 perveniat
2508 4755 2649 4825 quod
2679 4754 2968 4824 Apostolus
2994 4754 3103 4807 ait:
3132 4752 3359 4817 Fratres,
3387 4762 3433 4806 et
3454 4752 3496 4805 εἰ
3523 4758 3736 4819 pneum-

2206 4857 2352 4920 potus
2392 4849 2545 4919 fuerit
2573 4848 2721 4902 homo
2750 4848 2801 4901 in
2836 4848 3007 4914 aliqua
3032 4846 3236 4911 delicto,
3265 4861 3349 4899 vos
3381 4844 3464 4915 qui
3496 4834 3737 4911 ιρὶήιιαια

2205 4941 2345 5007 estis,
2383 4941 2613 4994 instruite
2651 4939 2941 5004 huiusmodi
2969 4939 3022 4992 in
3046 4938 3227 5008 spiritu
3255 4937 3490 5001 lenitatis,
3517 4927 3731 4986 intendent

2206 5040 2254 5086 te
2286 5033 2475 5102 ipsum,
2505 5048 2567 5085 ne
2590 5041 2636 5085 et
2666 5041 2719 5083 tu
2747 5031 2945 5084 tentem
2977 5032 2996 5101 (
3022 5028 3190 5084 Galtzt.
3215 5044 3290 5095 vt,
3317 5029 3339 5082 l
3374 5026 3413 5098 ).
3444 5027 3711 5087 Prmoccupa

2207 5124 2378 5178 tiones
2424 5124 2565 5177 enim
2619 5129 2746 5177 sunt
2801 5122 2917 5175 ista:
2966 5121 3017 5174 in
3061 5120 3254 5189 quibus
3293 5116 3610 5186 delinquitur,
3633 5109 3727 5162 dum

2206 5215 2331 5285 quid
2361 5213 2656 5269 faciendum
2696 5214 2766 5267 sit
2794 5219 2886 5266 aut
2913 5212 2978 5266 ad
3009 5212 3194 5266 horam
3225 5227 3328 5265 non
3357 5210 3569 5267 videtur,
3594 5208 3667 5257 aut
3686 5204 3726 5249 el

2204 5306 2294 5377 qui
2346 5305 2534 5361 viderit
2582 5304 2841 5367 vincitur;
2872 5313 2933 5357 ut
2970 5302 3173 5357 scilicet
3215 5302 3304 5355 fiat
3344 5298 3721 5369 peccatum,wm

2204 5398 2291 5453 vel
2322 5398 2449 5452 latet
2480 5397 2695 5456 veritas,
2721 5395 2800 5449 vel
2829 5394 3099 5463 compellit
3128 5394 3424 5447 infirmitas.
3670 5466 3679 5476 .

2276 5489 2500 5545 CAPUT
2532 5489 2598 5543 Χ.
2645 5517 2717 5529 --
2740 5487 2829 5542 25.
2875 5485 3125 5555 Exempla
3151 5500 3241 5553 pro
3288 5479 3530 5537 mendacio
3554 5473 3717 5541 Μία

2203 5583 2259 5638 in
2286 5580 2565 5650 Scriptum
2604 5577 2951 5649 expendenda.
2991 5576 3144 5630 Aliud
3181 5584 3254 5629 est
3296 5572 3529 5629 occultare

2210 5683 2328 5737 tem,
2353 5646 2497 5726 aliud
2524 5646 2751 5741 proferre
2785 5667 3121 5721 mendacium.
3147 5665 3393 5719 Abraham
3432 5670 3473 5717 et
3498 5656 3621 5713 Isaac
3646 5646 3715 5701 ἄν

2276 5787 2293 5819 ι
2326 5786 2398 5835 sic
2420 5793 2520 5835 Am.
2546 5789 2597 5834 et
2621 5789 2723 5832 ttss.
2753 5786 2805 5832 At
2826 5786 2899 5830 Er.
2928 5786 2979 5831 et
3000 5784 3133 5841 Lov.,
3154 5776 3321 5842 magis.
