3880 6284
113 329 198 388 533
1227 320 1234 321 ⁷⁷
1483 315 1688 371 LIBER
1731 314 1929 374 UNUS.

109 440 342 515 [cuduntur
362 451 393 489 tt
441 433 735 488 mendacio.
777 431 992 486 Factum
1009 429 1168 485 Jacvb
1191 448 1291 484 non
1312 445 1418 484 esse
1445 428 1654 482 menda-

54 579 59 587 .
108 538 231 589 riunt.
251 529 391 598 Tia/7i
408 543 507 581 non
523 537 646 580 sunt
664 524 946 580 mendacia.
972 522 1293 592 Metapltora.
1314 521 1431 574 Anti
1435 520 1652 589 phrasis.

109 623 234 693 Τίορί
276 621 322 674 in
359 617 649 686 Scriptum}
675 633 849 687 quare.
883 614 938 669 In
964 613 1214 668 omnibus
1251 618 1426 667 autem
1453 611 1658 664 actibus

109 715 268 770 nostris
309 711 538 766 maxime
581 709 750 764 etiam
791 708 959 762 bonus
1007 705 1218 760 turbant
1259 703 1655 772 contpensaliva

105 816 280 878 peccata
305 818 318 866 ;
349 802 417 855 ita
449 810 505 854 ut
534 816 638 856 nec
667 808 884 872 peccata
931 798 1326 861 existimentur,
1353 797 1397 852 si
1430 795 1660 851 habeant

104 899 212 954 tales
233 909 411 949 causas
439 902 670 962 propter
701 907 829 963 quas
854 890 982 946 ﬁant
1000 932 1014 957 ,
1044 900 1098 945 et
1123 891 1174 944 in
1200 890 1392 961 quibus
1414 889 1660 943 videatur

105 987 273 1060 peccari
305 986 476 1056 potius
497 985 543 1040 si
580 1000 694 1039 non
717 985 864 1038 fiant.
896 983 961 1038 Ει
985 983 1248 1053 ρτωοίρυδ
1275 981 1343 1037 de
1368 979 1666 1037 mendaciis

104 1081 183 1136 hoc
208 1080 250 1134 in
275 1076 552 1132 hominum
592 1076 850 1146 opinione
880 1073 1192 1146 przm'aluit,
1225 1080 1281 1126 ut
1308 1082 1520 1142 peccata
1553 1085 1658 1126 non

105 1179 312 1243 putentur
337 1169 432 1223 illa
468 1167 757 1222 mendacia
782 1208 798 1233 ,
834 1164 1075 1238 quiuimo
1113 1172 1167 1219 et
1197 1171 1344 1218 recte
1377 1161 1661 1216 factaesse

104 1260 365 1322 credantur,
393 1257 885 1329 quando-quisque
913 1253 1154 1325 prolejus
1195 1253 1280 1308 cui
1313 1251 1421 1306 falli
1447 1250 1663 1319 expedit

104 1352 296 1406 utilitate
343 1348 610 1404 mentitur
629 1356 767 1415 ,aut
793 1362 860 1402 ne
903 1346 1022 1401 aliis
1051 1354 1241 1400 noceat
1265 1343 1354 1414 qui
1387 1342 1662 1398 nociturus

103 1438 424 1507 videtur,.nisi
467 1438 776 1494 mendaciis
803 1437 1052 1494 evitetur.
1088 1435 1170 1491 Ad
1201 1434 1317 1490 haec
1359 1432 1664 1490 mendacio-

104 1549 194 1588 rum
219 1545 401 1600 genera
453 1527 802 1584 defendenda
824 1571 837 1593 ,
864 1528 1090 1600 plurima
1130 1525 1198 1582 dc
1225 1523 1513 1594 Scripturis
1542 1538 1667 1578 san-

103 1628 179 1680 etis
199 1621 461 1692 suﬁ‘ragari
509 1631 776 1690 putantur
802 1618 1061 1688 exempla.
1091 1616 1407 1672 Nonautem
1438 1615 1539 1668 hoc
1581 1621 1665 1668 est

102 1715 330 1771 occultare
361 1713 671 1775 veritatem,
707 1709 848 1782 quod
896 1718 979 1765 est
1027 1707 1267 1780 proferre
1303 1705 1660 1762 mendacium.

102 1806 314 1876 Quamvis
337 1805 482 1860 enim
530 1805 718 1860 omnis
760 1803 851 1874 qui
876 1803 1128 1858 mentitur
1156 1801 1283 1856 velit
1320 1800 1496 1856 celare
1520 1797 1663 1868 quod

103 1909 250 1952 verum
274 1904 390 1960 est,
422 1909 532 1949 non
579 1902 762 1949 tamen
803 1893 979 1948 cumis
1021 1892 1111 1962 qui
1141 1891 1261 1945 vult‘
1287 1887 1428 1961 quod
1476 1902 1662 1943 verum

104 1996 167 2040 est
189 1983 347 2039 celare
375 1982 666 2039 mentitur.
695 1982 1016 2052 Plerumque
1059 1979 1201 2036 enim
1228 1995 1353 2034 vera
1378 1993 1483 2033 non
1515 1992 1666 2032 meu-

107 2075 252 2130 liendo
272 2075 571 2130 occulimus
593 2117 610 2141 ,
636 2074 730 2130 sed
759 2073 1004 2129 tacendo.
1035 2071 1218 2143 Neque
1239 2072 1382 2128 enim
1412 2069 1667 2126 mentitus

105 2175 170 2222 est
194 2167 437 2222 Dominus
457 2210 473 2234 ,
507 2167 603 2222 ubi
631 2168 744 2222 ait:
777 2165 947 2221 Multa
974 2167 1130 2221 habeo
1175 2167 1314 2222 vobis
1347 2166 1547 2228 dicere,
1576 2163 1667 2219 sed

106 2275 184 2311 non
211 2259 404 2327 potestis
445 2258 548 2313 illa
582 2268 788 2328 portare
817 2259 966 2312 modo
994 2256 1184 2328 (Joau.
1220 2271 1310 2312 xVI
1329 2297 1345 2324 ,
1369 2255 1436 2312 12
1455 2253 1498 2327 ).
1529 2253 1667 2310 Vera

108 2349 238 2403 tacuit
258 2392 271 2414 ,
294 2365 397 2404 non
428 2348 576 2405 falsa
599 2351 810 2405 locutus
836 2358 951 2416 est;
983 2349 1177 2420 quibus
1203 2348 1342 2404 veris
1387 2345 1667 2403 audiendis

108 2456 182 2495 eos
210 2441 373 2496 minus
398 2442 633 2499 idoneos
657 2442 932 2513 judicavit.
962 2443 1117 2512 Quod
1163 2442 1210 2497 si
1257 2441 1336 2498 eis
1362 2441 1477 2499 hoe
1495 2442 1666 2511 ipsum

111 2548 193 2586 non
232 2533 514 2589 iudicasset
538 2575 568 2602 ,.
587 2534 642 2589 id
686 2544 802 2601 est,
832 2549 937 2588 non
983 2547 1079 2589 eos
1107 2546 1267 2603 posse
1311 2541 1525 2611 portare
1549 2546 1669 2602 quae

110 2622 256 2678 dicere
283 2623 484 2692 noluit,
520 2624 819 2681 occultaret
841 2622 1056 2694 quidem
1092 2620 1436 2677 nihilominus
1469 2619 1668 2692 aliquid

112 2717 436 2783 veritatis,sed
462 2732 628 2788 posse
655 2717 756 2772 hoc
775 2725 919 2771 recte
937 2713 1053 2771 ﬁeri
1079 2713 1301 2769 forsitan
1316 2713 1670 2780 nesciremus,

115 2816 297 2861 autnon
348 2816 496 2863 tanto
525 2807 869 2863 firmarcmur
907 2803 1176 2874 exemplo.
1217 2802 1366 2860 Unde
1391 2802 1481 2874 qui
1523 2817 1670 2859 asse-

115 2906 215 2950 runt
237 2897 518 2968 aliquando
561 2912 688 2954 eSse
724 2893 1122 2959 mentiendum,
1156 2909 1263 2949 non
1287 2893 1672 2950 convenienter

119 2999 504 3045 commemorant
554 2986 830 3044 Abraham
874 2985 973 3040 hoc
1000 2984 1195 3041 fecisse
1218 2983 1286 3040 de
1307 2984 1441 3041 Sara
1465 3025 1482 3052 ,
1510 2999 1670 3056 quam

103 3085 320 3134 sororem
348 3096 501 3135 suam
538 3080 700 3135 dixit.
728 3077 844 3134 Non
889 3077 1033 3133 enim
1073 3075 1240 3143 dixit,
1267 3075 1382 3131 Non
1425 3084 1509 3132 est
1538 3091 1672 3132 uxor

120 3183 238 3234 mea;
259 3168 345 3225 sed
365 3170 538 3237 dixit,
571 3169 732 3227 Soror
757 3185 868 3224 mea
897 3176 970 3222 est
997 3183 1015 3222 :
1041 3165 1183 3238 quod
1209 3176 1326 3222 erat
1352 3181 1539 3223 revera
1564 3176 1670 3223 tam

122 3259 372 3331 propinqua
394 3277 623 3334 genere,
645 3269 703 3315 ut
728 3274 881 3315 soror
902 3274 1006 3313 non
1032 3256 1360 3314 mendaciter
1381 3253 1676 3314 diceretur.

123 3347 245 3418 Quod
287 3364 338 3409 et
381 3364 572 3424 postea
597 3353 718 3424 jam
753 3351 862 3408 sibi-
904 3351 974 3408 ab
1017 3351 1111 3407 illo
1141 3349 1232 3420 qui
1268 3349 1571 3405 abduxerat
1608 3365 1672 3406 ea

124 3439 291 3498 reddita
334 3445 712 3510 confirmavit,
756 3441 1087 3513 respondens
1135 3440 1210 3497 illi
1259 3448 1310 3497 et
1351 3439 1572 3508 dicens,
1601 3437 1673 3496 Et

126 3547 212 3590 me
226 3553 354 3592 soror
377 3555 487 3594 mea
513 3549 594 3595 est
618 3536 681 3592 de
697 3545 839 3608 patre
855 3577 871 3603 ,
900 3551 1002 3589 non
1027 3534 1090 3589 de
1113 3541 1272 3589 matre
1301 3531 1451 3604 (Gen.
1473 3548 1548 3588 xx
1570 3573 1586 3600 ,
1612 3531 1671 3602 2,

130 3624 201 3696 Ω)
226 3644 238 3681 :
263 3626 356 3684 hoc
377 3639 460 3686 est
502 3629 578 3685 de
616 3639 837 3699 paterno
872 3641 1107 3698 genere,
1156 3639 1262 3681 non
1301 3623 1369 3680 de
1406 3632 1672 3680 materno.

132 3714 301 3788 Aliquid
319 3736 442 3793 ergo
458 3723 575 3778 ver-i
605 3720 788 3787 tacuit,
808 3733 914 3774 non
940 3717 1055 3773 falsi
1069 3715 1266 3788 aliquid
1282 3715 1444 3786 dixit,
1457 3714 1673 3787 quando

132 3812 259 3867 tacuit
281 3830 522 3885 uxorem,
544 3815 681 3872 dixit
717 3829 979 3870 sororem.
1013 3812 1128 3868 Hoc
1151 3819 1206 3868 et
1226 3811 1367 3868 ﬁlius
1397 3810 1513 3882 ejus
1544 3809 1674 3868 fecit
1717 3863 1720 3866 .

131 3894 249 3957 Isaac
273 3921 288 3959 :
313 3921 426 3962 nam
441 3917 495 3965 et
528 3907 698 3977 ipsum
720 3905 964 3960 novimus
991 3903 1339 3974 propinquam
1365 3917 1524 3958 suam
1544 3915 1673 3957 con-

132 3987 276 4062 iugem
319 3996 476 4056 fuisse
535 3999 784 4054 sortitum
833 3993 944 4068 (Id.
975 4009 1137 4062 xxvi,
1163 3995 1228 4060 7,
1259 4003 1306 4048 et
1348 3991 1524 4066 xittv).
1555 3991 1671 4048 Non

138 4094 330 4156 estergo
353 4088 687 4146 mendacium
710 4101 839 4143 cum
864 4085 1071 4141 silendo
1093 4082 1441 4140 absconditur
1463 4097 1670 4150 verum,

141 4172 212 4228 sed
235 4191 338 4233 cum
363 4179 628 4251 loquendo
649 4177 909 4250 promitur
935 4175 1150 4232 falsum.
1366 4192 1388 4236 ι

191 4263 264 4320 94.
286 4267 436 4328 Jacob
459 4281 640 4328 autem
683 4270 825 4341 quod
851 4277 1022 4324 matre
1056 4267 1182 4326 fecit
1210 4274 1428 4323 auctore
1451 4275 1550 4334 ,ut
1582 4282 1674 4338 pa»

144 4362 248 4410 ηοω
267 4358 430 4418 fallere
449 4364 723 4420 videretur
742 4405 757 4430 ,
785 4361 832 4418 si
857 4361 1140 4432 diligenter
1165 4369 1220 4416 et
1246 4359 1470 4416 ﬁdeliter
1498 4367 1673 4416 atten-

144 4447 283 4518 datin,
309 4471 406 4512 non
447 4467 539 4514 est
560 4455 897 4512 mendacium
919 4497 933 4521 ,
979 4453 1072 4508 sed
1105 4452 1439 4524 mysterium.
1472 4451 1602 4521 Qua:
1627 4453 1682 4507 si:

149 4544 370 4602 mendacia
395 4549 909 4611 dixerimus,omnes
931 4547 1092 4601 etiam
1112 4544 1374 4616 parabolae
1397 4559 1460 4600 ac
1488 4545 1683 4614 figurae-

150 4630 557 4701 signiﬁcandarum
599 4651 1052 4710 quarumcumque
1104 4651 1304 4702 rerum,
1337 4650 1453 4706 qua:
1482 4651 1584 4689 non
1608 4633 1674 4689 ad

153 4729 470 4796 Proprietatem
509 4729 832 4803 accipienda:
883 4737 1044 4792 sunt,
1074 4727 1167 4782 sed
1196 4727 1247 4782 in
1296 4727 1374 4783 eis
1426 4727 1569 4781 aliud
1608 4741 1682 4782 ext

151 4813 232 4868 alio
255 4831 325 4876 est
343 4823 755 4896 intelligendum,
775 4821 1019 4878 dicentur
1042 4835 1162 4877 esse
1192 4817 1464 4874 mendacia
1492 4837 1504 4873 :
1533 4818 1674 4889 quod

158 4903 260 4964 absit
277 4916 492 4972 otnuino.
523 4915 656 4971 Nam
681 4915 770 4986 qui
798 4913 900 4969 hoc
926 4921 1099 4984 putat,
1135 4912 1350 4982 tropicis
1380 4912 1538 4967 etiam
1568 4924 1675 4966 tam

159 4998 298 5056 multis
329 5005 672 5064 locutionibus
713 5005 960 5061 omnibus
1000 5013 1174 5075 potest
1203 5005 1340 5059 hanc
1387 5003 1678 5083 importare

161 5088 438 5166 calumniam;
459 5101 537 5156 ita
557 5108 615 5155 ut
641 5106 697 5156 et
725 5099 836 5170 ipsa
866 5113 983 5167 qua:
1012 5095 1307 5168 appellatur
1332 5095 1639 5166 metaphora
1657 5137 1672 5160 ,

164 5171 240 5234 hoc
259 5196 325 5239 est
346 5189 404 5246 de
425 5207 484 5247 re
512 5192 726 5263 propria
748 5189 815 5244 ad
846 5204 958 5244 rem
986 5204 1091 5243 non
1116 5187 1382 5258 pr0priam
1411 5188 1554 5243 verbi
1590 5187 1679 5242 ali-

165 5270 281 5336 “ius
304 5291 530 5353 usurpata
560 5280 861 5346 translatio,
897 5279 1066 5350 possit
1085 5279 1186 5334 ista
1230 5277 1444 5334 ratione
1462 5277 1679 5333 menda-

167 5356 269 5416 cium
292 5373 575 5444 nuncupari.
604 5372 738 5428 Cum
760 5372 902 5426 enim
923 5370 1148 5426 dicimus
1173 5369 1430 5426 ﬂuctuare
1450 5379 1676 5440 segetes,

171 5459 376 5514 multare
403 5465 539 5518 vites
559 5503 576 5530 ,
608 5461 850 5517 floridam
898 5460 1229 5532 iuventutem
1251 5502 1271 5526 ,.
1296 5460 1501 5514 niveam
1531 5461 1679 5515 cani-

173 5535 280 5606 ιῖθπις
303 5555 460 5615 procul
483 5553 645 5610 dubio
671 5554 865 5608 ﬂuctus
883 5593 898 5616 ,
927 5566 1187 5623 gemmas,
1219 5551 1428 5617 liorem,
1461 5552 1636 5607 nivem
1660 5596 1679 5620 ,

173 5630 262 5694 linit
284 5635 327 5692 in
358 5641 429 5700 his
451 5646 609 5701 rebus
635 5661 740 5700 non
772 5644 1092 5710 invenimus,
1125 5643 1177 5698 in
1204 5657 1336 5713 quas
1377 5643 1489 5700 lucc
1518 5644 1680 5702 verba

175 5726 333 5787 a“unde
368 5738 758 5818 transtulimus,
786 5737 991 5796 abistis
1019 5735 1289 5794 mendacia
1336 5739 1678 5809 putabuntur.

3249 328 3360 388 554

1768 429 1835 484 Et
1866 439 2013 501 petra
2051 431 2292 506 Christus
2321 435 2522 508 (lCor.
2550 453 2602 504 ι,
2625 437 2716 510 4),
2747 447 2802 494 et
2843 455 2936 497 cor
2972 440 3236 514 lapideum
3261 443 3356 500 Ju-

1766 521 2002 578 dzeorum
2032 523 2244 592 (Επειδὴ.
2264 543 2453 594 xxxw,
2479 528 2575 598 26)
2600 547 2613 584 :
2635 531 2758 586 item
2787 531 2870 587 leo
2897 531 3137 590 Christus
3165 536 3350 608 (Apoc.

1768 628 1818 676 v,
1850 614 1936 684 5),
1967 623 2021 670 et
2050 616 2136 672 leo
2163 616 2405 674 diabolus
2432 617 2485 691 (Ι
2518 618 2640 674 Petr
2687 637 2740 681 v.
2767 621 2844 690 8),
2868 631 2922 678 et
2948 623 3348 684 innumerabilia

1769 704 1890 756 talia
1916 704 2159 760 dicentur
2198 722 2318 763 esse
2351 707 2644 764 mendacia.
2676 709 2812 778 Quid
2840 712 2980 782 quod
3010 713 3122 768 haec
3149 716 3350 786 tropica

1771 794 1969 851 locutio
1992 813 2160 868 usque
2196 798 2262 854 ad
2292 814 2409 854 eam
2443 802 2681 870 pervenit
2705 843 2720 869 ,
2747 819 2866 874 qua:
2893 805 3190 875 appellatur
3217 809 3356 861 auti-

1768 887 1973 968 phnasis
2000 929 2014 954 ,
2049 900 2105 944 ut
2129 889 2334 946 dicatur
2357 891 2629 948 abundare
2665 894 2808 965 quod
2853 911 2957 951 non
3006 906 3121 963 est,
3151 897 3358 954 dicatur

1766 975 1922 1033 dulce
1973 980 2111 1049 quod
2168 981 2380 1036 acidum
2422 993 2540 1048 est;
2590 983 2740 1038 lucus
2784 985 2925 1056 quod
2982 1001 3086 1041 nou
3141 987 3353 1056 luceat,

1768 1067 1948 1125 Parca:
1971 1070 2110 1140 quod
2135 1086 2240 1125 non
2274 1084 2507 1142 parcant.
2539 1073 2690 1129 Unde
2721 1075 2848 1129 illud
2874 1085 2955 1130 est
2983 1078 3035 1132 iu
3065 1078 3356 1149 Scripturis

1766 1160 1997 1226 sanctis,
2032 1160 2093 1216 Si
2121 1178 2220 1216 non
2260 1164 2310 1216 in
2340 1164 2517 1233 faciem
2544 1165 2845 1220 benedixerit
2876 1167 2963 1220 tibi
2997 1167 3118 1239 (Job
3144 1185 3183 1224 tt
3206 1212 3220 1234 ,
3248 1171 3303 1242 5)
3340 1189 3354 1223 :

1767 1250 1908 1320 quod
1937 1251 2183 1306 diabolus
2227 1254 2301 1307 ait
2347 1254 2569 1308 Domino
2595 1255 2661 1310 de
2704 1266 2887 1311 sancto
2913 1257 3046 1322 Job,
3077 1269 3132 1314 et
3157 1260 3357 1316 intelli-

1767 1342 1928 1409 gitur,
1960 1341 2304 1399 Maledixerit.
2346 1346 2461 1412 Quo
2493 1347 2654 1402 verbo
2684 1359 2736 1403 et
2757 1347 3019 1404 Nabutliei
3050 1351 3227 1406 lictum
3249 1355 3356 1408 cri«

1769 1449 1890 1487 men
1933 1448 1963 1488 a
2015 1435 2462 1492 calunmiantihus
2505 1437 2830 1494 nominatum
2885 1449 2985 1497 est.
3017 1441 3224 1497 Dictum
3273 1453 3356 1499 est

1768 1523 1911 1580 enim
1951 1527 2091 1596 quod
2146 1526 2472 1583 benedixerit
2518 1530 2624 1599 regi
2656 1528 2743 1603 (Ill
2776 1531 2898 1602 Reg.
2931 1549 3020 1589 xm
3045 1575 3060 1600 ,
3093 1535 3216 1606 13);
3254 1534 3356 1591 hoc

1769 1623 1884 1678 est,
1927 1615 2284 1671 tnalcdixerit.
2333 1617 2395 1672 lli
2436 1634 2622 1674 utuues
2665 1621 2808 1675 modi
2847 1622 3170 1678 locutionum
3201 1641 3357 1680 uten-

1771 1704 1916 1760 dacia
1940 1707 2281 1776 putabuntur,
2315 1709 2359 1763 si
2391 1709 2586 1764 locutio
2611 1711 2689 1765 vel
2715 1711 2852 1766 actio
2885 1712 3103 1783 figurata
3129 1717 3180 1770 in
3209 1732 3358 1771 meu-

1770 1795 1924 1852 dacio
1976 1797 2333 1868 deputabitur.
2386 1800 2441 1854 Si
2484 1810 2660 1855 autem
2713 1818 2816 1857 non
2861 1814 2942 1859 est
2986 1805 3355 1873 mendacium,

1770 1888 1983 1958 quando
2021 1887 2084 1943 ad
2115 1888 2518 1960 intelligentiam
2554 1892 2792 1946 veritatis
2814 1892 2955 1947 aliud
2984 1911 3047 1949 ex
3070 1896 3173 1949 alio
3193 1897 3356 1966 signi-

1771 1980 1984 2037 ﬁcantia
2014 1980 2347 2048 referuntur;
2379 1982 2616 2052 profecto
2649 2002 2750 2038 uuu
2778 1987 2949 2041 solum
2985 1987 3033 2041 id
3065 1989 3204 2059 quod
3234 1989 3360 2044 fecit

1771 2082 1863 2127 aut
1885 2072 2197 2128 dixitLtcob
2223 2074 2356 2144 patri
2383 2083 2440 2129 ut
2461 2074 2886 2142 benediceretur,
2907 2078 3001 2134 sed
3031 2095 3202 2150 neque
3233 2081 3359 2136 illud

1771 2163 1911 2235 quod
1937 2163 2132 2234 Joseph
2151 2164 2294 2220 velut
2313 2165 2594 2222 illudcndis
2612 2167 2815 2223 locutus
2835 2179 2914 2224 est
2937 2169 3185 2226 fratribus
3201 2170 3356 2240 (Gen.

1773 2255 1909 2328 xui)
1933 2297 1950 2324 ,
1977 2272 2149 2328 neque
2179 2258 2321 2329 quod
2352 2259 2512 2314 David
2554 2252 2822 2315 simulavit
2854 2261 3112 2318 insaniam
3146 2263 3199 2335 (l
3229 2263 3358 2336 llrg.

1774 2365 1874 2406 ut
1897 2391 1913 2418 ,
1945 2349 2053 2421 15),
2086 2365 2186 2406 nec
2214 2359 2409 2406 etctcra
2439 2350 2759 2422 hujusmodi,
2783 2354 3056 2411 mendacia
3077 2355 3364 2425 jndicanda

1773 2449 1932 2506 sunt,
1977 2439 2084 2496 sed
2124 2441 2418 2496 locutiones
2444 2443 2791 2513 actionesque
2821 2445 3145 2514 prophetica:
3185 2447 3253 2501 ad
3297 2463 3364 2504 ea

1772 2545 1901 2600 qua:
1916 2545 2038 2586 vera
2064 2539 2189 2586 sunt
2212 2531 2552 2602 intelligenda
2583 2533 2895 2589 relcrend:e.
2927 2538 3055 2603 Qua:
3080 2550 3361 2607 propterea

1774 2621 2012 2692 figuratis
2053 2621 2197 2677 velut
2236 2623 2516 2680 amictibus
2564 2625 2903 2696 obteguntur,
2935 2636 2991 2682 ut
3035 2643 3247 2684 sensum
3278 2631 3365 2701 pie

1772 2713 2061 2785 qumrentis
2103 2723 2432 2784 exerceant,
2468 2725 2518 2770 et
2560 2731 2628 2774 ne
2670 2717 2808 2772 nuda
2844 2734 2905 2772 ac
2946 2729 3188 2790 prompta
3229 2722 3364 2779 vile-

1773 2811 1943 2860 aeaut.
1991 2802 2243 2872 Quamvis
2270 2820 2388 2876 qua:
2425 2805 2544 2860 aliis
2573 2805 2704 2862 locis
2749 2817 2932 2875 aperte
2976 2823 3039 2863 ac
3084 2810 3365 2866 manifeste

1773 2892 1914 2948 dicta
1938 2891 2221 2953 d'dicimus
2239 2935 2256 2961 ,
2283 2909 2403 2950 cum
2433 2910 2497 2951 ea
2527 2897 2635 2965 ipsa
2661 2895 2728 2952 de
2767 2897 2960 2952 abditis
2987 2909 3264 2967 eruuntur,
3309 2903 3364 2957 in

1775 2993 1960 3040 nostra
1997 2984 2227 3056 quodam
2257 2985 2419 3042 modo
2460 2987 2762 3058 cognitione
2791 2998 3114 3045 renovantur
3134 3031 3152 3058 ,
3181 3002 3236 3047 et
3277 3007 3366 3048 re-

1775 3084 1966 3132 novata
1992 3075 2326 3146 dulcescunt.
2365 3075 2476 3133 Nec
2514 3077 2820 3134 invidentur
2845 3079 3193 3146 discentibus,
3221 3083 3365 3153 quod

1777 3168 1861 3224 his
1889 3167 2071 3225 modis.
2106 3168 2458 3225 obscurantur
2486 3187 2499 3225 :
2529 3170 2622 3226 sed
2670 3171 3112 3230 commendantur
3153 3176 3321 3246 magis
3344 3217 3361 3243 ,

1776 3270 1834 3317 ut
1860 3260 2013 3331 quasi
2059 3261 2328 3317 subtracta
2381 3261 2753 3318 desiderentur
2795 3263 3104 3332 ardentius,
3135 3275 3189 3322 et
3217 3267 3364 3322 inve-

1775 3352 1992 3409 niantur
2025 3351 2326 3409 desiderata
2359 3352 2662 3424 jucundius.
2691 3354 2888 3410 Tamen
2926 3371 3074 3423 vera,
3101 3371 3206 3412 non
3235 3358 3363 3415 falsa

1777 3443 2045 3512 dicuntur;
2075 3445 2327 3516 quoniam
2353 3461 2477 3503 vera
2499 3487 2514 3511 ,
2545 3462 2648 3502 non
2681 3447 2812 3504 falsa
2854 3448 3239 3518 signiﬁcantur,
3268 3466 3366 3508 seu

1775 3535 1942 3592 verbo
1969 3550 2064 3592 seu
2089 3535 2229 3594 facto
2255 3554 2269 3591 :
2291 3553 2411 3606 quae
2430 3537 2794 3609 signiﬁcantur
2827 3539 3002 3605 enim,
3031 3541 3212 3612 utique
3250 3543 3363 3612 ipsa

1775 3625 2043 3684 dicuntur.
2076 3627 2339 3684 Putantur
2361 3637 2538 3684 autem
2567 3629 2862 3695 mendacia,
2897 3631 3148 3702 quioniam
3171 3649 3277 3689 non
3297 3649 3362 3690 ea

1775 3732 1896 3789 quae
1915 3732 2038 3774 vera
2052 3718 2069 3750 ί
2089 3717 2473 3790 signiﬁcantur,
2487 3720 2625 3777 dicta
2648 3721 3008 3790 intelliguntur
3024 3740 3038 3788 ;
3052 3723 3147 3780 sed
3166 3739 3227 3780 ea
3244 3740 3364 3795 qua:

1774 3805 1908 3863 falsa
1927 3814 2086 3873 sunt,
2118 3807 2260 3864 dicta
2284 3823 2404 3864 esse
2430 3808 2737 3864 creduntur.
2771 3810 2883 3866 lloc
2909 3820 2966 3866 ut
2989 3814 3248 3884 exemplis
3275 3815 3367 3868 tiat

1777 3899 1986 3970 planius
2006 3940 2023 3966 ,
2055 3899 2284 3971 idipsnm
2313 3899 2454 3972 quod
2484 3900 2649 3956 Jacob
2671 3901 2793 3957 fecit
2815 3943 2830 3969 ,
2858 3903 3092 3960 attende.
3125 3904 3364 3961 Hmdinis

1775 4002 1922 4050 certe
1949 3992 2175 4062 pellibus
2197 3994 2432 4048 membra
2458 3995 2691 4049 contexit
2720 4013 2732 4048 :
2760 3995 2805 4050 si
2830 4010 3042 4050 causam
3067 3997 3362 4066 proximam

1776 4087 2107 4157 requiramus
2125 4127 2154 4153 ,.
2181 4086 2458 4142 mentitum
2500 4088 2833 4155 putabimus;
2863 4087 2963 4143 hoc
2989 4088 3128 4143 enim
3156 4088 3276 4144 fecit
3308 4100 3366 4143 ut

1776 4185 2052 4248 putaretur
2077 4191 2199 4233 esse
2223 4177 2311 4247 qui
2338 4191 2442 4232 non
2472 4186 2631 4232 erat:
2665 4178 2709 4232 si
2735 4189 2911 4234 autem
2939 4178 3039 4235 hoc
3079 4178 3273 4234 factum
3294 4181 3364 4236 ad

1776 4268 1907 4326 illud
1939 4277 2160 4339 propter
2180 4267 2320 4339 quod
2366 4268 2770 4339 signiﬁcandum
2816 4284 2998 4326 revera
3044 4271 3234 4326 factum
3277 4282 3360 4327 est

1777 4360 2070 4426 referatur;
2111 4375 2204 4430 per
2228 4359 2466 4416 hacdinas
2491 4360 2655 4430 pelles
2681 4369 2892 4430 peccata
2915 4402 2930 4428 ,
2964 4375 3059 4432 per
3085 4376 3204 4417 eum
3233 4377 3358 4419 vero

1777 4452 1869 4523 qui
1896 4453 1975 4509 eis
1998 4467 2058 4508 se
2095 4452 2337 4522 operuit,
2369 4452 2456 4508 ille
2484 4453 2812 4524 significatus
2849 4464 2930 4509 est
2961 4454 3048 4524 qui
3077 4470 3183 4509 non
3229 4469 3327 4509 sua

1778 4543 1872 4599 sed
1919 4542 2090 4598 aliena
2139 4555 2353 4613 peccata
2396 4543 2643 4612 portavit.
2682 4543 2849 4599 Verax
2892 4559 3029 4614 ergo
3049 4545 3327 4613 signiﬁcati

1779 4635 1926 4691 nullo
1965 4634 2126 4690 modo
2170 4633 2502 4690 mendacium
2546 4643 2692 4690 recte
2707 4634 2819 4688 dici
2852 4643 3044 4702 potest.
3076 4633 3146 4690 Ut
3183 4643 3352 4692 autem

1780 4729 1832 4783 in
1861 4728 2016 4792 facto,
2041 4726 2113 4781 ita
2142 4737 2195 4782 et
2236 4726 2499 4782 in-verb‘o.
2529 4725 2803 4781 Nemeum
2832 4727 2882 4781 ei
2927 4736 3078 4795 pater
3099 4725 3358 4800 dixisset,

1783 4805 1984 4886 dulces
2009 4828 2094 4886 tu,
2132 4819 2208 4887 ﬁli
2229 4819 2254 4872 .9
2278 4819 2365 4875 ille
2404 4817 2708 4888 respondit,
2739 4816 2850 4889 Ego
2874 4834 2986 4874 sum
3008 4817 3146 4874 Esau
3169 4819 3362 4890 primo-

1780 4912 1977 4982 genitus
2002 4909 2298 4979 lttttsv(6'ett.
2323 4925 2509 4976 xxvii,
2544 4909 2759 4981 16-19).
2793 4911 2909 4966 lloe
2942 4909 2988 4965 si
3015 4909 3277 4967 referatur
3293 4911 3386 4967 ad-

1781 4999 1916 5054 duos
1954 5000 2068 5054 illos
2095 5000 2337 5070 geminos
2356 4999 2740 5068 ,mendacinm
2762 4999 3029 5056 videbitur
3060 5018 3073 5055 :
3102 5001 3148 5057 si
3183 5010 3388 5057 autem.

1781 5093 1848 5148 ad
1876 5091 2010 5148 illud
2038 5103 2256 5162 propter
2285 5092 2425 5163 quod
2453 5092 2855 5164 signiﬁcandum
2895 5094 2994 5150 ista
3019 5103 3167 5166 gesta
3193 5095 3366 5151 dicta.

1781 5185 2207 5256 que-conscripta
2227 5194 2382 5254 sunt,
2411 5186 2500 5242 ille
2536 5194 2620 5242 est
2660 5187 2747 5243 hic
2766 5186 3140 5258 intelligendus
3166 5187 3219 5242 in
3245 5201 3369 5243 eor-

1785 5289 1913 5346 pore
1959 5291 2090 5339 suo,
2133 5277 2273 5346 quod
2308 5285 2392 5333 est
2416 5277 2532 5348 ejus
2569 5277 2826 5345 Ecclesia,
2857 5277 2944 5348 qui
2974 5278 3042 5333 de
3068 5276 3168 5333 hac
3195 5292 3254 5332 re
3282 5277 3368 5332 lo-

1785 5381 1954 5437 quens
1981 5367 2098 5433 ait,
2123 5367 2250 5422 Cum
2275 5369 2495 5423 videritis
2523 5368 2808 5436 Abraham,
2837 5379 2883 5423 et
2912 5367 3083 5434 Isaae,
3115 5377 3162 5421 et
3182 5367 3380 5435 Iacob,

1784 5469 1832 5513 et
1851 5475 2020 5513 omnes
2055 5458 2335 5530 Propheta:
2357 5461 2409 5514 in
2438 5477 2590 5532 regno
2619 5460 2714 5516 Dei
2732 5504 2746 5528 ,
2779 5477 2863 5516 vos
2884 5470 3054 5516 autem
3080 5459 3264 5530 expelli
3283 5459 3371 5529 [ο-

1786 5566 1889 5604 rar.
1923 5549 1990 5604 Et
2013 5552 2204 5605 venient
2224 5551 2286 5606 ab
2315 5553 2504 5606 oriente
2526 5562 2571 5607 et
2597 5552 2850 5608 occidente
2875 5560 2925 5605 et
2947 5551 3182 5621 aquilone
3207 5562 3252 5606 et
3276 5567 3373 5606 att-

1787 5651 1912 5707 stro,
1943 5652 1987 5696 et
2011 5645 2298 5698 occumbant
2328 5644 2379 5697 in
2399 5660 2550 5714 regno
2596 5643 2687 5698 Dei
2711 5659 2730 5697 :
2755 5653 2802 5697 ct
2829 5658 2942 5698 ecce
2972 5652 3092 5700 sunt
3118 5645 3376 5702 novissimi

1860 5753 1874 5784 ¹
1910 5753 2013 5803 Sola
2037 5755 2184 5805 editio
2206 5761 2331 5816 t.ov.,
2361 5766 2484 5804 rere.
