3880 6284
563 275 668 334 535

561 390 646 458 qui
673 394 812 442 erant
837 383 1012 454 primi,
1043 391 1087 435 et
1113 389 1228 436 sunt
1251 380 1401 450 primi
1424 380 1509 449 qui
1534 387 1675 431 erant
1694 378 1949 431 novissimi
1981 375 2127 447 (Luc.

560 494 654 535 χιιι
677 520 691 544 ,
712 475 924 543 28-50).
951 474 1038 529 Sic
1082 472 1221 527 enim
1269 469 1495 539 qundam
1538 468 1694 523 modo
1722 469 1894 522 minor
1921 467 2135 537 majoris

559 570 840 639 primatum
868 565 1029 618 frater
1051 561 1265 617 abstulit
1292 571 1449 630 atque
1475 560 1527 614 in
1562 575 1620 614 se
1646 560 1911 613 transtulit
1933 557 2128 611 fratris.

558 656 691 711 Cum
722 654 877 726 igitur
906 661 1010 707 tam
1058 666 1183 706 vera
1218 658 1427 719 tamque
1460 646 1818 718 significentur
1843 647 2132 713 veraciter,

559 745 683 813 quid
700 745 781 798 hic
796 743 948 798 debet
968 741 1133 811 putari
1153 739 1342 793 factum
1359 739 1621 791 dictumve
1636 734 1990 790 mendaciter?
2003 736 2131 789 Cum

560 837 701 890 enim
722 850 838 904 quae
856 832 1235 902 significantur,
1254 843 1354 880 non
1375 828 1552 895 utique
1570 841 1670 880 nou
1686 834 1809 880 sunt
1822 827 1871 878 in
1890 826 2130 887 veritate,

559 923 650 979 sed
674 932 794 978 sunt
820 937 910 977 seu
933 919 1215 989 przeterita,
1244 932 1335 971 seu
1356 915 1762 986 prmsentia,seu
1788 915 1989 979 futura;
2010 930 2135 984 pro—

558 1015 644 1069 eul
665 1012 823 1067 dubio
850 1027 968 1066 vera
997 1007 1303 1079 signiﬁcatio
1327 1015 1435 1074 est,
1452 1006 1759 1077 nullumque
1778 1006 2129 1061 mendacium.

559 1104 662 1160 Sed
694 1103 847 1157 nimis
869 1102 1077 1168 longum
1122 1107 1203 1154 est
1232 1098 1283 1151 in
1327 1094 1424 1152 hac
1471 1096 1854 1168 signiﬁcatione
1898 1095 2128 1166 prophe-

560 1197 661 1249 tica
713 1191 984 1245 enucleate
1026 1200 1214 1244 cuncta
1248 1189 1457 1253 rimari,
1488 1189 1538 1242 in
1566 1188 1755 1257 quibus
1779 1188 2005 1256 palmam
2042 1203 2133 1241 ve-

558 1285 684 1336 ritas
713 1280 900 1346 habet,
931 1279 1051 1348 quia
1091 1286 1149 1332 ut
1190 1277 1536 1348 significando
1587 1278 1933 1346 prrcnuntiata
1976 1286 2129 1340 sunt,

557 1373 625 1427 ita
677 1370 1048 1441 consequeudo
1078 1370 1406 1424 claruerunt.

626 1456 852 1517 CAPUT
889 1459 978 1518 XI.
1003 1489 1073 1498 —
1097 1458 1185 1513 25.
1223 1458 1501 1527 Triparlita
1532 1459 1662 1510 ratio
1707 1458 1998 1529 disputandi
2034 1459 2129 1510 ad-

557 1567 728 1605 versus
746 1566 831 1604 eos
850 1550 934 1619 qui
960 1549 1248 1618 Scripturus
1270 1547 1465 1601 divinas
1480 1548 1752 1601 mendaciis
1771 1547 1874 1601 suis
1897 1546 2134 1602 adhibere

556 1650 796 1712 patronos
822 1640 1013 1693 volunt.
1042 1638 1222 1709 Neque
1243 1638 1294 1692 id
1324 1639 1424 1692 isto
1449 1653 1693 1693 sermone
1718 1638 1962 1707 suscepi,
1991 1637 2131 1708 quod

556 1730 622 1786 ad
654 1739 705 1787 te
743 1730 908 1801 magis
938 1730 1195 1799 pertinet,
1237 1728 1324 1799 qui
1353 1727 1869 1783 Priscillianistarum
1901 1728 2130 1783 latebras

556 1823 844 1895 aperuisti,
884 1829 1135 1893 quantum
1170 1819 1235 1874 ad
1278 1835 1462 1875 eorum
1510 1820 1696 1874 attinet
1729 1819 1971 1889 dogmata
1997 1818 2126 1873 falsa

557 1923 717 1984 atque
742 1927 1007 1983 perversa;
1032 1926 1099 1967 ne
1123 1911 1191 1965 ita
1222 1910 1529 1980 investigata
1549 1910 1822 1965 videantur
1858 1910 2005 1981 quasi
2038 1910 2133 1964 do-

557 2003 723 2058 cenda
750 2002 977 2066 fuerint,
1008 2009 1062 2055 et
1106 2015 1210 2054 non
1237 1999 1616 2070 redarguenda.
1657 1999 1818 2069 Magis
1851 2013 1978 2070 ergo
2007 1999 2021 2029 ¹
2050 1998 2128 2052 fac

558 2103 617 2150 ut
639 2101 930 2164 expugnata
963 2091 1174 2161 jaceant
1196 2133 1210 2157 ,
1237 2106 1357 2161 qua:
1384 2089 1548 2145 fecisti
1581 2099 1632 2143 ut
1658 2088 1857 2158 prodita
1881 2098 2089 2158 pateant
2114 2107 2125 2141 :

557 2201 626 2242 ne
667 2186 792 2242 dum
817 2184 1058 2239 volumus
1094 2183 1159 2237 ad
1202 2182 1499 2252 indaginem
1543 2181 1819 2235 hominum
1866 2179 2129 2235 l‘allacium

556 2276 869 2347 pervenire,
902 2275 1042 2344 ipsas
1080 2271 1336 2328 falsitates
1376 2272 1610 2326 sinamus
1637 2279 1880 2341 tanquam
1914 2271 2129 2340 insupc‘

555 2366 749 2421 rabiles
784 2378 1125 2435 permanere;
1154 2378 1272 2417 cum
1297 2364 1472 2433 potius
1498 2362 1781 2417 debeamus
1803 2373 1854 2417 et
1886 2362 1937 2416 in
1966 2361 2131 2415 laten-

556 2459 688 2513 tium
731 2455 976 2511 cordibus
1023 2453 1297 2509 destruere
1336 2451 1623 2515 falsitates,
1665 2467 1821 2521 quam
1863 2449 2131 2522 parcendo

557 2547 869 2605 fulsitatibus
897 2545 1139 2602 invenire
1164 2543 1395 2599 fallaces.
1416 2543 1579 2598 Porro
1606 2543 1748 2597 inter
1772 2543 1859 2597 illa
1883 2542 2128 2612 dogmata

556 2655 738 2698 eorum
760 2680 776 2705 ,
806 2653 923 2709 quae
952 2634 1301 2692 subvertenda
1341 2641 1494 2700 sunt,
1525 2634 1682 2689 etiam
1715 2632 1815 2688 hoc
1839 2641 1925 2688 est
1949 2633 2127 2702 utique

554 2730 705 2801 quod
734 2727 1089 2799 dogmatizant
1108 2767 1123 2792 ,
1151 2724 1215 2780 ad
1260 2723 1624 2780 occultandam
1667 2723 1970 2793 religionem
1998 2722 2129 2778 reli-

555 2820 732 2890 giosos
756 2819 951 2874 debere
995 2815 1240 2881 mentiri,
1277 2814 1327 2867 in
1358 2822 1557 2868 tantum
1602 2820 1658 2867 ut
1700 2827 1802 2867 non
1847 2812 2016 2867 solum
2062 2810 2130 2865 de

554 2910 672 2965 aliis
699 2909 860 2964 rebus
878 2907 945 2961 ad
968 2905 1262 2961 doctrinam
1292 2903 1562 2974 religionis
1582 2916 1686 2957 non
1718 2895 2122 2972 pertiﬁntibus,

556 2998 650 3053 sed
678 2997 745 3053 de
773 2998 883 3067 ipsa
914 3011 1122 3066 quoque
1146 2993 1398 3063 religione
1428 2992 1784 3048 mentiendum
1809 2990 1915 3055 sit,
1939 3006 2006 3045 ne
2037 3005 2126 3060 pa~

556 3095 725 3144 tescat
750 3086 966 3151 alienis;
995 3094 1052 3139 ut
1080 3083 1317 3139 videlicet
1351 3081 1620 3152 negandus
1648 3082 1715 3135 sit
1742 3081 2000 3143 Christus,
2025 3096 2129 3150 quo

557 3178 724 3248 possit
750 3179 886 3232 inter
926 3175 1167 3231 inimicos
1212 3187 1337 3228 suos
1366 3172 1529 3227 latere
1564 3170 1900 3226 Christianus.
1957 3171 2126 3225 Etiam

556 3270 660 3325 hoc
681 3310 696 3335 ,
724 3268 944 3323 obsecro
987 3274 1040 3321 te
1061 3308 1077 3333 ,
1105 3265 1292 3336 dogma
1336 3263 1551 3332 impium
1599 3260 1965 3331 nefariumque
1996 3261 2128 3316 sub-

557 3368 725 3425 verte,
757 3366 972 3428 propter
1015 3355 1155 3426 quod
1210 3352 1549 3408 astruendum
1592 3358 2020 3421 argumentantes
2060 3349 2126 3406 de

557 3448 844 3517 Scripturis
868 3447 1120 3515 colligunt
1148 3443 1446 3499 testimonia
1466 3482 1479 3506 ,
1507 3438 2002 3511 quibus'videantur
2022 3454 2126 3495 non

557 3539 730 3594 solum
758 3536 1074 3606 ignoscenda
1102 3533 1185 3588 vel
1214 3531 1483 3589 toleranda
1502 3573 1516 3599 ,
1539 3545 1721 3586 verum
1746 3538 1799 3586 et
1821 3530 2127 3586 honoranda

559 3628 853 3685 mendacia.
885 3625 962 3680 Ad
988 3633 1039 3679 te
1065 3623 1221 3695 igitur
1252 3623 1513 3692 pertinet,
1540 3629 1735 3676 sectam
1763 3619 2127 3675 detestabilem

562 3735 683 3776 cum
712 3717 931 3784 refellis,
950 3717 1027 3772 sic
1052 3714 1353 3785 accipienda
1376 3720 1673 3768 monstrare
1700 3713 1798 3767 ista
1829 3712 2126 3767 testimonia

560 3814 971 3885 Scripturarum,
1001 3821 1058 3866 ut
1082 3811 1162 3866 vel
1189 3809 1382 3865 doceas
1417 3825 1522 3864 non
1570 3823 1688 3864 esse
1723 3823 1842 3881 quae
1884 3818 2130 3878 putantur

560 3919 681 3961 esse
721 3903 991 3959 mendacia
1012 3944 1026 3967 ,
1056 3902 1100 3956 si
1122 3916 1188 3957 eo
1208 3900 1365 3956 modo
1394 3900 1776 3970 intelligantur,
1803 3915 1907 3970 quo
1931 3900 2129 3956 intelli-

560 4001 731 4066 genda
767 4000 918 4059 sunt;
953 3992 1036 4047 vel
1073 3990 1320 4046 imitanda
1349 4004 1452 4045 non
1478 4004 1600 4044 esse
1638 3991 1794 4044 etiam
1819 4005 1937 4060 qua:
1963 3992 2131 4047 mani-

563 4089 753 4146 festum
775 4096 855 4144 est
885 4102 1002 4144 esse
1023 4087 1328 4153 mendacia;
1358 4087 1438 4142 vel
1478 4096 1622 4143 certe
1644 4087 1709 4142 ad
1741 4098 2034 4143 extremum
2062 4089 2130 4143 de

561 4180 645 4236 his
672 4180 862 4236 saltem
896 4179 1054 4234 rebus
1100 4194 1217 4249 quae
1241 4177 1313 4233 ad
1337 4178 1630 4233 doctrinam
1669 4177 1939 4249 religionis
1966 4178 2121 4249 perti-

560 4279 726 4336 nent,
755 4269 900 4325 nullo
929 4268 1087 4324 modo
1128 4282 1248 4324 esse
1291 4266 1675 4323 mentiendum.
1718 4266 1805 4322 Sic
1830 4268 1971 4323 enim
2006 4282 2131 4322 vere

563 4359 801 4416 funditus
829 4366 1155 4424 evertuntur,
1185 4356 1309 4412 dum
1362 4358 1620 4413 evertitur
1657 4357 1743 4412 ubi
1768 4357 2087 4413 delitescunt
2114 4375 2126 4411 :

562 4462 618 4507 ιιι
639 4467 704 4507 eo
733 4452 847 4521 ipso
871 4449 1088 4505 minime
1133 4449 1370 4505 scctandi
1402 4456 1457 4504 et
1481 4448 1708 4504 maxime
1744 4448 1963 4504 cavendi
1988 4449 2131 4519 judi-

562 4551 769 4610 centur,
798 4558 904 4614 quo
927 4556 987 4597 se
1023 4540 1090 4601 ad
1125 4539 1487 4596 occultandam
1517 4540 1761 4594 lueresim
1791 4553 1938 4593 suam
1970 4540 2132 4608 proﬁ-

565 4642 744 4690 tentur
767 4648 886 4690 esse
932 4631 1235 4689 mendaces.
1265 4629 1377 4684 Hoc
1401 4631 1452 4684 in
1486 4630 1564 4686 eis
1589 4638 1670 4684 est
1699 4629 1939 4700 primitus
1965 4642 2132 4699 expu-

564 4723 850 4794 gnandum,
896 4722 996 4778 hoc
1042 4736 1226 4777 eorum
1268 4719 1413 4775 velut
1447 4718 1699 4774 idoneum
1749 4719 2132 4803 munimentum

460 4867 473 4897 ι.
565 4812 800 4868 veritatis
826 4812 1015 4871 ictibus
1031 4811 1318 4866 feriendum
1345 4819 1502 4881 atque
1526 4808 1895 4880 dejiciendum.
1927 4807 2036 4864 Nec
2053 4809 2133 4864 eis

565 4916 723 4973 quam
751 4916 855 4956 non
879 4900 1179 4967 habebant,
1209 4901 1310 4955 alia
1346 4900 1549 4956 latebra
1579 4914 1684 4971 quo
1709 4898 2014 4970 confugiant
2050 4907 2135 4954 est

567 4990 886 5062 prtebenda:
911 4998 969 5044 ut
996 4991 1038 5044 si
1069 4989 1202 5045 forte
1229 4990 1295 5044 ab
1324 4991 1404 5044 his
1428 4988 1723 5060 produntur
1744 5030 1759 5057 ,
1787 5003 1920 5059 quos
1957 4989 2132 5044 conati

568 5083 765 5137 fuerint
787 5080 1041 5135 seducere
1058 5121 1071 5146 ,
1098 5094 1195 5135 nec
1214 5081 1501 5148 potuerint,
1533 5080 1741 5148 dicant,
1765 5080 1992 5135 Tentare
2018 5079 2135 5134 illos

568 5172 832 5226 voluimus
851 5212 864 5234 ,
894 5171 1139 5240 quoniam
1169 5169 1449 5239 prudentes
1471 5171 1713 5226 catholici
1734 5171 2030 5226 docuerunt
2066 5170 2132 5225 ad

570 5260 914 5318 inveniendos
970 5259 1243 5315 haereticos
1293 5259 1344 5314 id
1373 5274 1490 5315 esse
1531 5261 1844 5315 faciendum.
1885 5260 1990 5315 Sed
2038 5259 2136 5313 ali-

569 5363 766 5421 quanto
790 5348 1207 5406 commendatius
1233 5358 1440 5419 oportet
1461 5358 1515 5404 ut
1538 5350 1729 5415 dicam,
1757 5364 1853 5404 cur
1881 5349 1980 5405 ista
2006 5349 2134 5403 mihi

573 5444 816 5497 videatur
840 5441 1097 5510 tripartita
1124 5441 1258 5495 ratio
1294 5440 1595 5511 diSpntandi
1633 5438 1888 5494 adversus
1927 5454 2027 5494 cos-
2046 5440 2133 5509 qui

571 5545 821 5607 patronas
846 5530 1133 5587 mendaciis
1152 5532 1260 5587 suis
1287 5532 1470 5586 volunt
1487 5528 1739 5584 adhibere
1762 5528 1964 5583 divinas
1993 5528 2136 5584 Scri-

538 5672 543 5675 ‘
634 5668 651 5697 ι
685 5665 967 5715 Sorbonleus
989 5670 1091 5727 Ms,
1110 5669 1154 5714 et
1175 5676 1263 5713 non
1287 5663 1436 5726 nmgis
1462 5660 1809 5723 redargumda.
1834 5668 1965 5726 Ergo,
1993 5670 2088 5713 etc.

1538 265 1806 322 CONTRA
1857 261 2270 338 MINDACIUM,
2312 262 2366 314 S.
2406 259 2765 314 AUGUSTiNI
3685 265 3765 325 εδδ

2242 382 2420 443 pturas
2445 392 2461 427 :
2492 381 2548 427 ut
2573 374 2718 443 prius
2745 373 3354 429 ostendamusnonnulla
3385 391 3505 446 qua:
3520 376 3589 433 ibi
3615 390 3770 449 putan-

2241 474 2323 518 tur
2348 481 2464 518 esse
2488 464 2788 529 mendacia,
2820 482 2923 519 non
2969 481 3087 521 esse
3116 466 3254 536 quod
3282 477 3564 536 putantur,
3589 470 3632 525 si
3657 482 3769 532 recte

2240 554 2623 621 intelligantur;
2650 553 2867 621 deinde,
2894 555 2939 610 si
2968 570 3069 627 qua
3111 556 3179 609 ibi
3215 556 3494 612 mendacia
3530 561 3771 625 manifesta

2237 653 2385 709 smn,
2420 644 2667 705 imitanda
2701 660 2801 699 non
2850 660 3006 708 csse;
3039 646 3227 714 tertio,
3256 656 3448 701 contra
3490 663 3667 705 omnes
3686 666 3775 707 om-

2238 735 2379 788 nium
2406 735 2710 804 opiniones,
2740 735 2937 805 quibus.
2970 735 3171 789 videtur
3190 735 3255 790 ad
3286 736 3389 791 viri
3434 736 3559 791 boni
3579 738 3774 798 ofﬁcium

2240 826 2501 893 pertinere
2528 824 2808 894 aliquando
2838 826 3079 889 mentiri,
3109 826 3251 880 omni
3289 825 3457 881 modo
3487 829 3744 886 tenendum
3763 873 3776 899 ,

2239 916 2288 969 in
2324 914 2561 969 doctrina
2592 917 2856 984 religionis
2882 917 3027 971 nullo
3064 916 3221 973 modo
3263 933 3386 974 esse
3426 921 3777 978 mentiendum.
3854 936 3855 941 ‘

2240 1004 2360 1060 llcec
2384 1007 2522 1060 enim
2548 1008 2643 1061 tria
2677 1007 2765 1062 tibi
2791 1007 2807 1040 ¹
2836 1008 3165 1079 exsequenda
3191 1010 3351 1080 paulo
3380 1018 3512 1067 ante
3550 1026 3782 1072 commem
3854 1028 3855 1081 1

2237 1097 2352 1149 davi
2375 1138 2391 1163 ,
2417 1106 2470 1151 et
2493 1097 2719 1167 quodam
2746 1099 2903 1153 modo
2930 1099 3147 1169 injunxi.
3218 1134 3243 1150 ς
3854 1106 3855 1119 ‘

2308 1187 2530 1244 CAPUT
2570 1189 2684 1243 Xll.
2712 1221 2781 1229 —
2806 1189 2892 1245 26.
2923 1188 3170 1264 Exempla
3200 1193 3475 1247 mentiendi
3500 1197 3715 1265 quierim
3734 1214 3787 1253 et

2236 1278 2475 1334 veteribus
2513 1278 2791 1349 Scripturis
2827 1299 2939 1337 vere
2974 1281 3130 1348 talia,
3168 1299 3231 1338 ea:
3260 1282 3415 1338 Novo
3441 1295 3610 1340 autem
3633 1285 3785 1343 Testu-
3854 1278 3855 1343 ἦ

2236 1379 2400 1423 mento
2430 1371 2569 1424 nulla
2599 1372 2833 1440 proferri.
2868 1371 3138 1427 Sintulalio
3173 1371 3316 1428 Petri
3353 1383 3404 1428 et
3431 1373 3678 1430 Barnaba
3702 1394 3783 1432 lle-

2234 1461 2330 1513 rito
2371 1462 2670 1530 reprehensa
2712 1479 2742 1516 α
2791 1461 2976 1516 Paulo.
3026 1462 3145 1519 Non
3190 1464 3510 1521 mendaciter
3549 1466 3784 1524 observata

2233 1567 2265 1603 a
2296 1548 2460 1605 Paulo
2493 1551 2643 1624 Legi;
2680 1554 2909 1623 quietiam
2946 1555 3271 1609 ca'remonias.
3304 1554 3511 1610 Paulus
3546 1573 3640 1611 non
3666 1575 3783 1612 mea-

2236 1641 2422 1708 tiendo,
2450 1642 2538 1695 sed
2562 1644 2908 1712 componendo
2935 1645 3161 1699 omnibus
3185 1645 3357 1699 omnia
3383 1648 3574 1717 factus.
3601 1644 3782 1701 lenda-

2234 1729 2364 1781 cinm
2393 1730 2515 1801 quid
2540 1732 2620 1784 sit.
2656 1731 2731 1785 Ad
2771 1732 3095 1787 ostendenda
3131 1748 3260 1804 ergo
3288 1733 3542 1805 quaedam
3569 1750 3679 1804 qua:
3698 1751 3782 1806 pu-

2234 1826 2411 1873 tantur
2437 1821 2488 1875 i'n
2514 1821 2798 1891 Scripturis
2823 1837 2940 1878 esse
2967 1823 3261 1891 mendacia,
3291 1840 3401 1880 non
3433 1839 3498 1880 ea
3527 1837 3641 1880 esse
3665 1826 3782 1897 quod

2235 1920 2514 1980 putantur,
2543 1913 2585 1966 si
2629 1923 2769 1968 recte
2805 1914 3192 1985 intelligantur;
3236 1930 3345 1970 non
3385 1915 3483 1971 tibi
3513 1930 3687 1985 parum
3709 1916 3785 1970 ad-

2234 2018 2417 2057 versus
2448 2003 2577 2058 istos
2605 2004 2774 2058 valere
2803 2005 3058 2073 videatur,
3088 2005 3228 2076 quod
3255 2020 3362 2061 non
3392 2006 3465 2063 de
3490 2007 3777 2076 apostolicis,

2233 2092 2325 2147 sed
2369 2094 2435 2147 de
2477 2094 2794 2163 propheticis
2829 2096 3043 2152 Litteris
3081 2097 3355 2153 inveniunt
3395 2098 3543 2154 velut
3571 2099 3781 2171 exempla

2234 2185 2541 2240 mentiendi.
2572 2187 2659 2240 Illa
2686 2187 2877 2257 quippe
2899 2188 3072 2242 omnia
3100 2205 3215 2258 qua:
3240 2191 3560 2245 nominatim
3581 2204 3779 2247 comme-

2233 2285 2443 2331 morant
2469 2277 2553 2330 ubi
2579 2278 2647 2331 sit
2671 2278 2890 2348 quisque
2917 2280 3196 2346 mentitus,
3224 2282 3277 2335 in
3306 2279 3390 2337 eis
3419 2280 3597 2336 Libris
3624 2281 3781 2351 leguno

2234 2377 2345 2435 tur,
2378 2369 2431 2422 in
2468 2369 2658 2439 quibus
2696 2385 2799 2424 non
2831 2372 2998 2425 solum
3029 2371 3197 2439 dicta,
3242 2388 3436 2428 verum
3478 2373 3633 2428 etiam
3668 2372 3778 2427 facta

2232 2452 2393 2517 multa
2424 2464 2637 2534 ﬁgurata
2664 2467 2961 2536 conscripta
2988 2475 3108 2520 sunt
3128 2468 3170 2533 ',
3196 2467 3318 2537 quia
3342 2475 3396 2522 et
3425 2466 3643 2539 figurate
3660 2475 3780 2537 gesta

2231 2564 2374 2610 sunt.
2403 2555 2456 2610 lu
2481 2555 2657 2625 ﬁguris
2677 2566 2851 2611 autem
2879 2557 3015 2627 quod
3041 2558 3181 2613 velut
3199 2558 3543 2614 mendacium
3560 2557 3580 2589 ³
3597 2556 3777 2623 dicitur,

2232 2644 2366 2698 bene
2404 2644 2724 2700 intellectum
2769 2662 2948 2702 verum
2990 2647 3270 2702 invenitur.
3302 2647 3551 2719 Apostoli
3587 2660 3700 2702 vero
3732 2645 3779 2701 in

2230 2738 2481 2809 Epistolis
2511 2738 2618 2791 suis
2656 2737 2810 2792 aliter
2845 2737 3005 2792 locuti
3043 2746 3197 2804 sunt,
3225 2737 3491 2808 aliterque
3526 2735 3777 2807 conscripti

2232 2830 2393 2885 Actus
2414 2827 2809 2899 Apostolorum,
2832 2826 2941 2898 jam
2958 2827 3198 2883 videlicet
3218 2828 3456 2884 revelato
3472 2827 3775 2898 Testamento

2230 2918 2397 2984 Novo,
2420 2916 2557 2985 quod
2583 2916 2685 2970 illis
2709 2916 2889 2986 ﬁguris
2911 2916 3233 2986 propheticis
3252 2917 3549 2972 velabatur.
3572 2916 3777 2984 Denique

2230 3010 2283 3063 in
2312 3017 2388 3064 tot
2414 3007 2661 3076 Epistolis
2688 3006 2991 3076 apostolicis
3014 3048 3029 3072 ,
3067 3016 3223 3077 atque
3261 3006 3313 3061 in
3344 3007 3467 3078 ipso
3493 3016 3594 3064 tam
3617 3004 3769 3077 grandi

2231 3104 2366 3161 libro
2390 3107 2439 3160 in
2464 3122 2567 3177 quo
2590 3115 2736 3162 actus
2760 3122 2941 3161 eorum
2972 3106 3223 3161 canonica
3255 3108 3480 3163 veritate
3505 3114 3766 3169 narrantur,

2231 3212 2335 3250 non
2363 3197 2627 3251 invenitur
2653 3196 2769 3251 talis
2793 3197 2982 3267 aliquis
3008 3198 3290 3266 mentiens,
3314 3206 3373 3253 ιιι
3397 3197 3470 3255 de
3492 3198 3581 3254 illo
3601 3195 3766 3253 abistis

2229 3284 2294 3339 ad
2323 3285 2607 3340 mentiendi
2639 3285 2902 3340 licentiam
2931 3295 3257 3357 pr0ponatur
3279 3288 3599 3358 exemplum.
3623 3285 3766 3352 Quan-

2230 3373 2513 3444 doquidem
2541 3375 2625 3429 illa
2659 3375 2797 3430 Petri
2827 3383 2883 3429 et
2907 3373 3159 3430 Barnaba:
3187 3375 3455 3432 simulatio
3483 3391 3580 3447 qua
3603 3374 3765 3431 Gentes

2225 3466 2496 3536 judaizare
2525 3466 2799 3537 cogebant,
2833 3466 3020 3523 merito
3047 3467 3364 3536 reprehensa
3388 3475 3548 3538 atque
3565 3473 3762 3522 correcta

2230 3564 2311 3612 est
2330 3598 2343 3623 ,
2374 3565 2427 3612 et
2456 3572 2521 3610 ne
2550 3564 2671 3611 tunc
2700 3564 2942 3622 noceret,
2973 3564 3028 3611 et
3054 3572 3119 3610 ue
3144 3556 3369 3627 posteris
3396 3556 3467 3612 ad
3492 3552 3759 3612 imitandum

2232 3649 2448 3702 valeret.
2475 3646 2605 3701 Cum
2632 3647 2770 3701 enim
2798 3647 3017 3701 vidisset
3038 3648 3306 3718 apostolus
3329 3645 3525 3702 Paulus
3548 3647 3655 3717 quia
3677 3657 3758 3698 non

2230 3747 2374 3795 recte
2403 3739 2768 3810 ingrediuntur
2793 3739 2857 3793 ad
2883 3740 3153 3794 veritatem
3180 3738 3476 3811 Evangelii,
3493 3738 3616 3795 dixit
3633 3735 3759 3792 Petro

2230 3846 2408 3888 coram
2436 3831 2680 3911 omnibus
2709 3849 2723 3886 :
2753 3832 2815 3887 Si
2844 3843 2895 3885 tu
2930 3849 3041 3886 cum
3077 3833 3147 3886 sis
3183 3832 3429 3899 Jud‘teus,
3474 3829 3759 3888 Gentiliteret

2232 3941 2332 3979 non
2376 3922 2591 3979 Iudaica
2640 3922 2796 3988 viris;
2848 3924 3094 3989 qusmodo
3139 3923 3319 3979 Gentes
3361 3925 3500 3995 cogis
3537 3919 3757 3994 iudcium

2234 4016 2424 4090 (Colat.
2450 4032 2505 4080 ιι,
2533 4016 2616 4083 l3,
2648 4015 2777 4085 li)?
2805 4013 2859 4069 ιιι
2885 4023 3057 4069 autem
3088 4014 3227 4086 quod
3257 4014 3371 4085 ipse
3394 4013 3536 4083 fecit,
3563 4021 3612 4066 ut
3631 4021 3754 4080 quas-

2232 4108 2354 4165 dam
2405 4108 2801 4165 observationes
2854 4097 3112 4178 légitimas
3157 4107 3366 4177 judaica
3421 4100 3752 4163 consuetudine

2234 4200 2510 4259 retinendo
2535 4210 2586 4256 et
2609 4200 2812 4271 agendo
2839 4215 2941 4253 non
2968 4214 3026 4253 se
3054 4198 3319 4253 inimicum
3345 4198 3470 4269 Legi
3496 4190 3751 4266 PrOpbetis-

2233 4307 2336 4364 que
2358 4300 2694 4355 monstraret,
2726 4291 2863 4346 absit
2891 4298 2946 4344 ut
2975 4288 3299 4344 mendaciter
3324 4304 3448 4344 eum
3478 4287 3646 4343 fecisse
3663 4294 3752 4338 cre-

2233 4382 2437 4439 damus.
2468 4382 2540 4437 De
2563 4381 2661 4436 hac
2685 4382 2877 4451 quippe
2902 4396 2959 4436 re
2983 4381 3109 4434 satis
3135 4387 3217 4435 est
3241 4379 3354 4451 ejus
3376 4389 3497 4436 nota
3517 4371 3747 4436 sententia.

2234 4488 2335 4546 qua
2366 4473 2531 4528 fuerat
2561 4474 2922 4538 constitutum,
2953 4485 3049 4525 nec
3073 4470 3284 4525 Judaeos
3309 4471 3399 4542 qui
3425 4479 3544 4526 tunc
3566 4470 3614 4524 in
3633 4461 3751 4520 Chri-

2234 4578 2371 4626 smm
2399 4568 2681 4623 credebant
2706 4565 3064 4638 prohibendos
3091 4580 3207 4620 esse
3237 4580 3265 4619 a
3294 4567 3526 4634 paternis
3555 4555 3747 4618 traditio:

2238 4660 2409 4727 nibus,
2434 4674 2532 4714 nec
2551 4657 2616 4712 ad
2641 4673 2731 4713 eas
2751 4656 2987 4712 Gentiles
3007 4672 3124 4710 cum
3146 4656 3430 4711 Christiani
3457 4654 3639 4717 flerent,
3658 4657 3746 4703 esse

2235 4750 2499 4823 cogendos
2529 4767 2542 4804 :
2573 4757 2629 4804 ut
2655 4748 2743 4803 illa
2769 4757 3094 4803 sacramenta
3123 4762 3243 4817 quae
3270 4745 3516 4802 divinitus
3539 4742 3745 4817 praecpll

2236 4857 2354 4897 esse
2381 4834 2678 4908 constaret,
2716 4855 2822 4894 non
2862 4847 3109 4908 tanquam
3149 4838 3421 4910 sacrilegia
3461 4837 3742 4910 fingerentur;

2238 4947 2335 4988 nec
2361 4940 2532 4987 tamen
2560 4940 2869 5002 putarentur
2890 4930 2967 4985 sie
2995 4929 3289 4985 necessaria
3315 4929 3425 5000 jam
3451 4929 3585 4984 Novo
3601 4924 3744 4980 Testa-

2237 5035 2417 5080 mento
2448 5025 2699 5090 revelato,
2734 5032 2979 5093 tanquam
3010 5022 3123 5077 sine
3151 5021 3216 5078 iis
3244 5022 3551 5090 quicumque
3572 5023 3742 5072 conver-

2238 5124 2477 5171 terentur
2501 5114 2566 5169 ad
2597 5115 2758 5168 Deum
2783 5114 2911 5169 salvi
2936 5126 3055 5167 esse
3086 5128 3187 5166 non
3220 5121 3451 5181 possent.
3473 5110 3617 5166 Erant
3634 5098 3736 5158 enim

2239 5206 2325 5276 qui
2356 5204 2455 5259 hoc
2480 5205 2733 5274 putabant
2756 5212 2912 5273 atque
2939 5202 3314 5273 prmdicahant,
3337 5201 3561 5272 quamvis
3575 5197 3734 5267 jamre‘

2238 5305 2392 5366 cepto
2420 5295 2613 5351 Christi
2637 5293 2940 5363 Evangelia,
2970 5302 3024 5348 et
3051 5293 3126 5346 eis
3155 5292 3397 5346 simulate
3427 5281 3733 5346 consenserant

2241 5389 2426 5444 Petrus
2453 5396 2506 5442 et
2529 5385 2832 5450 Barnabas;
2871 5384 3094 5455 ideoque
3125 5383 3379 5453 cogebant
3408 5380 3585 5437 Gentes
3604 5366 3731 5446 iudai-

2305 5545 2319 5574 ί
2355 5551 2484 5601 t.ov.,
2513 5542 2607 5593 tria
2625 5541 2705 5591 ibi.
2734 5542 2815 5590 alii
2837 5542 3045 5599 codices,
3070 5540 3173 5590 tibi.

2306 5607 2324 5635 ²
2359 5612 2456 5653 Duo
2479 5611 2604 5662 Mss,
2633 5601 2836 5666 ﬁgurate
2860 5603 3125 5666 conscripta
3148 5607 3274 5652 sunt.

2307 5666 2326 5698 ⁸
2359 5676 2458 5714 am.
2484 5673 2558 5714 Er.
2586 5662 2642 5715 et'
2661 5662 2826 5727 plures
2850 5673 2974 5725 vss,
2998 5662 3121 5714 uitat
3144 5663 3385 5713 mendam.
