3880 6284
101 369 178 425 ππ
1439 337 1643 396 LIBER
1682 337 1880 398 unus.

96 493 202 536 me.
219 472 265 529 id
283 477 382 527 erat
399 465 533 523 enim
555 476 767 534 cogere,
788 459 864 516 sic
885 467 945 514 ea
965 453 1264 512 necessaria
1285 451 1601 522 praedicare,

96 579 289 637 tanquam
323 569 372 616 et
396 564 606 626 recepto
637 549 921 620 Evangelio
969 546 1112 602 nulla
1158 544 1275 600 sine
1318 543 1420 597 illis
1460 540 1605 595 salus

92 633 267 715 essetin
291 650 504 706 Christo.
540 645 652 698 lloc-
679 657 828 698 error
856 637 1212 709 quorumdam
1237 633 1474 703 putabat,
1507 633 1605 684 hoc

93 754 214 804 timor
231 742 350 798 Petri
371 736 670 800 simulabat,
699 735 799 788 hoc
819 731 1035 786 libertas
1056 727 1206 783 Pauli
1234 723 1604 795 redat-guebat.

92 835 204 905 Quod
226 845 337 901 ergo
362 829 464 893 ait,
500 823 745 878 Omnibus
775 821 943 876 omnia
983 822 1147 890 factus
1185 833 1325 880 sum,
1358 825 1410 868 ut
1439 828 1609 867 omnes

93 901 407 992 (confeceram;
433 912 807 986 compatiendo
847 911 902 965 id
939 911 1094 973 fecit,
1134 923 1238 962 non
1280 901 1606 960 mentiendo.

94 1018 154 1071 Fit
181 1014 298 1068 enim
333 1009 552 1080 quisque
598 1016 846 1075 tanquam
893 1002 981 1056 ille
1030 1000 1114 1055 cui
1155 997 1266 1051 vult
1306 995 1606 1057 subvenire,

93 1105 252 1176 quando
279 1110 410 1155 tanta
435 1096 800 1153 misericordia
830 1092 1106 1156 subvenit,
1139 1097 1332 1159 quanta
1359 1086 1456 1140 sibi
1483 1084 1612 1138 sub-

93 1197 218 1251 veniri
239 1194 400 1252 vellet,
426 1190 470 1244 si
497 1198 646 1244 esset
674 1187 785 1256 ipse
815 1188 874 1239 in.
895 1182 1082 1239 eadem
1111 1180 1323 1235 miseria
1352 1177 1611 1232 constitu-

95 1301 166 1344 tus.
192 1286 344 1354 Itaque
371 1281 428 1336 ﬁt
457 1289 711 1350 tanquam
742 1277 850 1342 ille,
879 1291 984 1330 non
1010 1275 1132 1343 quia
1160 1271 1291 1324 fallit
1319 1271 1489 1334 illum,
1520 1266 1613 1322 sed

92 1380 246 1450 quiase
269 1374 452 1446 Cogitat
489 1374 633 1427 sicut
669 1371 838 1424 illum.
872 1367 1024 1424 Unde
1050 1364 1178 1420 illud
1208 1373 1291 1417 est
1328 1363 1446 1432 ejus
1483 1375 1615 1432 apo-

92 1471 208 1534 stoli,
230 1464 356 1537 quod
389 1464 498 1534 jam
537 1476 700 1531 supra
741 1455 1154 1514 commemoravi
1186 1472 1198 1508 :
1230 1452 1434 1506 Fratres
1453 1491 1474 1516 ,
1497 1459 1542 1504 et
1573 1451 1616 1504 si

93 1565 404 1630 praeoccupatus
429 1554 584 1624 fuerit
609 1553 756 1604 homo
784 1550 835 1602 in
859 1547 1028 1617 aliquo
1056 1544 1259 1608 delicto,
1286 1558 1372 1594 vos
1397 1541 1482 1611 qui
1511 1540 1618 1609 spi-

93 1654 246 1708 rituales
279 1651 418 1714 estis,
446 1648 682 1702 instruite
709 1642 1001 1715 hujusmodi
1039 1641 1091 1695 in
1121 1639 1301 1710 spiritu
1329 1642 1618 1690 mansuetu-

93 1747 205 1809 diuis,
219 1742 458 1797 intendens
478 1750 526 1794 te
552 1741 822 1811 ipsum,ne
845 1745 890 1789 et
916 1744 968 1788 tu
998 1732 1198 1787 tentoria
1229 1729 1422 1799 (Galat.
1447 1741 1522 1791 vi,
1543 1727 1614 1796 1).

92 1836 187 1892 Nam
209 1835 244 1890 si
269 1841 540 1904 prepterea
572 1829 695 1898 quia
725 1827 859 1882 dixit
877 1867 892 1891 ,
928 1824 1119 1878 Factus
1148 1839 1258 1877 sum
1284 1820 1479 1874 Judwis
1503 1827 1618 1871 tan-

92 1945 204 1998 quam
225 1925 418 1978 Judteus
438 1965 454 1989 ,
483 1932 531 1976 et
562 1923 625 1976 iis
654 1920 740 1990 qui
767 1919 858 1972 sub
886 1916 1020 1988 Lege
1048 1922 1190 1968 erant
1211 1954 1226 1980 ,
1255 1922 1497 1979 tanquam
1527 1907 1619 1998 sub

95 1997 189 2088 Lege
215 2017 249 2088 (l
270 2014 378 2070 Cor.
406 2029 480 2078 tx,
501 2010 731 2081 20-22).;
759 2008 878 2063 ideo
904 2003 1167 2076 putandus
1195 2012 1276 2057 est
1296 1997 1622 2088 mendaciter

93 2086 334 2175 suscepisse
364 2103 516 2172 chis
550 2100 750 2156 veteris
784 2104 1114 2152 sacramenta
1145 2110 1158 2146 :
1190 2090 1371 2146 debuit
1399 2096 1454 2143 et
1481 2086 1621 2143 Gen-

95 2201 190 2252 tium
213 2195 548 2251 idololatriam
580 2192 771 2248 eodem
803 2189 961 2243 modo
992 2183 1298 2242 mentiendo
1327 2181 1618 2250 suscipere,

96 2290 184 2358 quia
208 2288 324 2342 dixit
344 2289 497 2344 etiam
531 2286 596 2339 iis
625 2284 715 2354 qui
746 2283 861 2336 sine
886 2282 1025 2350 Lege
1053 2285 1204 2334 erant
1232 2284 1481 2345 tanquam
1507 2273 1624 2327 sine

98 2379 198 2448 lege
218 2393 266 2431 se
291 2377 501 2440 factum,
529 2385 587 2428 ut
615 2389 710 2430 eos
737 2370 1074 2428 lucrifacerct
1103 2385 1116 2421 :
1146 2366 1286 2437 quod
1311 2365 1492 2434 utique
1518 2379 1625 2418 non

99 2472 203 2522 iecit.
221 2467 325 2522 Non
347 2468 484 2521 enim
513 2464 711 2519 alicubi
738 2461 1056 2517 sacriﬁcavit
1080 2458 1254 2523 idolis,
1277 2465 1367 2510 aut
1387 2453 1627 2508 adoravit

100 2563 159 2616 illa
182 2563 434 2630 ﬁgmenta;
477 2574 542 2614 ac
571 2575 678 2614 non
712 2556 884 2627 potius
931 2553 1094 2607 libere
1140 2563 1384 2620 tanquam
1425 2555 1628 2616 martyr

102 2653 247 2705 Christi
282 2650 588 2706 detestanda
635 2655 690 2701 et
729 2644 940 2699 vitanda
988 2640 1316 2697 monstravit.
1357 2638 1433 2692 De
1471 2637 1627 2691 nullis

102 2743 218 2812 igitur
255 2742 547 2811 apostolicis
592 2739 801 2800 actibus
844 2737 955 2791 sive
996 2732 1331 2789 sermonibus
1377 2730 1464 2785 isti
1500 2744 1626 2798 pro-

104 2839 233 2889 ferunt
268 2832 506 2887 imitanda
553 2829 800 2898 exempla
845 2825 1153 2882 mentiendi.
1201 2823 1274 2877 De
1303 2820 1629 2891 propheticis

104 2939 195 2993 ergo
225 2923 366 2978 factis
396 2939 488 2977 seu
523 2922 685 2977 dictis
714 2919 833 2973 ideo
859 2917 958 2972 sibi
990 2914 1235 2969 videntur
1261 2912 1460 2966 habere
1489 2910 1629 2979 quod

106 3014 352 3081 proferant,
396 3015 514 3083 quia
566 3013 762 3082 ﬁguras
802 3005 1236 3080 praenuntiativas
1281 3009 1467 3072 putant
1510 3013 1631 3055 esse

104 3107 354 3173 mendacia,
397 3121 460 3162 eo
501 3103 649 3176 quod
692 3099 980 3156 mendaciis
1019 3099 1122 3152 sint
1161 3093 1441 3164 aliquando
1480 3090 1630 3146 simi-

105 3199 152 3252 lia
168 3199 249 3270 (α).
273 3199 368 3256 Sed
405 3215 527 3254 cum
578 3196 880 3252 referuntur
919 3191 990 3246 ad
1026 3205 1117 3246 eas
1146 3205 1231 3244 res
1259 3196 1473 3259 propter
1501 3199 1632 3255 quas

106 3290 417 3359 signiﬁcantius
447 3290 516 3343 ita
556 3287 691 3341 facta
723 3284 806 3338 vel
835 3284 974 3338 dicta
1006 3289 1161 3346 sunt,
1195 3279 1530 3347 reperiuntur
1557 3275 1633 3328 si-

108 3381 411 3449 gniﬁcationes
431 3395 556 3436 esse
582 3392 816 3441 veraces,
844 3390 904 3428 ac
932 3390 1024 3444 per
1045 3372 1148 3426 hoc
1171 3370 1318 3424 nullo
1340 3367 1497 3421 modo
1517 3379 1634 3420 esse

110 3471 345 3526 mendacia.
387 3469 718 3525 Mendacium
769 3474 851 3521 est
897 3465 1091 3535 quippe
1143 3460 1270 3514 falsa
1319 3456 1634 3527 signiﬁcatio

111 3578 198 3617 cum
225 3565 467 3618 voluntate
511 3559 750 3617 fallendi.
782 3557 903 3612 Non
938 3564 1020 3611 est
1057 3561 1232 3607 autem
1275 3549 1408 3604 falsa
1438 3545 1637 3618 signiﬁ-

112 3653 240 3716 catio,
265 3654 342 3707 ubi
381 3653 474 3707 etsi
522 3649 664 3704 aliud
705 3664 768 3703 ex
809 3647 914 3702 alio
941 3643 1300 3714 signiﬁcatur,
1332 3653 1516 3694 verum
1554 3643 1636 3692 est

115 3751 246 3798 tamen
267 3745 394 3814 quod
419 3741 768 3814 significatur,
797 3739 840 3791 si
872 3743 1017 3791 recte
1049 3733 1388 3802 intelligatur.

162 3835 345 3894 CAPUT
374 3837 507 3892 Xlll-
535 3865 604 3875 ——
629 3833 716 3886 ‘27.
743 3830 1092 3884 Discutiuntur
1114 3826 1223 3879 loca
1245 3821 1505 3894 Evangelii
1526 3836 1638 3891 qua!

117 3925 294 3999 ridentur
320 3926 623 3998 patrocinari
650 3922 928 3977 mendacio.
958 3919 1185 3974 Christus
1212 3917 1425 3986 ﬁgurate
1450 3913 1637 3966 nescire

118 4030 155 4066 se
185 4017 304 4082 ﬁnxit
339 4020 463 4086 quod
510 4017 716 4070 sciebat.
758 4011 889 4066 Item
931 4009 1218 4080 prop/retice
1255 4015 1299 4060 et
1337 4005 1549 4076 ﬁgurate
1585 4019 1638 4057 se

121 4105 227 4171 finxit
251 4109 426 4180 longius
462 4111 558 4163 ire.
594 4106 726 4161 Sunt
764 4102 1003 4174 quaedam
1045 4097 1304 4168 ejusmodi
1335 4096 1491 4151 etiam
1519 4093 1635 4148 Sal-

122 4201 272 4254 ratoris
295 4202 340 4254 itt
365 4200 670 4271 Evangelii),
701 4197 823 4267 quia
853 4204 905 4248 et
931 4195 1042 4263 irse
1068 4190 1324 4245 Dominus
1347 4186 1639 4255 Propheta-

123 4301 208 4340 rum
239 4289 471 4360 PrOpheta
516 4306 636 4345 esse
665 4287 910 4356 dignatus
941 4293 1038 4338 cst.
1072 4281 1216 4335 Talia
1249 4287 1371 4333 sunt
1401 4277 1516 4341 illa,
1549 4273 1635 4329 ubi

125 4375 172 4431 de
188 4381 508 4453 mulierequm
529 4381 727 4435 ﬂuxum
758 4375 1026 4446 sanguinis
1054 4373 1364 4444 patiebatur,
1393 4368 1486 4434 ait,
1514 4367 1637 4433 Quis

127 4485 182 4523 me
203 4475 330 4544 tetigit
357 4474 502 4545 (Luc.
531 4488 628 4526 vni
647 4513 659 4532 ,
689 4472 777 4539 45)
798 4470 820 4524 ?
843 4477 896 4524 et
921 4467 985 4521 de
1010 4467 1244 4529 Lazaro,
1280 4461 1376 4516 Ubi
1405 4459 1636 4531 posuistis

131 4574 210 4613 eum
234 4562 385 4634 (Joan.
413 4582 506 4629 XI,
547 4563 673 4632 '54)?
713 4561 800 4616 Sic
837 4559 1032 4629 quippe
1075 4552 1448 4622 interrogavit,
1491 4549 1637 4620 quasi

132 4652 321 4709 nesciens
353 4656 486 4726 quod
530 4655 709 4723 utique
749 4651 967 4704 sciebat.
999 4648 1074 4701 Ac
1103 4661 1195 4714 per
1223 4643 1323 4696 hoc
1354 4641 1557 4696 nescire
1582 4654 1640 4693 se

136 4738 272 4808 finxit,
295 4755 346 4800 ut
370 4745 558 4817 aliquid
586 4743 724 4798 aliud
754 4743 839 4796 illa
869 4739 1012 4795 velut
1041 4735 1332 4808 ignorantia
1361 4748 1454 4787 sua
1481 4732 1641 4802 signi-

137 4831 436 4908 ficaretzqoze
479 4838 794 4908 signiﬁcatio
837 4832 1084 4903 quoniam
1126 4844 1283 4882 verax
1313 4834 1459 4891 erat,
1491 4839 1642 4878 men-

140 4920 295 4982 dacium
317 4931 537 4999 profecto
566 4944 669 4982 non
700 4935 830 4982 erat.
876 4925 980 4978 Eos
1006 4935 1230 4990 namque
1257 4916 1639 4988 signiﬁcabant,

140 5011 218 5067 sive
241 5016 309 5070 illa
335 5019 517 5075 fluxum
555 5017 826 5087 sanguinis
865 5015 1100 5084 patiens,
1142 5011 1254 5064 sive
1292 5009 1377 5062 ille
1405 5015 1645 5061 mortuus

144 5107 445 5169 quatriduanns
465 5153 480 5177 ,
509 5124 644 5180 quos
670 5108 827 5163 etiam
859 5104 946 5174 qui
973 5091 1163 5158 cuncta
1194 5099 1393 5155 sciebat
1417 5098 1644 5168 quodam

146 5193 260 5247 modo
296 5201 562 5257 nesciebat.
607 5199 736 5253 Nam
785 5206 838 5251 et
880 5196 965 5249 illa
1007 5201 1187 5265 typum
1229 5189 1445 5260 gerebat
1477 5187 1647 5258 plebis

147 5277 361 5354 Gentium,
387 5291 520 5345 unde
549 5288 821 5360 prmmissa
861 5285 1031 5339 fuerat
1062 5280 1337 5353 prophetia
1358 5322 1372 5347 ,
1416 5278 1648 5345 Populus

148 5383 252 5432 quem
282 5394 362 5432 non
392 5379 593 5451 regnovi
613 5419 629 5444 ,
666 5376 865 5431 servivit
902 5373 1026 5426 mihi
1071 5371 1237 5437 (Psal.
1266 5385 1406 5434 xvn,
1435 5367 1525 5438 45)
1555 5385 1568 5419 :
1595 5375 1650 5422 et

151 5455 324 5521 lamnis
344 5482 563 5526 remotus
587 5485 615 5524 a
638 5467 931 5523 viventibus
959 5475 1204 5534 tanquam
1231 5462 1300 5516 ibi
1323 5460 1532 5531 jacebat
1556 5474 1650 5528 per

153 5548 474 5619 Silill'llicativam
513 5559 940 5622 similitudinem,
984 5555 1073 5611 ubi
1113 5552 1202 5610 ille
1237 5551 1388 5622 cujus
1416 5565 1514 5604 vox
1546 5557 1647 5615 est,

199 5705 718 5780 i’tlFOrtehlegendutn,
757 5726 812 5763 co
851 5711 976 5775 quod
1015 5707 1275 5761 mendaciis
1330 5704 1422 5756 sint
1486 5703 1650 5766 aliqua

157 5773 220 5815 ποθι
239 5772 464 5829 dissimilia.

1713 449 1981 524 Projectus
2001 470 2112 508 sunt
2131 471 2163 508 a
2182 455 2310 526 facie
2331 457 2592 511 oculorum
2612 465 2818 512 tuorum
2832 457 3001 531 (Paul.
3021 477 3147 528 xxx,
3167 461 3292 532 25).
3351 432 3355 436 '

1713 543 1783 597 Et
1819 543 1940 599 ideo
1979 553 2226 616 tanquam
2271 547 2564 601 nesciretur
2607 563 2640 600 a
2681 547 2929 616 Christo,
2966 559 3019 605 et
3054 550 3141 605 illa
3172 567 3294 621 qua:

1714 633 1902 700 fuerit,
1931 643 1987 689 et
2012 635 2112 690 iste
2140 635 2225 690 ubi
2258 637 2462 706 positus
2487 636 2676 702 fuerit,
2704 638 2880 692 verbis
2917 639 3296 710 interrogantis

1715 734 1796 780 est
1823 727 2130 794 tignratum,
2164 735 2217 781 et
2253 741 2413 782 omne
2450 727 2670 781 vitatum
2707 729 2884 783 veraci
2910 727 3297 800 signiﬁcatione

1715 814 2072 869 mendacium.

1785 905 1874 958 28.
1909 905 2041 960 Hinc
2077 914 2159 960 est
2195 906 2352 960 etiam
2393 907 2520 961 illud
2561 907 2698 976 quod
2740 908 3169 964 eommcmorasti
3205 923 3300 964 eos

1716 995 1913 1060 dicere,
1945 997 2222 1050 Dominum
2247 996 2456 1062 lesum,
2480 1007 2820 1067 posteaquam
2850 998 3160 1064 resurrexit,
3186 1013 3302 1053 am-

1717 1089 1930 1143 bulasse
1958 1088 2009 1142 in
2041 1088 2240 1152 itinere,
2269 1103 2389 1140 cum
2431 1088 2634 1142 duobus
2672 1089 2975 1158 discipulis;
3005 1098 3054 1143 et
3087 1089 3302 1158 propin.

1717 1179 2001 1249 qnantibus
2030 1180 2106 1234 eis
2134 1179 2352 1234 castello
2380 1193 2483 1248 quo
2511 1179 2682 1243 ibant,
2716 1179 2862 1232 illum
2891 1179 3097 1249 longius
3125 1193 3182 1234 se
3219 1179 3302 1235 ire

1721 1271 1938 1325 tinxisse
1969 1289 1981 1325 :
2012 1270 2098 1324 ubi
2136 1269 2454 1339 evangelista
2492 1269 2699 1333 dicens»,
2731 1267 2853 1339 Ipse
2878 1278 3044 1322 autem
3072 1284 3124 1321 se
3151 1268 3301 1337 ﬁnxit

1721 1360 1918 1432 longius
1946 1362 2018 1414 ire
2047 1349 2194 1430 (Luc.
2219 1375 2368 1422 xxiv,
2397 1358 2519 1431 28);
2552 1360 2710 1413 etiam
2741 1359 2911 1428 ipsum
2941 1357 3160 1413 verbum
3199 1372 3300 1428 po-

1722 1454 1868 1520 suit,
1889 1469 1994 1522 quo
2023 1451 2305 1508 mendaces
2335 1452 2554 1506 nimium
2593 1451 2954 1515 delectantur,
2991 1458 3048 1503 ut
3084 1449 3301 1519 impune

1723 1545 2044 1598 mentiantur
2069 1562 2080 1596 :
2105 1545 2252 1614 quasi
2277 1543 2604 1598 mendacium
2632 1543 2700 1596 sit
2724 1557 2882 1598 omne
2902 1541 3043 1612 quod
3066 1540 3298 1612 ﬁngitur,

1722 1652 1840 1691 cum
1884 1637 2142 1690 veraciter
2183 1635 2322 1690 aliud
2369 1651 2433 1690 ex
2475 1635 2579 1690 alio
2624 1633 2950 1704 signiﬁcandi
2992 1648 3150 1690 causa
3193 1642 3302 1689 tam

1724 1731 1888 1785 multa
1917 1729 2192 1799 ﬁngantur.
2225 1729 2281 1783 Si
2305 1744 2430 1797 ergo
2459 1726 2590 1780 nihil
2613 1725 2755 1781 aliud
2781 1725 3128 1796 signiﬁcasset
3145 1724 3303 1781 Iesus

1725 1821 1777 1875 itt
1818 1835 1883 1875 eo
1921 1819 2060 1890 quod
2101 1819 2308 1889 longius
2351 1819 2426 1873 ire
2464 1832 2522 1872 se
2557 1817 2734 1884 ﬁnxit,
2767 1817 2954 1872 merito
2979 1816 3303 1886 judicaretur

1723 1926 1842 1966 esse
1864 1909 2193 1965 mendacium
2221 1926 2234 1961 :
2260 1923 2416 1978 porro
2443 1917 2624 1962 autem
2647 1907 2691 1960 si
2722 1907 2856 1961 bene
2885 1905 3222 1976 intelligatur,
3249 1913 3306 1961 et

1724 2003 1790 2057 ad
1821 2003 1872 2058 id
1903 2002 2040 2072 quod
2067 2001 2232 2055 voluit
2257 2000 2555 2070 signiﬁcare
2585 1998 2864 2062 referatur,
2897 1997 3162 2052 invenitur
3183 2010 3306 2053 esse

1726 2093 2057 2164 mysterium.
2083 2092 2326 2161 Alioquin
2348 2099 2505 2146 erunt
2525 2099 2711 2144 cuncta
2735 2087 3032 2154 mendacia,
3051 2103 3168 2158 qua}
3189 2101 3309 2158 pro-

1725 2195 1844 2256 pter
1871 2184 2151 2255 quamdam
2183 2199 2360 2238 rerum
2391 2181 2855 2252 signiﬁeandarum
2885 2178 3304 2245 similitudinem,

1727 2291 1849 2331 cum
1871 2285 2022 2346 gesta
2039 2290 2142 2328 non
2163 2274 2554 2342 sint,tanquam
2573 2280 2719 2340 gesta
2741 2278 3038 2324 narrantur.
3056 2268 3210 2325 Unde
3226 2277 3312 2325 est

1729 2368 1816 2422 illa
1844 2367 1912 2422 de
1937 2366 2142 2422 duobus
2166 2366 2320 2420 unius
2349 2364 2578 2418 hominis
2607 2363 2746 2429 ﬁliis,
2779 2364 2980 2430 majore
3003 2361 3090 2431 qui
3117 2360 3312 2416 mansit

1728 2460 1866 2530 apud
1895 2468 2095 2530 patrem
2126 2472 2301 2522 suum,
2335 2464 2389 2510 et
2417 2457 2620 2510 minore
2649 2456 2735 2524 qui
2767 2455 2920 2524 longe
2947 2453 3312 2523 peregrinatus

1729 2562 1830 2617 cst,
1869 2563 1971 2606 tam
2002 2551 2202 2622 prolixa
2232 2549 2465 2604 narratio
2494 2548 2604 2618 (1d.
2636 2562 2727 2614 xv,
2757 2547 2972 2616 11-52).
3003 2546 3057 2600 In
3086 2561 3192 2616 quo
3219 2561 3312 2616 ge-

1730 2659 1857 2699 nere
1882 2642 2110 2714 ﬁngendi
2140 2642 2370 2695 humana
2397 2640 2554 2694 etiam
2587 2639 2722 2692 facta
2751 2637 2829 2691 vel
2858 2637 3000 2690 dicta
3029 2637 3312 2690 irrationa-

1732 2734 1870 2788 libus
1897 2731 2248 2786 animantibus
2278 2740 2331 2784 et
2362 2729 2521 2783 rebus
2549 2742 2706 2782 sensu
2737 2725 3038 2780 carentibus
3069 2725 3312 2781 homines

1731 2823 2066 2888 addiderunt,
2094 2830 2151 2876 ut
2175 2820 2431 2890 ejusmodi
2461 2819 2593 2872 ﬁctis
2615 2816 3020 2878 narrationibus,
3044 2815 3136 2869 sed
3159 2829 3314 2871 vera-

1733 2917 1881 2972 cibus
1927 2913 2430 2985 signiﬁcationibus,
2481 2912 2619 2981 quod
2657 2910 2855 2964 vellent
2893 2906 3313 2964 commendatius

1735 3008 2056 3063 intimarent.
2106 3005 2212 3059 Nec
2258 3002 2395 3073 apud
2444 3011 2688 3056 auctores
2733 3007 2934 3053 tantum
2978 2997 3314 3052 saecularium

1735 3102 2028 3156 litterarum
2047 3139 2064 3162 ,
2094 3107 2150 3150 ut
2179 3096 2317 3166 apud
2350 3094 2642 3157 lloratium,
2675 3109 2791 3146 mus
2817 3091 3050 3161 loquitur
3073 3088 3232 3157 muri,
3258 3097 3316 3144 et

1737 3190 1958 3244 mustela
1990 3188 2280 3258 vulpecula:
2300 3227 2314 3250 ,
2344 3194 2402 3238 ut
2445 3200 2536 3253 per
2576 3181 2930 3236 narrationem
2963 3179 3135 3234 ﬁctam
3163 3178 3230 3234 ad
3259 3178 3315 3233 id

1735 3280 1874 3351 quod
1902 3280 2098 3349 agitur,
2123 3293 2246 3331 vera
2277 3275 2587 3347 significatio
2613 3273 2871 3328 referatur
2904 3270 3112 3343 (Horat.
3141 3271 3313 3327 Serm.

1739 3371 1824 3424 lib.
1847 3369 1901 3434 ἓ,
1929 3379 2026 3424 sat.
2051 3371 2122 3434 6;
2150 3377 2193 3422 et
2223 3367 2384 3438 Epist.
2413 3366 2498 3420 lib.
2527 3366 2576 3430 1,
2604 3365 2748 3432 epist.
2773 3364 2863 3434 7);
2891 3361 3031 3417 unde
3057 3370 3109 3416 et
3128 3359 3317 3432 Esopi

1739 3464 1869 3518 tales
1899 3461 2100 3517 fabulas
2131 3460 2195 3514 ad
2222 3475 2344 3514 eum
2377 3458 2531 3512 ﬁnem
2560 3457 2774 3523 relatas,
2804 3455 2981 3510 nullus
3006 3462 3112 3509 tam
3139 3455 3318 3508 ineru-

1738 3553 1876 3608 ditus
1915 3552 2044 3618 fuit,
2077 3550 2163 3620 qui
2196 3558 2399 3619 putaret
2437 3546 2745 3618 appellanda
2787 3545 3058 3600 mendacia
3091 3562 3106 3599 :
3137 3544 3230 3599 sed
3260 3544 3316 3600 in

1738 3643 1952 3698 Litteris
1981 3656 2192 3711 quoque
2220 3640 2385 3695 sacris
2403 3680 2423 3706 ,
2451 3639 2584 3694 sicut
2626 3638 2675 3690 in
2720 3637 2876 3691 Libro
2904 3635 3144 3690 .ludieum
3173 3635 3317 3706 ligna

1738 3736 1835 3790 sibi
1870 3750 2044 3805 regem
2076 3734 2388 3803 requirunt,
2416 3739 2470 3786 et
2508 3731 2790 3800 loquuntur
2825 3728 2888 3782 ad
2919 3728 3088 3784 oleam
3109 3768 3125 3794 ,
3157 3735 3210 3782 ct
3247 3726 3318 3782 ad

1741 3829 1930 3889 ﬁcum',
1963 3835 2016 3881 et
2051 3825 2117 3879 ad
2158 3824 2340 3885 vitem,
2382 3832 2434 3879 et
2471 3821 2535 3876 ad
2578 3822 2761 3876 rttbum
2803 3819 2994 3890 (ludio.
3027 3835 3108 3884 tx,
3137 3816 3316 3890 8-15).

1739 3917 1888 3985 Quod
1913 3917 2092 3985 utique
2118 3924 2282 3969 totum
2308 3913 2539 3982 ﬁngitur,
2565 3921 2618 3964 ut
2639 3910 2702 3963 ad
2732 3926 2842 3964 rem
2868 3925 2985 3980 qua:
3007 3907 3316 3975 intenditur,

1741 4009 1857 4063 ﬁcta
1885 4007 2094 4078 quidem
2127 4005 2450 4070 narratione,
2479 4017 2582 4057 noa
2617 4001 2852 4055 mendaci
2882 4009 3078 4066 tamen,
3107 3999 3201 4053 sed
3225 4013 3319 4054 ve—

1739 4100 1845 4155 raci
1871 4097 2252 4168 signiﬁcatione
2277 4094 2535 4148 veniatur.
2570 4091 2690 4146 llaec
2717 4090 2824 4143 disi
2856 4098 3068 4158 propter
3098 4087 3148 4142 id
3175 4088 3319 4157 quod

1739 4191 1989 4259 scriptum
2020 4195 2101 4242 est
2129 4188 2192 4240 de
2220 4185 2342 4240 Jesu
2364 4225 2379 4249 ,
2410 4183 2474 4236 Et
2499 4186 2604 4253 ipse
2631 4198 2683 4234 se
2711 4181 2853 4248 ﬁnxit
2879 4180 3075 4250 longius
3103 4181 3176 4233 ire
3204 4194 3223 4232 :
3247 4193 3318 4236 ne

1740 4283 2015 4352 quisquam
2045 4294 2114 4334 ex
2144 4277 2246 4330 hoc
2277 4274 2457 4337 verbo,
2490 4273 2623 4327 sicut
2657 4271 3084 4336 l‘t'iseillianistte,
3115 4269 3317 4324 licitum

1740 4373 1922 4427 volens
1965 4370 2162 4423 habere
2204 4366 2567 4429 mendacium,
2613 4364 2828 4432 insuper
2863 4361 3020 4415 etiam
3045 4359 3316 4415 Christum

1741 4463 2025 4520 contendat
2051 4461 2211 4516 fuisse
2231 4459 2523 4514 mentitum.
2553 4457 2797 4525 Quisquis
2819 4463 2992 4508 autem
3020 4453 3128 4507 vult
3157 4451 3317 4506 intel-

1742 4560 1905 4628 ligere
1937 4554 2062 4610 illud
2093 4552 2334 4622 tingendo
2363 4549 2486 4620 quid
2521 4547 2898 4618 pne-ﬁguravit,
2923 4543 3157 4599 attendat
3189 4543 3318 4613 quid

1742 4651 1948 4724 agendo
1993 4647 2291 4720 perfecerit.
2324 4643 2553 4714 Longius
2584 4656 2808 4708 namque
2842 4649 3025 4706 postea
3054 4635 3319 4706 profectus

1743 4759 1903 4814 super
1947 4754 2133 4796 omnes
2175 4738 2367 4797 C(BIOS,
2397 4750 2502 4788 non
2552 4742 2723 4786 tamen
2764 4728 2996 4783 deseruit
3033 4725 3320 4797 discipulos

1745 4850 1889 4893 suos.
1919 4834 2141 4901 Propter
2164 4829 2264 4883 hoc
2291 4823 2690 4896 signiﬁcandum
2721 4822 2954 4874 futurum
2973 4818 3224 4874 divinitus
3244 4816 3321 4873 fa-

1745 4937 1908 4991 ctum,
1940 4925 2004 4978 ad
2035 4936 2269 4993 praesens
2296 4918 2423 4972 illud
2449 4926 2531 4971 est
2563 4914 2866 4969 humanitus
2893 4913 3088 4968 ﬁctum.
3110 4911 3178 4966 Et
3199 4910 3322 4966 ideo

1746 5015 2060 5086 signiﬁcatio
2099 5026 2256 5066 verax
2298 5010 2348 5062 itt
2390 5008 2474 5060 illa
2515 5015 2595 5060 est
2627 5005 2834 5059 fictione
2863 5003 3173 5072 praemissa,
3198 5002 3323 5072 quia

1749 5109 1800 5163 in
1824 5107 1922 5160 hac
1947 5101 2271 5175 profectione
2295 5099 2436 5152 illius
2460 5103 2542 5152 est
2565 5094 2961 5165 signiﬁcationis
2985 5093 3178 5148 veritas
3197 5089 3325 5146 sub-

1750 5205 1950 5256 secuta.
1981 5194 2075 5248 Ille
2103 5191 2260 5263 igitur
2285 5187 2568 5245 contendat
2594 5186 2858 5240 Christum
2894 5183 3168 5238 mentitum
3203 5195 3326 5235 esse

1751 5293 2028 5366 ﬁngendo,
2059 5289 2148 5362 qui
2177 5295 2334 5358 negat
2369 5300 2489 5340 eum
2519 5281 2658 5353 quod
2687 5277 3000 5352 signiﬁcavit
3024 5273 3326 5346 implevisse

1751 5384 2010 5442 faciendo.

1821 5473 2046 5532 CAPUT
2075 5471 2214 5528 XIV.
2248 5501 2321 5515 -—-
2351 5469 2440 5524 29.
2475 5465 2722 5536 Exempla
2748 5463 3026 5533 Scriptura:
3049 5455 3251 5521 veteris,
3283 5455 3330 5510 si

1753 5584 1864 5640 qua:
1889 5567 1956 5620 ibi
1981 5575 2253 5619 narrantur
2282 5561 2537 5615 hominum
2565 5557 2840 5618 mendacia,
2874 5569 2973 5605 non
3000 5565 3103 5604 esse
3127 5548 3330 5602 imitan-

1756 5661 1842 5713 da.
1874 5658 1938 5713 Ut
1962 5674 2057 5709 non
2081 5653 2323 5708 imitanda
2343 5651 2492 5704 Juda;
2513 5645 2796 5718 for-tticatio,
2819 5643 2888 5695 ita
2910 5657 2997 5692 nec
3017 5637 3332 5692 mendacium

1762 5752 2000 5805 Thamar.
2029 5748 2160 5814 Quia
2194 5759 2318 5814 ergo
2349 5757 2452 5796 non
2483 5736 2753 5795 inveniunt
2789 5729 3069 5787 mendaces
3096 5727 3332 5787 haeretici
