3880 6284
620 466 673 520 in
704 460 1028 520 Testamenti
1053 458 1184 519 Novi
1211 460 1403 518 litteris
1431 461 1683 518 imitanda
1712 461 1954 532 exempla
1981 458 2206 517 menda-

616 553 708 621 cii,
736 552 1133 624 copiosissimos
1170 567 1230 609 se
1266 565 1388 609 esse
1423 553 1731 610 existimant
1758 554 1810 608 in
1840 552 1939 609 hac
1966 552 2206 622 disputa-

617 647 789 713 tione,
816 660 921 717 qua
959 645 1245 715 epinantur
1278 659 1401 702 esse
1439 644 1800 700 mentiendum
1821 685 1836 711 ,
1868 658 1989 699 cum
2017 643 2085 698 de
2111 657 2204 698 ve-

617 736 819 792 teribus
847 735 1168 807 propheticis
1198 735 1401 802 Libris,
1428 736 1551 806 quia
1592 748 1697 788 non
1737 733 1811 788 ibi
1846 741 2066 803 apparet
2103 733 2201 788 nisi

619 826 1036 897 intelligentibus
1058 826 1240 896 paucis
1258 841 1362 893 quo
1384 826 1679 880 referantur
1698 823 2040 895 signiﬁcativa
2062 824 2201 880 dicta

616 919 700 974 vel
732 919 864 973 facta
891 918 1120 984 veracia,
1147 918 1308 973 multa
1334 916 1433 972 sibi
1462 916 1707 971 videntur
1731 916 1968 971 invenire
1991 932 2055 972 ac
2080 931 2204 988 pro.

614 1008 757 1064 terre
776 1006 1070 1063 mendacia.
1088 1005 1193 1063 Sed
1216 1005 1412 1062 habere
1431 1006 1709 1076 cupientes
1730 1006 1921 1077 quibus
1941 1022 2000 1062 se
2022 1017 2201 1063 tuean-

616 1106 702 1153 tur
730 1099 872 1153 velut
899 1098 1149 1152 imitanda
1175 1099 1423 1169 exempla
1459 1098 1710 1165 fallendi,
1737 1114 1796 1154 se
1822 1098 1964 1170 ipsos
1989 1098 2194 1165 fallunt,

611 1200 664 1246 et
692 1190 944 1246 mentitur
968 1205 1153 1246 eorum
1181 1191 1428 1262 iniquitas
1453 1191 1551 1246 sibi
1581 1188 1752 1265 (Psat.
1775 1206 1929 1258 xxvr,
1953 1190 2064 1264 12).
2088 1189 2197 1247 like

609 1290 786 1336 autem
816 1295 1088 1350 personae,
1112 1295 1246 1352 quas
1274 1279 1597 1336 credendum
1626 1280 1696 1335 ibi
1722 1296 1827 1336 non
1854 1289 1938 1338 est
1962 1281 2195 1352 prophe-

610 1382 723 1427 tare
749 1370 1012 1438 voluisse,
1055 1372 1101 1427 si
1139 1371 1267 1443 quid
1304 1371 1544 1428 l‘acieudo
1568 1371 1652 1428 vel
1681 1371 1908 1427 dicendo
1932 1370 2197 1427 ﬁnxerunt

608 1462 880 1518 voluntate
905 1462 1152 1528 fallendi;
1178 1462 1427 1535 quamvis
1446 1478 1509 1518 ex
1537 1462 1672 1531 ipsis
1687 1477 1897 1533 quoque
1926 1462 2075 1517 laetis
2098 1476 2194 1518 ea-

607 1568 724 1608 rum
754 1553 868 1610 sive
896 1553 1052 1610 dictis
1086 1553 1284 1626 aliquid
1326 1553 1690 1626 preplieticnm
1727 1553 1896 1625 possit
1931 1552 2195 1624 exsculpi,

604 1650 702 1715 per
722 1644 862 1700 illius
882 1646 1317 1716 omnipotentiam
1342 1645 1766 1717 pra'seminatum
1790 1654 1946 1715 atque
1966 1643 2195 1714 diSposi-

606 1747 741 1805 tum,
769 1737 860 1809 qui
884 1738 1019 1794 bene
1043 1740 1117 1794 uti
1142 1740 1287 1793 novit
1314 1739 1474 1794 etiam
1501 1736 1655 1791 malis
1679 1737 1986 1803 hominum;
2011 1746 2190 1794 tamen

606 1839 860 1899 quantum
899 1829 964 1884 ad
1005 1831 1144 1901 ipsas
1177 1829 1395 1894 attinet,
1425 1832 1542 1885 sine
1580 1828 1911 1884 dubitatione
1954 1830 2192 1886 mentitae

604 1930 750 1974 sunt.
774 1918 880 1976 Sed
908 1936 1013 1975 non
1048 1920 1164 1975 ideo
1202 1920 1398 1976 debent
1425 1920 1674 1975 imitanda
1704 1918 2027 1988 existimari,
2068 1922 2188 1992 quia

604 2006 659 2068 in
690 2014 770 2069 eis
800 2014 1134 2083 reperiuntur
1160 2013 1332 2069 Libris
1368 2014 1456 2085 qui
1495 2014 1662 2068 sancti
1703 2021 1756 2069 et
1791 2012 1955 2069 divini
1997 2013 2188 2070 merito

603 2107 963 2161 nominantur.
992 2106 1197 2162 [labent
1239 2107 1378 2163 enim
1418 2106 1713 2177 conscripta
1752 2114 1813 2162 et
1844 2106 1982 2162 mala
2010 2105 2183 2162 homin

602 2208 730 2249 num
757 2204 810 2251 et
836 2196 1007 2259 bona;
1036 2197 1122 2251 illa
1149 2196 1357 2251 vitanda
1376 2238 1392 2264 ,
1420 2196 1521 2252 ista
1547 2195 1796 2252 sectanda
1821 2211 1837 2253 :
1865 2206 1920 2252 et
1941 2196 2184 2268 quaedam

602 2286 675 2341 ita
708 2290 875 2357 posita
904 2297 960 2343 tit
983 2289 1050 2344 de
1078 2289 1180 2345 illis
1207 2290 1365 2345 etiam
1394 2292 1594 2360 prolata
1624 2290 1693 2345 sit
1713 2291 1972 2346 sententia
1990 2332 2004 2356 ,
2033 2306 2182 2363 qua:-

600 2374 724 2432 dam
753 2393 876 2433 vero
903 2381 1061 2434 tacito
1089 2380 1157 2435 ibi
1177 2380 1378 2449 judicio
1404 2381 1557 2436 nobis
1576 2380 1858 2451 judicanda
1886 2383 2180 2453 permissa;

601 2470 851 2541 quoniam
882 2488 985 2526 non
1016 2472 1189 2528 solum
1222 2489 1318 2528 nos
1349 2474 1537 2529 nutriri
1565 2474 1889 2542 manifestis,
1919 2490 2105 2532 verum
2127 2484 2189 2533 et

598 2565 833 2620 exerceri
860 2564 1140 2634 oportebat
1173 2565 1432 2622 obscuris.

669 2654 758 2711 30.
789 2654 898 2711 Cur
921 2667 1098 2711 autem
1129 2655 1213 2712 isti
1252 2656 1561 2713 imitandam
1588 2659 1689 2714 sibi
1719 2659 1953 2717 Thamar
1993 2660 2181 2719 existi-

595 2754 743 2804 mant
769 2748 1107 2804 mentientem
1131 2790 1147 2815 ,
1176 2759 1233 2805 et
1265 2749 1581 2807 imitandum
1620 2751 1811 2807 Iudam
1855 2768 1958 2809 non
1988 2753 2177 2810 existi-

595 2851 745 2896 niant
770 2838 1116 2896 fornicantcm
1152 2839 1302 2914 (Cen.
1348 2859 1550 2899 xxxviii
1580 2885 1595 2908 ,
1642 2844 1828 2916 14-18)
1853 2845 1878 2897 ‘l
1915 2846 1989 2902 lbi
2031 2847 2174 2904 enim

594 2939 879 3003 utrumque
901 2931 1178 3003 legerunt:
1206 2940 1263 2988 et
1287 2932 1418 2988 nihil
1445 2933 1634 2990 horum
1656 2935 1928 3007 Scriptura
1952 2937 2039 2993 illa
2061 2937 2175 2994 sive

594 3023 865 3095 culpavit,
909 3025 1023 3080 sive
1057 3024 1325 3092 laudavit;
1358 3026 1451 3082 sed
1482 3030 1846 3084 tantummodo
1890 3040 2175 3102 utrumque

589 3114 846 3181 narravit,
871 3125 925 3171 et
943 3113 1286 3185 iudicandum
1315 3117 1470 3174 nobis
1490 3127 1772 3190 utrumque
1803 3120 2005 3176 dimisit
2032 3140 2045 3177 :
2077 3122 2173 3178 sed

592 3205 788 3260 mirum
815 3203 862 3261 si
885 3204 1084 3276 aliquid
1114 3205 1301 3261 horum
1328 3207 1640 3264 imitandum
1667 3210 1884 3282 impune
1910 3214 2169 3284 permisit.

591 3293 744 3364 Quod
773 3295 914 3350 enim
947 3294 1180 3352 Thamar
1215 3311 1320 3353 non
1360 3299 1733 3355 meretricandi
1773 3301 1993 3358 libidine
2020 3344 2035 3370 ,
2075 3303 2170 3360 sed

589 3386 925 3457 concipiendi
951 3388 1222 3445 voluntate
1246 3390 1470 3446 mentita
1489 3390 1587 3459 sit,
1611 3389 1872 3449 novimus.
1898 3394 2093 3451 Verum
2117 3402 2172 3451 et

590 3476 1118 3546 fornicatio,.etiamsi
1141 3481 1291 3537 Judae
1313 3483 1434 3538 talis
1453 3482 1701 3551 nonfuit,
1726 3494 1905 3556 potest
1927 3501 2047 3543 esse
2070 3503 2171 3544 cu-

583 3570 816 3643 juspiam
836 3587 939 3642 qua
962 3572 1119 3629 faciat
1145 3584 1201 3629 ut
1221 3574 1381 3631 homo
1401 3575 1673 3645 liberetur,
1696 3577 1835 3634 sicut
1854 3579 1993 3635 illius
2014 3594 2169 3636 men-

585 3661 799 3717 dacium
826 3660 923 3717 fuit
945 3673 1004 3718 ut
1029 3662 1188 3718 homo
1213 3665 1613 3737 conciperetur:
1631 3669 1887 3741 numquid
1919 3680 2167 3742 prepter-

588 3767 652 3808 ea
705 3753 864 3809 etiam
899 3752 1261 3811 foruicandum
1289 3768 1407 3824 est,
1451 3759 1496 3814 si
1526 3769 1743 3831 propter
1782 3760 1912 3817 illud
1950 3773 2169 3834 putatur

587 3842 753 3900 fuisse
782 3845 1188 3902 mentiendum?
1225 3848 1339 3904 Non
1383 3850 1451 3906 de
1479 3853 1595 3907 solo
1634 3852 1810 3924 itaque
1847 3853 2126 3911 mendacio
2147 3898 2164 3923 ,

586 3936 682 3993 sed
709 3936 778 3993 de
801 3938 1051 3994 omnibus
1075 3941 1322 4011 operibus
1343 3941 1616 3999 hominum
1643 3943 1696 3999 in
1717 3945 1909 4016 quibus
1933 3946 2167 4004 existunt

585 4030 732 4087 velut
754 4032 1147 4102 eompensativa
1172 4043 1410 4104 peccata,
1436 4035 1881 4093 considerandum
1902 4047 1983 4095 est
2006 4053 2164 4111 quam

582 4121 901 4178 sententiam
927 4122 1166 4192 proferre
1190 4124 1517 4191 debeamus;
1545 4142 1611 4182 ne
1636 4126 1938 4200 aperiamus
1961 4129 2163 4188 aditum

583 4228 691 4270 non
719 4223 923 4270 tantum
953 4216 1132 4287 parvis
1170 4218 1467 4290 quibusque
1491 4220 1725 4290 peccatis
1743 4261 1760 4287 ,
1787 4236 1973 4279 verum
2002 4223 2163 4280 etiam

581 4305 873 4362 sceleribus
898 4309 1125 4375 cunctis,
1149 4311 1461 4381 nullumque
1489 4321 1763 4369 remaneat
1798 4311 2025 4383 facinus,
2066 4313 2165 4371 lla-

580 4397 789 4469 gitium,
813 4399 1168 4470 sacrilegium,
1202 4400 1253 4454 in
1279 4397 1385 4471 quo
1409 4417 1568 4457 causa
1592 4420 1695 4458 non
1729 4405 1893 4474 possit
1927 4406 2162 4464 existere

580 4504 684 4561 qua
705 4497 849 4546 recte
872 4488 1113 4544 videatur
1131 4505 1250 4546 esse
1270 4491 1587 4560 iaciendum,
1610 4493 2018 4568 universamque
2041 4496 2161 4554 vita:

581 4581 900 4654 probitatem
927 4582 1106 4653 opinio
1136 4581 1233 4636 ista
1262 4582 1553 4639 subvertat.

648 4671 874 4729 CAPUT
911 4671 1027 4727 XV.
1055 4703 1127 4714 —
1154 4672 1242 4730 5|.
1285 4671 1608 4730 Mendacium
1650 4692 1847 4748 seniper
1882 4694 1988 4733 esse
2022 4679 2161 4751 inju-

578 4772 710 4818 stam
732 4802 748 4832 ,
776 4781 888 4818 cum
914 4765 979 4819 sit
1004 4775 1259 4835 peccatum
1286 4774 1333 4822 et
1371 4767 1569 4822 veritati
1600 4768 1928 4824 contrarium.
1959 4769 2028 4825 In
2058 4770 2164 4827 Hr-

578 4852 726 4911 braris
776 4856 1112 4912 obstetricibus
1137 4868 1183 4914 et
1215 4860 1268 4915 in
1294 4860 1438 4917 Raab
1465 4877 1564 4916 non
1586 4873 1903 4918 remunerata
1926 4865 2155 4937 fallacia,

577 4945 667 5000 sed
692 4947 1049 5005 benevolentia.
1094 4950 1234 5006 Nihil
1267 4962 1442 5007 autem
1481 4954 1798 5023 judicandus
1831 4965 1914 5012 est
1942 4957 2153 5027 dicere,

577 5036 666 5106 qui
698 5034 829 5093 dicit
852 5037 1027 5109 aliqua
1052 5040 1193 5109 justa
1220 5058 1339 5097 esse
1365 5043 1662 5113 mendacia,
1693 5046 1793 5102 nisi
1816 5047 1988 5120 aliqua
2010 5048 2154 5120 justa

576 5142 697 5184 esse
736 5138 987 5211 peccata,
1023 5146 1087 5186 ac
1113 5147 1207 5200 per
1234 5133 1334 5190 hoc
1358 5134 1533 5206 aliqua
1553 5136 1695 5207 justa
1727 5154 1845 5195 esse
1874 5157 1993 5213 quae
2015 5141 2155 5213 inju-

575 5230 657 5275 sta
684 5228 810 5277 sunt
838 5238 851 5274 :
878 5236 984 5292 quo
1008 5221 1132 5292 quid
1160 5222 1441 5284 absurdius
1467 5226 1567 5284 dici
1599 5230 1808 5299 potest?
1833 5230 1985 5288 Unde
2009 5235 2152 5290 enim

572 5322 655 5368 est
687 5322 981 5384 peccatum,
1014 5314 1116 5369 nisi
1142 5316 1263 5385 quia
1294 5316 1514 5386 justitia:
1551 5322 1876 5377 contrarium
1915 5324 2041 5379 est?
2069 5325 2155 5381 Di—

574 5415 765 5461 cantur
793 5422 921 5478 ergo
940 5406 1046 5462 alia
1073 5423 1278 5479 magna,
1304 5410 1405 5465 alia
1428 5426 1587 5489 parva
1612 5429 1732 5469 esse
1757 5422 2003 5485 peccata;
2026 5418 2148 5489 quia

570 5512 754 5555 verum
777 5507 877 5562 est,
910 5513 1009 5554 nec
1030 5499 1434 5557 auscultandum
1465 5486 1660 5560 Stoicis
1688 5505 1776 5576 qui
1803 5508 1976 5561 omnia
2000 5486 2147 5579 paria

571 5603 692 5645 esse
712 5587 1040 5647 contendunt
1063 5609 1077 5643 :
1100 5590 1283 5650 dicere
1302 5603 1480 5649 autem
1501 5593 1741 5665 quaedam
1766 5596 1977 5667 injusta,
2002 5615 2149 5671 quze-

570 5680 692 5736 dam
713 5681 855 5752 iusta
892 5698 1015 5742 esse
1040 5692 1279 5755 peccata,
1318 5683 1445 5756 quid
1486 5694 1569 5742 est
1603 5687 1747 5743 aliud
1773 5705 1930 5761 quam
1972 5691 2155 5752 dicere

572 5771 829 5843 quasdam
868 5789 988 5834 esse
1029 5773 1279 5844 injustas,
1324 5775 1578 5846 quasdam
1603 5777 1771 5848 justas
1800 5781 2150 5854 iniquitates?

1645 346 1923 405 CONTRA
1963 341 2381 415 MENDACIUM,
2411 346 2467 404 S.
2510 349 2876 410 AUGUSTINI
3600 432 3603 435 Δ
3727 378 3797 442 ω

2314 477 2436 519 cum
2465 462 2609 560 dicat
2632 470 2904 540 apostolus
2927 471 3189 543 Joannes,
3218 474 3394 534 Omnis
3423 481 3508 552 qui
3538 484 3646 555 facit
3669 506 3796 560 ραι.

2308 564 2437 660 t-ttm,
2468 558 2589 628 facit
2611 570 2659 615 et
2695 561 3045 633 iniquitatem;
3085 576 3131 622 et
3166 580 3418 638 peccaturo
3455 558 3737 648 iniquitatem
3768 588 3797 660 (l

2305 646 2461 704 1mm.
2486 667 2543 707 ιη
2558 694 2572 718 ,
2601 652 2657 726 4)
2680 654 2704 708 ?
2743 654 2855 711 Non
2878 673 3006 729 ergo
3028 668 3202 730 potest
3223 663 3421 730 justum
3440 646 3553 723 esse
3570 646 3789 746 peccaturi;

2306 740 2407 839 nisi
2440 757 2560 799 cum
2607 749 2806 815 peccati
2843 765 3036 807 nomen
3075 753 3126 807 in
3155 756 3256 809 alia
3284 772 3342 812 re
3372 759 3632 831 ponimus,
3667 766 3708 822 in
3730 740 3797 839 qua

2304 832 2533 904 quisque
2558 850 2660 891 non
2702 849 2904 908 peccat,
2941 842 3032 899 sed
3059 853 3150 898 aut
3173 845 3296 900 facit
3321 849 3515 918 aliquid
3540 861 3622 908 aut
3653 832 3797 925 patitur

2304 934 2402 991 pro
2442 935 2678 991 peccato.
2711 926 2843 983 Nam
2887 938 2943 986 et
2981 933 3241 990 sacriﬁcia
3269 951 3364 1006 pro
3398 942 3617 1009 peccatis
3639 960 3796 1014 pecul:

2302 1013 2562 1082 appellata
2592 1025 2755 1082 sunt,
2797 1027 2853 1075 et
2891 1035 3062 1090 preme
3102 1036 3440 1095 peccatorum
3477 1013 3697 1091 dicuntur
3725 1039 3798 1093 aii-

2301 1106 2514 1175 quando
2537 1121 2768 1201 peccata.
2795 1113 2917 1170 llaec
2936 1117 3089 1185 plane
3108 1130 3327 1189 possunt
3354 1121 3567 1195 intelligi
3583 1124 3699 1194 justa
3714 1144 3802 1200 pee-
3852 1192 3853 1201 χ

2300 1205 2438 1290 cata,
2457 1213 2578 1253 eum
2595 1200 2736 1271 justa
2759 1203 3007 1262 dicuntur
3024 1209 3303 1278 sacriﬁcia,
3328 1215 3412 1269 vel
3432 1214 3563 1287 iusta
3586 1221 3800 1290 supplicia.
3852 1248 3853 1289 1

2300 1285 2375 1341 Ea
2407 1303 2536 1343 vero
2565 1304 2683 1361 qua:
2708 1305 2892 1350 contra
2921 1296 3102 1367 legem
3133 1299 3239 1355 υῖεὶ·
3256 1300 3391 1358 ﬁunt
3410 1285 3593 1375 ,Vjusta
3729 1328 3808 1370 non

2300 1386 2540 1447 possunt.
2568 1381 2774 1439 Dictum
2795 1397 2876 1441 est
2901 1397 3077 1445 autem
3107 1390 3233 1453 Deo.
3258 1390 3368 1450 Lex
3392 1404 3478 1449 tua
3498 1399 3661 1456 raritas
3678 1399 3803 1471 (Ptol.
3852 1456 3853 1461 η

2296 1484 2495 1561 crvtn,
2527 1471 2670 1544 142).
2702 1477 2778 1532 Ac
2804 1492 2899 1547 per
2936 1477 3038 1536 hoc
3064 1483 3204 1553 quod
3235 1494 3318 1540 est
3341 1496 3523 1542 contra
3560 1490 3803 1561 veritatem,

2293 1560 2494 1630 justum
2516 1578 2633 1620 esse
2653 1581 2760 1622 non
2785 1577 2978 1638 potest.
3002 1570 3132 1641 Quis
3152 1585 3329 1630 autem
3359 1576 3558 1633 dubitet
3575 1591 3728 1637 contra
3744 1599 3806 1639 ve-
3852 1560 3853 1641 ξ

2296 1650 2504 1708 ritatcm
2533 1669 2653 1711 esse
2679 1658 3014 1716 mendacium
3048 1679 3208 1720 omne
3226 1665 3260 1721 ‘l
3292 1666 3503 1722 Nullum
3526 1673 3803 1742 ergojustum

2295 1754 2415 1797 esse
2434 1753 2605 1813 potest
2616 1748 2971 1806 mendacium.
2989 1753 3115 1808 Item
3133 1755 3218 1810 cui
3237 1772 3342 1812 non
3359 1759 3552 1815 clareat
3566 1776 3623 1818 ex
3639 1766 3804 1822 veritate

2293 1846 2416 1890 esse
2440 1850 2601 1893 omne
2627 1840 2767 1908 quod
2789 1840 3004 1912 justum.
3021 1846 3146 1901 est?
3167 1848 3379 1904 Clamat
3399 1859 3571 1907 autem
3592 1851 3802 1921 Joaniies,

2295 1920 2458 1979 Omne
2482 1928 2813 1984 mendacium
2827 1948 2927 1986 non
2954 1943 3029 1989 est
3057 1952 3121 1990 ea:
3153 1939 3359 1993 veritate
3397 1938 3615 2008 (Noun.
3644 1958 3701 2010 ll,
3719 1944 3808 2015 2|).

2291 2013 2462 2073 Omne
2499 2033 2637 2090 ergo
2655 2023 3002 2080 mendacium
3028 2041 3132 2082 non
3171 2030 3501 2100 estju5tum.
3535 2013 3804 2104 Quapropter

2290 2109 2502 2179 quando
2530 2112 2682 2168 nobis
2707 2114 2775 2169 de
2810 2112 3099 2186 scripturis
3127 2123 3325 2178 sanctis
3354 2124 3631 2180 mentiendi
3654 2141 3798 2196 propo-

2288 2207 2489 2254 nuntur
2530 2203 2801 2274 exempla,
2842 2214 2935 2262 aut
2971 2209 3245 2266 mendacia
3288 2228 3397 2268 non
3435 2224 3601 2281 sunt,
3624 2219 3701 2273 sed
3732 2234 3797 2289 pu—

2290 2298 2472 2349 tantur
2507 2310 2627 2353 esse
2668 2297 2794 2354 dum
2837 2315 2942 2356 non
2982 2302 3386 2375 intelliguntur;
3410 2315 3500 2362 aut
3519 2308 3562 2364 si
3583 2310 3799 2367 mendacia

2286 2393 2432 2451 sunt,
2456 2384 2707 2443 imitanda
2732 2405 2839 2446 non
2859 2402 3017 2461 sunt,
3041 2395 3162 2465 quia
3182 2396 3326 2468 justa
3350 2415 3468 2456 esse
3489 2411 3792 2471 nonrpossunt.

2356 2472 2445 2531 32.
2474 2474 3032 2553 Sedqnod-scriptum
3064 2497 3144 2540 est
3168 2486 3305 2543 bene
3336 2488 3692 2548 Deuml‘ecisse
3709 2506 3801 2547 cum

2284 2562 2525 2623 Hebraeis
2552 2568 2929 2627 obstetricibus
2955 2572 3146 2648 (Exod.
3179 2593 3229 2643 ι,
3261 2579 3461 2653 17-20).
3491 2589 3671 2638 etcum
3691 2582 3803 2638 Raab

2281 2656 2650 2718 Jerichuntina
2676 2665 2958 2721 meretrice
2985 2666 3165 2738 (Iosue
3192 2686 3227 2725 η
3256 2683 3306 2725 et
3332 2686 3418 2738 vr,
3445 2671 3533 2744 25)
3559 2715 3573 2738 ,
3599 2688 3684 2730 non
3708 2674 3790 2730 ideo

2284 2747 2478 2805 factum
2508 2761 2590 2807 est
2615 2753 2737 2824 quia
2767 2758 3001 2812 mentita;
3025 2769 3149 2815 sunt
3171 2801 3188 2827 ,
3228 2762 3326 2817 sed
3358 2764 3477 2834 quia
3522 2766 3569 2819 in
3606 2764 3797 2821 homines

2282 2838 2376 2895 Dei
2400 2840 2774 2901 misericordes
2800 2845 3032 2904 fuerunt.
3058 2850 3174 2906 Non
3202 2862 3284 2908 est
3312 2853 3488 2925 itaque
3511 2856 3558 2910 in
3578 2857 3646 2911 eis
3661 2872 3788 2912 rente.

2280 2943 2463 2989 nerata
2492 2934 2728 3002 fallacia,
2757 2937 3275 3010 sedbenevolentia;
3304 2946 3595 3019 benignitas
3616 2948 3785 3012 mentis,
3848 2934 3854 3019 1

2277 3036 2385 3079 ιιοη
2430 3024 2681 3098 iniquitas
2716 3032 3043 3088 mentientis.
3084 3033 3407 3094 Sicut’enim
3439 3040 3616 3095 mirum
3647 3041 3787 3095 absur-
3848 3022 3854 3098 Ῐ

2275 3113 2511 3188 dumque
2539 3133 2644 3175 non
2669 3130 2814 3178 esset
2838 3123 2881 3179 si
2908 3124 3015 3180 alio
3041 3127 3185 3197 prius
3214 3139 3454 3200 tempore
3477 3132 3721 3187 commissa
3738 3131 3784 3186 ab

2276 3204 2358 3263 eis
2399 3208 2573 3280 aliqua
2601 3226 2765 3282 opera
2790 3215 2929 3270 mala
2960 3190 3100 3273 Dens
3129 3190 3352 3290 propter
3377 3223 3646 3292 posteriora
3667 3234 3781 3292 opera
3844 3190 3854 3283 ξ

2273 3298 2597 3358 bona-vellet
2623 3303 2929 3374 ignoscere;
2972 3306 3043 3363 ita
3088 3286 3408 3369 mirandum'
3435 3328 3536 3368 non
3578 3286 3787 3381 estquod
3848 3286 3854 3381 1

2274 3403 2386 3445 uno
2427 3398 2672 3462 tempore
2702 3394 2757 3449 in
2781 3408 2885 3451 una
2927 3411 3087 3452 causa
3126 3397 3267 3455 Deus
3314 3412 3586 3474 utrumque
3619 3400 3779 3472 conspi-
3848 3394 3854 3481 j

2273 3480 2442 3549 ciens,
2466 3480 2518 3537 id
2538 3491 2641 3548 est,
2674 3482 2869 3541 factum
2896 3487 3355 3559 misericorditer,
3371 3491 3649 3564 factumque
3667 3491 3779 3547 lalla-

2272 3569 2425 3637 citer,
2454 3580 2510 3628 et
2535 3574 2732 3630 bonum
2760 3579 3150 3648 remuneravit,
3181 3589 3236 3636 et
3263 3594 3484 3655 propter
3510 3583 3603 3641 hoc
3632 3584 3777 3639 tropum

2272 3662 2471 3718 malum
2516 3663 2642 3721 illud
2670 3667 2888 3738 ignovit.
2932 3667 3001 3724 Si.
3024 3672 3169 3726 enim
3214 3683 3428 3742 peccata
3471 3690 3582 3745 qua:
3614 3681 3779 3745 propter

2271 3753 2448 3809 carnis
2476 3758 2965 3827 concupiscentiam
2985 3802 3001 3827 ,
3032 3775 3139 3816 non
3172 3774 3389 3834 propter
3430 3762 3783 3821 misericordiam

2271 3846 2441 3916 ﬁunt,
2480 3859 2700 3921 prapter
2735 3853 3031 3923 posteriora
3071 3869 3233 3926 Opera
3271 3857 3631 3914 misericordia:
3652 3855 3773 3911 dimit-

2271 3948 2489 4006 tuntur;
2520 3957 2618 3998 cur
2658 3959 2763 3999 non
2809 3948 2998 4003 merito
3039 3949 3423 4006 misericordia:
3465 3950 3775 4013 dimittuntur,

2268 4048 2388 4106 quae
2413 4035 2806 4108 prepteripsam
2818 4039 3235 4096 misericordiam
3253 4043 3634 4098 committuntur
3646 4040 3665 4094 t
3678 4037 3773 4095 Gn-

2267 4124 2385 4182 vius
2411 4133 2497 4183 est
2517 4127 2660 4182 enim
2689 4137 2967 4199 peccatum
2994 4130 3137 4203 quod
3164 4132 3347 4189 animo
3372 4132 3626 4198 nocentis,
3657 4138 3771 4200 quam

2267 4216 2409 4285 quod
2438 4218 2618 4275 animo
2641 4221 3003 4280 subvenientis
3025 4224 3271 4280 efﬁcitur.
3303 4232 3380 4281 Ac
3406 4241 3497 4296 per
3519 4225 3608 4280 hoc
3626 4221 3664 4277 si
3680 4216 3769 4274 illud

2266 4309 2478 4368 deletur
2501 4327 2663 4382 opere
2693 4315 3070 4370 misericordia:
3100 4324 3283 4386 postea
3314 4319 3672 4388 subsequente,
3703 4320 3771 4365 cur

2267 4399 2373 4457 hoc
2404 4402 2546 4473 quod
2569 4414 2652 4458 est
2675 4404 2863 4472 levius,
2906 4422 3011 4461 non
3042 4405 3251 4464 deletur
3281 4408 3392 4480 ipsa
3422 4407 3626 4460 hominis
3646 4401 3764 4457 mise-

2264 4492 2515 4562 ricordia,
2547 4505 2607 4551 et
2628 4497 2962 4567 pmcccdcn'e
2990 4507 3047 4554 ut
3075 4509 3289 4570 peccet,
3327 4511 3381 4557 et
3409 4499 3662 4557 comitante
3682 4502 3766 4547 cum

2265 4584 2488 4657 peccat?
2515 4583 2588 4640 Ita
2616 4588 2829 4658 quidem
2864 4587 3024 4645 iideri
3052 4599 3228 4660 potest
3260 4608 3273 4646 :
3310 4599 3641 4647 verumtamen
3663 4577 3765 4638 aliud

2263 4683 2347 4732 est
2372 4676 2551 4732 dicere
2567 4719 2583 4743 ,
2615 4676 2843 4734 Pceeare
2866 4680 3091 4750 quidem.
3110 4696 3215 4736 nou
3237 4679 3524 4749 debui,sed
3543 4690 3677 4748 opera
3693 4670 3764 4727 mi-

2262 4769 2567 4826 sericordiae
2591 4771 3009 4843 faciam,quibus
3035 4774 3240 4830 deleam
3267 4779 3406 4847 quod
3432 4783 3546 4831 ante
3570 4763 3761 4844 peccati:

2260 4868 2319 4919 et
2341 4862 2483 4919 aliud
2512 4873 2594 4919 est
2621 4863 2800 4922 dicere
2818 4906 2841 4931 ,
2870 4866 3095 4924 Peccare
3121 4868 3313 4933 debeo,
3340 4870 3456 4940 quia
3483 4881 3576 4923 nou
3601 4872 3758 4934 possum

2259 4952 2417 5009 aliter
2442 4954 2699 5010 misereri.
2731 4956 2885 5011 Aliud
2925 4966 3037 5026 est,
3056 4958 3266 5029 inquam
3285 5000 3304 5027 ,
3330 4958 3497 5015 dicere
3516 4998 3531 5025 ,
3555 4954 3664 5022 Quia
3679 4950 3757 5019 iam

2260 5046 2615 5116 peccavimus,
2647 5046 3076 5115 benefaciamus;
3106 5060 3161 5105 et
3185 5050 3326 5105 aliud
3354 5059 3435 5106 est
3460 5049 3629 5109 dicere.
3666 5038 3756 5094 ναῖ’

2259 5152 2462 5204 cemus,
2493 5148 2548 5192 ut
2579 5137 2984 5196 benefaciamus.
3016 5140 3090 5196 lbi
3117 5142 3327 5207 dicitur,
3357 5141 3605 5197 Faciamus
3634 5134 3755 5190 boni.

2258 5230 2383 5300 quia
2407 5231 2624 5286 fecimus
2645 5233 2780 5287 mala
2812 5253 2824 5287 :
2856 5234 2941 5290 hic
2968 5245 3180 5305 autem,
3198 5235 3461 5292 Faciamus
3486 5232 3618 5301 "tota.
3641 5234 3752 5280 αντ·

2257 5322 2398 5376 niant
2427 5323 2556 5378 bona
2594 5320 2767 5395 (Rom.
2794 5340 2848 5380 ιη
2868 5368 2883 5392 ,
2916 5326 2995 5398 8).
3030 5331 3107 5384 Ac
3135 5345 3232 5400 per
3258 5330 3355 5385 hoc
3383 5329 3447 5384 ibi
3469 5310 3749 5383 ealiattt'ieﬂdii

2256 5421 2339 5470 est
2358 5412 2560 5469 sentina
2588 5417 2810 5487 peccati,
2835 5417 2919 5474 hic
2938 5419 3169 5475 cavenda
3191 5431 3275 5478 est
3292 5420 3521 5477 doctrina

2328 5507 2417 5564 33.
2471 5505 2657 5563 Restat
2711 5508 2889 5580 itaque
2937 5518 2994 5565 ut
3047 5511 3408 5585 intelligamus
3438 5508 3529 5566 illis
3569 5499 3744 5597 mulieri-

2255 5601 2384 5669 bus,
2423 5601 2509 5656 vel
2552 5601 2607 5656 in
2645 5601 2893 5675 Egypto,
2936 5604 3021 5659 vel
3063 5605 3117 5662 in
3157 5604 3407 5671 Iericho,
3448 5614 3541 5671 pro
3567 5596 3745 5685 humili"

2256 5702 2363 5749 tate
2408 5702 2463 5748 et
2497 5694 2858 5750 misericordia
2893 5695 3153 5752 redditam
3190 5696 3356 5753 fuisse
3386 5686 3636 5751 ntercetlem
3666 5684 3741 5732 ω’

2257 5803 2360 5858 que
2411 5786 2777 5856 temporalem,
2814 5802 2931 5858 qua:
2963 5787 3174 5858 quidem
3220 5798 3272 5845 et
3307 5787 3417 5859 ipsa
3437 5762 3736 5838 teterrima"
