3880 6284
88 406 165 462 αι
1438 388 1643 445 LIBER
1683 388 1880 445 UNUS.

84 519 180 592 quid
200 517 336 574 etiam
362 513 463 571 illis
488 512 852 571 nescientibus
879 511 1183 584 pr0pbettca
1211 508 1603 582 significatione

82 613 296 683 tigni-aret.
336 604 515 663 Utrum
553 615 736 662 autem
776 606 846 662 sit
869 603 1151 675 aliquando
1191 604 1273 659 vel
1304 618 1401 674 pro
1427 604 1607 673 cujus-

80 717 200 774 quam
222 699 370 754 salute
391 698 774 761 mentiendum,
805 714 925 753 cum
950 696 1174 768 quaestio
1195 696 1264 750 sit
1286 697 1339 750 in
1371 712 1470 765 qua
1496 694 1605 750 dis-

80 792 277 849 solvenda
298 791 447 845 etiam
487 789 785 845 doctissimi
828 788 1156 860 fatigantur,
1197 787 1350 842 valde
1394 788 1604 841 illarum

80 882 442 941 muliercularum
474 882 527 936 in
553 881 668 937 illis
708 883 912 953 populis
954 882 1360 936 constitutarum
1402 889 1455 934 et
1499 878 1604 933 illis

80 976 259 1032 oloribus
282 984 607 1029 assuetarum
636 974 928 1029 excedebat
958 972 1195 1028 modum.
1241 973 1425 1042 ltaque
1470 972 1623 1025 hanc

78 1082 213 1123 carum
239 1064 602 1135 ignorantiam,
636 1065 774 1119 sicut
793 1065 1015 1118 aliarum
1043 1078 1220 1118 rerum
1249 1078 1380 1132 quas
1407 1061 1605 1132 pariter

79 1157 339 1218 nesciebant,
360 1155 456 1210 sed
481 1156 719 1209 scienda:
743 1167 866 1209 sunt
888 1171 915 1207 a
941 1156 1060 1209 filiis
1084 1168 1188 1208 non
1213 1153 1371 1223 hujus
1400 1152 1597 1216 smerdi,

78 1246 331 1310 sedluturi,
364 1245 451 1300 Dei
499 1247 763 1316 patientia
808 1245 1145 1300 sustinebat:
1178 1246 1265 1314 qui
1311 1253 1485 1298 tamen
1526 1245 1604 1298 eis

77 1360 145 1416 pro
167 1342 455 1411 benignitate
481 1343 742 1405 humana,
766 1356 921 1411 quam
950 1339 1160 1394 famulis
1185 1338 1301 1408 ejus
1332 1338 1607 1408 impende-

76 1446 193 1499 rant,
224 1433 450 1503 quamvis
479 1432 707 1488 caeleste
737 1431 932 1501 aliquid
963 1429 1313 1500 significantia
1338 1471 1354 1495 ,
1387 1429 1602 1499 praemia

75 1540 233 1581 terrena
262 1522 528 1577 reddebat.
565 1522 638 1576 Et
676 1522 821 1577 Raab
860 1522 1073 1592 quidem
1112 1538 1175 1577 ex
1217 1520 1432 1576 Jericho
1472 1521 1605 1576 libe-

75 1628 170 1681 rata,
197 1614 239 1668 in
266 1613 352 1669 Dei
384 1613 646 1682 populum
675 1612 952 1668 transitum
985 1611 1108 1666 fecit
1134 1653 1149 1677 ,
1192 1611 1279 1665 ubi
1317 1611 1601 1681 proficiens

74 1715 206 1774 posset
238 1703 297 1757 ad
335 1714 533 1757 acterna
576 1712 634 1757 et
680 1702 993 1756 immortalia
1026 1717 1247 1757 munera
1290 1702 1597 1771 pervenire,

71 1813 155 1866 quze
176 1796 303 1849 nullo
328 1803 450 1849 sunt
479 1794 775 1863 quaerenda
805 1794 1101 1848 mendacio.

119 1886 306 1943 CAPUT
337 1885 581 1955 XVIL—
608 1886 757 1941 Sitne
780 1885 895 1939 boni
916 1886 1133 1939 hominis
1157 1883 1433 1955 aliquando
1472 1900 1604 1937 men~

71 1978 130 2030 tiri
151 1994 223 2047 pro
247 1945 667 2029 alteﬁuﬂalute.
697 1976 842 2029 Tunc
872 1988 1047 2030 tamen
1076 1945 1287 2046 quando
1314 1973 1441 2028 illud
1469 1989 1604 2043 opus

70 2070 217 2123 bonum
243 2078 291 2123 et
312 2086 408 2138 pro
436 2084 551 2123 sine
580 2069 705 2123 vitae
734 2069 1036 2123 conditione
1063 2067 1324 2121 laudabile
1352 2065 1603 2120 lsraelitis

70 2160 429 2229 exploratoribus
461 2158 748 2229 pnestitit,
781 2158 1013 2213 nondqu
1061 2168 1177 2213 erat
1218 2157 1336 2211 talis
1366 2166 1421 2210 ut
1451 2157 1516 2210 ab
1540 2172 1600 2211 ea

71 2253 328 2318 exigeretur,
372 2250 453 2306 Sit
496 2251 551 2304 in
597 2266 689 2304 ore
736 2261 936 2316 vestro,
988 2250 1101 2311 lt'at.
1151 2259 1260 2314 est;
1312 2248 1455 2316 Non,
1502 2266 1602 2304 non

74 2341 231 2409 (llattlt.
261 2357 322 2408 v,
347 2343 459 2413 57).
491 2342 824 2398 Obstetrices
866 2349 1043 2396 autem
1082 2342 1184 2396 illae
1210 2343 1451 2412 quamvis
1492 2342 1601 2397 lle-

74 2434 216 2498 lmeze,
242 2435 281 2488 si
309 2434 603 2489 secundum
636 2450 851 2489 carnem
880 2434 1248 2489 tantummodo
1274 2444 1563 2503 sapuerunt
1584 2475 1600 2501 ,

74 2526 161 2593 quid
188 2537 263 2581 aut
288 2538 540 2596 quantum
584 2536 673 2582 est
713 2527 851 2597 quod
883 2528 961 2581 eis
1005 2526 1203 2595 profuit
1246 2527 1603 2581 remuneratio

78 2620 337 2687 temporalis,
364 2618 484 2689 quia
511 2618 760 2675 fecerunt
786 2620 883 2673 sibi
910 2618 1119 2682 domos,
1147 2617 1245 2671 nisi
1274 2617 1604 2687 proliciendo

78 2710 358 2776 pertinuerint
402 2710 468 2763 ad
511 2726 637 2765 eam
681 2710 895 2766 domum
923 2710 990 2764 de
1028 2726 1130 2781 qua
1176 2712 1282 2765 Deo
1320 2721 1601 2775 cantatur,

77 2798 179 2852 Beati
202 2802 276 2870 qui
298 2801 520 2855 habitant
562 2804 617 2855 in
661 2803 810 2856 domo
839 2815 963 2867 tua;
990 2802 1043 2856 in
1081 2802 1266 2856 uacula
1303 2801 1605 2856 stcculorum

75 2892 290 2945 laudabant
313 2904 357 2947 te
380 2892 553 2964 (Psal.
585 2910 816 2957 ωιιιιιι,
850 2894 947 2965 5)?
978 2894 1195 2949 Multum
1222 2903 1399 2948 autem
1428 2892 1603 2950 faten-

75 2981 163 3036 dum
182 2994 252 3039 est
271 2987 632 3057 pmpiuquare
653 2986 895 3055 justitiaz,
918 2997 970 3040 et
996 2987 1235 3056 quamvis
1257 3003 1315 3042 re
1338 2988 1448 3057 ipsa
1473 3003 1606 3041 nou-

75 3072 185 3137 dum,
208 3077 302 3143 jam
329 3087 499 3133 tamen
535 3093 641 3147 spe
671 3086 829 3147 atque
861 3077 1039 3132 indole
1066 3078 1303 3132 animum
1329 3093 1449 3133 esse
1488 3077 1604 3132 lau-

76 3162 269 3230 dandum,
299 3167 383 3236 qui
416 3182 695 3238 nunquam
727 3168 825 3221 nisi
859 3167 959 3222 hac
989 3169 1283 3223 intentione
1313 3171 1600 3235 mentitur,

75 3269 147 3323 qua
167 3258 261 3311 vult
297 3258 559 3329 prodesse
585 3258 740 3313 alicui
765 3300 780 3320 ,
814 3275 1007 3314 nocere
1037 3267 1214 3315 autem
1247 3261 1465 3315 nemini.
1498 3260 1604 3317 Sed

80 3360 145 3399 nos
158 3362 257 3402 cum
277 3350 570 3419 qumrimns
596 3350 733 3405 sitne
755 3349 874 3405 boni
898 3348 1126 3404 hominis
1155 3350 1439 3419 aliquando
1458 3366 1605 3407 men-

79 3438 163 3500 tiri.
197 3456 285 3493 non
309 3440 374 3497 de
400 3442 627 3497 homine
652 3442 938 3511 qmerimns
966 3440 1139 3496 adhuc
1168 3441 1233 3495 ad
1279 3440 1565 3514 Egyptum
1586 3484 1603 3510 ,

81 3529 136 3582 vel
164 3530 217 3585 ad
248 3531 487 3596 Jericbo,
540 3531 627 3586 vel
665 3532 729 3585 ad
762 3532 1105 3604 Babyloniam
1151 3531 1479 3602 pertinente,
1520 3534 1605 3589 vel

82 3621 206 3676 adhuc
231 3624 287 3678 ad
317 3626 480 3694 ipsam
510 3624 813 3679 Jerusalem
846 3634 1127 3688 terrenam,
1158 3640 1275 3693 qua:
1296 3626 1459 3680 servit
1483 3640 1604 3680 cum

84 3710 169 3765 filiis
189 3716 312 3779 suis;
349 3716 441 3770 sed
469 3716 546 3771 de
570 3717 686 3770 cive
722 3715 862 3769 illius
888 3715 1115 3769 civitatis
1144 3731 1259 3785 qua:
1285 3731 1495 3771 sursum
1524 3726 1606 3772 est

82 3802 201 3858 libera
228 3818 382 3863 mater
413 3818 601 3864 nostra
633 3818 833 3863 mtcrna
866 3808 916 3862 in
950 3809 1099 3864 caelis
1138 3807 1331 3881 (Colat.
1365 3825 1415 3864 tv
1437 3851 1451 3874 ,
1499 3809 1602 3877 25,

81 3893 163 3961 ‘26).
189 3896 244 3950 Et
269 3900 620 3969 respondetur
644 3900 1002 3970 qmrrentibus
1033 3900 1188 3954 nobis
1221 3917 1234 3955 :
1266 3899 1427 3953 Omne
1463 3917 1604 3955 men-

83 3984 233 4039 dacium
250 4005 339 4043 non
374 4001 445 4045 est
478 4006 549 4045 ea:
575 3991 797 4046 veritate.
826 3989 942 4044 Filii
972 4002 1147 4045 autem
1172 3991 1310 4047 illius
1337 3991 1563 4048 civitatis
1586 4034 1602 4060 ,

83 4074 147 4129 lilii
168 4092 267 4134 sunt
298 4082 469 4153 utique
514 4082 774 4138 veritatis.
828 4083 953 4152 Ejus
997 4083 1225 4138 civitatis
1264 4085 1353 4139 lilii
1384 4093 1507 4139 sunt
1540 4085 1606 4141 de

86 4170 229 4236 quibus
259 4176 506 4244 scriptum
548 4184 657 4239 est,
693 4175 758 4229 In
786 4191 871 4230 ore
900 4193 1068 4230 eorum
1095 4193 1194 4230 non
1242 4186 1313 4231 est
1354 4178 1607 4232 inventum

86 4263 339 4319 mandat-ium
363 4269 548 4339 (Apoc.
576 4284 670 4322 xiv
693 4310 708 4335 ,
739 4268 796 4339 5)
826 4285 839 4321 :
873 4269 988 4339 ejus
1012 4270 1240 4325 civitatis
1267 4270 1404 4325 titius
1431 4280 1513 4327 est
1540 4272 1608 4327 de

86 4365 162 4417 quo
181 4354 284 4409 item
306 4360 560 4428 scriptum
587 4368 688 4423 est,
723 4359 935 4414 Verbum
966 4362 1242 4433 suscipiens
1270 4363 1410 4432 [ilius
1439 4380 1470 4416 α
1496 4380 1608 4433 per-

87 4439 227 4496 ditione
250 4444 381 4519 longe
405 4449 566 4504 aberit
593 4466 612 4503 :
637 4441 1079 4522 excipiens’autem
1109 4455 1299 4523 excepit
1327 4454 1458 4507 illud
1480 4453 1602 4520 sibi,

90 4539 122 4581 et
143 4535 244 4589 nihil
265 4538 372 4605 falsi
396 4557 456 4596 ea:
489 4542 598 4611 ejus
628 4558 713 4595 ore
741 4543 963 4611 procedit
989 4542 1167 4613 (Prov.
1197 4560 1348 4613 xxix,
1370 4544 1486 4617 27).
1517 4546 1608 4601 llis

90 4620 178 4676 filiis
204 4640 424 4697 superna:
456 4631 755 4687 Jerusalem
797 4643 849 4687 et
897 4643 1092 4687 sancta:
1130 4634 1357 4689 civitatis
1395 4644 1608 4691 acterna:

91 4710 122 4761 ti
148 4719 324 4782 quando
346 4730 400 4775 ut
436 4722 742 4777 hominibus
782 4723 990 4794 obrepit
1031 4725 1411 4796 qualecumque
1455 4741 1608 4780 meu-

93 4798 251 4861 dacium
272 4849 286 4874 ,
322 4823 543 4881 poscunt
578 4812 845 4870 humiliter
874 4816 1114 4884 veniam,
1148 4832 1263 4872 non.
1298 4818 1420 4875 inde
1460 4835 1609 4891 quaa-

95 4903 184 4947 runt
206 4896 396 4968 insuper
418 4904 663 4973 gloriam.

144 4983 329 5047 CAPUT
364 4993 523 5051 XVII.
550 5026 622 5036 —
646 4996 732 5052 '54.
777 4996 1076 5053 Obstetrices
1112 4998 1342 5055 Hebra’a:
1378 5010 1424 5055 et
1464 5001 1608 5056 Raab

96 5088 186 5128 nam
208 5082 406 5150 fecissent
432 5089 630 5155 melius,
654 5088 867 5143 nolendo
897 5093 1115 5145 mentiri.
1151 5092 1346 5163 Regula
1371 5093 1439 5147 ad
1458 5111 1608 5164 quam

98 5166 311 5249 redigenda
334 5192 437 5245 qua:
464 5194 527 5233 ea:
553 5178 829 5249 Scripturis
859 5185 1187 5252 proferuntur
1212 5183 1341 5236 velut
1380 5184 1609 5253 exenrpla

100 5261 331 5317 mentiendi.
353 5267 452 5324 Sed
481 5269 621 5325 dicet
645 5270 835 5341 aliquis
865 5289 879 5327 :
911 5271 1123 5342 Ergone
1160 5273 1476 5330 obstetrices
1505 5276 1607 5329 illa}

101 5354 217 5415 Itque
242 5351 369 5411 Raab
391 5360 573 5415 melius
596 5360 864 5428 fecissent,
892 5364 936 5417 si
969 5364 1163 5418 nullam
1186 5366 1605 5423 misericordiam

103 5441 439 5532 (institissent,
484 5451 714 5507 nolendo
744 5454 997 5509 mentiri?
1041 5455 1153 5510 lmo
1184 5471 1314 5513 vero
1344 5458 1448 5512 illte
1491 5475 1609 5513 mu-

107 5521 225 5583 lieres
248 5532 479 5608 Hebraeae,
511 5542 556 5597 si
581 5552 762 5600 essent
788 5545 919 5601 tales
948 5546 1015 5603 de
1046 5547 1293 5617 qualibus
1317 5550 1608 5617 quaerimus

106 5622 239 5715 ξηιιι
258 5626 319 5681 sit
339 5629 410 5686 eis
429 5634 709 5706 aliquando
734 5638 1118 5703 mentiendum,
1150 5656 1248 5696 nec
1268 5641 1464 5711 aliquid
1489 5643 1605 5698 falsi

108 5701 307 5813 ξίεέαιι.
330 5728 380 5775 et
402 5701 533 5781 foeda
558 5727 849 5784 ministeria
870 5728 939 5786 de
960 5701 1193 5800 parvulis
1214 5701 1515 5787 occidendis
1546 5735 1607 5787 li-

111 5793 283 5865 hmine
306 5825 611 5877 recusarent.
646 5820 771 5889 Sed,
817 5793 1022 5894 inquies
1046 5863 1062 5890 ,
1096 5821 1222 5893 ipsa:
1250 5836 1600 5881 morerentur.

3194 402 3304 462 862

1710 508 1782 563 At
1809 506 1928 567 vide
1956 508 2080 578 quid
2105 517 2377 580 sequatur.
2408 509 2739 567 Morerentur
2767 513 2908 570 enim
2937 516 3170 574 caelestis
3197 521 3295 578 ba-

1710 599 1980 655 bitationis
2009 601 2494 671 incomparabiliter
2516 604 2773 673 ampliore
2813 608 3089 677 mercede,
3121 627 3284 681 quam

1708 691 1897 746 domus
1920 692 2021 747 3illa:
2042 708 2173 763 quas
2192 694 2289 748 sibi
2314 691 2550 749 fecerunt
2576 695 2626 749 in
2657 705 2795 751 terra
2817 712 2935 752 esse
2963 712 3248 767 patuerunt
3276 721 3291 757 :

1709 797 2040 842 morerentu'.
2076 787 2264 842 futura:
2292 789 2343 843 in
2374 799 2570 844 mterna
2605 789 2853 845 felicitate
2875 834 2888 854 ,
2917 802 3139 846 mortem
3171 812 3295 862 pcr-

1708 891 1880 946 pessre
1910 893 2006 947 pro
2032 878 2467 934 innocentissima'
2494 883 2736 935 veritate.
2786 881 2920 949 Quid
2954 883 3038 936 illa
3068 884 3120 937 in
3151 884 3299 941 Jeri—

1707 966 1854 1022 eho?
1882 968 2133 1039 numquid
2163 968 2262 1024 hoc
2290 972 2505 1037 p0sset?
2529 970 2719 1027 Nonne
2744 971 2789 1026 si
2815 987 3117 1043 quaerentes
3147 977 3295 1031 cives

1708 1058 2015 1115 mentiendo
2040 1076 2146 1115 non
2175 1059 2417 1129 falleret,
2465 1077 2649 1117 verum
2681 1063 3164 1121 dicendolateutes
3194 1068 3294 1122 Ito-

1707 1152 1871 1219 snitcs
1893 1151 2176 1221 proderet?
2198 1155 2277 1207 An
2303 1165 2479 1223 posset
2502 1156 2948 1226 interrogantibus
2970 1155 3053 1229 (ιι)
3079 1158 3260 1215 dicere
3280 1176 3294 1213 :

1707 1240 1829 1297 Scio
1861 1243 1947 1298 ubi
1976 1253 2130 1309 sunt;
2162 1245 2253 1299 sed
2278 1246 2442 1300 Deum
2472 1246 2652 1310 timeo,
2679 1262 2781 1300 non
2808 1262 2902 1302 eos
2925 1249 3090 1317 prodo
3108 1253 3133 1303 ἲ
3160 1250 3295 1303 Pos-

1708 1344 1791 1389 set
1818 1333 1916 1389 hoc
1945 1334 2156 1405 quidem
2184 1334 2397 1402 dicere,
2430 1338 2472 1391 si
2494 1336 2606 1406 jam
2633 1349 2774 1392 esset
2804 1354 2926 1392 vera
2954 1336 3209 1394 lsraclitis
3241 1341 3293 1395 in

1707 1440 1810 1496 qua
1836 1426 1987 1481 dolus
2011 1443 2117 1481 non
2149 1438 2290 1482 esset
2333 1426 2509 1502 (Joan.
2543 1445 2597 1495 ι,
2635 1429 2724 1500 47)
2760 1448 2772 1483 :
2806 1432 2943 1501 quod
2974 1431 3147 1487 futura
3178 1443 3294 1489 erat

1708 1532 1805 1587 per
1846 1518 2265 1574 misericordiam
2313 1520 2403 1574 Dei
2452 1521 2715 1576 transiens
2754 1521 2820 1575 ad
2863 1522 3129 1579 civitatem
3178 1524 3290 1579 Dei.

1708 1610 1905 1665 Verum
1939 1611 2010 1665 illi
2041 1611 2143 1666 hoc
2160 1588 2365 1677 abdito,
2390 1612 2616 1683 inquies.
2652 1614 2793 1669 illam
2823 1616 3167 1684 perimercut,
3190 1617 3293 1671 do-

1708 1717 1853 1755 mum
1882 1710 2263 1757 scrutarentur.
2305 1702 2409 1758 Sed
2439 1704 2687 1774 numquid
2720 1720 3055 1774 Consequens
3084 1716 3200 1761 erat
3235 1721 3295 1762 ut

1708 1792 1825 1847 illos
1853 1794 2011 1848 etiam
2051 1808 2183 1860 quos
2227 1793 2508 1862 diligenter
2545 1796 2903 1850 occultaverat
2944 1798 3294 1852 invenirent?

1707 1887 2057 1958 Prospexerat
2086 1889 2225 1941 enim
2254 1890 2559 1944 cautissima
2596 1891 2787 1945 mulier
2807 1934 2822 1957 ,
2864 1901 2916 1945 et
2960 1893 3027 1945 ibi
3067 1909 3161 1947 eos
3190 1910 3291 1964 po-

1707 1990 1885 2037 sucrat
1915 1978 2001 2032 ubi
2033 1979 2197 2033 latere
2225 1980 2541 2048 potuissent,
2565 1982 2842 2045 etiamsiei
2874 1984 3146 2038 mentienti
3172 2002 3289 2040 crc-

1707 2068 1873 2123 ditum
1902 2084 2008 2124 non
2036 2067 2240 2124 fuisset.
2276 2069 2347 2123 lta
2377 2079 2430 2124 et
2460 2071 2543 2125 illa
2571 2114 2585 2128 .
2615 2071 2659 2125 si
2689 2083 2862 2126 nuncn
2893 2090 2920 2124 a
2952 2075 3060 2126 suis
3085 2075 3293 2128 civibus

1706 2169 1848 2214 esset
1877 2158 2051 2214 occisa
2084 2175 2178 2229 pro
2203 2160 2580 2214 misericordia:
2609 2177 2770 2230 Opere
2794 2204 2807 2224 ,
2842 2164 3000 2216 vitam
3051 2163 3201 2219 istam
3233 2166 3293 2220 li-

1708 2251 1954 2305 nicndam
1988 2252 2004 2283 ¹
2036 2253 2266 2321 pretiosa
2298 2253 2349 2306 in
2380 2264 2665 2321 conspectu
2701 2255 2906 2308 Domini
2940 2267 3111 2311 iitorte
3142 2258 3291 2310 linis-

1707 2352 1787 2397 set
1809 2342 1981 2412 (Paul.
2010 2358 2126 2405 cvv,
2155 2344 2267 2411 15),
2292 2355 2346 2398 et
2368 2360 2489 2414 erga
2516 2346 2635 2398 illos
2656 2346 2770 2411 ejus
2792 2346 3106 2401 beneficiqu
3134 2349 3292 2405 inane

1707 2449 1811 2488 neu
1840 2434 2043 2488 fuisset.
2072 2435 2208 2499 Sed,
2243 2438 2468 2504 inquies,
2500 2436 2648 2505 quid,
2678 2438 2721 2490 si
2755 2449 2807 2492 et
2834 2440 2899 2491 ad
2932 2441 3079 2494 illttm
3113 2440 3287 2496 locum

1709 2526 1797 2581 ubi
1827 2544 1918 2581 eos
1945 2529 2329 2591 occultaverat,
2360 2530 2393 2583 ii
2432 2545 2460 2581 a
2491 2532 2680 2598 quibus
2711 2534 3119 2601 quaerebantur,
3163 2551 3292 2605 pcr-

1708 2618 1994 2673 scrutaudo
2012 2620 2187 2673 omnia
2216 2621 2612 2687 pervenissent?
2641 2623 2744 2676 Isto
2768 2624 2927 2676 modo
2948 2625 3049 2679 diei
3075 2637 3250 2693 potest
3274 2645 3288 2680 :

1707 2710 1865 2779 Quid,
1898 2712 1940 2764 si
1968 2712 2173 2766 mulieri
2207 2713 2475 2769 vilissima!
2506 2725 2662 2783 atque
2693 2718 3036 2785 turpissiunc,
3069 2736 3171 2774 non
3192 2722 3294 2776 ’so-

1708 2803 1817 2857 lum
1840 2803 2137 2868 mentienti,
2160 2820 2345 2859 verum
2372 2805 2529 2857 etiam
2564 2805 2822 2875 pejeranti
2844 2808 3063 2864 credere
3096 2811 3295 2866 uoluis-

1708 2893 1868 2948 sent?
1897 2893 2097 2962 Nempe
2124 2894 2281 2949 etiam
2318 2897 2397 2951 sic
2424 2906 2773 2951 consecutura
2808 2898 3016 2967 fuerant
3050 2920 3168 2971 quzc
3211 2905 3279 2958 ti-

1708 2986 1906 3041 mendo
1944 2988 2163 3041 mentita
2205 2996 2305 3042 cst.
2352 2988 2417 3042 Et
2454 2989 2538 3041 ubi
2580 2989 2826 3061 ponimus
2858 2992 3186 3047 voluntatem
3230 3011 3294 3051 ac

1711 3084 2028 3145 potestatem
2068 3076 2202 3129 Dei?
2230 3078 2308 3132 An
2344 3076 2479 3132 forte
2510 3096 2612 3132 non
2643 3088 2885 3148 poterat.
2925 3093 2979 3138 et
3008 3083 3151 3137 illam
3196 3100 3293 3142 nec

1708 3166 1912 3222 civilius
1933 3168 2043 3223 suis
2068 3169 2412 3224 mentientem
2438 3185 2534 3225 nec
2561 3169 2802 3225 homines
2831 3174 2919 3226 llei
2954 3175 3291 3245 prodentem,

1708 3268 1762 3313 et
1786 3258 1907 3313 illos
1936 3274 2064 3314 suos
2090 3261 2159 3314 ab
2184 3260 2327 3315 omni
2350 3262 2585 3323 pernicie
2614 3263 2924 3319 custodire?
2949 3267 2989 3319 Α
3014 3282 3122 3337 quo
3147 3268 3292 3324 enim

1708 3356 1762 3404 et
1789 3356 1908 3419 post
1934 3349 2170 3403 mulieris
2200 3350 2532 3405 mendacium
2560 3353 2808 3408 custoditi
2837 3366 2980 3417 sunt,
3009 3357 3077 3411 ab
3102 3373 3169 3412 eo
3200 3375 3295 3427 po-

1711 3446 1945 3501 tuerunt,
1980 3439 2079 3493 etsi
2112 3439 2200 3493 illa
2228 3442 2447 3495 mentita
2473 3457 2578 3495 non
2612 3454 2775 3509 esset,
2805 3445 2984 3514 otique
3011 3448 3289 3502 custodiri.

1711 3528 1817 3584 Nisi
1848 3529 1981 3586 forte
2011 3530 2161 3585 obliti
2190 3548 2374 3587 sumus
2402 3532 2501 3587 hoc
2531 3533 2690 3590 fuisse
2718 3536 2768 3590 in
2798 3537 3042 3593 Sodomis
3073 3541 3289 3607 factmn,

1710 3619 1798 3675 ubi
1830 3620 2050 3675 masculi
2076 3622 2126 3674 in
2152 3623 2417 3677 masculos
2441 3623 2663 3678 nefanda
2694 3626 2909 3682 libidine
2936 3631 3167 3694 accensi,
3194 3647 3293 3687 nec

1708 3716 1903 3769 ostium
1930 3714 2121 3769 domus
2145 3715 2198 3769 in
2224 3731 2326 3785 qua
2356 3727 2511 3771 erant
2535 3733 2668 3788 quos
2698 3722 3025 3790 quarrcbant,
3056 3723 3295 3780 invenire

1711 3815 1995 3875 potuerunt
2019 3824 2033 3869 ;
2063 3809 2274 3877 quando
2300 3810 2381 3863 vir
2403 3809 2581 3879 justus
2611 3812 2661 3865 in
2692 3828 2851 3867 causa
2879 3815 3095 3869 omnino
3120 3818 3293 3871 simil-

1711 3898 1835 3953 lima
1857 3914 1954 3969 pro
1973 3900 2083 3954 suis
2111 3898 2404 3969 hospitibus
2433 3903 2642 3956 mentiri
2675 3905 2863 3971 noluit,
2891 3921 3027 3973 quos
3052 3922 3173 3961 esse
3198 3924 3295 3961 au-

1708 3991 1858 4059 gelos
1883 3990 2174 4053 nesciebat,
2207 4000 2261 4046 et
2289 3991 2393 4044 vim
2420 4000 2590 4046 morte
2623 3993 2857 4062 pt'jort'tlt
2891 4010 2957 4050 ne
2987 4006 3297 4063 paterentur

1712 4080 1951 4135 timebat.
1982 4081 2049 4136 Et
2072 4090 2218 4136 certe
2246 4091 2449 4150 poterat
2476 4082 2601 4137 talia
2646 4084 2971 4152 respondere
3010 4090 3296 4155 qna-renti-

1709 4173 1843 4239 bus,
1894 4173 2067 4243 qualia
2114 4172 2167 4227 in
2202 4172 2418 4228 Jericlto
2463 4174 2655 4229 mulier
2699 4176 2782 4228 illa
2828 4177 3119 4246 respondit.
3162 4178 3293 4234 Nam

1711 4280 1931 4337 prorsus
1957 4265 2200 4320 similiter
2220 4274 2275 4320 et
2305 4265 2376 4319 illi
2408 4267 2783 4336 interrogando
2810 4269 3153 4338 quaasieruut.
3183 4267 3292 4325 Sed

1710 4356 1872 4413 homo
1894 4356 2067 4427 justus
2097 4356 2265 4412 noluit
2299 4372 2396 4427 pro
2420 4359 2733 4426 corporibus
2760 4358 3022 4429 Ita-pilum
3062 4360 3293 4418 animam

1711 4464 1861 4505 suam
1887 4464 1986 4504 suo
2021 4448 2299 4505 mendacio
2324 4450 2597 4517 maculari,
2632 4465 2728 4520 pro
2755 4451 2948 4521 quibus
2973 4452 3137 4506 voluit
3171 4468 3293 4507 cor-

1714 4559 1843 4614 pora
1870 4543 2097 4598 filiarum
2136 4543 2326 4597 aliena:
2362 4543 2596 4597 libidinis
2638 4535 2914 4614 iniquitate
2953 4546 3057 4598 vim
3089 4545 3293 4614 perpeti

1715 4635 1869 4707 (Gen.
1897 4652 1992 4691 χιχ
2017 4677 2032 4701 ,
2062 4634 2235 4708 5-11).
2267 4634 2446 4689 Faciat
2486 4650 2614 4704 ergo
2640 4635 2801 4689 homo
2843 4635 3001 4689 etiam
3038 4650 3134 4704 pro
3165 4645 3297 4690 tem-

1714 4728 1879 4797 porali
1920 4727 2194 4781 hominum
2236 4727 2405 4782 salute
2443 4725 2582 4796 quod
2615 4735 2788 4795 potest
2816 4743 2830 4779 :
2858 4741 2980 4780 cum
3011 4736 3188 4781 autem
3230 4728 3295 4782 ad

1714 4817 1858 4873 hunc
1883 4818 2161 4873 articulum
2184 4827 2400 4873 ventum
2425 4816 2604 4883 fuerit,
2634 4827 2691 4873 ut
2719 4818 2803 4871 tali
2836 4818 2990 4872 saluti
3016 4818 3298 4873 consulere

1714 4911 1815 4966 nisi
1846 4909 2116 4980 peccando
2143 4924 2249 4964 non
2279 4910 2476 4979 possit,
2517 4908 2627 4979 jam
2668 4923 2726 4963 se
2755 4909 3025 4965 existimet
3056 4927 3159 4963 non
3199 4908 3298 4963 ha-

1712 5000 1840 5057 bere
1868 4999 1993 5071 quid
2018 4999 2198 5063 faciat,
2226 4998 2437 5068 quando
2461 4998 2510 5053 id
2538 4999 2798 5069 reliquum
2822 5015 2941 5054 esse
2968 5000 3299 5069 perspexerit

1714 5089 1853 5160 quod
1882 5105 1988 5143 non
2016 5096 2159 5143 recte
2190 5088 2366 5142 faciat.
2399 5088 2629 5143 Proinde
2660 5089 2806 5144 Raab
2836 5091 2886 5143 in
2917 5089 3151 5150 Jericho,
3176 5091 3311 5163 quia

1711 5180 2024 5251 peregrinos
2069 5179 2313 5234 homines
2360 5179 2452 5234 Dei
2492 5180 2725 5249 suscepit
2766 5180 3038 5249 ιιοερίιίυ,
3081 5182 3199 5249 quia
3244 5180 3295 5233 in

1713 5287 1897 5328 eorum
1920 5270 2259 5339 susceptione
2279 5269 2574 5341 periclitata
2592 5282 2692 5337 est,
2708 5272 2829 5340 quia
2850 5271 2899 5325 in
2923 5287 3107 5326 eorum
3131 5270 3294 5323 Dcmn

1712 5363 1958 5429 credidit,
1983 5363 2101 5433 quia
2120 5363 2400 5432 diligenter
2419 5378 2513 5419 eos
2538 5362 2625 5416 ubi
2651 5364 2814 5431 potuit
2836 5362 3147 5425 occultavit,
3172 5360 3293 5428 quia

1714 5473 1809 5528 per
1828 5458 1982 5512 aliam
2000 5459 2136 5513 viam
2161 5456 2428 5513 remeandi
2443 5458 2721 5511 consilium
2747 5456 3107 5510 fidelissimum
3122 5451 3291 5516 dedit,

1713 5551 1873 5606 etiam
1903 5566 2147 5622 superna:
2173 5550 2472 5608 Jerusalem
2500 5550 2703 5606 civibus
2742 5546 2993 5603 imitanda
3023 5543 3290 5599 laudetur.

1778 5776 1795 5837 '_
1831 5773 2015 5837 Aliquot
2038 5781 2163 5837 διεδ..
2189 5775 2388 5835 linteam-
2694 5836 2697 5837 ,
2739 5827 2750 5837 .
2789 5833 2799 5837 _
2884 5792 2891 5801 ‘
3014 5825 3044 5837 _.

1778 5835 1850 5897 (rt)
1876 5826 2009 5885 viii-te
2036 5826 2316 5897 legendum,
2341 5847 2401 5882 an
2433 5844 2523 5882 non
2548 5836 2701 5894 posset
2732 5826 3150 5892 interrogantibus.
