3866 6404
2219 314 2306 330 ’νυ-ο..

675 469 778 528 διδ

668 583 823 656 Quod
846 592 1022 640 autem
1053 586 1272 640 mentita
1303 594 1404 649 est,
1437 583 1643 639 etiamsi
1674 582 1869 652 aliquid
1912 580 1982 635 ibi
2016 579 2246 650 prophe-

673 678 834 732 ticum
862 676 1219 747 intelligenter
1244 677 1532 746 exponitur
1553 716 1567 739 ,
1602 691 1706 728 non
1732 682 1908 728 tamen
1938 669 2250 725 imitandum

671 766 942 836 sapienter
981 768 1292 837 proponitur
1326 784 1339 819 :
1368 766 1611 837 quamvis
1642 766 1781 820 Deus
1822 765 1909 818 illa
1950 765 2087 819 bona
2131 778 2248 817 me-

672 857 1002 913 morabiliter
1027 857 1365 912 honoraverit
1388 897 1402 922 ,
1433 856 1534 912 hoc
1562 856 1761 909 malum
1785 855 2075 911 clementer
2095 854 2249 925 igno—

672 947 828 1002 verit.

742 1038 831 1093 55.
859 1036 987 1104 Quae
1024 1050 1145 1092 cum
1177 1036 1247 1091 ita
1278 1037 1404 1103 sint,
1447 1036 1696 1107 quoniam
1725 1038 1884 1091 nimis
1910 1037 2124 1107 longum
2168 1044 2251 1090 est

670 1128 844 1183 omnia
876 1134 1217 1196 pertractare,
1240 1144 1357 1197 quae
1384 1128 1436 1181 in
1464 1128 1548 1182 illa
1581 1127 1734 1183 Libra
1770 1127 1981 1180 Dietinii
2009 1134 2132 1179 sunt
2158 1142 2249 1194 po-

668 1220 766 1273 sita
789 1218 933 1273 velut
976 1217 1229 1271 imitanda
1258 1219 1499 1287 exempla
1529 1217 1817 1272 mentiendi
1850 1235 1862 1270 :
1910 1216 1979 1271 ad
2009 1216 2144 1270 hanc
2165 1231 2250 1271 re-

666 1310 841 1381 gulam
872 1307 1001 1363 mihi
1028 1309 1275 1365 videntur
1312 1324 1421 1363 non
1440 1309 1613 1363 solum
1635 1308 1758 1373 ista,
1789 1324 1973 1364 verum
2015 1306 2175 1362 etiam
2202 1307 2248 1361 si

667 1416 771 1470 qua
802 1408 929 1455 sunt
957 1399 1080 1454 talia
1105 1399 1412 1471 redigenda,
1443 1408 1509 1455 ιιι·
1535 1410 1626 1454 aut
1649 1400 1942 1469 quod‘esse
1985 1398 2244 1465 creditur,

667 1490 979 1546 ostendatur
1005 1505 1114 1545 non
1128 1506 1245 1545 esse
1267 1490 1635 1555 mendacimn;
1665 1490 1778 1545 sive
1810 1490 2122 1545 ubi-tacetur
2154 1504 2246 1544 ve-

666 1595 804 1647 rum,
834 1595 932 1636 nec
974 1580 1169 1636 dicitur
1213 1581 1399 1634 falsum
1431 1598 1446 1646 ;
1472 1580 1705 1635 sive‘ubi
1736 1580 2055 1651 signiﬁcatio
2081 1594 2244 1634 verax

662 1670 807 1725 aliud
828 1686 895 1727 ex
920 1671 1023 1726 alio
1050 1672 1163 1725 vult
1185 1671 1420 1741 intelligi,
1440 1670 1584 1740 quod
1600 1684 1767 1740 genus
1797 1670 2138 1740 liguratorum
2164 1668 2245 1723 vel

665 1759 928 1816 dictorum
951 1761 1034 1815 vel
1065 1760 1322 1816 factorum
1370 1761 1605 1814 abundat
1645 1761 1697 1814 in
1729 1760 2050 1830 prepheticis
2080 1759 2245 1813 Litte-

669 1851 745 1907 ris
773 1870 786 1905 :
816 1861 909 1906 aut
926 1867 1043 1922 qua:
1069 1854 1452 1904 convincuntur
1473 1866 1593 1905 esse
1643 1850 1938 1911 mendacia,
1987 1864 2093 1903 non
2127 1863 2247 1903 esse

668 1941 924 1995 imitanda
954 1950 1335 2006 monstrentur,
1363 1950 1416 1995 et
1446 1944 1488 1993 si
1514 1956 1616 2010 qua
1646 1940 1875 1994 nobisut
1899 1939 2000 1994 alia
2028 1949 2245 2009 peccata

672 2031 1055 2099 subrepserint.
1090 2045 1193 2083 non
1215 2032 1295 2083 eis
1329 2031 1659 2083 tribuendam
1683 2030 1968 2099 justitiam,
2007 2030 2103 2085 sed
2152 2045 2246 2084 vc-

668 2120 814 2174 niam
837 2119 1223 2189 postulandum.
1275 2119 1385 2174 Iloc
1424 2120 1639 2190 quidem
1670 2122 1797 2174 tnilti
1833 2120 2040 2174 videtur
2062 2137 2077 2186 ;
2101 2127 2155 2173 et
2177 2118 2245 2174 ad

666 2213 820 2267 istam
838 2212 1153 2265 sententiam
1177 2227 1260 2266 me
1276 2213 1521 2279 superius
1550 2211 2176 2281 disputata‘compcllunt.

736 2303 959 2359 CAPUT
1001 2303 1183 2357 XVIII.
1215 2304 1390 2358 —36.
1421 2304 1500 2357 An
1528 2304 1862 2358 mentiendum
1906 2315 1958 2357 ut
1986 2319 2129 2375 wgro
2165 2319 2245 2357 ce-

665 2396 815 2461 letur,
839 2395 972 2464 quod
995 2398 1040 2447 ei
1061 2404 1269 2448 mortem
1294 2392 1513 2461 afferret.
1544 2394 1667 2449 Non
1693 2396 2051 2450 timendumvne
2077 2395 2243 2449 Itomio

664 2488 780 2541 cidu
828 2486 1024 2538 dicatur
1052 2486 1251 2538 veritas.
1304 2484 1559 2539 Permissa
1588 2484 1847 2539 mendacio
1894 2486 1947 2538 in
1978 2485 2233 2556 preposito

663 2594 805 2643 casu,
833 2593 983 2644 quant
1025 2575 1224 2647 difﬁcile
1248 2576 1520 2630 mendaciis
1553 2577 1679 2645 lines
1706 2577 1931 2646 ﬁguntur
1967 2591 2030 2630 ne
2050 2591 2245 2629 succre-

662 2679 805 2723 scant
847 2683 1000 2738 usque
1040 2668 1107 2720 ad
1133 2667 1356 2737 perjuria
1388 2678 1435 2720 et
1483 2666 1837 2737 blasphemiae.
1867 2667 2025 2721 Acuta
2068 2677 2244 2721 contra

662 2760 911 2813 mendacii
940 2759 1189 2813 doctores.
1233 2758 1423 2813 Verum
1475 2759 1595 2827 quia
1643 2758 1889 2814 homines
1941 2772 2167 2825 sumus,
2190 2769 2245 2816 et

662 2854 803 2907 inter
844 2853 1087 2907 homines
1122 2852 1369 2914 vivimus.
1401 2851 1672 2921 fateorque
1724 2868 1809 2906 me
1855 2851 2092 2906 nondum
2121 2866 2244 2907 esse

664 2946 716 2998 in
743 2959 927 2999 eormn
946 2957 1167 2997 numero
1187 2956 1320 3012 quos
1337 2942 1736 3011 compensativa
1750 2950 1964 3011 peccata
1983 2956 2094 2996 non
2126 2949 2241 2996 tur-

664 3035 791 3088 bant
818 3049 833 3097 ;
866 3049 1007 3103 sarpe
1034 3048 1120 3087 tne
1142 3033 1194 3085 in
1222 3032 1379 3086 rebus
1400 3031 1645 3086 humanis
1660 3031 1820 3085 vincit
1842 3046 2033 3086 sensus
2056 3031 2239 3087 huma-

665 3139 788 3191 nus,
819 3139 916 3177 nec
946 3124 1195 3178 resistere
1220 3122 1372 3177 valeo
1396 3138 1518 3177 cum
1540 3123 1666 3177 mihi
1693 3121 1886 3177 dicitur
1910 3141 1924 3178 :
1950 3123 2090 3180 Ecce
2113 3140 2241 3196 gra-

663 3216 716 3269 vi
742 3217 928 3271 morbo
974 3214 1302 3284 periclitatur
1334 3224 1585 3284 aegrotus,
1613 3214 1765 3285 cujus
1794 3214 1903 3285 jam
1932 3216 2077 3273 vires
2095 3218 2237 3274 ferte

665 3323 771 3359 non
801 3307 1022 3375 possint,
1041 3307 1084 3360 si
1110 3308 1157 3361 ei
1188 3315 1427 3360 mortuus
1449 3306 1640 3360 unicus
1659 3316 1715 3362 et
1736 3306 2079 3364 charissimus
2106 3310 2246 3366 titius

666 3400 970 3465 nuntietur;
1002 3415 1045 3452 a-
1072 3406 1123 3453 te
1150 3399 1339 3468 quaerit
1377 3413 1445 3452 an
1479 3399 1638 3465 vivat,
1669 3413 1837 3468 quem
1875 3399 2245 3456 vitam-Iinisse

667 3497 723 3542 tu
754 3490 929 3554 nosti;
957 3489 1081 3560 quid
1129 3488 1497 3557 respondebis,
1542 3491 1753 3560 quando
1805 3491 2061 3562 quidquid
2103 3492 2246 3548 aliud

668 3579 867 3635 dixeris
903 3591 1098 3650 praeter
1141 3597 1300 3635 unum
1348 3579 1416 3635 de
1446 3581 1649 3648 tribus;
1680 3590 1792 3648 aut,
1838 3582 2077 3638 Mortuus
2126 3591 2243 3651 est;

669 3682 781 3736 aut,
809 3672 974 3739 vivit;
1000 3679 1110 3737 aut,
1169 3672 1387 3738 nescio;
1417 3673 1549 3727 nihil
1593 3672 1735 3728 aliud
1759 3673 1930 3729 credit
1973 3675 2062 3731 ille
2087 3691 2246 3746 quam

669 3771 936 3818 mortuum
960 3779 976 3828 ;
998 3762 1137 3833 quod
1182 3770 1235 3819 te
1269 3762 1511 3833 intelligit
1545 3763 1733 3819 timere
1760 3750 1983 3832 dicere,
2007 3774 2061 3821 et
2104 3767 2247 3823 nolle

669 3855 921 3910 mentiri?
943 3855 1293 3909 'l‘antumdem
1322 3855 1497 3921 valet,
1530 3855 1735 3909 etiamsi
1774 3855 1919 3911 omni
1969 3856 2128 3912 modo
2158 3867 2242 3912 ta-

667 3946 860 4002 cueris.
895 3946 971 4000 Ex
994 3946 1096 4001 illis
1122 3956 1296 4000 autem
1329 3947 1497 4002 tribus
1520 3946 1624 4002 duo
1650 3946 1936 4013 falsasunt,
1964 3947 2140 4016 Vivit;
2170 3959 2243 4018 et,

667 4039 880 4104 nescio;
909 4052 1011 4092 nec
1035 4038 1130 4093 abs
1150 4046 1204 4093 te
1232 4037 1335 4092 dici
1380 4046 1603 4107 possunt
1632 4038 1733 4093 nisi
1759 4040 2086 4095 mentiendo.
2111 4040 2246 4099 Illud

664 4140 839 4185 autem
870 4145 1031 4184 unum
1060 4145 1265 4195 verum,
1284 4129 1335 4183 id
1365 4138 1468 4198 est,
1488 4140 1755 4185 mortuum
1781 4145 1925 4200 esse,
1945 4132 1990 4187 si
2020 4131 2237 4204 dixeris,

666 4230 721 4275 ct
746 4221 1036 4289 perturbati
1077 4222 1302 4276 hominis
1349 4235 1493 4275 mors
1521 4214 1689 4276 fuerit
1730 4223 2037 4293 subsecuta,
2063 4226 2161 4281 abs
2189 4235 2242 4283 te

664 4312 872 4366 occisus
901 4326 1020 4366 esse
1064 4312 1395 4368 clamabitur.
1426 4312 1488 4366 Et
1517 4311 1787 4382 quislerat
1813 4314 2057 4370 homines
2078 4330 2242 4388 exag-

644 4412 911 4473 gerantes
928 4411 1181 4472 quantum
1204 4402 1272 4456 sit
1289 4402 1413 4456 mali
1440 4402 1653 4456 salubre
1680 4402 2012 4458 mendacium
2039 4404 2243 4460 devita-

664 4494 730 4557 ri,
760 4502 813 4549 et
839 4492 1155 4546 homicidam
1194 4492 1339 4563 diligi
1375 4493 1649 4547 veritatem
1677 4493 1700 4545 ?
1727 4491 1944 4549 Moveor
1971 4494 2052 4550 his
2080 4511 2246 4566 oppo-

663 4584 781 4640 sitis
809 4584 1174 4651 vehementer,
1204 4584 1296 4638 sed
1316 4584 1508 4637 mirum
1539 4584 1582 4636 si
1614 4584 1774 4638 etiam
1793 4585 2079 4654 sapienter.
2105 4588 2239 4644 Cum

662 4677 805 4731 enim
851 4690 1178 4745 proposuero
1221 4686 1344 4729 ante
1371 4674 1787 4745 qualescumque
1832 4678 2018 4733 oculos
2066 4681 2243 4736 cordis

664 4766 768 4821 mei
797 4767 1177 4838 intelligibilcm
1207 4766 1344 4822 illius
1373 4766 1840 4836 pulchritudinem,
1867 4769 1936 4826 de
1958 4770 2112 4840 cujus
2136 4788 2232 4828 ore

665 4857 782 4911 falsi
809 4857 937 4912 nihil
984 4858 1222 4927 procedit
1248 4875 1262 4924 ;
1293 4860 1532 4929 quamvis
1558 4858 1648 4914 ubi
1673 4858 1885 4916 radians
1915 4862 2083 4932 magis
2122 4878 2240 4917 ma-

663 4947 849 5016 gisque
877 4949 1121 5004 clarescit
1171 4949 1388 5017 veritas,
1440 4950 1509 5005 ibi
1564 4950 1827 5021 palpitans
1886 4967 2004 5008 mea
2055 4970 2242 5009 rever-

664 5037 881 5090 beratur
922 5038 1199 5094 inﬁrmitas
1227 5057 1240 5093 :
1270 5049 1443 5095 tamen
1499 5042 1575 5095 sic
1628 5057 1811 5098 amore
1855 5045 1983 5098 tanti
2034 5043 2243 5101 decoris

665 5127 950 5194 accendor,
975 5136 1029 5181 nt
1044 5140 1228 5183 cuncta
1241 5147 1358 5199 qua:
1376 5132 1495 5187 inde
1510 5149 1593 5188 me
1608 5146 1851 5189 revocant
1870 5135 2096 5191 humana
2117 5153 2241 5193 con-

663 5226 917 5272 temnam.
941 5217 1045 5271 Sed
1069 5220 1287 5273 multum
1314 5231 1396 5275 est
1421 5232 1476 5276 ut
1521 5224 1621 5278 iste
1648 5224 1699 5277 in
1746 5235 1951 5280 tantum
1980 5242 2237 5297 perseve-

664 5318 749 5366 ret
772 5307 1013 5374 all‘ectus,
1042 5324 1110 5363 ne
1158 5311 1208 5363 in
1240 5313 1528 5367 tcntatione
1555 5314 1695 5369 desit
1746 5317 1987 5373 eil‘ectus.
2019 5318 2128 5373 Nec
2153 5335 2239 5374 me

662 5408 842 5456 movet
882 5401 1327 5468 contemplantem
1379 5403 1695 5459 luminOsnm
1743 5407 1939 5463 bonum
1964 5450 1979 5473 ,
2044 5411 2096 5464 in
2135 5428 2242 5479 quo

662 5492 925 5549 mendacii
979 5492 1212 5547 tenebrtc
1255 5494 1411 5550 nullae
1461 5506 1604 5562 sunt,
1645 5500 1787 5567 quod
1835 5502 1986 5556 nobis
2033 5506 2241 5560 mentiri

663 5584 965 5640 nolentibus
993 5595 1047 5639 et
1076 5585 1380 5643 hominibus
1404 5603 1536 5642 vero
1563 5589 1743 5645 audito
1774 5594 2120 5651 morientibus
2148 5597 2244 5651 Ito-

664 5682 858 5738 micida
909 5681 1104 5737 dicitur
1155 5681 1368 5737 veritas.
1419 5682 1680 5751 Numquid
1723 5688 1939 5742 enimsi
1994 5699 2240 5759 stuprum

663 5782 879 5843 expetat
905 5775 1188 5845 impudica,
1212 5785 1267 5831 et
1294 5783 1344 5830 te
1373 5792 1475 5831 non
1503 5779 1888 5847 consentiente,
1914 5795 2058 5835 srevo
2084 5797 2241 5836 amo-

666 5880 725 5922 re
752 5867 1055 5939 perturbata
1101 5868 1375 5938 moriatur,
1433 5868 1695 5926 homicida
1724 5872 1825 5926 erit
1877 5880 1931 5929 ct
1980 5873 2246 5929 castitas?

1722 468 1989 524 comm
2030 460 2447 529 MENDACIHM,
2490 459 2544 517 s.
2578 460 2947 518 AUGUSTIM
3752 475 3819 533 ω

2359 576 2441 630 An
2470 591 2594 631 vero
2636 577 2757 647 quia
2807 577 3049 648 legimus,
3079 577 3259 633 Christi
3317 576 3470 633 lienus
3494 578 3605 634 odor
3631 597 3758 641 ειιιιιι
3783 590 3815 643 ει

2357 668 2492 719 omni
2517 667 2648 739 loco,
2671 678 2718 722 et
2744 669 2797 722 in
2826 669 2887 722 iis
2913 670 3000 739 qui
3027 670 3151 724 salvi
3180 672 3328 740 fiunt,
3347 679 3393 725 et
3416 671 3466 725 in
3487 673 3545 726 iis
3566 674 3637 744 qui
3652 690 3818 745 panni;

2356 760 2471 813 aliis
2496 760 2698 827 quidem
2725 759 2855 815 odor
2873 762 2987 816 vitm
3013 763 3064 815 in
3086 763 3256 828 vitam,
3289 764 3405 817 aliis
3423 765 3816 825 autemodortttuth

2354 849 2407 903 in
2426 860 2635 905 mortem
2661 868 2680 915 ;
2719 852 2880 906 etiam
2897 854 3114 908 odorem
3137 854 3328 908 Christi
3358 856 3818 924 pronuntiabimusho-

2355 938 2638 993 micidam?
2663 940 2766 1014 Sed
2789 943 2910 1011 quia
2943 942 3184 997 homines
3210 957 3416 1005 sumus.
3443 952 3496 997 et
3533 958 3619 998 nos
3639 945 3683 999 in
3703 946 3821 1017 hujus-

2355 1029 2502 1083 modi
2546 1032 3015 1100 qumstionibuset
3063 1033 3567 1091 contradictionibus
3602 1038 3820 1109 plenumque

2354 1132 2569 1190 superat
2593 1130 2684 1176 aut
2711 1122 2899 1192 fatigat
2932 1138 3121 1179 sensus
3150 1125 3435 1189 humanus,
3462 1125 3575 1181 ideo
3599 1143 3699 1183 mox
3716 1132 3822 1188 etilli

2353 1210 2596 1279 subjecit,
2622 1210 2688 1265 Et
2710 1212 2778 1265 ad
2801 1216 2909 1266 Ita’c
2935 1213 3046 1283 quis
3076 1213 3284 1268 idoneus
3308 1215 3374 1283 (ll
3399 1213 3512 1270 Cor.
3543 1219 3673 1281 ".15
3690 1230 3725 1272 et
3744 1221 3825 1290 I6}?

2426 1301 2512 1356 57.
2543 1301 2657 1356 IIue
2702 1303 2927 1369 accedit,
2960 1304 3047 1358 ubi
3098 1305 3455 1360 miserabilia
3488 1307 3821 1378 ejulaudunest,

2353 1391 2495 1461 quod
2514 1393 2570 1445 si
2584 1395 3018 1449 concesserimus
3062 1410 3158 1464 pro
3189 1397 3364 1451 salute
3392 1396 3528 1451 illius
3549 1398 3660 1468 aegri
3689 1398 3739 1454 de
3758 1403 3822 1457 riu

2354 1481 2446 1537 lilii
2459 1484 2575 1553 ejus
2589 1484 2751 1540 fuisse
2765 1485 3149 1549 mentiendum.
3166 1488 3237 1541 ita
3260 1488 3512 1557 paulatim
3529 1489 3823 1561 mbtutatimqu

2352 1575 2644 1628 succrescit
2669 1574 2778 1630 hoc
2794 1576 3016 1644 malum,
3037 1585 3101 1632 et—
3120 1578 3373 1633 brevibus
3396 1580 3670 1636 accessibus
3689 1582 3739 1636 ad
3754 1593 3822 1637 un-

2354 1672 2463 1718 tum
2478 1679 2723 1720 acervum
2741 1667 3139 1723 mendaciorum
3153 1669 3825 1728 scoleratorumsensimsuhis

2353 1756 2542 1810 trando
2560 1757 2884 1828 perducitur,
2904 1766 2963 1813 ut
2976 1775 3242 1830 nunquam
3257 1763 3638 1831 possitpenitus
3656 1764 3821 1829 'uireaiti,

2352 1848 2440 1903 ubi
2487 1858 2647 1904 tanta:
2706 1851 2844 1920 pesti
2894 1866 2991 1921 per
3036 1854 3256 1907 minima
3327 1852 3662 1910 additamenta
3699 1856 3737 1909 in
3763 1856 3820 1909 II-

2350 1954 2593 1995 mensum
2640 1942 3028 1997 convalescenti
3081 1945 3251 2013 possit
3294 1946 3503 2013 obsisti.
3549 1944 3676 2003 Unde
3711 1946 3820 2016 pmi-

2349 2028 2658 2085 dentissime
2707 2031 2960 2100 scriptum
3007 2043 3124 2087 est:
3156 2033 3256 2099 Qui
3276 2036 3477 2088 modica
3501 2036 3683 2105 spernit,
3705 2037 3823 2106 paulo

2350 2120 2441 2173 tim
2492 2120 2674 2173 decidit
2701 2118 2901 2189 (Eccli.
2935 2124 3095 2190 Xlx,l
3130 2126 3170 2193 ).
3215 2124 3356 2190 Quid
3378 2166 3395 2191 ,
3444 2123 3577 2196 quod
3600 2126 3696 2180 vita
3724 2124 3818 2195 δή.

2351 2210 2480 2264 tales
2495 2218 2781 2278 amatores,
2807 2221 2863 2265 ut
2891 2226 3008 2267 eam
3041 2229 3147 2268 non
3175 2213 3427 2271 dubitent
3454 2214 3817 2287 praeponerent

2349 2302 2464 2369 tati,
2480 2317 2548 2356 ne
2569 2302 2728 2356 homo
2746 2304 3025 2371 moriatur,
3071 2305 3178 2359 into
3204 2315 3265 2359 ιιι
3284 2306 3449 2361 ιιοιιιο
3474 2306 3734 2378 quandoque
3752 2316 3819 2360 υ-

2348 2395 2546 2449 riturus
2598 2395 2867 2466 aliquanto
2888 2396 3060 2451 serius
3104 2398 3388 2465 moriatur,
3406 2414 3521 2453 .non
3542 2408 3817 2453 tanuttntla-

2350 2485 2457 2550 tiri,
2490 2485 2585 2541 sed
2614 2486 2773 2540 etiam
2801 2486 3044 2557 pejerare
3091 2502 3188 2542 nos
3213 2489 3445 2555 volunt;
3485 2496 3541 2544 ut
3585 2487 3815 2544 videlicetlt

2347 2577 2619 2648 aliquanto
2645 2579 2801 2634 citius
2830 2589 3065 2634 transeat
3110 2596 3244 2635 vana
3273 2582 3422 2637 salus
3460 2582 3675 2648 hominis,
3693 2594 3813 2634 nou

2348 2666 2557 2723 Domini
2588 2669 2681 2724 Dei
2720 2669 2887 2724 nostri
2916 2670 3240 2740 accipiamus
3283 2672 3339 2726 itt
3382 2671 3605 2728 vanum?
3626 2668 3811 2727 Etsunt'u

2346 2759 2425 2815 eis
2463 2759 2626 2826 docti,
2656 2760 2746 2830 qui
2789 2762 2948 2816 etiam
2985 2762 3194 2832 regulas
3235 2766 3406 2834 ligant
3445 2762 3653 2833 ﬁnesque
3686 2759 3809 2816 couti-

2348 2858 2517 2918 tuant,
2541 2851 2752 2922 quando
2776 2851 2991 2919 debeat,
3022 2853 3235 2923 quando
3260 2869 3375 2910 anon
3390 2856 3574 2911 debeat
3775 2848 3805 2905 ο

2348 2940 2438 2995 ubi
2453 2942 2605 3006 estis,
2628 2940 2801 2996 fontes
2822 2942 3184 3013 laerymarum.
3199 2944 3222 2997 i
3240 2944 3325 2999 Et
3353 2944 3479 3016 quid
3504 2940 3725 3000 iaciemus!
3739 2952 3807 3010 qm

2346 3031 2584 3086 ibimus?
2614 3032 2700 3087 ubi
2725 3047 2825 3087 nos
2844 3032 3229 3090 occultabimus
3249 3036 3320 3091 ab
3348 3037 3425 3090 ira
3450 3035 3672 3099 veritatis,
3698 3032 3730 3085 si
3743 3042 3808 3084 In

2347 3121 2520 3177 solum
2548 3123 2862 3194 negligimus
2897 3138 3087 3179 cavere
3116 3126 3420 3191 mendacia,
3451 3126 3540 3182 sed
3561 3124 3748 3180 audemns

2350 3226 2510 3283 super
2553 3212 2745 3269 docere
2772 3213 3043 3284 perjuria?
3074 3213 3321 3271 Viderint
3345 3216 3490 3272 enim
3515 3206 3823 3284 asseruit-ubi

2349 3303 2691 3375 fensoresque
2738 3304 2996 3360 mendacii
3019 3306 3173 3375 quale
3200 3320 3375 3376 genus
3403 3308 3483 3363 vel
3515 3302 3663 3377 qualia
3693 3308 3811 3371 seu!

2348 3395 2639 3450 mentiendi
2665 3409 2759 3451 eos
2773 3395 3065 3465 justiﬁearc
3083 3395 3317 3453 delectet
3339 3416 3355 3453 :
3385 3398 3565 3453 saltem
3600 3396 3645 3450 in
3664 3392 3730 3448 Dei
3743 3384 3811 3443 d-

2350 3492 2407 3539 tu
2447 3484 2742 3539 conecdaut
2786 3499 2898 3540 non
2921 3500 3039 3540 esse
3068 3487 3436 3543 mentiendum
3465 3484 3821 3563 ςεςιιιεφιεοςιῃ

2350 3574 2597 3645 perjuriis
2616 3575 3066 3645 hlasphemiisque
3100 3576 3418 3631 contineant
3444 3591 3461 3642 ;
3504 3558 3665 3629 saltem
3683 3567 3741 3623 ubi

2349 3681 2565 3733 nomen,
2585 3664 2679 3721 .ubi
2703 3666 2843 3721 Deus
2888 3667 3058 3733 IOSIiS,
3089 3666 3176 3721 ubi
3219 3668 3317 3722 Dei
3344 3658 3810 3722 sacramenth

2350 3758 2785 3828 ponitur,.ubide
2805 3758 2984 3812 divina
3011 3759 3266 3829 religione
3308 3773 3487 3813 sermo
3526 3754 3731 3828 promitur
3743 3745 3819 3829 sil;

2349 3847 2671 3915 conseritur,
2695 3864 2854 3904 nemo
2898 3852 3202 3913 mentiatur,
3229 3866 3393 3904 nemo
3422 3848 3603 3913 laudet,
3622 3835 3810 3900 uenab-

2349 3947 2470 3995 eeat
2497 3947 2551 3994 et
2596 3938 2888 4009 principiat,
2935 3955 3093 3993 nemo
3135 3940 3343 4008 justum
3372 3940 3511 3994 dicat
3534 3950 3636 3993 esse
3671 3925 3813 4023 meai:

2349 4032 2491 4085 cium
2526 4048 2538 4085 :
2579 4030 2645 4086 de
2666 4031 2872 4085 cmteris
2893 4031 3293 4085 mendaciorum
3331 4029 3602 4102 generibus
3623 4012 3817 4102 ειίειιιῆ

2350 4122 2492 4193 quod
2520 4131 2668 4193 putat
2710 4138 2830 4179 esse
2860 4124 3194 4178 mitissimum
3237 4132 3402 4194 atque
3436 4112 3817 4194 imtocenw

2350 4214 2643 4272 mentiendi
2662 4231 2871 4285 genus,.
2901 4218 2983 4271 cui
3034 4216 3205 4285 placet
3229 4232 3351 4271 esse
3396 4209 3725 4271 mentiendum.
3744 4198 3815 4285 εὶΙῆ

2349 4308 2482 4372 scio,
2509 4305 2651 4376 quod
2678 4307 2839 4361 etiam
2886 4306 2979 4377 qui
3002 4309 3157 4361 docet
3199 4315 3452 4377 oportere
3478 4299 3676 4365 mentiri.
3699 4298 3815 4377 Μ

2348 4399 2543 4455 docere
2564 4414 2624 4454 se
2666 4397 2778 4452 vult
2807 4399 2990 4453 videri.
3019 4398 3150 4453 Nam
3183 4400 3226 4451 si
3254 4398 3448 4453 falsum
3467 4403 3544 4452 est
3567 4389 3683 4464 quod
3699 4382 3809 4445 ἀῡαέν

2348 4491 2467 4561 quis
2486 4491 2630 4546 falsa:
2656 4491 2784 4545 velit
2821 4491 3035 4546 studere
3061 4490 3340 4555 doctrinas,
3365 4491 3453 4546 ubi
3478 4496 3530 4543 et
3545 4480 3813 4561 iallitdocdq

2347 4593 2402 4639 et
2420 4584 2618 4639 fallitur
2648 4583 2897 4639 discens?
2922 4586 2975 4640 Si
3005 4595 3182 4639 autem
3224 4596 3281 4640 ut
3308 4585 3535 4655 aliquem
3569 4571 3807 4651 ροεεὶιίηη·

2348 4679 2463 4732 nire
2486 4676 2823 4747 discipulum,
2872 4677 3065 4732 docere
3107 4694 3167 4733 se
3208 4679 3403 4734 asserit
3428 4657 3801 4759 vernacula“:

2346 4777 2467 4823 cent
2505 4785 2625 4823 esse
2671 4770 3071 4837 mentiendum;
3107 4770 3376 4840 quomodo
3405 4770 3501 4825 erit
3534 4761 3811 4851 illndex

2348 4872 2454 4917 tate
2479 4862 2831 4929 mendacium,
2860 4861 3063 4918 Joanne
3091 4865 3345 4934 Apostolo
3389 4844 3811 4979 reclamante.0:l

2348 4954 2661 4979 ...-...1....:.....
2689 4969 2784 4979 ..-η
2813 4963 2879 4979 ..-ι
2897 4970 2956 4979 η..
2975 4970 3000 4979 ..
3020 4955 3177 4979 ...:._...
3200 4955 3236 4979 ιι
3281 4953 3400 4979 1--..
3444 4967 3477 4979 ..
3523 4944 3639 4979 uno
3658 4938 3737 4979 Nm

2348 4954 2663 5007 mendacium
2687 4969 2786 5006 non
2807 4963 2879 5007 est
2891 4970 2956 5007 ea:
2975 4955 3177 5007 veritate
3198 4955 3236 5025 (l
3265 4953 3421 5008 Jonn.
3444 4967 3499 5013 tt,
3523 4946 3604 5016 21)
3619 4944 3639 4997 ?

2345 5060 2704 5114 ergoverum,
2750 5045 3033 5115 adquando
3082 5061 3202 5100 esse
3256 5015 3799 5100 mentiendumle

2346 5152 2452 5189 non
2487 5146 2569 5191 est
2586 5151 2790 5201 verum,
2816 5136 3012 5189 nemini
3042 5148 3124 5189 est
3149 5137 3366 5191 omnino
3384 5126 3692 5188 ‘suadeudttm-
3789 5199 3798 5209 .

2414 5227 2640 5283 CAPUT
2682 5229 2921 5301 XIX._-—-
2944 5229 3031 5283 ’58.
3078 5228 3145 5283 Ut
3189 5226 3478 5298 periclitanti
3502 5215 3748 5278 διιόκιιὲαικν

2347 5336 2447 5373 non
2488 5320 2901 5373 committendum
2923 5330 3175 5390 stuprum,
3193 5321 3263 5372 ita
3274 5332 3360 5372 nec
3379 5311 3644 5386 loquendi!

2346 5411 2498 5463 cium.
2526 5409 2586 5464 Si
2611 5411 2781 5479 aliquo
2803 5410 2950 5464 modo
2976 5411 3327 5480 permittuntur
3366 5401 3619 5464 incalfacit.
3648 5398 3718 5447 κά

2347 5502 2467 5554 dum
2486 5517 2549 5555 ne
2567 5518 2721 5571 usque
2741 5500 2809 5553 ad
2835 5502 3060 5573 perjuria
3082 5512 3128 5555 et
3147 5499 3474 5571 blasphemia:
3486 5485 3680 5565 ρσοθταίί

2352 5591 2589 5663 Pejerarc
2611 5569 2658 5646 et
2681 5569 3024 5663 blaspheme"
3050 5608 3154 5662 qua
3178 5569 3371 5645 ratione
3388 5585 3616 5653 diIerttttl-

2350 5661 2526 5753 partes
2549 5698 2672 5740 suas
2694 5661 2983 5739 inﬁrmitas.
3013 5661 3294 5740 etcattsam
3310 5674 3623 5736 invincibin

2352 5777 2447 5830 bus
2474 5778 2641 5831 turbis
2666 5792 2727 5832 se
2766 5776 2964 5832 habere
3010 5783 3320 5845 proclamat.
3369 5770 3459 5830 Ubi

2352 5870 2476 5926 dicit
2499 5888 2513 5924 :
2541 5872 2815 5940 Quomoda
2863 5868 3008 5942 apud
3045 5867 3312 5943 homines.
3336 5866 3422 5942 qui
3446 5856 3601 5937 Ρτοωί
3618 5844 3732 5909 W

3820 3058 3826 3210 ι

3811 4002 3818 4222 1

3658 5139 3692 5175 ﬂ.

3658 5398 3718 5429 nul

3520 5587 3616 5636 ml-
3635 5429 3808 5710 sua

3520 5674 3623 5710 nm
3639 5661 3701 5710 far
