3880 6284
82 299 160 356 5η
1407 275 1618 337 ’LlBEll
1662 275 1855 333 UNUS.

78 432 298 489 falluntur,
329 425 632 476 avertimur
664 429 694 470 a
724 414 952 486 pernicie
992 412 1073 468 vel
1126 412 1298 466 aliena
1345 410 1428 465 vel
1459 425 1578 473 sua,

76 513 430 594 periclitantibus
467 508 775 565 subvenitur
810 506 1136 571 hominibus,
1188 505 1230 558 si
1264 520 1360 557 nos
1394 502 1584 555 huma-

76 628 150 666 nus
164 608 218 663 ad
237 601 578 659 mentiendum
622 614 720 652 non
756 598 970 652 inclinet
990 596 1248 650 affectus?
1294 594 1350 647 Si
1379 601 1585 662 patien-

74 716 136 759 ter
158 714 226 756 me
257 695 423 751 audiat
458 691 613 746 turba
644 689 996 753 mortalitatis,
1032 686 1180 741 turba
1231 682 1587 750 infirmitatis,

73 789 344 862 respondebo
386 783 583 853 aliquid
614 796 710 853 pro
757 781 967 850 negotio
988 778 1246 833 veritatis.
1275 776 1432 830 Certe
1481 775 1587 843 pia,

74 901 194 948 vera,
243 887 411 936 sancta
453 875 671 929 castitas
724 887 827 927 non
861 873 959 926 nisi
1007 887 1070 924 ex
1100 869 1323 923 veritate
1352 879 1432 921 est
1469 884 1481 920 :
1537 874 1593 967 et

73 973 261 1047 quisquis
299 969 548 1024 adversus
579 980 694 1020 eam
742 964 882 1026 facit,
907 961 1143 1032 profecto
1166 960 1424 1013 adversus
1452 960 1593 1011 veri-

76 1074 194 1120 tatem
219 1060 344 1115 facit.
369 1058 475 1112 Cur
515 1070 645 1126 ergo
667 1063 720 1108 et
747 1054 791 1107 si
824 1068 926 1106 non
973 1051 1138 1121 possit
1183 1050 1337 1103 aliter
1381 1047 1591 1116 pericli-

75 1154 249 1209 tantibus
265 1146 552 1211 subveniri,
582 1161 684 1199 non
713 1144 986 1198 committo
1003 1152 1266 1209 stuprum,
1297 1139 1437 1208 quod
1463 1136 1584 1192 ideo

76 1256 131 1301 est
150 1240 437 1298 contrarium
461 1216 694 1298 veritati,
722 1234 841 1304 quia
864 1232 1188 1286 contrarium
1213 1239 1294 1284 est
1314 1227 1543 1284 castitati
1574 1242 1589 1291 ;

75 1343 164 1391 etut
191 1328 594 1402 periclitantibus
622 1325 982 1388 subveniatur,
1019 1323 1206 1392 loquor
1232 1318 1588 1420 mendaci-um,

75 1423 176 1496 quod
198 1422 282 1494 ipsi
326 1418 663 1489 apertissime
689 1425 772 1470 est
814 1414 1136 1469 contrarium
1165 1411 1415 1466 veritati?
1456 1409 1591 1476 Quid

75 1532 144 1571 nos
165 1522 336 1568 tantum
367 1509 664 1580 promeruit
689 1507 705 1538 ²
731 1505 966 1572 casulas,
1013 1513 1068 1558 et
1095 1503 1319 1557 offendit
1351 1501 1545 1555 veritas
1569 1498 1592 1552 ?

75 1622 161 1661 cum
175 1604 395 1658 omniscx
427 1599 651 1654 veritate
671 1600 738 1651 sit
759 1602 994 1657 castitas,
1027 1605 1078 1648 et
1105 1596 1171 1648 sit
1200 1608 1303 1646 non
1329 1591 1589 1660 corporis,

76 1697 143 1753 sed
177 1694 347 1750 mentis
389 1692 612 1748 castitas
648 1689 863 1751 veritas,
891 1695 1050 1756 atque
1097 1685 1148 1739 in
1196 1695 1370 1738 mente
1398 1683 1598 1736 habitet

74 1788 190 1841 etiam
211 1783 433 1853 corporis
471 1780 759 1836 castitas’.
795 1779 1091 1841 Postremo,
1154 1775 1293 1846 quod
1346 1784 1400 1828 et
1443 1773 1597 1843 paulo

74 1875 333 1932 antedixiet
360 1874 556 1928 iterum
605 1871 748 1934 dico,
790 1869 1028 1940 quisquis
1058 1867 1187 1922 mihi
1238 1882 1333 1936 pro
1376 1880 1598 1936 persua-

73 1967 204 2022 dendo
220 1975 265 2021 et
288 1963 626 2020 defendendo
662 1963 769 2016 ullo
810 1960 1086 2015 mendacio
1107 1958 1444 2021 contradicit,
1472 1958 1597 2028 quid

74 2062 180 2124 dicit,
203 2060 241 2112 si
261 2073 438 2112 verum
457 2071 565 2111 non
609 2055 774 2110 dicit?
799 2053 854 2106 Si
885 2061 1059 2107 autem
1091 2061 1368 2121 propterea
1397 2060 1477 2104 est
1507 2065 1601 2106 au-

73 2151 244 2205 diendus
269 2151 515 2219 quoniam
537 2161 725 2201 verum
767 2144 915 2209 dicit,
943 2143 1208 2214 quomodo
1238 2157 1323 2196 me
1368 2143 1478 2195 vult
1518 2140 1598 2195 fa-

75 2255 162 2295 cere
185 2253 345 2293 verum
391 2236 624 2292 dicendo
677 2233 1027 2288 mendacem?
1069 2232 1345 2298 Quomodo
1384 2231 1602 2285 menda-

75 2332 173 2385 cium
197 2341 450 2400 patronam
475 2328 584 2383 sibi
622 2326 842 2380 adhibet
870 2325 1144 2379 veritatem
1171 2324 1194 2376 ?
1226 2326 1304 2376 An
1354 2322 1601 2376 adversa-

76 2423 130 2478 rio
149 2437 226 2476 suo
264 2421 438 2487 vincit,
466 2428 522 2474 ut
555 2435 588 2472 a
627 2433 687 2473 se
733 2417 848 2486 ipsa
893 2416 1134 2470 vincatur
1163 2413 1234 2467 ³⁸2
1283 2413 1414 2480 Quis
1465 2413 1601 2467 hanc

77 2511 386 2566 absurditatem
417 2511 556 2565 ferat
581 2510 604 2563 ?
665 2509 820 2563 Nullo
841 2522 966 2576 ergo
990 2505 1147 2559 modo
1177 2505 1484 2567 dixerimus,
1508 2519 1602 2558 eos

78 2603 138 2672 qui
150 2611 362 2658 asserunt
399 2599 696 2672 aliquando
720 2614 839 2654 esse
863 2597 1248 2660 mentiendum,
1275 2596 1324 2649 id
1350 2611 1600 2650 asseren-

77 2692 124 2745 do
151 2707 246 2747 esse
285 2706 536 2756 veraces;
595 2706 682 2757 ne,
733 2688 872 2759 quod
920 2696 1001 2743 est
1048 2687 1485 2742 absurdissimum
1547 2694 1603 2740 ct

76 2782 376 2838 stultissimum
403 2783 656 2848 credere,
702 2781 896 2835 veritas
919 2793 1014 2832 nos
1064 2778 1252 2832 doceat
1289 2791 1411 2831 eSse
1440 2791 1598 2830 nien-

77 2870 201 2926 dates.
228 2871 380 2940 Quale
412 2882 493 2927 est
523 2872 696 2934 enim,
735 2877 790 2923 ut
840 2883 960 2924 esse
1007 2866 1412 2922 adulterandum
1444 2881 1600 2919 nemo

79 2960 241 3016 discata
270 2963 530 3029 castitate,
597 2962 761 3016 Deum
808 2958 1186 3014 oﬂ'cndcndum
1241 2973 1400 3012 nemo
1437 2957 1604 3011 discat

79 3053 281 3120 apietate,
302 3055 550 3124 cuiquam
595 3051 892 3106 nocendum
923 3065 1080 3104 nemo
1109 3049 1276 3103 discat
1307 3064 1335 3102 a
1363 3048 1604 3118 be::igni-
1635 3105 1640 3108 _

79 3150 227 3208 tate,ct
247 3160 356 3199 esse
386 3143 757 3199 mentiendum
784 3142 1049 3197 discamus
1071 3155 1100 3194 a
1133 3142 1352 3195 veritate
1371 3143 1394 3192 ’ἰ
1427 3140 1601 3194 Porro

79 3235 109 3288 si
131 3236 207 3290 hoc
237 3253 342 3292 non‘
358 3237 514 3292 docet
541 3236 764 3298 veritas,
795 3251 896 3289 non
927 3242 1009 3289 est
1048 3249 1235 3288 verum
1271 3251 1284 3286 :
1318 3233 1361 3286 si
1390 3248 1493 3286 non
1519 3240 1604 3286 est

78 3337 244 3393 rerum,
284 3343 380 3381 non
409 3336 492 3384 est
513 3325 829 3382 discendum
861 3342 874 3378 :
920 3323 967 3378 si
1013 3340 1117 3377 non
1147 3332 1227 3379 est
1267 3323 1600 3381 discendum.

81 3431 286 3489 nunquam
311 3431 389 3477 est
417 3421 587 3492 igitur
610 3417 997 3474 mentiendum.

125 3509 192 3564 59.
215 3509 306 3565 Sed
348 3517 689 3584 perfecturum
715 3520 813 3576 est,
847 3510 920 3563 ait
972 3509 1184 3579 aliquis,
1227 3508 1420 3563 solidus
1465 3509 1603 3562 cibus

81 3597 233 3666 (Hebr.
259 3617 305 3667 ν,
335 3602 468 3674 14).
494 3602 664 3656 Multa
691 3602 833 3654 enim
864 3600 1155 3654 secundum
1203 3600 1409 3654 veniam
1458 3599 1599 3653 rela-

83 3697 223 3744 xantur
244 3691 551 3758 infirmitati,
578 3691 817 3761 quamvis
842 3688 1220 3743 sincerissima:
1269 3703 1600 3758 nequaquam

83 3777 264 3844 placeant
281 3784 498 3839 veritati.
536 3783 685 3837 Dicat
724 3783 822 3836 hoc
839 3781 1080 3852 quisquis
1114 3796 1217 3834 non
1266 3781 1453 3835 metuit
1481 3797 1601 3851 qua:

83 3877 386 3942 consequentia
415 3875 703 3932 metuenda
733 3883 881 3936 sunt,
932 3874 976 3927 si
1007 3873 1201 3928 fuerint
1237 3873 1416 3942 aliquo
1443 3872 1602 3927 modo

87 3960 214 4032 aliqua
266 3967 513 4035 permissa
569 3965 865 4020 mendacia.
923 3962 1079 4018 Nullo
1118 3962 1276 4017 modo
1324 3971 1498 4016 tamen
1546 3963 1601 4016 in

84 4059 233 4109 tantum
253 4066 364 4112 sunt
384 4057 743 4129 permittenda
769 4053 1156 4116 conscendere,
1181 4064 1238 4108 ut
1265 4054 1333 4109 ad
1371 4054 1600 4124 perjuria

84 4141 469 4220 blasphemiasque
539 4148 848 4221 perveniant
888 4165 901 4201 :
951 4162 1049 4202 nec
1092 4146 1322 4216 aliquam
1386 4161 1599 4201 causam

86 4247 250 4301 prorsus
272 4250 469 4310 Oportet
488 4239 730 4305 obtendi,
753 4254 849 4293 cur
870 4237 1059 4292 debeat
1087 4237 1332 4306 pcjcrari,
1356 4236 1436 4290 vel
1459 4234 1600 4306 quod

89 4333 145 4377 est
173 4331 538 4396 exsecrabilius,
566 4345 663 4384 cur
690 4329 830 4383 Deus
857 4327 1047 4382 debeat
1076 4325 1452 4395 blasphemari.
1481 4324 1594 4380 Non

88 4416 188 4471 enim
214 4422 316 4489 quia
335 4437 426 4492 per
467 4421 806 4478 mendacium
837 4420 1235 4488 blasphematur
1259 4418 1301 4484 ",
1332 4417 1452 4474 ideo
1480 4433 1586 4472 non

91 4504 430 4578 blasphematur.
480 4515 670 4570 Potest
713 4514 910 4584 quippe
955 4512 1056 4566 hoc
1100 4511 1259 4566 modo
1299 4511 1402 4565 dici
1429 4552 1444 4576 ,
1489 4527 1594 4566 non

93 4600 276 4668 peierati,
299 4608 412 4677 quia
441 4623 541 4678 per
591 4604 928 4662 mendacium
959 4604 1248 4674 peieratur.
1283 4602 1416 4670 Quis
1457 4603 1600 4658 enim

94 4696 413 4762 Pervcritatcm
463 4698 634 4770 possit
665 4712 786 4753 esse
839 4695 1117 4766 perjnrus?
1146 4694 1235 4750 Sic
1277 4695 1435 4750 etiam
1463 4694 1483 4726 ⁵
1507 4710 1601 4765 per

85 4782 303 4858 feritatem
327 4789 496 4844 nullus
543 4797 720 4858 potest
771 4802 890 4842 esse
937 4785 1302 4856 blasphemus.
1333 4785 1472 4840 Sane
1501 4786 1601 4839 mi-

97 4865 168 4922 tius
187 4869 348 4930 falsum
389 4877 548 4948 jurat,
577 4877 667 4948 qui
720 4875 910 4931 falsum
945 4877 1112 4930 nescit
1157 4889 1299 4942 esse,
1333 4884 1387 4930 et
1413 4888 1598 4931 verum

97 4969 320 5024 Putatesse
353 4971 486 5041 quod
521 4970 707 5040 jurat:
749 4969 887 5024 sicut
933 4977 987 5024 et
1015 4969 1206 5023 Saulus
1244 4967 1600 5023 excusabilius

97 5046 418 5129 bllspbemavit,
437 5063 558 5135 quia
585 5063 832 5133 ignorans
854 5061 979 5116 fecit
1005 5060 1023 5131 (
1048 5059 1063 5112 |
1091 5060 1220 5114 Tim.
1241 5075 1283 5125 ι,
1317 5060 1384 5114 15
1403 5058 1444 5132 ).
1473 5056 1599 5114 Ideo

97 5152 226 5202 autem
255 5152 386 5223 pejus
428 5166 511 5213 est
551 5155 922 5226 blasphemare
951 5168 1107 5223 quam
1155 5152 1416 5223 pejerare,
1465 5165 1600 5222 quo-

101 5275 300 5389 .udlti:
317 5286 427 5348 ριάά
441 5286 572 5353 apud
592 5299 678 5339 nos
697 5291 881 5338 tardum
911 5284 1174 5358 promeruit
1190 5284 1216 5336 ?
1237 5288 1401 5348 Abest,
1443 5287 1594 5356 apud,

144 5397 237 5476 λῃ
251 5409 342 5476 ιβ.
364 5412 565 5476 Atediti,
603 5409 775 5476 mentis
811 5409 1022 5476 castitas,
1059 5409 1325 5476 veritasque
1357 5413 1409 5464 in
1439 5419 1596 5466 mente

262 5451 977 5535 εᾶεἶῖἱὶιῖςῖ

148 5518 376 5598 {suam
388 5518 696 5598 38366135;
712 5518 1016 5598 attigisse
1036 5532 1268 5586 vincatur.
1558 5566 1574 5583 ,

148 5580 268 5664 :59.
287 5599 331 5664 et
353 5580 614 5659 ing—quia.
626 5580 1593 5664 p‘érﬁnéiiridé'iiiniﬁibii"binm/mam}.

221 5638 304 5724 iis
439 5638 604 5724 aut;
749 5638 1013 5718 uasis,
1037 5638 1496 5724 αρηρῑιιιίέρςίιξηςζέ.

149 5705 164 5734 ⁸
187 5713 238 5760 Ita
253 5719 342 5766 uss.
367 5705 424 5770 Χῖ
436 5705 638 5782 edi—{ﬂii
652 5705 808 5776 eius:

3164 288 3272 350 διδ

1698 411 1835 463 niam
1861 411 2142 480 pejorando
2172 414 2315 471 falszc
2359 419 2433 473 rei
2463 419 2739 476 adhibetur
2761 423 2910 478 testis
2962 423 3119 492 Deus,
3149 425 3265 482 bla-

1696 501 2023 569 Sphcmando
2052 514 2228 561 autem
2270 507 2332 562 de
2359 509 2472 578 ipso
2497 508 2627 565 falsa
2656 511 2901 566 dicuntur
2928 513 3056 569 Deo.
3093 515 3266 571 Tanto

1695 599 1776 644 est
1796 601 1969 646 autem
2014 595 2236 666 quisque
2267 599 2673 654 inexcusaliilior
2695 602 2712 632 ί
2740 601 2852 656 sive
2881 605 3124 672 periurus
3152 607 3265 663 sive

1696 681 2052 752 blaSphemus,
2084 697 2282 756 quanto
2304 691 2469 760 magis
2485 706 2546 746 ea
2569 708 2686 762 qum
2715 693 2999 762 pejerando
3030 696 3113 748 vel
3155 697 3274 751 bla-

1695 773 2022 842 Sphemando
2042 791 2303 843 asserunt,
2323 779 2447 834 falsa
2467 793 2726 838 noverunt
2746 800 2866 839 esse
2886 786 2966 840 vel
2984 786 3211 841 credunt
3231 789 3276 841 '.

1696 863 1945 933 Quisquis
1977 867 2148 936 itaque
2177 867 2304 922 dicit
2342 887 2434 938 prn
2463 871 2810 939 periclitantis
2838 874 3070 930 hominis
3094 877 3270 932 salute

1696 959 1973 1024 temporali
2003 959 2084 1012 vel
2114 959 2218 1013 vita
2255 977 2374 1015 esse
2427 965 2814 1028 mentiendum,
2869 968 3026 1022 nimis
3055 969 3169 1038 ipse
3209 970 3278 1026 ab

1700 1043 1886 1100 itinere
1916 1048 2175 1102 exorbitat
2212 1059 2428 1104 :etemaz
2448 1053 2633 1106 salutis
2659 1061 2717 1108 et
2751 1055 2892 1122 vitai,
2918 1057 2964 1111 si
2989 1058 3114 1112 dicit
3141 1059 3191 1112 in
3215 1075 3280 1115 ea

1698 1149 1856 1189 causa
1904 1137 2062 1192 etiam
2089 1139 2374 1207 jurandum
2416 1158 2516 1212 per
2547 1144 2736 1212 Deum,
2789 1146 2873 1200 vel
2918 1148 3080 1202 etiam
3131 1150 3279 1205 blas-

1700 1222 2052 1291 phemandum
2096 1227 2283 1283 Deum.

1768 1313 1994 1371 CAPUT
2033 1317 2151 1372 XX.
2173 1349 2245 1359 —
2267 1320 2356 1375 40.
2401 1323 2479 1376 Αη
2505 1325 2678 1379 saltent
2706 1344 2798 1396 pro
2842 1337 3029 1384 (eterna
3057 1331 3277 1390 hominis

1699 1407 1860 1461 salute
1907 1411 2263 1465 mentiendum.
2314 1411 2380 1467 In
2423 1416 2598 1471 salutis
2647 1429 2849 1473 azlerna:
2874 1423 3115 1491 periculo,
3144 1425 3274 1478 sicut

1700 1513 1799 1552 non
1847 1499 1987 1554 debet
2044 1504 2236 1557 homini
2276 1506 2532 1561 subveniri
2558 1525 2647 1577 per
2673 1519 2926 1581 stuprum,
2978 1514 3049 1566 ita
3075 1532 3164 1569 nec
3193 1533 3284 1586 per

1699 1593 2033 1659 mendacium,
2089 1596 2225 1665 quod
2269 1613 2380 1652 vere
2416 1609 2670 1670 peccatum
2699 1611 2790 1656 est.
2847 1604 2950 1658 Sed
2998 1605 3283 1676 aliquando

1701 1680 1854 1735 nobis
1879 1681 2050 1751 ipsius
2074 1699 2285 1754 quoque
2328 1689 2515 1744 salutis
2537 1700 2753 1746 aeterna:
2781 1693 3070 1762 periculum
3117 1712 3284 1768 oppo-

1701 1772 1860 1837 nitur,
1895 1772 2036 1842 quod
2083 1784 2266 1830 nostro
2314 1778 2610 1844 mendacio,
2663 1781 2705 1835 si
2754 1783 2906 1838 aliter
2948 1800 3052 1840 non
3086 1798 3280 1856 potest,
3359 1791 3380 1800 ’

1701 1862 2071 1932 depellendum
2121 1882 2240 1922 esse
2277 1869 2534 1924 clamatur
2561 1889 2574 1924 :
2599 1872 2743 1927 velut
2787 1875 2831 1928 si
2873 1876 3150 1946 quisquam
3186 1880 3284 1934 ba-

1701 1953 1980 2020 ptizandus
2003 1956 2054 2008 in
2083 1965 2342 2024 potestate
2369 1958 2438 2012 sit
2472 1959 2751 2030 impiorum
2801 1971 2962 2032 atque
2989 1965 3282 2022 inﬁdelium

1703 2044 2038 2110 constitutus,
2071 2045 2136 2100 ad
2164 2063 2318 2115 quem
2352 2051 2612 2118 perveniri
2641 2068 2744 2106 non
2780 2056 2945 2122 possit
2989 2067 3044 2111 ut
3073 2057 3286 2114 lavacro

1705 2137 2118 2204 regenerationis
2143 2139 2405 2206 abluatur,
2441 2141 2538 2196 nisi
2569 2143 2805 2214 deceptis
2847 2149 3153 2204 mentiendo
3183 2165 3288 2205 .cu-

1705 2225 1964 2281 Stodibus.
1999 2227 2080 2280 Ab
2107 2227 2210 2297 hoc
2237 2230 2649 2287 invidiosissimo
2673 2233 2694 2265 ³
2719 2235 2974 2305 clamore,
3003 2255 3107 2307 quo
3125 2244 3283 2312 cogi-

1705 2331 1824 2369 mur
1851 2332 1954 2370 non
1987 2334 2082 2386 pro
2107 2319 2419 2390 cujusquam
2452 2323 2642 2392 opibus
2678 2325 2761 2380 vel
2791 2327 3078 2385 honoribus
3099 2331 3158 2386 in
3179 2332 3285 2390 hoc

1705 2408 1900 2462 smeulo
1926 2413 2424 2479 trauscurrentilms,
2449 2431 2553 2469 non
2593 2431 2690 2486 pro
2720 2417 2831 2487 ipsa
2860 2421 3017 2491 hujus
3064 2431 3282 2494 tempo-

1705 2499 1780 2552 ris
1802 2499 1926 2561 vita,
1956 2500 2047 2554 sed
2074 2519 2167 2569 pro
2193 2512 2390 2558 aeterna
2423 2505 2652 2560 hominis
2679 2510 2849 2565 salute
2899 2516 3130 2582 mentiri,
3164 2533 3271 2588 quo

1705 2587 2024 2659 confugiam,
2055 2591 2152 2645 nisi
2180 2593 2245 2646 ad
2271 2604 2342 2659 te,
2375 2595 2623 2651 Veritas?
2651 2599 2715 2652 Et
2742 2599 2869 2653 mihi
2892 2605 2987 2657 abs
3005 2613 3061 2660 te
3079 2587 3284 2677 propo-

1708 2680 1848 2733 nitur
1887 2683 2122 2736 eastitas.
2171 2684 2278 2741 Cur
2305 2687 2443 2741 enim
2475 2689 2518 2742 si
2573 2691 2820 2748 custodes
2864 2693 2974 2760 isti,
3001 2707 3055 2751 ut
3086 2713 3184 2754 nos
3213 2701 3282 2755 ad

1707 2771 2077 2842 baptizandum
2094 2776 2358 2831 hominem
2377 2779 2675 2849 admittant,
2695 2793 2878 2853 stupro
2892 2786 3281 2858 illicilpossunt,

1708 2882 1811 2920 non
1845 2868 2062 2922 facimus
2091 2871 2353 2924 contraria
2385 2873 2633 2938 castitati,
2657 2883 2710 2928 et
2731 2875 2775 2929 si
2802 2877 3084 2934 mendacio
3105 2880 3282 2953 decipi

1705 2967 1946 3030 possunt,
1965 2958 2186 3015 facimus
2206 2964 2469 3018 contraria
2494 2967 2744 3020 veritati?
2767 2982 2888 3022 cum
2906 2972 3095 3039 procul
3121 2972 3286 3031 dubio

1708 3051 1839 3105 nulli
1866 3061 2006 3108 esset
2028 3052 2252 3108 fideliter
2275 3056 2518 3110 amabilis
2543 3059 2783 3126 castitas,
2812 3062 2856 3116 si
2885 3078 2988 3116 non
3004 3080 3120 3120 eam
3145 3081 3286 3136 prte-

1706 3144 1908 3213 ciperct
1936 3146 2148 3200 veritas.
2175 3147 2406 3204 Proinde
2451 3159 2506 3204 ut
2553 3153 2895 3220 perveniatur
2921 3155 2985 3210 ad
3017 3157 3286 3215 hominem

1707 3236 2100 3305 baptizandum,
2154 3238 2401 3294 fallantur
2451 3243 2764 3297 mentiendo
2793 3245 3072 3316 custodes,
3105 3249 3149 3303 si
3177 3248 3284 3306 hoc

1701 3326 1852 3395 jubet
1878 3328 2092 3383 veritas.
2142 3328 2246 3383 Sed
2277 3331 2545 3399 quomodo
2593 3333 2775 3402 jnbcat
2803 3336 3019 3404 veritas,
3043 3348 3100 3393 ut
3126 3340 3287 3396 homo

1705 3417 2019 3486 baptizctur,
2061 3409 2178 3473 esse
2219 3421 2600 3489 mentiendum,
2639 3425 2682 3478 si
2724 3442 2825 3479 non
2851 3426 3003 3497 jubet
3044 3433 3284 3497 castitas,

1707 3517 1764 3562 nt
1794 3508 1952 3562 homo
1995 3509 2307 3579 baptizctur,
2341 3527 2460 3568 esse
2500 3517 2872 3572 mmcbandum
2901 3520 2924 3573 ?
2955 3520 3063 3576 Cur
3099 3533 3281 3579 autem

1707 3597 1811 3654 hoc
1836 3616 1941 3654 non
1962 3601 2115 3669 jubet
2139 3604 2374 3666 castitas,
2410 3605 2508 3659 nisi
2531 3607 2651 3677 quia
2681 3607 2782 3663 hoc
2809 3626 2912 3665 non
2937 3611 3095 3669 docet
3135 3617 3286 3671 veri—

1707 3694 1829 3748 tas?
1869 3694 1923 3749 Si
1950 3710 2097 3764 ergo,
2132 3695 2230 3749 nisi
2249 3696 2388 3766 quod
2421 3699 2613 3753 veritas
2635 3700 2810 3768 docet,
2859 3701 3033 3760 facere
3055 3721 3158 3774 non
3187 3707 3286 3763 de-

1705 3784 1927 3851 bemus;
1969 3802 2090 3841 cum
2138 3788 2333 3842 veritas
2381 3787 2584 3868 doceat
2615 3807 2712 3847 nec
2752 3804 2967 3863 promer
3017 3795 3287 3855 hominem

1704 3875 2078 3946 baptizandum
2135 3879 2306 3935 facere
2336 3882 2476 3950 quod
2528 3885 2852 3939 contrarium
2911 3896 2994 3943 est
3034 3892 3284 3957 castitati.

1706 3966 1970 4036 quomodo
2001 3984 2099 4023 nos
2123 3969 2334 4025 docebit
2356 3971 2529 4028 facere
2552 3982 2765 4044 propter
2792 3976 3166 4045 baptizandum
3191 3981 3288 4036 lto-

1705 4060 1902 4114 minem
1929 4060 2069 4130 quod
2097 4061 2194 4130 ipsi
2237 4070 2320 4117 est
2343 4065 2669 4119 contrarium
2714 4069 2922 4122 veritati
2952 4069 2976 4123 ?
3001 4069 3105 4126 Sed
3144 4072 3286 4128 sicut

1704 4143 1840 4198 oculi
1863 4142 1927 4197 ad
1957 4144 2266 4199 intuendum
2283 4146 2448 4200 solem
2474 4163 2656 4216 parum
2677 4148 2836 4217 firmi,
2858 4166 2920 4206 ea
2957 4161 3129 4208 tamen
3158 4172 3280 4225 qua:

1705 4249 1735 4288 a
1782 4235 1896 4288 sole
1944 4235 2313 4302 illustrantur,
2367 4237 2595 4292 libenter
2639 4240 2943 4307 intuentur;
2973 4244 3051 4298 sic
3088 4245 3283 4301 anima:

1699 4325 1808 4395 jam
1837 4325 2072 4379 valentes
2106 4325 2366 4382 delectari
2421 4328 2813 4397 pulchritudine
2859 4335 3141 4402 castitatis,
3168 4351 3278 4392 non

1708 4425 1882 4471 tamen
1901 4417 2162 4472 continuo
2209 4433 2304 4487 per
2333 4421 2587 4490 seipsam
2619 4422 2956 4478 considerare
3006 4427 3219 4486 veritate
3255 4444 3289 4482 ιι

1705 4509 1845 4562 unde
1868 4507 2006 4562 lucet
2032 4509 2246 4562 castitas
2289 4519 2528 4578 possunt,
2555 4521 2611 4565 ut
2639 4528 2757 4566 cum
2785 4526 2998 4568 ventum
3030 4516 3186 4571 fuerit
3212 4533 3281 4591 at.

1705 4598 1900 4669 aliquid
1908 4597 2220 4688 1faciendum
2248 4601 2388 4670 quod
2419 4601 2700 4657 adversum
2732 4613 2812 4658 est
2838 4606 3066 4672 veritati,
3089 4607 3156 4660 ita
3189 4625 3278 4664 re-

1705 4688 1905 4760 fugiant
1954 4699 2008 4747 et
2051 4691 2394 4756 exborreant,
2440 4694 2884 4762 quemadmodum
2927 4699 3194 4769 refugiunt
3233 4711 3286 4756 ct

1705 4783 2012 4847 exhorrent,
2057 4785 2102 4838 si
2159 4784 2458 4840 faciendum
2512 4787 2706 4857 aliquid
2746 4798 3070 4858 pmpnnatur
3131 4794 3279 4863 quod

1706 4874 1987 4930 adversum
2018 4885 2099 4931 cst
2119 4878 2367 4931 castitati.
2395 4877 2486 4932 Ille
2526 4889 2702 4933 autem
2745 4881 2885 4936 filius
2925 4883 3017 4953 qui
3063 4887 3284 4942 verbum

1704 4968 2050 5037 suscipiensa
2088 4969 2385 5038 perditione
2413 4970 2564 5040 longe
2601 4973 2790 5037 aberit,
2827 4981 2880 5028 et
2903 4975 3032 5030 nihil
3072 4977 3188 5033 falsi
3219 4995 3284 5035 ex

1704 5057 1819 5127 ejus
1845 5057 2227 5128 orcprocedit(
2253 5057 2408 5113 Prov.
2438 5076 2592 5126 nix,
2613 5061 2683 5116 27
2711 5061 2753 5134 ),
2786 5072 2889 5118 tam
2912 5067 3010 5121 sibi
3041 5069 3282 5125 clausum

1705 5149 1940 5220 deputat,
1968 5148 2014 5204 si
2039 5148 2106 5204 ad
2137 5150 2555 5208 subveniendum
2578 5155 2774 5211 homini
2801 5173 2900 5228 per
2925 5161 3277 5227 mendacium,

1703 5256 1860 5311 quam
1891 5241 1936 5296 si
1957 5255 2053 5310 per
2075 5249 2315 5313 stuprum
2347 5247 2569 5302 transire
2585 5259 2821 5318 cogatur.
2850 5251 2914 5305 Et
2935 5252 3102 5318 ,Patcr
3124 5271 3285 5310 exan-

1702 5330 1780 5386 dit
1807 5340 2081 5399 orantem,
2113 5342 2170 5388 ut
2194 5335 2367 5391 valeat
2408 5338 2523 5393 sine
2563 5341 2838 5398 mendacio
2877 5343 3179 5411 subvenire,
3198 5347 3283 5402 cui

1702 5422 1812 5478 vult
1829 5422 1984 5480 Pater
2005 5423 2138 5496 ipse,
2164 5427 2314 5498 cujus
2335 5429 2688 5486 inscrutabilia
2713 5442 2834 5487 sunt
2845 5434 3064 5502 judicia,
3086 5435 3282 5491 subve-

1765 5538 1784 5612 ξ
1817 5545 1918 5612 am.
1941 5542 2095 5612 εει-...ει
2116 5545 2319 5612 quatuor
2340 5541 2684 5612 atss.,_qnisque
2707 5541 3094 5612 inexcgtsabilius.

1764 5602 1786 5631 ³
1819 5606 1918 5670 Duo
1940 5598 2148 5670 codices
2164 5603 2387 5670 Vaticani,
2412 5598 2484 5654 vel
2502 5598 2888 5668 blasphemando
2921 5605 3110 5668 asserit,
3147 5603 3276 5670 falsa

1701 5659 1882 5712 nouerit
1903 5671 2005 5709 esse
2027 5657 2102 5710 vel
2123 5663 2296 5714 credit.

1769 5727 1788 5756 ³
1821 5729 1869 5771 tn
1891 5720 1993 5771 sola
2018 5721 2232 5772 editione
2256 5733 2384 5792 Lov.,
2418 5728 2792 5780 iusidiasissimo.
