3880 6284
91 308 167 369 ας
1429 294 1597 350 unm

1706 296 1758 353 ’Ν
1766 299 1864 355 US.

87 418 273 489 Apostoli
298 421 586 484 praeceptum
630 410 694 465 de
739 425 887 479 opere
924 406 1184 477 spirituali
1212 407 1373 475 accipi
1413 408 1601 462 volunt.

87 511 354 567 Arbitrantur
379 520 428 557 se
455 520 553 556 non
576 511 837 572 aperantes
874 498 1073 553 obedire
1102 498 1342 569 Apostolo
1365 506 1409 551 et
1433 498 1607 552 Evan-

84 602 200 674 gelia.
220 596 429 653 Jussioni
455 602 575 659 tute,
601 600 787 647 sancte
830 590 993 645 frater
1026 589 1227 654 Aureli,
1268 597 1414 643 tanto
1443 587 1607 644 devo-

84 700 162 751 tius
182 692 519 758 obtemperare
540 702 622 741 me
645 689 896 758 oportuit,
920 693 1117 754 quanto
1139 684 1306 755 magis
1331 684 1457 738 mihi
1485 683 1605 753 quis

86 803 134 843 es
174 796 214 839 te
248 781 471 852 jusserit,
521 777 723 831 claruit.
775 777 1029 831 Dominus
1068 775 1209 831 enim
1241 785 1422 830 noster
1449 774 1607 831 Jesus

80 874 272 932 Christus
300 870 535 923 habitans
562 869 612 921 in
642 866 876 923 interiori
906 876 994 921 tuo
1020 866 1061 931 ³,
1105 866 1303 935 tibique
1341 866 1604 920 sollicitu-

82 968 215 1022 dinem
243 973 459 1033 paterna:
485 970 535 1014 et
556 957 801 1013 fraterna:
822 958 1093 1012 charitatis
1115 957 1399 1026 inspirans,
1426 969 1603 1011 utrum

81 1055 171 1111 ﬁliis
194 1062 237 1106 ct
270 1050 513 1105 fratribus
542 1050 740 1102 nostris
783 1048 1055 1102 monachis
1079 1090 1093 1113 ,
1126 1049 1215 1117 qui
1247 1048 1402 1102 beato
1441 1047 1603 1102 Paulo

81 1144 266 1215 apostolo
291 1140 501 1197 obedire
528 1139 794 1209 negligant
840 1138 1058 1201 dicenti,
1092 1137 1194 1203 Qui
1219 1154 1320 1193 non
1346 1136 1450 1191 vult
1476 1153 1602 1207 ope-

81 1236 169 1299 rari,
194 1248 279 1287 non
302 1230 563 1284 manducet
593 1227 659 1302 (ll
692 1226 864 1282 Thess.
897 1244 974 1292 ιιι,
1000 1226 1107 1295 10),
1153 1226 1505 1296 permittenda
1536 1226 1605 1281 sit

81 1328 151 1381 ista
174 1322 377 1386 licentia,
405 1320 731 1374 voluntatem
772 1332 834 1373 ac
882 1318 1110 1387 linguam
1152 1324 1292 1371 tuam
1325 1331 1605 1372 assumens

80 1417 117 1469 in
149 1427 257 1483 opus
299 1425 446 1465 suum
472 1449 487 1475 ,
524 1409 804 1479 imperavit
832 1408 959 1462 mihi
988 1424 1052 1463 ex
1086 1418 1135 1463 te
1155 1451 1169 1473 ,
1215 1417 1274 1462 ut
1302 1407 1427 1463 hinc
1455 1407 1520 1463 ad
1552 1416 1604 1463 te

82 1503 230 1575 aliquid
256 1501 559 1557 scriberem.
594 1499 746 1554 Adsit
772 1500 947 1569 itaque
975 1499 1085 1568 ipse
1113 1499 1273 1554 etiam
1306 1499 1456 1565 mihi,
1496 1513 1603 1569 quo

80 1595 127 1648 ita
150 1607 350 1662 paream,
382 1600 437 1645 ut
462 1578 511 1645 ci
543 1605 630 1645 me
661 1605 847 1659 parcre
873 1604 938 1644 ex
964 1589 1078 1660 ejus
1105 1596 1324 1645 munere
1355 1591 1467 1660 ipsa
1495 1589 1601 1645 uti-

82 1686 189 1739 litate
210 1682 441 1739 fructuosi
476 1682 678 1736 laboris
707 1681 1014 1751 intelligam.

126 1778 168 1830 2.
202 1776 417 1831 Primum
458 1789 592 1845 ergo
618 1773 901 1827 videndum
942 1772 1067 1843 quid
1098 1772 1273 1829 dicant
1305 1773 1445 1828 illius
1478 1787 1603 1844 pro-

80 1865 270 1921 fessionis
296 1864 536 1920 homines
569 1864 657 1934 qui
690 1864 897 1933 operari
926 1864 1113 1918 nolunt
1145 1881 1156 1916 :
1189 1862 1402 1929 deinde,
1434 1864 1479 1917 si
1506 1879 1601 1919 eos

79 1972 156 2011 non
179 1966 301 2011 recte
323 1956 523 2009 sentire
566 1953 925 2007 invenerimus
949 1994 964 2018 ,
996 1953 1061 2007 ad
1090 1968 1274 2007 eorum
1305 1954 1599 2009 correctio-

79 2064 167 2105 nem
197 2048 303 2118 quid
332 2046 644 2102 dicendum.
676 2044 809 2109 Non,
860 2046 1135 2115 inquiunt,
1179 2045 1246 2100 de
1295 2045 1394 2100 hoc
1439 2061 1602 2116 opere

77 2140 300 2209 corporali,
331 2139 381 2192 in
410 2153 519 2207 quo
557 2137 639 2190 vel
672 2136 919 2205 agricolm
948 2136 1030 2189 vel
1073 2133 1291 2204 opifices
1334 2134 1597 2204 laborant,

77 2233 266 2302 pracepit
295 2229 587 2299 Apostolus
609 2269 623 2293 ,
654 2243 774 2282 cum
801 2227 1005 2282 diceret
1023 2268 1037 2290 ,
1078 2226 1178 2291 Qui
1216 2244 1314 2281 non
1344 2228 1448 2282 vult
1477 2244 1599 2298 ope-

77 2325 165 2390 rai,
182 2340 266 2377 non
289 2321 577 2376 manducet.
606 2320 787 2390 Neque
806 2320 948 2375 enim
970 2319 1257 2389 Evangelia
1276 2328 1459 2391 posset
1478 2335 1599 2377 esse

79 2416 332 2480 contrarius,
357 2413 446 2468 ubi
476 2414 561 2467 ait
590 2413 703 2482 ipse
736 2412 992 2465 Dominus
1017 2427 1030 2465 :
1063 2408 1189 2464 Ideo
1215 2408 1329 2464 dico
1354 2409 1510 2474 vobis,
1536 2426 1602 2466 ne

79 2508 226 2562 solliciti
245 2508 345 2561 sitis
371 2507 560 2559 animae
589 2513 765 2558 restria
791 2502 913 2574 quid
941 2502 1270 2567 manducetis,
1299 2518 1459 2573 neque
1480 2518 1599 2557 cor-

80 2599 153 2667 pori
174 2606 310 2651 vestro
335 2596 455 2663 quid
473 2594 783 2649 induamini.
813 2590 997 2646 Nonne
1019 2593 1190 2645 anima
1215 2592 1328 2661 plus
1351 2601 1424 2646 est
1446 2608 1599 2662 quam

22 2706 26 2709 ·
78 2704 184 2755 tua,
205 2697 245 2742 et
265 2703 439 2757 corpus
464 2701 624 2756 quam
650 2683 1033 2737 vestimentum?
1067 2680 1352 2752 Conspicite
1377 2682 1599 2738 volatilia

80 2780 165 2845 culi,
190 2781 401 2850 quoniam
425 2795 529 2832 non
554 2786 749 2842 serunt,
777 2792 932 2846 neque
958 2784 1167 2841 metunt,
1198 2791 1355 2843 neque
1383 2790 1596 2846 congre-

80 2881 159 2940 gent
174 2872 214 2924 in
236 2871 437 2935 horrea;
458 2881 504 2924 et
534 2866 693 2921 Pater
715 2876 873 2920 vester
897 2865 1104 2919 ccclesiis
1126 2866 1288 2936 pascit
1313 2863 1424 2919 illa.
1452 2863 1502 2917 Ν
1508 2881 1600 2919 on-

81 2978 120 3016 ιι
138 2982 202 3018 ros
225 2965 370 3037 magis
406 2963 578 3036 pluris
618 2960 736 3015 estis
765 2959 906 3013 illis?
936 2957 1062 3023 Quis
1086 2966 1252 3011 autem
1281 2965 1494 3011 vestrum
1514 2972 1601 3011 co-

80 3058 196 3125 gitant
219 3067 360 3127 potest
380 3056 607 3126 adjicere
629 3052 698 3107 ad
714 3062 957 3107 staturaut
981 3067 1126 3105 suam
1157 3050 1376 3104 cubitum
1403 3050 1600 3104 unum?

84 3143 125 3198 Et
150 3147 197 3199 de
230 3148 501 3200 vestimento
536 3143 660 3216 quid
684 3142 887 3197 solliciti
913 3141 1072 3196 estis?
1121 3140 1446 3195 Considerate
1488 3140 1597 3195 lilia

82 3237 170 3303 agri,
193 3237 414 3305 quomodo
436 3218 673 3290 crescunt
695 3249 714 3287 :
736 3250 834 3286 non
858 3232 1107 3295 laborant,
1127 3247 1283 3301 neque
1308 3240 1462 3297 nent;
1485 3231 1598 3285 dico

16 3368 35 3395 ᾖ
82 3334 197 3378 sltem
221 3326 358 3390 vobis,
388 3325 635 3396 quoniam
673 3339 761 3376 nec
803 3323 1048 3377 Salomon
1074 3321 1126 3373 in
1156 3321 1292 3375 omni
1314 3321 1477 3391 gloria
1504 3337 1597 3375 sua

16 3408 21 3409 ί
82 3426 277 3483 coopertus
302 3427 370 3469 est
390 3417 522 3471 sicut
558 3431 709 3467 unum
735 3429 796 3467 ea:
822 3413 950 3465 istis.
978 3412 1038 3466 Si
1065 3420 1233 3464 autent
1265 3410 1430 3480 fenum
1456 3412 1588 3482 agri,

81 3507 173 3571 quod
204 3509 331 3562 hodie
354 3518 423 3562 est
452 3519 497 3562 et
535 3524 647 3560 cras
693 3507 745 3558 in
779 3505 1030 3558 clibanum
1061 3505 1290 3568 mittitur,
1340 3502 1477 3558 Deus
1523 3505 1597 3559 sic

83 3598 395 3669 restit;quanto
421 3600 587 3671 magis
619 3614 701 3651 vos
729 3598 939 3652 modictc
965 3597 1083 3665 ﬁdei
1099 3598 1124 3651 ἰ)
1153 3594 1327 3650 Nolite
1352 3614 1467 3667 ergo
1493 3598 1597 3653 sol-

85 3690 170 3745 liciti
188 3711 290 3761 esse,
315 3698 553 3760 dicentes,
584 3696 720 3761 Quid
747 3692 1176 3751 nianducabimus.
1202 3701 1289 3746 aut
1314 3692 1435 3763 quid
1463 3690 1597 3745 bibe-

16 3818 29 3826 ν
86 3798 176 3842 ms.
194 3797 265 3840 aut
286 3805 372 3856 quo
400 3786 727 3858 opericmur?
752 3787 859 3839 ha’c
888 3786 1019 3839 enim
1046 3787 1212 3837 omnia
1242 3793 1409 3854 gentes
1430 3784 1595 3855 inqui—

85 3885 177 3927 runt.
204 3877 293 3932 Scit
324 3890 481 3934 autem
531 3878 684 3933 Pater
712 3889 867 3932 vester
896 3878 1013 3947 quia
1042 3879 1120 3930 his
1149 3876 1378 3931 omnibus
1402 3878 1596 3949 indige-

86 3962 142 4016 tis.
167 3965 351 4033 Qua'rite
392 3982 564 4024 autem
612 3970 828 4038 primunt
870 3984 1079 4038 regnum
1122 3965 1214 4022 Dei
1256 3977 1301 4019 et
1336 3968 1593 4037 justitiam

85 4053 175 4120 q'tn,
197 4068 233 4109 et
257 4060 408 4112 omnia
433 4061 546 4114 haec
585 4069 899 4128 opponentur
926 4058 1079 4112 vobis.
1110 4056 1282 4111 Nolite
1302 4074 1420 4129 ergo
1447 4058 1593 4113 solli-

86 4145 144 4198 citi
164 4165 245 4203 esse
263 4152 309 4205 in
324 4155 597 4207 crastinum
624 4168 642 4206 :
666 4153 917 4205 crastinus
938 4150 1069 4203 enim
1096 4150 1201 4203 dies
1229 4150 1473 4203 sollicitus
1500 4150 1592 4204 erit

87 4235 150 4288 tibi
168 4239 263 4310 ipsi.
304 4244 486 4315 Suﬂicit
534 4243 633 4297 diei
663 4242 857 4296 malitia
895 4258 987 4295 sua
1015 4239 1226 4310 (Matth.
1262 4255 1337 4307 γι,
1372 4238 1589 4312 2554).

89 4324 201 4395 Ecce,
226 4332 483 4404 inquiunt,
521 4334 608 4389 ubi
640 4350 738 4388 nos
768 4334 1022 4388 Dominus
1064 4332 1217 4401 jubet
1265 4331 1331 4387 de
1373 4332 1510 4388 victu
1538 4342 1594 4388 et

90 4425 325 4488 legumento
352 4438 534 4482 nostro
561 4442 680 4482 esse
710 4441 929 4480 securos
962 4442 975 4479 :
1007 4423 1274 4495 quomodo
1300 4439 1426 4495 ergo
1451 4425 1593 4495 Apo-

89 4513 207 4569 stolus
226 4520 400 4575 sentire
419 4520 677 4575 adversus
710 4520 989 4573 hominum
1026 4525 1224 4586 posset,
1248 4527 1303 4571 ut
1327 4532 1424 4571 nos
1453 4533 1592 4587 pra:-

92 4602 237 4670 Ciperct
255 4609 315 4664 ita
332 4628 446 4668 esse
469 4614 673 4669 debere
697 4610 955 4666 sollicitos
984 4610 1109 4680 quid
1137 4610 1517 4666 manducemus
1540 4619 1594 4667 et

16 4736 19 4739 π
94 4698 179 4762 illiti
201 4700 412 4762 bibamus
435 4716 487 4762 et
514 4720 622 4778 quo
651 4705 954 4774 operiamur
977 4745 993 4769 ,
1027 4714 1084 4758 ut
1125 4718 1223 4758 nos
1248 4703 1407 4758 etiam
1434 4705 1591 4775 opili—

96 4797 178 4840 cmn
197 4794 390 4862 artibus,
429 4798 603 4861 curis,
654 4795 925 4849 laboribus
948 4793 1234 4848 oneraret?
1262 4793 1595 4865 Quapropter

96 4871 131 4925 Ῑη
154 4891 203 4933 eo
224 4884 343 4952 quod
368 4886 456 4954 ait,
491 4886 590 4956 Qui
632 4902 732 4940 non
764 4886 867 4939 vult
896 4884 1118 4954 operari,
1151 4900 1253 4937 non
1291 4883 1593 4952 manducet;

97 4978 212 5033 οβεη
248 4977 531 5045 spiritualia,
582 4978 862 5049 inquiunt,
904 4976 1161 5031 debemus
1208 4975 1451 5043 accipere
1482 4994 1496 5030 :
1527 4977 1593 5032 de

96 5058 235 5123 ‘l‘libtts
253 5067 343 5122 alio
364 5068 476 5126 loco
501 5070 649 5137 dicit,
682 5068 962 5137 Unicuique
984 5067 1112 5121 sicut
1146 5064 1391 5119 Dominus
1420 5066 1593 5121 dedit:

98 5163 162 5216 ‘90
184 5155 384 5227 Ρίαηιατὲ,
404 5162 582 5234 Apollo
606 5162 806 5233 rigavit,
844 5159 931 5214 sed
959 5157 1091 5212 Deus
1120 5158 1475 5211 incrementum
1505 5157 1595 5210 de-

99 5238 176 5307 d“;
197 5255 241 5301 ei
270 5252 408 5319 paulo
441 5264 574 5324 post,
608 5251 960 5322 Unusquisque
984 5266 1129 5303 suam
1160 5248 1435 5303 mercedem
1460 5248 1595 5302 acci-

104 5331 174 5397 Ρίιι
199 5342 434 5398 mundum
457 5362 602 5399 suum
628 5343 870 5398 laborent.
913 5340 1011 5394 Dei
1039 5340 1169 5393 enim
1207 5355 1380 5392 sumus
1408 5355 1593 5408 coope-

106 5425 219 5492 Mi
244 5428 320 5486 Dei
342 5438 635 5507 agricultura
652 5478 668 5502 ,
699 5434 793 5489 Dei
832 5432 1105 5501 azdi/icatio
1130 5431 1246 5485 estis
1274 5446 1291 5483 :
1316 5429 1592 5484 secundum

110 5519 269 5578 Ιταηιιικ
288 5540 386 5593 quc
408 5527 521 5581 data
546 5536 615 5583 est
641 5525 764 5581 mihi
785 5567 799 5591 ,
834 5534 888 5579 ut
916 5523 1119 5593 sapiens
1149 5522 1445 5575 architectus
1472 5521 1592 5591 fun—

109 5601 325 5665 lamentum
346 5617 477 5685 posui
502 5620 520 5688 (
543 5620 561 5673 l
588 5616 704 5672 Cor.
730 5631 807 5683 ιιι,
840 5612 1009 5685 5-l0)
1039 5613 1186 5668 Sicut
1213 5626 1337 5683 ergo
1365 5612 1595 5682 Aposto-

153 5727 163 5757 '
431 5745 554 5806 Lov.,
570 5740 621 5793 in
644 5738 859 5792 interiori
890 5736 1075 5788 homine
1100 5744 1195 5787 tuo.

3191 312 3305 372 550

1724 411 1805 466 lus
1831 421 2084 482 operatur
2114 412 2419 484 plantando,
2451 417 2693 490 rigando,
2723 419 3065 492 aediﬁcando,
3093 434 3147 482 et
3167 427 3297 486 fun-

1716 501 2024 558 damentum
2072 506 2346 575 ponendo;
2392 509 2463 563 ita
2493 511 2582 580 qui
2626 525 2731 566 non
2777 512 2887 568 vult
2924 517 3155 586 operari,
3188 536 3294 575 non

1714 592 2020 649 manducet.
2049 594 2185 663 Quid
2216 597 2356 652 enim
2384 598 2600 670 prodest
2622 600 2990 659 manducando
3013 606 3301 675 spiritualia

1714 692 1794 741 ter
1823 687 1969 755 pasci
1994 688 2158 742 verbo
2184 688 2279 743 Dei
2304 690 2341 757 ί,
2390 691 2435 745 si
2474 707 2579 747 non
2623 692 2747 749 inde
2792 703 3042 765 operatur
3070 698 3296 754 aliorum

1713 776 2155 833 aedificationem?
2186 778 2335 835 Sicut
2362 782 2433 836 illi
2465 782 2614 854 pigro
2645 799 2801 840 servo
2827 785 2952 857 quid
2981 787 3181 857 profuit
3206 805 3298 846 ac-

1711 869 1889 938 cipere
1936 870 2222 940 talentum,
2264 880 2317 928 et
2361 874 2711 944 abscondere,
2759 893 2859 934 nec
2899 880 3108 947 operari
3152 882 3296 937 lucra

1711 961 2011 1018 dominica?
2040 966 2119 1020 An
2148 974 2206 1020 ut
2242 967 2290 1021 ei
2318 966 2617 1023 auferretur
2643 969 2695 1023 in
2731 968 2854 1035 line,
2886 980 2942 1028 et
2971 974 3085 1043 ipse
3114 972 3166 1028 in
3198 989 3295 1030 ex-

1714 1054 1937 1109 teriores
1960 1055 2207 1111 tenebras
2230 1056 2527 1112 mitteretur
2546 1056 2758 1127 (Matth.
2783 1076 2909 1128 xxv,
2931 1060 3001 1117 24
3030 1062 3123 1134 30)
3140 1063 3164 1117 ?
3183 1063 3293 1132 Sic,

1712 1145 1980 1215 inquiunt,
2004 1155 2058 1202 et
2087 1162 2184 1201 nos
2209 1146 2432 1203 facimus
2460 1166 2472 1202 :
2505 1149 2727 1220 legimus
2752 1165 2874 1206 cum
2904 1151 3176 1222 fratribus,
3203 1155 3294 1225 qui

1710 1234 1775 1289 ad
1807 1250 1904 1289 nos
1932 1234 1999 1291 ab
2024 1245 2156 1291 aestu
2177 1237 2358 1293 saeculi
2378 1238 2597 1294 veniunt
2619 1238 2839 1310 fatigati,
2870 1249 2925 1296 ut
2953 1242 3093 1312 apud
3119 1259 3215 1299 nos
3239 1244 3293 1299 in

1711 1326 1873 1381 verbo
1905 1327 2019 1391 Dei,
2044 1336 2098 1382 et
2118 1326 2172 1382 in
2201 1328 2548 1397 orationibus,
2579 1329 2819 1400 psalmis,
2846 1330 3076 1404 hymnis,
3099 1341 3153 1389 et
3175 1348 3295 1391 can-

1710 1416 1829 1472 ticis
1851 1416 2210 1487 Spiritualibus
2231 1419 2583 1490 requiescant.
2608 1421 2940 1492 Alloquimur
2956 1437 3068 1491 eos,
3098 1438 3293 1481 conso-

1708 1506 1901 1575 lamur,
1928 1507 2294 1574 exhortamur,
2326 1509 2650 1565 aedificantes
2677 1511 2727 1566 in
2756 1511 2855 1577 eis,
2878 1511 2922 1566 si
2948 1512 3073 1581 quid
3103 1526 3292 1570 eorum

1708 1598 1830 1654 vita:
1868 1614 1965 1669 pro
1994 1614 2092 1655 suo
2127 1599 2293 1671 gradu
2322 1598 2511 1656 deesse
2542 1602 2911 1672 perspicimus.
2956 1602 3101 1657 Talia
3128 1619 3292 1675 opera

1708 1690 1756 1747 si
1786 1706 1889 1746 non
1923 1690 2239 1758 faceremus,
2269 1692 2568 1762 periculose
2593 1708 2622 1745 a
2652 1693 2877 1748 Domino
2905 1693 3154 1749 alimenta
3177 1694 3291 1763 ipsa

1706 1780 2001 1851 spiritualia
2024 1795 2380 1836 sumeremus.
2406 1780 2517 1836 [loc
2546 1782 2686 1836 enim
2708 1780 2842 1836 dixit
2860 1782 3163 1852 Apostolus,
3190 1781 3292 1848 Qut

1706 1889 1808 1926 non
1836 1869 1941 1926 vult
1967 1872 2187 1944 operari,
2216 1888 2316 1926 non
2343 1873 2629 1927 manducet.
2664 1872 2739 1927 Ita
2769 1887 2828 1928 se
2856 1873 2941 1927 isti
2967 1872 3291 1929 arbitrantur

1705 1963 2009 2034 apostolica:
2030 1972 2085 2020 et
2105 1962 2427 2034 evangelica:
2453 1964 2822 2036 obtemperare
2844 1965 3141 2033 sententia),
3167 1980 3290 2021 cum

1705 2063 1760 2111 et
1788 2054 2132 2125 Evangelium
2160 2054 2386 2110 credunt
2431 2053 2498 2109 de
2539 2071 2642 2110 non
2670 2054 2901 2111 curanda
2931 2057 3192 2126 corporali
3235 2066 3292 2114 et

1708 2146 1985 2217 temporali
2015 2146 2138 2200 vitae
2164 2144 2321 2217 hujus
2348 2145 2635 2217 indigentia
2677 2148 3016 2217 praecepisse,
3048 2157 3102 2203 et
3140 2149 3289 2221 Apo-

1704 2237 1899 2292 stolum
1928 2236 1995 2293 de
2021 2237 2142 2292 cibo
2169 2245 2223 2292 et
2252 2252 2417 2307 opere
2457 2238 2721 2308 spirituali
2761 2237 2960 2294 dixisse
2983 2280 2998 2306 ,
3044 2238 3144 2305 Qui
3187 2256 3290 2296 non

1703 2327 1809 2382 vult
1838 2328 2059 2398 aperari,
2087 2344 2189 2382 non
2217 2327 2506 2382 manducet.

1774 2419 2000 2477 CAPUT
2025 2420 2163 2476 ll.—
2181 2422 2237 2477 '5.
2263 2418 2604 2492 Refrllunmr,
2623 2420 2742 2491 quia
2759 2429 2813 2474 ut
2841 2436 3041 2475 sensunt
3057 2419 3291 2494 Evange-

1706 2509 1762 2564 lii
1785 2527 1848 2565 ea:
1870 2510 1985 2565 aliis
2015 2520 2061 2565 et
2081 2509 2197 2565 aliis
2226 2510 2383 2565 verbis
2406 2509 2612 2564 Domini
2640 2510 2842 2577 habent,
2869 2511 2941 2564 ita
2965 2511 3132 2565 locum
3152 2510 3291 2583 Apo-

1702 2600 1821 2654 stoli
1839 2616 1903 2655 ea:
1928 2600 2043 2655 aliis
2065 2601 2173 2673 ejus
2194 2600 2342 2654 dictis
2358 2599 2735 2671 intelligendum
2756 2617 2861 2656 esse
2880 2618 2980 2655 non
3001 2604 3286 2659 attendunt.

1702 2692 1812 2748 Nec
1841 2691 2120 2747 attendunt
2145 2692 2265 2761 quia
2293 2691 2335 2746 si
2363 2691 2495 2745 alius
2520 2692 2741 2756 diceret,
2771 2693 3048 2747 Dominum
3069 2695 3287 2764 quidem

1708 2784 1758 2839 in
1786 2782 2051 2854 parabolis
2076 2791 2129 2838 et
2157 2782 2209 2836 in
2237 2782 2671 2837 similitudinibus
2697 2782 2999 2854 loquentem
3041 2783 3107 2840 de
3147 2786 3288 2843 victu

1700 2884 1755 2930 et
1788 2884 2091 2946 legumento
2125 2874 2383 2944 spirituali
2428 2874 2716 2941 monuisse,
2768 2882 2824 2929 ut
2870 2890 2974 2929 non
3023 2875 3147 2932 inde
3181 2877 3288 2933 sint

1702 2968 1911 3024 solliciti
1942 2968 2081 3023 servi
2108 2967 2223 3037 ejus
2254 2967 2412 3037 (sicut
2432 2966 2558 3021 dicit
2583 3008 2597 3032 ,
2631 2966 2755 3021 Cum
2787 2985 2869 3022 uos
2891 2970 3190 3024 attraxerint
3215 2972 3284 3026 ad

1691 3059 1909 3130 judicia,
1939 3058 2091 3112 nolite
2117 3059 2337 3129 cogitare
2388 3057 2511 3128 quid
2548 3058 2843 3127 loquamini.
2892 3057 3108 3114 Dabitur
3153 3063 3287 3116 enim

1701 3151 1838 3204 vobis
1875 3150 1928 3203 in
1957 3148 2046 3203 illa
2071 3148 2197 3203 hora
2225 3147 2347 3218 quid
2385 3148 2701 3217 loquamini:
2735 3166 2833 3203 non
2864 3151 2995 3203 enim
3034 3167 3122 3206 vos
3165 3153 3285 3207 estis

1699 3242 1786 3314 qui
1815 3240 2097 3311 loquimini,
2129 3241 2216 3296 sed
2248 3239 2470 3308 Spiritus
2516 3238 2687 3294 Patris
2716 3242 2893 3308 vestri,
2935 3243 3020 3313 qui
3062 3242 3284 3316 loquitur

1699 3334 1751 3386 in
1778 3333 1911 3387 vobis
1941 3332 2151 3407 (Matth.
2184 3347 2243 3400 ι,
2274 3332 2339 3387 l9
2361 3343 2405 3386 et
2425 3330 2536 3405 20].
2568 3332 2755 3387 Sermo
2781 3335 2976 3404 quippe
3010 3337 3284 3406 sapientia:

1700 3426 1990 3498 spiritualis
2010 3435 2111 3490 est,
2143 3424 2210 3481 de
2236 3440 2341 3496 quo
2363 3426 2478 3480 illos
2504 3426 2669 3479 noluit
2690 3427 2942 3495 cogitare.
2967 3429 3286 3496 promittens

1699 3518 1839 3590 quod
1867 3520 1945 3573 eis
1972 3518 2101 3572 nilnl
2132 3518 2253 3571 inde
2285 3517 2526 3571 sollicitis
2545 3526 2884 3586 prmslaretur
2903 3518 2944 3589 ;)
2971 3520 3282 3588 Apostolum

1697 3620 1874 3665 autem
1903 3609 2011 3680 jam
2055 3624 2203 3664 more
2231 3608 2526 3679 apostolico
2552 3607 2786 3677 apertius
2826 3609 3197 3673 disserentem,
3226 3623 3281 3666 et

1700 3710 1867 3775 magis
1893 3704 2106 3777 proprie
2134 3718 2289 3774 quam
2320 3703 2541 3772 figurate
2570 3701 2871 3772 loquentem
2896 3744 2910 3769 ,
2941 3703 3077 3757 sicut
3116 3705 3280 3760 multa

1698 3812 1760 3852 ac
1803 3812 1938 3867 pene
1975 3795 2153 3851 omnia
2195 3808 2314 3849 sese
2346 3793 2540 3849 habent
2576 3795 2628 3846 in
2677 3792 2927 3862 Epistolis
2950 3794 3278 3864 apostolicis,

1700 3889 1911 3958 proprie
1944 3886 2011 3943 de
2037 3900 2198 3956 Opere
2225 3884 2488 3954 corporali
2528 3884 2754 3953 ciboque
2793 3884 3009 3948 dixisse,
3047 3886 3149 3950 Qui
3177 3903 3279 3941 non

1697 3984 1801 4035 vult
1827 3980 2047 4049 operari,
2072 3995 2171 4033 non
2194 3979 2496 4045 manducet:
2517 3977 2827 4033 redderetur
2848 3978 2950 4031 illis
2973 3978 3129 4032 dubia
3156 3993 3282 4033 sen-

1699 4077 1863 4132 tentia
1888 4090 2095 4139 eorum,
2130 4072 2231 4127 nisi
2259 4081 2449 4126 canora
2470 4070 2733 4124 dominica
2754 4070 2912 4125 verba
2936 4071 3281 4125 consideran-

1698 4179 1800 4237 tes,
1823 4167 2120 4223 invenircnt
2148 4163 2346 4233 aliquid
2393 4161 2533 4217 unde
2576 4162 2860 4232 probarent
2885 4178 3006 4215 eum
3044 4160 3113 4217 de
3139 4162 3280 4218 victu

1697 4270 1752 4318 et
1796 4259 1989 4315 vestitu
2036 4255 2297 4327 corporali
2340 4269 2445 4308 non
2485 4251 2762 4307 curando’
2793 4253 3026 4307 locutum
3071 4253 3271 4320 fuisse,

1696 4367 1818 4408 cum
1856 4349 2095 4414 diceret,
2141 4343 2314 4401 Nolite
2336 4342 2539 4398 solliciti
2564 4358 2673 4399 esse
2705 4342 2827 4411 quid
2855 4343 3163 4397 manducetis
3186 4383 3201 4409 ,
3230 4351 3279 4397 et

1696 4436 1817 4517 quid
1842 4441 2039 4504 bibatis,
2069 4449 2114 4494 et
2143 4454 2240 4509 quo
2269 4435 2582 4498 vestiamini;
2610 4434 2753 4488 velut
2799 4435 2841 4488 si
2882 4434 3061 4487 animo
3088 4432 3280 4489 adver-

1700 4544 1871 4591 tcrent
1911 4531 2053 4605 quod
2082 4531 2175 4597 ait,
2207 4528 2334 4584 litae
2363 4528 2495 4582 enim
2536 4528 2705 4581 omnia
2746 4524 2927 4580 Gentes
2970 4526 3228 4594 inquirunt
3258 4540 3278 4581 :

1697 4626 1768 4682 ibi
1786 4620 2173 4693 enirqostendit
2186 4620 2252 4674 de
2281 4618 2408 4689 ipsis
2425 4616 2786 4687 corporalibus
2812 4623 2866 4669 et
2892 4614 3276 4684 temporalibus

1697 4734 1756 4774 se
1782 4719 1999 4774 dixisse.
2033 4715 2108 4771 ita
2139 4728 2265 4784 ergo
2284 4754 2298 4776 ,
2331 4712 2373 4766 si
2405 4710 2507 4765 hoc
2534 4709 2704 4763 solum
2732 4707 2801 4762 de
2836 4706 2934 4761 hac
2970 4722 3031 4762 re
3058 4706 3278 4764 dixisset

1699 4809 2004 4880 Apostolus,
2041 4805 2140 4873 Qui
2169 4821 2269 4858 non
2290 4802 2393 4858 vult
2421 4800 2652 4873 aperari,
2683 4815 2781 4852 non
2814 4797 3118 4862 manducet;
3149 4816 3276 4869 pos-

1698 4914 1818 4958 sent
1858 4900 1975 4955 haec
2014 4897 2175 4953 verba
2222 4896 2274 4949 in
2321 4895 2475 4948 aliam
2521 4891 2723 4947 traduci
2766 4892 3082 4947 sententiam
3116 4908 3279 4949 :cum

1698 5011 1825 5053 vero
1849 4990 2173 5050 multis'aliis
2201 4986 2332 5043 locis
2362 4984 2716 5055 Epistolarum
2742 4999 2980 5048 suarum,
3007 4984 3134 5055 quid
3159 4985 3299 5041 hinc-

1699 5090 1909 5153 sentiat,
1933 5082 2267 5155 apertissime
2308 5078 2531 5143 doceat;
2574 5076 2843 5146 superﬂuo
2894 5087 3184 5143 conantur,
3230 5088 3285 5133 et

1698 5182 1796 5236 sibi
1840 5187 1895 5234 et
1931 5173 2139 5231 (ueteris
2177 5170 2457 5243 caliginem
2502 5168 2804 5234 obducere,
2834 5176 2889 5223 ut
2915 5168 3054 5238 quod
3086 5169 3284 5223 utiliter

1701 5274 1784 5329 illa
1823 5269 2052 5327 charitas
2077 5273 2259 5321 monet
2288 5279 2392 5318 non
2434 5263 2605 5317 solum
2636 5260 2812 5317 facere
2840 5262 3026 5325 nolint,
3056 5262 3153 5316 sed
3183 5276 3283 5317 nec

1700 5364 1989 5435 intelligere
2015 5358 2133 5430 ipsi,
2160 5365 2251 5413 aut
2273 5357 2342 5413 ab
2360 5355 2477 5411 aliis
2501 5352 2721 5424 intelligi
2741 5352 2924 5419 velint,
2958 5368 3064 5406 non
3088 5351 3282 5406 timen-

1761 5545 1780 5578 ί
1812 5545 1887 5595 sic
1916 5548 2022 5591 Mss.
2047 5546 2105 5590 At
2126 5537 2261 5599 editi,
2287 5534 2581 5588 mducare
2605 5530 2934 5599 spiritualiter,
2960 5529 3015 5582 id
3036 5537 3123 5592 est,
3146 5544 3284 5595 pascs

1699 5606 1840 5659 verba
1867 5603 1971 5655 Dei.

1761 5652 2088 5717 {tneditione
2105 5670 2213 5712 πλον.
2237 5659 2367 5711 male
2388 5660 2617 5711 omissum
2641 5662 2735 5716 est,
2761 5652 3004 5717 creante;
3019 5653 3148 5720 ιιιιοᾱ
3169 5667 3284 5708 ναι.

1702 5734 1816 5782 bum
1840 5730 1885 5778 in
1910 5729 2053 5778 editis
2074 5725 2180 5775 aliis
2200 5723 2379 5786 legitur
2403 5727 2455 5771 et
2474 5720 2525 5769 in
2541 5724 2649 5769 Ius.
