3880 6284
618 257 721 314 531

618 380 701 426 tes
728 366 870 441 quod
899 366 1152 439 scriptum
1177 374 1280 436 est,
1310 366 1492 424 Noluit
1511 368 1788 438 intelligere
1804 378 1857 424 ut
1881 370 2001 425 bene
2023 380 2190 443 ageret

620 460 792 535 (Psal.
822 476 998 527 xxxv,
1027 458 1106 529 4).

688 547 913 606 CAPUT
951 547 1129 604 [IL—
1171 550 1227 605 4.
1283 548 1435 604 Pauli
1479 559 1788 621 praeceptum
1837 548 1901 604 de
1946 552 2201 620 corporali

619 657 771 713 opere
797 658 905 697 esse
933 641 1171 712 probatur
1187 657 1251 696 ea:
1274 642 1650 695 circumstantia
1678 641 1918 695 lectionis.
1948 640 2199 712 Exemplo

615 748 709 787 suo
735 729 932 786 Paulus
958 730 1127 785 docuit
1147 730 1268 794 quid
1294 730 1602 800 praeceperit.
1636 729 1788 785 Prius
1816 745 1942 800 ergo
1971 729 2196 785 demon-

523 838 535 849 κ
615 831 789 879 strare
810 821 1064 879 debemus
1089 821 1299 876 beatum
1327 808 1625 891 apostolum
1657 820 1875 874 Paulum
1897 835 2056 891 Opera
2077 835 2198 876 cor-

614 914 819 985 poralia
844 927 1028 969 servos
1056 911 1149 966 Dei
1176 911 1385 980 operari
1412 911 1667 976 voluisse,
1700 926 1820 981 quae
1846 911 2004 966 linem
2035 911 2199 967 habe-

620 1014 741 1060 rent
766 1018 1010 1074 magnam
1032 1003 1052 1034 ¹
1079 1001 1404 1071 spiritualem
1431 1000 1753 1065 mercedem,
1787 999 1853 1054 ad
1876 1000 1977 1055 hoc
2003 1010 2058 1055 ut
2083 1001 2197 1070 ipso

613 1094 757 1150 victu
782 1102 837 1148 et
867 1101 1168 1163 legumento
1192 1106 1223 1146 a
1253 1091 1398 1146 nullo
1434 1090 1735 1160 indigerent
1760 1131 1777 1158 ,
1828 1089 1923 1144 sed
1953 1089 2197 1146 manibus

616 1186 728 1241 suis
757 1185 870 1239 haec
892 1183 991 1238 sibi
1022 1191 1368 1253 procurarent
1399 1199 1412 1235 :
1442 1182 1632 1236 deinde
1654 1181 1937 1237 ostendere
1966 1196 2197 1252 evange-

615 1275 717 1330 lica
752 1274 845 1329 illa
884 1283 1170 1343 praecepta,
1202 1271 1270 1327 de
1299 1271 1489 1342 quibus
1512 1270 1748 1326 nonnulli
1776 1286 1881 1325 non
1910 1272 2084 1326 solum
2114 1270 2195 1341 pi-

610 1366 821 1437 gritiam
838 1407 852 1430 ,
882 1364 977 1420 sed
1003 1367 1160 1420 etiam
1187 1364 1538 1434 arrogantiam
1571 1378 1719 1416 suam
1745 1361 1923 1418 fovent
1941 1404 1955 1427 ,
1983 1371 2198 1433 aposto-

612 1457 714 1513 lico
730 1466 999 1528 praecepto
1011 1464 1066 1511 et
1079 1455 1323 1524 exemplo
1345 1471 1447 1508 non
1470 1468 1587 1509 esse
1603 1453 1886 1508 contraria.
1905 1452 2195 1508 Videamus

614 1546 790 1617 itaque
815 1544 956 1602 unde
979 1545 1043 1600 ad
1070 1546 1173 1600 hoc
1195 1545 1403 1600 venerit
1430 1544 1714 1613 Aposmlus
1734 1585 1749 1609 ,
1776 1551 1836 1597 ut
1866 1543 2065 1599 diceret
2086 1586 2100 1608 ,
2133 1544 2195 1599 Si

607 1637 723 1704 quis
751 1651 852 1691 non
873 1636 977 1690 vult
1009 1636 1210 1704 operari
1232 1677 1247 1702 ,
1280 1651 1379 1688 non
1403 1634 1709 1700 manducet;
1752 1642 1805 1688 et
1832 1634 1959 1705 quid
2001 1633 2194 1690 deinde

612 1734 869 1782 contexat
887 1767 902 1792 ,
932 1732 990 1780 ut
1015 1739 1079 1780 ex
1112 1725 1225 1795 ipsa
1253 1725 1643 1779 circumstantia
1668 1724 1912 1779 lectionis
1939 1732 2194 1795 appareat

606 1817 876 1873 declarata
919 1816 1201 1872 sententia.
1234 1814 1620 1880 Denuntiamus,
1656 1815 1843 1885 inquit,
1878 1815 2037 1881 vobis,
2079 1818 2191 1886 fra-

608 1916 729 1971 tres,
758 1907 812 1960 in
838 1905 1039 1960 nomine
1057 1902 1263 1959 Domini
1288 1904 1444 1958 nostri
1464 1902 1588 1958 Iesu
1613 1902 1817 1970 Christi,
1848 1913 1902 1957 ut
1925 1903 2193 1958 subtraha-

608 1998 796 2053 tis'uos
839 1996 901 2050 ab
943 1995 1081 2049 omni
1125 1995 1283 2065 fratre
1327 1995 1540 2063 inquieto
1565 1994 1872 2059 ambulante,
1905 2003 1950 2046 et
1980 2010 2080 2047 non
2107 2009 2186 2047 se-

605 2087 829 2143 cundum
854 2086 1171 2141 traditionem
1193 2101 1342 2155 quam
1364 2094 1658 2154 acceperunt
1684 2099 1715 2137 a
1741 2084 1900 2137 nobis.
1925 2082 2037 2154 Ipsi
2056 2084 2188 2137 enim

605 2178 743 2233 scitis
770 2174 1019 2247 quomodo
1071 2182 1297 2246 oporteat
1352 2173 1540 2227 imitari
1588 2190 1714 2238 nos;
1776 2174 1895 2243 quia
1939 2189 2041 2227 non
2080 2173 2187 2244 fui-

606 2284 719 2323 mus
743 2266 951 2338 inquieti
992 2266 1123 2321 inter
1152 2281 1255 2331 vos,
1300 2280 1457 2334 neque
1496 2281 1675 2335 panem
1713 2264 1775 2318 ab
1821 2264 1988 2334 aliquo
2030 2266 2188 2335 gratis

604 2358 1020 2414 manducaoimus
1038 2397 1052 2422 ,
1081 2357 1169 2412 sed
1195 2358 1246 2410 in
1275 2357 1443 2411 labore
1466 2365 1511 2408 et
1541 2356 1835 2426 fatigatione
1858 2356 1939 2409 die
1965 2372 2025 2409 ac
2046 2365 2188 2410 nocte

605 2460 889 2521 operantes,
928 2464 989 2503 ne
1012 2464 1158 2518 quem
1184 2457 1399 2503 vestrum
1422 2463 1743 2516 grauaremus
1767 2462 1784 2500 .'
1814 2462 1914 2501 non
1944 2447 2059 2517 quia
2088 2463 2185 2502 non

604 2541 922 2597 habuerimus
951 2548 1241 2612 potestatem
1260 2580 1274 2603 ,
1302 2538 1389 2593 sed
1416 2547 1467 2591 ut
1493 2539 1818 2608 nosmetipsos
1845 2541 2061 2609 fonnem
2089 2539 2185 2592 da-

602 2650 771 2690 remus
798 2634 936 2689 vobis
959 2674 976 2701 ,
1016 2648 1118 2703 qua
1147 2647 1237 2686 nos
1270 2630 1612 2685 intitaremini.
1652 2627 1791 2682 Nam
1820 2637 1866 2683 et
1907 2645 2020 2683 cum
2046 2629 2186 2699 apud

602 2743 692 2782 uos
720 2741 960 2788 essemus,
993 2724 1087 2777 hoc
1117 2722 1253 2777 nobis
1279 2721 1710 2791 prwcipiebamus,
1740 2721 1977 2792 quoniam
2002 2721 2048 2775 si
2075 2722 2185 2790 quis

603 2832 706 2871 non
729 2815 834 2870 uult
860 2814 1078 2885 operari,
1108 2828 1207 2867 non
1237 2812 1522 2865 manducet.
1553 2810 1845 2865 Audiuimus
1873 2813 2003 2865 enim
2030 2828 2184 2883 quos-

602 2906 725 2961 dam
748 2906 880 2960 inter
913 2921 1000 2958 vos
1025 2902 1285 2957 ambulare
1307 2902 1551 2972 inquiete,
1595 2901 1723 2954 nihil
1750 2912 2012 2971 Operantes
2037 2943 2051 2968 ,
2097 2902 2186 2957 sed

607 2998 801 3054 curiose
827 3004 1049 3066 agentes.
1083 2992 1177 3048 His
1206 3002 1371 3046 autem
1397 2993 1481 3062 qui
1506 2991 1755 3061 ejusmodi
1775 3001 1912 3057 sunt,
1950 2993 2185 3064 praecipio

603 3105 718 3145 mus
741 3096 788 3142 et
812 3087 1128 3143 obsecramus
1154 3085 1208 3139 in
1250 3083 1466 3137 Domino
1491 3082 1617 3137 Iesu
1645 3082 1863 3149 Christo,
1896 3092 1947 3137 ut
1976 3100 2091 3138 cum
2117 3086 2186 3140 si-

606 3181 761 3238 lentio
789 3187 1052 3251 operantes
1077 3193 1258 3249 panem
1283 3193 1431 3231 suum
1468 3175 1768 3229 ntanducent
1797 3173 1869 3245 (ll
1893 3174 2073 3231 Thess.
2101 3191 2181 3244 tu,

652 3270 798 3337 οη).
841 3267 977 3337 Quid
1021 3265 1088 3322 ad
1131 3266 1245 3321 haec
1271 3264 1375 3320 dici
1405 3272 1604 3335 potest,
1649 3264 2075 3335 quandoquidem
2117 3282 2184 3321 ne

601 3360 848 3429 cuiquam
892 3367 1074 3428 postea
1114 3356 1298 3411 liceret
1342 3355 1443 3408 hoc
1492 3368 1591 3424 pro
1632 3353 1923 3422 voluntate,
1955 3369 2058 3410 non
2087 3368 2183 3425 pro

601 3448 860 3504 charitate
888 3445 1248 3515 interpretari,
1280 3445 1523 3513 exemplo
1560 3458 1657 3499 suo
1685 3444 1866 3499 docuit
1890 3445 2015 3514 quid
2048 3460 2184 3515 prm-

600 3537 839 3608 ceperit?
858 3534 934 3592 llli
955 3537 1097 3591 enim
1121 3543 1370 3605 tanquam
1392 3534 1648 3604 Apostolo
1669 3534 2001 3605 prmdicatori
2020 3537 2183 3591 Evan-

504 3658 507 3659 ν
600 3629 752 3700 gelii,
782 3627 934 3682 militi
958 3624 1193 3691 Christi,
1232 3625 1510 3695 plantatori
1537 3625 1728 3691 vineae,
1759 3626 1960 3694 pastori
2005 3627 2182 3698 gregis

603 3719 953 3775 constituerat
987 3715 1243 3772 Dominus
1262 3724 1320 3771 ut
1346 3713 1415 3771 de
1435 3715 1729 3786 Evangelia
1754 3716 1990 3783 viveret;
2016 3724 2071 3774 et
2097 3725 2179 3772 ta-

602 3828 730 3869 men
758 3813 871 3882 ipse
899 3808 1220 3879 stipendium
1263 3808 1361 3863 sibi
1399 3807 1634 3863 debitum
1663 3822 1768 3862 non
1809 3807 2008 3878 exegit,
2039 3816 2098 3864 ut
2121 3823 2180 3865 se

602 3902 829 3959 formam
851 3899 1005 3956 daret
1021 3898 1099 3954 eis
1119 3899 1206 3969 qui
1223 3898 1433 3969 exigere
1463 3896 1696 3953 indebita
1720 3896 2039 3967 cupiebant:
2070 3898 2179 3953 sic-

601 4003 661 4051 ut
701 3993 767 4050 ad
807 3990 1108 4049 Corinthios
1166 3990 1327 4058 dicit,
1387 3989 1512 4057 Quis
1550 3989 1730 4043 militat
1773 3990 1877 4044 suis
1917 3990 2179 4061 stipendiis

601 4085 866 4155 unquam?
917 4081 1041 4149 Quis
1072 4081 1264 4151 plantat
1310 4080 1503 4134 vineam
1522 4119 1538 4146 ,
1570 4089 1615 4133 et
1652 4079 1715 4133 de
1741 4081 1907 4150 fructu
1941 4082 2049 4153 ejus
2076 4097 2179 4135 non

600 4174 739 4230 edit?
768 4172 892 4239 Quis
922 4172 1079 4242 pascit
1107 4186 1305 4242 gregem
1328 4209 1342 4233 ,
1376 4178 1422 4222 et
1447 4168 1510 4222 de
1548 4167 1675 4223 lacte
1702 4170 1866 4241 gregis
1894 4187 1992 4224 non
2018 4171 2180 4242 perci-

599 4266 672 4337 pit
693 4265 719 4318 ?
746 4262 888 4332 Ergo
912 4260 1053 4333 quod
1100 4260 1201 4315 sibi
1244 4259 1534 4315 debebatur
1556 4301 1571 4320 ,
1612 4259 1784 4314 noluit
1822 4261 2091 4330 accipere,
2121 4267 2179 4315 ut

599 4352 847 4423 exemplo
866 4350 983 4421 ejus
1000 4358 1393 4413 coercerentur,
1416 4348 1505 4419 qui
1533 4348 1631 4404 sibi
1659 4365 1761 4403 non
1786 4350 1855 4404 ita
1880 4350 2140 4405 ordinatis
2155 4353 2176 4383 ³

598 4446 654 4501 in
680 4442 918 4499 Ecclesia
957 4440 1079 4495 talia
1109 4439 1293 4494 deberi
1319 4439 1731 4494 arbitrabantur.
1759 4440 1894 4508 Quid
1924 4449 2007 4496 est
2033 4442 2176 4495 eniin

596 4535 740 4609 quod
781 4534 896 4590 ait:
932 4530 1111 4603 Neque
1136 4546 1314 4601 panem
1355 4530 1515 4599 gratis
1541 4529 1602 4583 ab
1637 4530 1806 4599 aliquo
1847 4530 2174 4586 manducavi-

597 4645 732 4694 mus,
757 4626 846 4682 sed
865 4626 920 4680 in
947 4624 1117 4679 labore
1140 4633 1187 4678 et
1214 4621 1508 4694 fatigatione
1531 4621 1613 4675 die
1638 4638 1697 4674 ac
1721 4631 1864 4675 nocte
1889 4632 2173 4691 operantes,

596 4734 659 4772 ne
680 4733 826 4788 quem
846 4724 1061 4771 vestrum
1081 4727 1400 4786 gravaremus
1421 4728 1439 4764 :
1461 4727 1561 4765 non
1587 4711 1705 4783 quia
1729 4727 1828 4765 non
1858 4712 2176 4768 habuerimus

597 4817 910 4880 potestatem,
940 4806 1028 4862 sed
1054 4814 1109 4861 ut
1137 4820 1227 4859 nos
1254 4803 1470 4874 formam
1495 4802 1727 4857 daremus
1750 4802 1913 4868 vobis,
1939 4819 2039 4873 qua
2086 4820 2177 4859 nos

595 4896 962 4953 imitaremini?
1004 4894 1234 4950 Audiam
1274 4907 1401 4963 ergo
1442 4891 1634 4963 quibus
1672 4890 1774 4946 hoc
1818 4892 2091 4963 praecepit,
2124 4894 2175 4950 id

601 4997 704 5054 est,
734 4988 826 5059 qui
853 5002 958 5042 non
987 4986 1185 5041 habent
1209 4984 1343 5040 hanc
1372 4991 1685 5053 potestatem
1714 4997 1870 5053 quam
1899 4983 1987 5039 ille
2016 4984 2175 5040 habe-

597 5081 712 5147 bat,
744 5085 805 5134 ut
840 5075 1206 5132 tantummodo
1250 5075 1594 5145 Spiritualiter
1635 5082 1917 5144 aperantes
1957 5073 2174 5129 mandu-

596 5178 722 5229 cent
747 5184 937 5241 panem
972 5182 1002 5221 a
1028 5167 1291 5237 corporali
1322 5165 1504 5221 labore
1531 5167 1813 5237 gratuitum
1847 5182 1861 5218 :
1890 5175 1942 5221 et
1984 5181 2172 5236 quem-

597 5261 887 5319 admodum
916 5258 1064 5324 dicit,
1097 5257 1430 5327 Prazcipimus
1455 5267 1503 5312 et
1531 5257 1845 5311 obsecramus
1873 5257 1926 5310 in
1953 5254 2170 5322 Christo,

598 5363 657 5410 ut
681 5370 795 5409 cum
823 5351 1023 5407 silentio
1048 5357 1311 5419 operantcs
1340 5364 1520 5419 panem
1546 5364 1690 5402 suum
1716 5346 2037 5415 manducent,
2066 5362 2172 5401 non

595 5445 871 5517 disputent
896 5448 1081 5498 contra
1106 5438 1532 5495 manifestissima
1558 5435 1720 5490 verba
1746 5434 2021 5505 Apostoli;
2048 5436 2172 5506 quia

598 5544 652 5593 et
673 5535 776 5591 hoc
810 5532 1040 5605 pertinet
1066 5529 1134 5586 ad
1157 5530 1421 5585 silentium
1446 5567 1462 5595 ,
1507 5540 1630 5582 cum
1669 5540 1775 5596 quo
1818 5523 2014 5581 debent
2042 5540 2172 5596 ope-

658 5670 679 5733 ξ
708 5674 837 5728 Itss.,
860 5665 1085 5733 haberent
1104 5664 1155 5718 in
1174 5674 1398 5733 magnam
1452 5723 1481 5733 Α,

657 5731 680 5763 ⁸
710 5736 785 5782 Et.
808 5725 860 5779 et
880 5729 1101 5791 plerique
1124 5725 1480 5788 Mss.,“ordinati

1566 255 1654 311 DE
1690 256 1914 313 OPERE
1952 257 2439 331 MONACHORUM,
2478 262 2533 319 S.
2577 264 2937 323 AUGUSTINI
3728 289 3802 349 5g;

2311 383 2491 431 rantes
2515 377 2836 436 manducare
2862 388 3051 452 panem
3076 396 3252 439 suum.

2374 465 2601 524 CAPUT
2640 469 2725 523 lV.
2745 501 2816 511 —-
2843 473 2896 527 5.
2931 470 3084 526 Pauli
3108 476 3346 531 sententia
3383 494 3445 534 ex
3470 480 3576 536 aliis
3596 484 3688 553 ejus
3711 486 3802 561 Ερξ.

2302 557 2448 612 stolis
2469 561 2751 615 declarata.
2774 562 3117 620 Enucleatius
3127 575 3300 623 autem
3316 569 3663 641 etdiligentius
3680 557 3805 639 adhuc

2303 648 2405 703 ista
2427 651 2584 704 verba
2606 653 2997 710 considerarem
3014 667 3170 727 atque
3187 666 3487 728 tractarem,
3510 666 3600 720 nisi
3616 667 3804 728 haberem

2300 737 2400 792 alia
2430 738 2541 795 loca
2563 740 2921 811 Epistolarum
2947 745 3061 815 ejus
3090 749 3257 802 multo
3277 750 3643 821 manifestiora,
3669 762 3807 828 quibus

2300 826 2506 884 collatis
2535 839 2590 885 et
2619 832 2721 885 ista
2751 833 2998 902 liquidius
3028 838 3449 906 manifestantur,
3480 846 3600 899 etsi
3731 867 3805 907 non

2305 927 2507 983 essent,
2538 919 2625 973 illa
2664 921 2991 978 sufﬁcerent.
3033 924 3113 980 Ad
3139 924 3445 984 Corinthios
3471 933 3605 987 enim
3629 937 3809 995 scribens

2302 1009 2369 1065 de
2399 1010 2499 1066 hac
2523 1014 2709 1068 eadem
2736 1030 2815 1081 re,
2848 1016 2915 1071 ita
2946 1017 3113 1073 dicit:
3145 1017 3266 1074 Non
3291 1037 3406 1076 mm
3431 1023 3589 1078 liber?
3619 1043 3703 1081 non
3734 1046 3810 1086 sus

2299 1103 2598 1172 apostolus?
2628 1104 2813 1160 Nonne
2849 1105 3103 1161 Christum
3136 1107 3314 1164 Iesum
3352 1110 3618 1168 Dominum
3638 1128 3811 1175 nostrum

2297 1194 2400 1247 uidi
2414 1194 2440 1248 ?
2467 1193 2654 1250 Nonne
2679 1213 2806 1266 opus
2833 1214 3001 1252 meum
3027 1216 3113 1255 vos
3138 1202 3254 1256 estis
3291 1202 3349 1256 in
3392 1202 3607 1260 Domino
3623 1209 3645 1261 .’
3662 1209 3715 1263 Si
3732 1214 3812 1269 alii:

2298 1298 2398 1336 non
2423 1299 2536 1336 sum
2562 1286 2841 1354 apostolus,
2868 1287 3004 1342 vobis
3024 1300 3362 1345 uerumtamen
3391 1308 3523 1346 sum.
3548 1294 3811 1367 Signabat

2298 1374 2428 1428 enim
2459 1377 2771 1445 apostolatus
2809 1379 2906 1433 mei
2944 1395 3030 1434 uos
3057 1381 3177 1436 estis
3200 1382 3254 1436 in
3282 1383 3527 1439 Domino.
3558 1387 3663 1442 Hea
3685 1392 3812 1460 dela-

2295 1465 2371 1518 sio
2399 1466 2467 1518 ad
2494 1483 2576 1521 eos
2607 1468 2692 1536 qui
2736 1484 2814 1522 me
2847 1469 3159 1542 interrogant
3187 1475 3294 1528 hinc
3333 1483 3425 1530 est.
3480 1474 3720 1547 Numquid
3743 1499 3811 1538 non

2296 1554 2533 1610 habemus
2556 1568 2847 1627 potestatem
2868 1561 2883 1592 ί
2915 1561 3256 1617 manducandi
3274 1573 3321 1618 et
3344 1563 3590 1621 bibendi?
3611 1568 3812 1642 Numquid

2295 1659 2395 1697 non
2425 1644 2662 1701 habemus
2706 1657 2997 1716 potestatem
3036 1667 3259 1707 sororem
3297 1654 3559 1711 mulierem
3588 1660 3811 1716 circumdu-

2294 1733 2457 1798 cendi,
2487 1736 2615 1789 sicut
2644 1745 2691 1790 et
2711 1740 2877 1792 elateri
2902 1740 3149 1811 Apostoli,
3175 1753 3221 1796 et
3245 1747 3435 1815 fratres
3465 1746 3672 1813 Domini,
3694 1762 3733 1804 et
3748 1753 3813 1806 Ce-

2295 1822 2422 1892 phas
2466 1822 2506 1895 (Ι
2548 1824 2663 1880 Cor.
2703 1843 2794 1894 Ix,
2839 1827 2974 1901 1-7).
3018 1830 3148 1886 Vide
3172 1833 3612 1900 quemadmodum
3638 1841 3812 1908 primum

2293 1914 2537 1970 ostendat
2560 1917 2682 1987 quid
2710 1919 2813 1973 sibi
2840 1919 3019 1988 liceat,
3040 1930 3095 1976 et
3125 1921 3244 1977 ideo
3272 1924 3433 1979 liceat
3456 1928 3574 1996 quia
3597 1933 3811 2000 apostolus

2292 2015 2391 2061 est.
2419 2005 2547 2061 Inde
2567 2008 2706 2063 enim
2736 2010 2898 2079 cmpit
2921 2029 2933 2065 :
2962 2010 3082 2067 Non
3107 2030 3219 2069 surn
3235 2015 3402 2071 liber?
3430 2035 3530 2073 non
3544 2037 3648 2075 sum
3662 2036 3810 2092 aposto-

2292 2094 2412 2149 lus?
2450 2096 2516 2151 Et
2543 2098 2731 2167 probat
2769 2115 2827 2155 se
2872 2103 3169 2172 apostolum
3216 2120 3360 2174 esse,
3413 2107 3592 2165 dicens
3626 2130 3639 2165 :
3677 2112 3812 2169 Noua

2290 2181 2543 2239 Christum
2572 2187 2746 2241 Iesum
2775 2186 3051 2245 Dominum
3095 2203 3322 2248 nostrum
3364 2197 3469 2251 vidi
3488 2199 3514 2252 ?
3538 2198 3702 2256 Nonne
3721 2219 3810 2273 opus

2289 2291 2454 2329 meum
2493 2293 2577 2331 vos
2605 2280 2723 2334 estis
2750 2280 2801 2333 in
2830 2279 3090 2337 Domino?
3117 2283 3231 2352 Quo
3259 2287 3491 2356 probato
3516 2293 3722 2348 ostendit
3739 2297 3810 2351 sibi

2290 2364 2450 2420 licere
2474 2366 2614 2436 quod
2641 2383 2702 2423 ca
2723 2368 2850 2424 teris
2877 2372 3180 2442 Apostolis;
3209 2374 3259 2431 id
3279 2384 3386 2442 est,
3416 2387 3475 2433 ut
3495 2396 3595 2435 non
3621 2394 3810 2452 operetur

2287 2454 2533 2509 manibus
2559 2457 2704 2524 suis,
2737 2458 2829 2513 sed
2863 2474 2925 2515 ex
2954 2461 3237 2533 Evangelio
3262 2466 3427 2535 vivat,
3464 2469 3595 2526 sicut
3616 2473 3807 2539 Dominus

2287 2544 2596 2612 constituit,
2639 2548 2778 2618 quod
2818 2550 2868 2604 iu
2899 2556 3350 2622 consequentibus
3390 2562 3705 2629 apertissime
3738 2564 3805 2619 de.

2286 2639 2604 2693 monstravit
2632 2657 2648 2693 :
2681 2640 2747 2695 ad
2778 2641 2879 2697 hoc
2907 2644 3047 2699 enim
3077 2654 3133 2701 et
3160 2645 3345 2704 fideles
3393 2652 3637 2709 mulieres
3659 2653 3806 2710 haben-

2290 2735 2370 2781 tes
2398 2735 2664 2784 terrenam
2692 2732 3037 2787 substantiam
3066 2734 3210 2790 ibant
3231 2752 3354 2793 cum
3380 2741 3460 2795 eis
3480 2783 3494 2806 ,
3522 2753 3574 2797 et
3597 2745 3804 2799 ministra-

2286 2817 2413 2873 bant
2455 2819 2536 2874 cis
2587 2820 2653 2876 de
2701 2821 2996 2878 substantia
3040 2840 3169 2894 sua,
3215 2837 3272 2882 ut
3320 2830 3524 2887 nullius
3573 2832 3803 2904 indigeth
3858 2892 3859 2895 η

2289 2908 2479 2964 horum
2501 2926 2618 2981 qum
2637 2911 2703 2967 ad
2726 2915 3023 2969 necessaria
3046 2917 3163 2971 vita:
3186 2917 3343 2989 hujus
3366 2922 3627 2991 pertinent
3644 2927 3677 2977 ¹.
3699 2925 3800 2992 Quod

2286 2998 2473 3055 beatus
2499 3001 2694 3056 Paulus
2724 3003 2885 3059 licere
2909 3006 3121 3075 quidem
3150 3009 3247 3064 sibi
3274 3010 3623 3080 demonstrat,
3648 3015 3802 3070 sicutct

2286 3092 2462 3147 caeteri
2515 3094 2757 3164 Apostoli
2799 3095 3079 3165 faciebant,
3127 3100 3220 3155 sed
3269 3117 3328 3157 ea
3383 3115 3634 3174 potestate
3671 3120 3717 3162 se
3754 3107 3802 3160 uti

2286 3183 2518 3239 noluisse
2549 3182 2727 3254 postea
2754 3200 3153 3245 commemorat.
3188 3192 3299 3249 Hoc
3323 3197 3545 3265 quidam
3570 3215 3662 3253 non
3685 3199 3801 3253 intel-
3856 3196 3859 3259 ἕ

2285 3271 2528 3342 ligentes,
2575 3289 2681 3329 non
2728 3292 2949 3331 sororem
2989 3281 3287 3351 mulierem,
3333 3301 3461 3341 cum
3505 3290 3590 3344 ille
3631 3290 3797 3353 diceret,

2287 3359 2552 3433 Numquid
2596 3382 2695 3419 non
2738 3366 2975 3422 habemus
3000 3381 3297 3442 potestatem
3338 3393 3562 3432 sororem
3606 3382 3801 3433 mulierem

2283 3454 2727 3510 circumducendi?
2755 3457 2847 3513 sed
2879 3474 3083 3514 uxorem
3125 3462 3459 3535 interpretati
3484 3480 3621 3524 sunt.
3649 3470 3799 3525 Felellit

2283 3557 2380 3599 eos
2405 3544 2549 3600 verbi
2575 3546 2734 3616 grmci
2765 3548 3082 3620 ambiguitas
3103 3594 3118 3619 ,
3150 3553 3290 3623 quod
3318 3567 3375 3610 et
3408 3573 3540 3614 uxor
3576 3569 3626 3613 et
3662 3560 3798 3614 mulier

2282 3634 2469 3691 eodem
2514 3636 2678 3691 verbo
2727 3653 2899 3709 gra-ce
2942 3641 3157 3697 dicitur.
3187 3645 3502 3718 Quanquam
3530 3651 3624 3706 hoc
3657 3653 3711 3706 ita
3733 3666 3798 3722 p0.

2281 3726 2447 3781 suerit
2467 3726 2774 3796 Apostolus,
2804 3740 2863 3784 ut
2900 3730 3007 3786 l'alli
3036 3748 3142 3788 non
3173 3735 3462 3795 debuerint
3492 3759 3506 3794 :
3532 3744 3639 3812 quia
3674 3756 3796 3811 neque
3850 3756 3855 3761 '

2280 3815 2541 3870 mulierem
2571 3818 2933 3875 tantummodo
2958 3822 3064 3890 ait,
3096 3825 3188 3880 sed
3215 3843 3441 3883 sororem
3470 3833 3699 3885 mulierem
3719 3831 3793 3899 (rt);

2282 3922 2453 3979 neque
2482 3909 2732 3974 ducendi,
2756 3913 2850 3967 sed
2880 3912 3302 3971 circumducendi.
3330 3919 3685 3976 Verumtamen
3702 3921 3794 3975 alios

2280 3996 2598 4069 interpretes
2625 4016 2727 4054 non
2755 3999 2942 4056 fefellit
2964 4002 3077 4058 hinc
3096 4006 3433 4079 ambiguitas,
3461 4020 3513 4067 ct
3535 4010 3749 4066 mulierem
3762 4009 3791 4075 ³,

2281 4104 2385 4144 non
2414 4106 2639 4155 uxorem,
2667 4090 2997 4161 interpretati
3024 4103 3167 4151 sunt.

2350 4181 2576 4239 CAPUT
2603 4182 2669 4239 V.
2691 4214 2762 4224 —-
2785 4185 2838 4240 6.
2866 4185 3121 4252 Apostolis
3155 4192 3456 4262 permissum
3496 4196 3699 4251 mulieres
3725 4192 3791 4248 sibi

2279 4273 2617 4329 ministrantes
2691 4290 2859 4329 secum
2916 4278 3096 4333 habere
3156 4283 3385 4353 exentho
3448 4285 3640 4341 Christi.
3679 4279 3789 4351 Quod

2278 4364 2514 4434 quisquis
2541 4372 2688 4435 putat
2716 4381 2821 4420 non
2848 4369 3083 4437 potuisse
3107 4368 3174 4423 ab
3197 4372 3466 4441 Apostolis
3492 4374 3616 4438 ﬁeri,
3638 4382 3684 4428 ut
3698 4386 3784 4427 cum

2279 4455 2358 4511 eis
2399 4463 2596 4509 sanctae
2633 4458 3054 4512 conversationis
3098 4461 3349 4517 mulieres
3378 4464 3663 4527 circuircnt,
3690 4475 3785 4532 qua-

2279 4557 2506 4613 cumque
2535 4544 2876 4614 Evangelium
2904 4546 3261 4618 prmdicabant
3282 4593 3297 4617 ,
3328 4561 3385 4607 ut
3414 4555 3491 4609 eis
3516 4553 3577 4610 de
3599 4568 3678 4608 sua
3698 4551 3785 4605 sub

2277 4634 2468 4690 stantia
2487 4634 2848 4690 ministrarent
2867 4641 3186 4706 necessaria,
3214 4638 3556 4712 Evangelium
3576 4641 3783 4700 audiat,et

2278 4733 2560 4795 cognoscat
2585 4726 3028 4795 quemadmodum
3058 4728 3159 4784 hoc
3183 4731 3346 4800 ipsius
3373 4733 3571 4788 Domini
3594 4727 3781 4799 exemplo

2277 4814 2554 4869 faciebant.
2572 4815 2825 4870 Dominus
2836 4818 2975 4871 enim
2989 4827 3169 4875 noster
3183 4838 3328 4878 more
3344 4823 3689 4880 misericordia:
3703 4832 3780 4873 sus

2279 4906 2654 4964 inﬁrmioribus
2678 4911 3024 4978 compatiens,
3048 4927 3167 4967 cum
3189 4914 3240 4969 ei
3257 4926 3469 4985 possent
3489 4916 3650 4987 Angeli
3668 4910 3780 4968 mini-

2278 5006 2467 5064 strare,
2496 5006 2549 5052 et
2577 4998 2776 5054 loculos
2802 4987 3062 5070 habebat,
3112 4994 3218 5074 quo
3270 5008 3558 5063 mitteretur
3590 5003 3773 5078 pecuinis.

2277 5103 2397 5159 qure
2420 5089 2797 5145 conferebatur
2812 5093 2993 5163 utique
3017 5109 3045 5147 a
3073 5095 3225 5151 bonis
3270 5099 3505 5155 ﬁdelibus
3536 5112 3691 5154 eorum
3719 5092 3773 5146 vi-

2278 5182 2383 5236 ctui
2412 5183 2709 5236 necessaria
2741 5199 2754 5236 :
2785 5200 2918 5254 quos
2944 5186 3147 5241 loculos
3168 5189 3318 5245 Iudae
3344 5189 3703 5250 commendavit,
3735 5191 3773 5236 nt

2278 5271 2438 5327 etiam
2464 5270 2610 5326 fures
2638 5273 2681 5327 si
2707 5273 2905 5328 evitare
2932 5291 3036 5329 non
3069 5291 3365 5346 possemus,
3413 5283 3621 5335 tolerare
3639 5279 3679 5330 in
3704 5273 3753 5325 Et

2276 5361 2438 5417 clcsia
2464 5362 2808 5418 disceremus.
2842 5364 2933 5420 lllc
2970 5369 3108 5420 enim
3136 5384 3193 5421 ea
3219 5385 3331 5439 qua:
3358 5371 3653 5431 mittebantur,
3672 5367 3767 5417 non!

2339 5475 2360 5546 ξ
2393 5478 2441 5546 ιιι
2460 5482 2563 5524 Mss.
2590 5474 2852 5546 plerisque,
2880 5475 3147 5546 licentiam;
3170 5478 3290 5546 loci,
3315 5489 3577 5546 potestatem

2304 5538 2362 5606 .²
2392 5544 2568 5606 Omnes
2602 5538 2767 5600 prope
2790 5544 2918 5599 uss,
2951 5540 3015 5588 ad
3058 5538 3369 5593 mouentium
3404 5543 3504 5594 ιίιε
3537 5539 3655 5601 huius
3686 5538 3764 5597 ια·

2277 5603 2487 5708 ’Ἢιει
2513 5660 2659 5723 editio
2678 5668 2786 5710 Iov.
2808 5660 2974 5722 habet,
2999 5662 3111 5723 quia
3130 5676 3342 5716 sororem
3359 5666 3595 5717 mulierem.

2341 5722 2415 5781 (ιι)
2462 5722 2685 5783 ,άρέρβιρη
2706 5723 2911 5783 guttaica
2932 5722 3192 5787 perime-iit.
