3880 6284
94 290 176 347 553
769 332 781 337 _
1410 288 1610 345 LIBER
1650 288 1850 348 UNUS.

88 400 141 453 de
162 398 240 451 illo
262 395 507 464 scriptum
528 402 631 461 est,
656 395 911 466 auferebat
937 397 1114 470 (Joan.
1148 414 1241 465 xu,
1271 397 1347 470 ϐ).
1394 401 1459 468 Et
1500 418 1620 457 mu-

86 491 214 545 lieres
240 488 389 541 voluit
417 496 474 541 ut
496 503 559 544 se
590 488 653 542 ad
678 490 1023 559 praeparanda
1049 498 1104 545 et
1129 492 1478 548 ministranda
1525 511 1622 550 ne-

82 582 271 637 cessaria
309 589 687 650 sequerentur,
718 581 1008 636 ostendens
1038 582 1161 652 quid
1202 585 1542 655 evangelistis
1569 597 1622 642 et

81 672 294 726 ministris
322 671 413 725 Dei
442 677 696 742 tanquam
726 672 1003 739 militibus,
1037 689 1067 727 a
1109 675 1351 743 plebibus
1383 677 1475 733 Dei
1509 688 1623 733 tan-

76 780 200 833 quam
227 763 637 831 provincialibus
662 763 983 830 deberetur;
1028 774 1083 820 ut
1122 768 1167 820 si
1208 770 1325 837 quis
1367 783 1432 824 eo
1480 771 1617 839 quod

76 856 149 907 sibi
175 852 461 919 deberetur,
492 854 571 907 uti
605 854 786 920 nollet,
829 854 967 910 sicut
997 857 1188 912 Paulus
1226 862 1495 928 apostolus
1524 878 1621 915 no-

74 948 164 1009 luit,
189 946 400 1014 amplius
431 945 769 1016 impenderet
795 948 1075 1016 Ecclesiae,
1104 968 1208 1006 non
1238 955 1504 1024 exigendo
1527 956 1622 1009 sti-

72 1037 584 1108 pendiumdebitum,
628 1041 719 1095 sed
764 1042 1129 1111 quotidianum
1170 1046 1367 1100 victum
1399 1047 1464 1102 de
1510 1051 1619 1104 suis

73 1132 293 1187 laboribus
314 1132 677 1202 transigendo.
708 1133 964 1189 Audierat
989 1135 1135 1191 enim
1164 1138 1511 1205 stabularius,
1546 1141 1613 1195 ad

71 1239 190 1295 quem
216 1223 524 1277 vulneratus
558 1223 646 1279 ille
677 1224 962 1294 perductus
988 1236 1071 1281 est
1104 1245 1118 1282 :
1146 1226 1209 1282 Si
1236 1229 1356 1297 quid
1398 1231 1618 1300 amplius

72 1316 318 1385 negaueris,
348 1315 400 1368 in
432 1315 697 1369 redeundo
722 1317 931 1370 reddam
958 1319 1045 1371 tibi
1075 1317 1223 1386 (Luc.
1251 1336 1305 1383 χ,
1338 1320 1449 1391 55).
1492 1322 1619 1375 Am-

70 1411 175 1479 plius
208 1422 328 1477 ergo
369 1408 635 1479 erogabat
675 1410 946 1478 apostolus
985 1411 1204 1477 Paulus,
1255 1412 1342 1481 qui
1385 1414 1514 1476 suis,
1561 1424 1619 1468 ut

70 1500 154 1568 ipse
185 1508 410 1563 testatur,
459 1500 745 1567 stipendiis
784 1500 1045 1556 militabat
1073 1500 1117 1571 (Ι
1137 1500 1256 1557 Cor.
1288 1519 1361 1567 Ix,
1395 1504 1543 1571 7-15,
1573 1514 1619 1559 et

69 1588 99 1643 ll
120 1588 213 1644 Cor.
234 1606 301 1654 xi,
327 1591 404 1661 7).
442 1588 499 1642 In
528 1589 821 1661 Evangelio
850 1592 992 1646 enim
1019 1594 1275 1663 scriptum
1300 1603 1382 1649 est
1408 1613 1420 1648 :
1453 1595 1616 1650 Dein-

69 1698 155 1750 ceps
188 1691 229 1735 et
263 1683 366 1751 ipse
392 1681 493 1735 iter
520 1683 743 1754 faciebat
774 1700 862 1753 per
886 1684 1108 1739 civitates
1147 1694 1193 1738 et
1232 1687 1439 1741 castella
1484 1705 1617 1759 pra:-

68 1775 201 1827 dicans
243 1783 285 1827 et
324 1775 688 1846 evangelizans
712 1792 921 1846 regnum
948 1775 1077 1844 Dei;
1118 1788 1165 1832 et
1193 1778 1457 1832 duodecim
1502 1798 1615 1834 cum

68 1866 147 1929 illo,
186 1874 225 1920 et
270 1865 504 1920 mulieres
535 1868 727 1935 aliqua:
751 1884 864 1938 quae
915 1878 1057 1923 erant
1084 1881 1274 1924 curata:
1302 1889 1333 1923 a
1355 1872 1615 1941 spiritibus

68 1959 251 2028 malignis
274 1967 318 2012 et
346 1959 740 2029 infirmitatibus
769 1976 788 2015 :
821 1961 990 2016 Maria
1016 1980 1128 2034 qua:
1158 1974 1362 2018 vocatur
1394 1966 1613 2037 Magda-

68 2051 166 2117 lene,
186 2051 238 2105 de
256 2067 348 2122 qua
371 2052 638 2106 daemonia
661 2063 847 2124 septem
876 2055 1101 2108 exierant
1119 2055 1160 2122 ί,
1188 2066 1234 2110 et
1257 2056 1461 2111 Joanna
1487 2075 1615 2111 uxor

67 2141 209 2197 Christe
233 2146 581 2213 procuratoris
609 2145 830 2201 Herodis
852 2189 867 2213 ,
895 2157 939 2200 et
969 2147 1231 2216 Susanna,
1265 2160 1310 2202 et
1339 2151 1454 2204 alite
1483 2152 1615 2205 mul-

71 2244 129 2301 ta,
149 2251 241 2304 quae
259 2236 622 2291 ministrabant
646 2238 717 2291 eis
741 2238 804 2291 de
828 2239 1154 2309 facultatibus
1177 2241 1282 2293 suis
1312 2239 1459 2310 (Luc.
1494 2258 1609 2308 vui,

70 2327 171 2395 1-5).
196 2326 295 2381 Hoc
323 2329 642 2397 exemplum
667 2329 875 2382 Domini
905 2329 1247 2385 imitabantur
1266 2332 1524 2401 Apostoli,
1547 2335 1612 2390 ad

71 2416 376 2487 accipiendum
422 2419 527 2474 sibi
577 2418 815 2474 debitum
861 2421 1074 2487 cibum;
1103 2422 1168 2477 de
1208 2439 1313 2492 quo
1344 2424 1481 2478 idem
1510 2426 1615 2481 Do-

70 2508 203 2564 minus
223 2510 565 2580 apertissime
586 2511 821 2581 loquitur
849 2525 862 2566 :
888 2510 1102 2578 Euntes,
1128 2515 1318 2584 inquit,
1342 2517 1615 2584 prwdicate

71 2600 266 2665 dicentes,
292 2603 409 2672 quia
436 2603 878 2675 apprOpinquavit
919 2622 1127 2675 regnum
1155 2606 1410 2660 cwlorum.
1456 2606 1614 2677 Inﬁr-

72 2708 145 2743 mos
166 2701 318 2747 curate
339 2734 353 2758 ,
384 2703 621 2748 mortuos
648 2696 904 2760 suscitate,
940 2694 1164 2765 leprosos
1204 2698 1441 2753 inundate
1463 2742 1477 2766 ,
1511 2699 1615 2754 dte-

72 2784 195 2836 monia
215 2785 383 2857 ejicite.
422 2784 609 2841 Gratis
633 2787 915 2858 accepistis,
944 2791 1101 2858 gratis
1128 2791 1260 2844 date.
1294 2790 1468 2846 Nolite
1494 2810 1611 2861 pos-

73 2875 193 2929 sidere
212 2894 397 2944 aurum,
427 2896 602 2951 neque
621 2889 909 2950 argentum,
935 2897 1092 2950 neque
1112 2884 1374 2951 pecuniam
1394 2886 1447 2937 in
1472 2887 1611 2940 zonis

74 2968 219 3036 uestris,
246 2985 395 3039 neque
420 2987 613 3041 peram
636 2971 689 3024 in
713 2971 794 3025 uia
816 3013 829 3037 ,
858 2988 1018 3043 neque
1045 2974 1172 3027 duas
1213 2975 1427 3040 tunicas,
1458 2993 1615 3047 neque

74 3059 370 3130 calceamenla,
392 3081 567 3135 neque
604 3065 833 3136 virgam:
857 3066 1041 3138 dignus
1090 3078 1162 3121 est
1192 3070 1322 3123 enim
1352 3074 1614 3139 operarius

74 3150 150 3203 cibo
168 3167 243 3206 suo
268 3152 472 3225 (Matth.
494 3154 749 3227 x,7-10).
779 3157 915 3211 Ecce
938 3157 1026 3212 ubi
1055 3161 1328 3215 constituit
1357 3162 1612 3220 Dominus

75 3243 176 3308 quod
199 3244 323 3301 idem
344 3248 636 3319 apostolus
660 3260 1061 3306 commemorat.
1084 3253 1164 3307 Ad
1197 3253 1297 3309 hoc
1317 3255 1458 3310 enim
1480 3257 1613 3312 dixit

76 3330 135 3385 illa
152 3338 300 3392 omnia
325 3354 392 3396 ne
418 3350 728 3411 portarent,
758 3351 816 3396 ut
843 3342 931 3398 ubi
957 3358 1090 3413 Opus
1119 3354 1280 3411 esset,
1311 3347 1379 3402 ab
1398 3349 1476 3403 eis
1516 3364 1603 3404 ac-

74 3423 255 3492 ciperent
276 3432 463 3500 quibus
490 3433 886 3489 annuntiabant
912 3450 1132 3505 regnum
1158 3437 1272 3493 Dei.

122 3514 309 3577 CAPUT
345 3522 433 3579 VI.
474 3553 562 3565 —
603 3525 654 3579 7.
694 3524 771 3579 De
822 3526 1100 3599 Evangelia
1144 3531 1302 3583 viuere
1352 3548 1451 3586 non
1488 3534 1609 3589 solis

75 3604 293 3675 .lpostolis,
316 3614 404 3668 sed
428 3624 477 3670 et
506 3615 633 3670 aliis
662 3632 949 3672 concessum
975 3637 1007 3673 a
1035 3620 1252 3676 Christo.
1271 3622 1347 3677 Ne
1370 3626 1490 3694 quis
1509 3643 1607 3681 au-

77 3704 153 3751 tem
177 3703 438 3761 arbitretur
477 3706 619 3761 solis
643 3707 921 3764 duodecim
948 3709 1051 3765 hoc
1079 3710 1243 3767 fuisse
1271 3729 1605 3785 concessum;

74 3787 159 3843 vide
181 3796 319 3849 etiam
344 3798 469 3867 quid
498 3797 682 3853 Lucas
708 3809 889 3855 narret
920 3820 933 3856 :
965 3800 1089 3856 Post
1114 3802 1239 3871 hac,
1270 3806 1470 3875 inquit,
1516 3808 1606 3863 de-

71 3878 234 3947 signavit
256 3884 502 3945 Dominus
542 3898 587 3944 et
612 3890 739 3945 alios
769 3893 1088 3963 septuaginta
1112 3895 1261 3962 duos,
1278 3907 1325 3950 et
1344 3900 1477 3952 misit
1494 3901 1607 3955 illos

71 3968 174 4027 binos
194 3986 293 4032 ante
318 3979 500 4047 faciem
552 3998 698 4035 suam
738 3983 790 4036 in
829 4000 1027 4037 omnem
1065 3985 1315 4041 civitatem
1358 3998 1406 4043 et
1444 3990 1609 4045 locum

70 4075 140 4126 quo
159 4076 245 4118 erat
268 4068 370 4138 ipse
396 4079 668 4125 venturus.
700 4071 767 4126 Et
796 4073 993 4128 dicebat
1018 4075 1121 4130 illis
1152 4092 1171 4130 :
1198 4077 1382 4133 Messis
1405 4080 1606 4148 quidem

70 4156 203 4218 multa,
230 4164 440 4230 operarii
484 4172 665 4219 autem
709 4166 860 4235 pauci
901 4182 920 4222 :
958 4178 1132 4238 rogate
1170 4186 1287 4240 ergo
1333 4170 1608 4227 Dominum

73 4249 231 4316 messis,
266 4262 313 4305 ut
336 4254 510 4309 mittat
538 4256 797 4325 operarios
833 4258 889 4311 in
929 4275 1140 4313 messem
1168 4277 1333 4315 suam.
1366 4259 1465 4328 Ite,
1498 4279 1609 4317 ecce

74 4349 139 4403 €90
172 4343 292 4397 mitto
331 4362 415 4401 vos
462 4347 597 4402 sicut
638 4364 796 4419 agnos
829 4350 961 4404 inter
988 4351 1154 4422 lupos.
1190 4350 1367 4407 Nolite
1404 4365 1607 4424 portare

75 4432 293 4499 sacculum,
320 4454 478 4509 neque
503 4456 699 4510 peram,
729 4457 889 4512 neque
910 4442 1269 4510 calceamenta,
1294 4457 1339 4500 et
1359 4449 1605 4526 neminem

76 4537 138 4586 per
158 4526 266 4580 viam
287 4530 648 4587 salutaveritis.
678 4532 748 4587 In
773 4552 1135 4606 quamcumque
1158 4537 1363 4592 domum
1386 4540 1610 4595 intrave-

74 4614 168 4680 ritis,
192 4620 389 4686 primum
426 4625 582 4679 dicite
620 4641 639 4679 :
675 4624 794 4680 Paa:
830 4627 945 4680 huic
982 4628 1171 4682 domui.
1200 4629 1269 4683 Et
1293 4631 1339 4685 si
1362 4632 1429 4685 ibi
1452 4636 1607 4703 "fuerit

76 4703 175 4767 Illius
192 4713 333 4780 pacis,
354 4717 629 4787 requiescet
648 4734 800 4789 super
818 4719 963 4774 illum
981 4736 1083 4790 pax
1102 4730 1262 4775 vestra
1282 4738 1300 4777 :
1319 4724 1397 4778 sin
1416 4734 1603 4794 autem,

78 4796 124 4846 ad
146 4817 213 4856 vos
234 4818 516 4863 revertetur.
545 4808 613 4865 In
636 4812 810 4865 eadem
840 4821 1009 4866 autem
1033 4813 1182 4867 domo
1208 4822 1422 4883 manete,
1451 4818 1605 4873 eden-

79 4898 128 4944 tes
162 4906 201 4949 et
241 4900 448 4958 bibentes
474 4921 588 4975 qua
624 4904 765 4974 apud
802 4907 918 4961 illos
946 4915 1061 4961 sunt
1105 4923 1124 4962 :
1161 4908 1344 4981 dignus
1372 4919 1445 4964 est
1472 4913 1605 4967 enim

78 4990 285 5048 ορετατὶαε
307 4998 530 5051 mercede
550 5014 643 5052 sua
672 4996 820 5070 (Luc.
848 5015 881 5053 ι
903 5042 917 5066 ,
952 5001 1098 5072 1-7).
1128 5000 1223 5056 Hic
1252 5014 1471 5072 apparet
1495 5020 1601 5060 non

78 5091 166 5135 esse
188 5082 262 5139 illa
282 5090 439 5158 jussa,
469 5092 563 5148 sed
588 5094 879 5164 permissa;
904 5103 963 5148 ut
980 5094 1217 5164 quisquis
1244 5095 1317 5149 uti
1341 5097 1516 5162 vellet,
1540 5113 1604 5152 eo

79 5178 267 5232 uteretur
291 5182 425 5250 quod
454 5184 553 5239 sibi
582 5184 765 5241 liceret
787 5200 853 5241 ex
881 5186 1091 5241 Domini
1118 5186 1528 5254 constitutione;
1556 5190 1601 5244 si
1672 5206 1675 5211 ·

80 5264 169 5327 quis
186 5279 343 5327 autem
372 5276 448 5330 uti
474 5278 657 5345 nollet,
689 5293 793 5333 non
822 5287 1004 5333 contra
1026 5278 1230 5349 jussum
1257 5279 1475 5349 faceret,
1505 5282 1599 5337 sed

82 5348 129 5403 de
151 5360 355 5429 suoiure
384 5367 594 5423 cederet
624 5369 1021 5425 misericordius
1047 5380 1101 5426 et
1130 5371 1441 5427 laboriosius
1466 5389 1598 5428 con-

83 5453 272 5505 versatus
296 5455 316 5485 ¹
343 5454 389 5509 in
419 5458 718 5530 Evangelia,
748 5461 800 5515 in
823 5476 930 5531 quo
954 5469 1007 5516 et
1032 5461 1263 5516 debitam
1294 5464 1597 5519 mercedem

86 5533 213 5591 nollet
232 5546 471 5615 accipere.
499 5552 743 5623 Alioquin
771 5561 956 5608 contra
984 5554 1184 5623 iussum
1224 5555 1435 5611 Domini
1474 5556 1599 5613 fecit

131 5668 148 5760 ξ
362 5682 589 5760 ῐςίᾳὶξίρᾳοθδ
608 5699 745 5747 vero,
770 5683 1008 5760 dwnwrtia
1028 5693 1206 5751 septem
1226 5686 1450 5751 eiecerat.

171 5736 230 5782 Sic
249 5743 340 5788 Mss.
363 5750 413 5792 At
435 5746 559 5807 editi,
587 5736 963 5799 cantici-sarritur.

273 5823 479 5889 Sauc'r.
520 5835 791 5897 Accusa:
840 5834 947 5897 Vl.
1542 5878 1555 5887 α
1578 5856 1613 5885 -δ

3220 322 3328 382 554

1732 404 2154 501 Αρίξειᾳιυεηαιιί
2184 423 2528 487 posteaquam
2549 424 2781 479 ostendit
2805 427 2904 482 sibi
2930 430 3112 501 licere,
3135 439 3317 493 statim

1731 495 1955 566 subjecit
1982 516 1995 550 :
2027 499 2132 555 Sed
2154 513 2317 559 tamen
2344 524 2433 579 ego
2463 526 2564 565 non
2584 528 2695 567 sum
2715 532 2833 570 usus
2856 518 2951 573 hac
2978 495 3235 589 potestate.

1801 604 2026 664 CAPUT
2067 611 2175 667 νη.
2207 644 2278 656 -—
2304 617 2358 672 8.
2396 617 2707 679 Potestatem
2745 643 2846 682 non
2875 637 3120 700 operandi
3146 638 3321 693 datam

1728 700 2005 772 Apostolis,
2028 723 2134 762 esse
2157 710 2539 784 intelligendam
2564 718 2627 771 de
2651 736 2802 790 apere
2825 729 3098 794 corporali.
3126 730 3230 786 Sed
3253 735 3318 788 ad

1731 794 1968 851 ordinem
2000 799 2302 872 redeamus,
2334 820 2397 861 ac
2432 816 2597 863 totum
2640 804 2811 880 ipsum
2860 816 3110 886 Epistolm
3149 823 3319 879 locum

1726 884 2008 956 diligenter
2030 894 2450 953 consideremus.
2484 899 2772 971 Numquid,
2806 884 2995 977 inquit,
3026 928 3128 965 non
3169 914 3321 968 liabe-

1727 994 1838 1032 mus
1877 980 2131 1037 licentiam
2160 988 2504 1044 manducandi
2538 1003 2587 1045 et
2631 995 2871 1051 bibendi?
2912 1000 3173 1073 Numquid
3220 1024 3320 1060 non

1727 1070 1970 1127 habemus
2009 1076 2264 1133 licentiam
2306 1097 2532 1138 sororem
2560 1089 2823 1142 mulierem
2861 1094 3323 1155 circumducendi?

1725 1162 1894 1230 Quam
1939 1168 2204 1225 licentiam
2242 1172 2403 1241 dixit,
2436 1177 2536 1231 nisi
2572 1194 2729 1249 quam
2778 1182 3039 1239 Dominus
3068 1187 3212 1243 dedit
3240 1192 3318 1246 eis

1719 1249 1860 1327 quos
1886 1260 1954 1314 ad
1981 1262 2375 1330 praedicandum
2398 1283 2619 1339 regnum
2646 1272 2903 1328 caelorum
2926 1277 3089 1343 misit,
3109 1278 3314 1348 dicens,

1723 1348 1804 1403 Ea
1849 1368 1963 1419 qua:
2006 1356 2070 1408 ab
2115 1356 2239 1425 ipsis
2267 1360 2283 1388 ¹
2327 1369 2445 1413 sunt
2497 1363 2797 1417 manducate
2824 1383 2843 1419 :
2869 1368 3053 1438 dignus
3077 1379 3150 1423 est
3179 1373 3313 1426 enim

1723 1446 1985 1515 cperarius
2019 1449 2246 1503 mercede
2297 1468 2426 1517 sua;
2466 1464 2519 1507 et
2563 1470 2622 1509 se
2671 1457 2844 1525 ipsum
2895 1476 3196 1529 proponens
3246 1464 3317 1519 ad

1721 1542 1957 1610 ejusdem
1991 1548 2268 1614 potestatis
2292 1552 2624 1621 exemplum,
2656 1556 2740 1608 cui
2772 1556 3095 1614 ﬁdelissima:
3124 1562 3317 1618 mulie-

1719 1647 1809 1686 res
1836 1634 1960 1688 talia
1980 1639 2283 1692 necessaria
2312 1639 2380 1695 de
2405 1642 2516 1696 suis
2540 1643 2876 1700 facultatibus
2900 1649 3310 1708 ministrabant?

1720 1726 1962 1795 Amplius
1993 1739 2168 1784 autem
2200 1730 2327 1785 fecit
2352 1734 2625 1803 apostolus
2670 1736 2865 1792 Paulus
2886 1780 2901 1803 ,
2934 1750 2991 1794 ut
3020 1741 3086 1795 de
3115 1759 3315 1813 coapo—

1718 1817 1870 1871 stolis
1912 1820 2025 1874 suis
2063 1820 2438 1877 documentum
2486 1825 2767 1882 adhiberet
2807 1828 2964 1898 hujus
3008 1832 3236 1889 licentiae
3280 1851 3310 1889 a

1718 1907 1946 1965 Domino
1972 1915 2271 1981 permissae.
2303 1916 2486 1987 Neque
2516 1920 2658 1973 enim
2700 1921 3099 1990 reprehendens
3125 1928 3310 1998 subje-

1718 2000 1791 2054 cit
1814 2042 1828 2066 ,
1874 2000 2021 2056 Sicut
2048 2014 2095 2057 et
2121 2007 2288 2060 caeteri
2320 2008 2568 2077 Apostoli,
2598 2020 2645 2063 et
2670 2014 2855 2083 fratres
2886 2012 3112 2081 Domini,
3140 2028 3186 2071 et
3213 2018 3310 2073 Ce-

1718 2091 1883 2160 pIras;
1932 2094 2026 2148 sed
2072 2105 2131 2149 ut
2176 2096 2305 2152 hinc
2353 2100 2660 2156 ostenderet
2702 2101 2805 2157 hoc
2847 2120 2905 2159 se
2935 2107 3181 2176 accipere
3210 2126 3309 2164 no-

1718 2179 1902 2249 luisse,
1930 2186 2072 2254 quod
2098 2188 2147 2242 ei
2178 2188 2341 2244 licere
2365 2191 2610 2262 accipere
2636 2205 2954 2251 cancrorum
2976 2198 3135 2253 etiam
3157 2216 3312 2258 com-

1717 2276 2018 2331 militonum
2071 2280 2187 2348 ejus
2239 2297 2388 2338 more
2436 2284 2775 2355 probaretur.
2823 2289 2903 2342 An
2948 2307 3039 2361 ego
3079 2292 3219 2348 solus
3266 2306 3312 2350 et

1715 2366 1982 2424 Barnabas
2005 2388 2105 2425 non
2132 2374 2371 2429 habemus
2395 2386 2688 2446 potestatem
2714 2397 2816 2433 non
2846 2384 3094 2451 operandi
3111 2386 3136 2438 ?
3172 2385 3311 2442 Ecce

1717 2460 1934 2515 abstulit
1967 2477 2182 2519 omnem
2224 2466 2608 2524 dubitationem
2645 2471 2806 2524 etiam
2840 2473 3157 2529 tardissimis
3185 2493 3308 2532 cor-

1719 2550 1895 2615 dibus,
1930 2562 1988 2606 ut
2018 2554 2313 2625 intelligant
2351 2557 2419 2612 de
2447 2574 2549 2628 qua
2588 2562 2900 2629 operatione
2923 2563 3083 2619 dicat.
3113 2566 3310 2637 thuid

1716 2643 1858 2697 enim
1885 2645 1991 2710 ait,
2019 2643 2099 2698 An
2127 2662 2216 2717 ego
2240 2646 2381 2701 solus
2406 2658 2453 2701 et
2480 2647 2745 2704 Barnabas
2768 2668 2871 2704 non
2899 2653 3137 2709 habemus
3161 2666 3309 2727 pote-

1715 2743 1895 2789 statem
1925 2752 2028 2789 non
2070 2737 2316 2807 operandi
2335 2739 2361 2793 ?
2386 2739 2489 2795 nisi
2516 2741 2639 2811 quia
2669 2757 2856 2798 omnes
2884 2747 3227 2817 evangelista:
3254 2760 3311 2805 et

1716 2826 1946 2880 ministri
1992 2828 2140 2881 verbi
2188 2828 2281 2882 Dei
2319 2828 2590 2885 habebant
2632 2843 2950 2902 potestatem
2995 2852 3025 2892 a
3082 2839 3308 2896 Domino

1715 2929 2010 2990 acceptam,
2041 2930 2097 2975 ut
2126 2937 2232 2976 non
2260 2935 2609 2993 operarentur
2631 2927 2653 2957 ³
2678 2928 2926 2983 manibus
2953 2931 3085 2997 suis,
3117 2933 3210 2987 sed
3238 2950 3307 2990 ex

1716 3010 2004 3083 Evangelio
2019 3013 2281 3081 viverent,
2303 3026 2589 3084 operantes
2616 3020 2983 3075 tantummodo
3013 3023 3307 3091 spiritualia

1714 3104 1769 3158 in
1798 3105 2174 3173 praedicatione
2199 3107 2351 3176 regni
2376 3108 2633 3163 caelorum
2654 3150 2669 3176 ,
2699 3120 2755 3166 et
2782 3111 3134 3169 aediﬁcatione
3161 3117 3308 3184 pacis

1716 3195 1990 3252 Ecclesiae.
2014 3197 2198 3267 Neque
2223 3199 2365 3254 enim
2391 3200 2670 3271 quisquam
2698 3212 2876 3272 potest
2901 3205 3080 3263 dicere
3103 3206 3170 3262 de
3190 3209 3305 3278 ipsa

1714 3288 1976 3358 spirituali
2002 3291 2315 3359 Operatione
2340 3290 2541 3347 dixisse
2569 3296 2903 3363 Apostolum,
2937 3298 3017 3351 An
3044 3315 3135 3369 ego
3161 3301 3305 3356 solus

1715 3390 1759 3433 et
1784 3379 2047 3435 Barnabas
2062 3398 2163 3435 non
2180 3382 2418 3438 habemus
2435 3394 2725 3454 potestatem
2746 3404 2847 3442 non
2860 3391 3135 3459 operandi?
3156 3392 3306 3449 Hanc

1714 3472 1855 3527 enim
1897 3482 2213 3542 potestatem
2245 3489 2349 3530 non
2378 3476 2631 3545 operandi
2661 3493 2848 3535 omnes
2888 3481 2962 3535 illi
2998 3481 3301 3538 habebant:

1712 3564 1854 3620 dicat
1885 3582 2012 3637 ergo
2041 3568 2131 3637 qui
2163 3577 2389 3623 conatur
2416 3580 2685 3639 praecepta
2725 3575 3015 3641 apostolica
3065 3576 3120 3629 in
3176 3591 3303 3632 sen-

1715 3658 1933 3713 tentiam
1976 3675 2125 3715 suam
2169 3660 2461 3731 depravare
2487 3670 2646 3732 atque
2686 3672 3018 3732 pervertere;
3050 3665 3225 3734 dicat,
3256 3669 3303 3723 si

1712 3751 1903 3818 audet,
1937 3766 2125 3807 omnes
2151 3754 2505 3823 evangelistas
2529 3769 2559 3807 a
2591 3755 2817 3810 Domino
2846 3756 3120 3827 accepisse
3144 3769 3303 3831 pote-

1712 3851 1903 3898 statem
1935 3858 2041 3897 non
2079 3845 2497 3915 evangelizandi.
2540 3846 2611 3900 At
2651 3847 2695 3901 si
2729 3847 2830 3902 hoc
2858 3849 3301 3906 absurdissimum

1713 3942 1767 3989 et
1812 3935 2208 3991 insanissimum
2248 3949 2328 3993 est
2368 3937 2547 3993 dicere
2572 3979 2586 4003 ,
2628 3953 2725 3993 cur
2763 3940 2951 3994 nolunt
3004 3942 3301 4014 intelligere

1711 4026 1852 4095 quod
1883 4026 2131 4080 omnibus
2161 4036 2357 4096 pateat,
2385 4028 2655 4097 accepisse
2682 4029 2896 4097 quidem
2923 4030 3042 4086 illos
3065 4041 3301 4101 potesta-

1712 4127 1817 4175 tem
1850 4134 1956 4173 non
1986 4120 2261 4189 Operandi,
2284 4119 2378 4174 sed
2395 4134 2555 4188 opera
2571 4122 2867 4190 corporalia
2888 4122 3082 4193 quibus
3102 4126 3298 4181 victum

1710 4220 2047 4282 quaererent,
2078 4211 2201 4282 quia
2230 4212 2413 4282 dignus
2449 4222 2522 4266 est
2546 4214 2805 4284 operarius
2832 4216 2940 4269 cibo
2968 4233 3062 4270 suo
3091 4226 3137 4271 et
3164 4235 3297 4272 mer-

1710 4305 1829 4358 cede
1865 4320 1987 4372 sua,
2027 4305 2165 4359 sicut
2202 4303 2550 4374 Evangelium
2589 4305 2865 4375 loquitur?
2894 4307 3007 4363 Non
3035 4325 3162 4380 ergo
3195 4312 3297 4367 soli

1711 4396 1907 4451 Paulus
1951 4404 2006 4451 et
2048 4395 2318 4450 Barnabas
2354 4396 2617 4452 habebant
2653 4407 2971 4469 potestatem
3010 4417 3118 4457 non
3164 4418 3297 4473 ope-

1711 4489 1892 4553 randi;
1922 4489 2017 4543 sed
2042 4503 2230 4544 omnes
2259 4490 2456 4558 pariter
2494 4489 2761 4546 habebant
2792 4492 2929 4548 hanc
2958 4503 3294 4563 potestatem,

1712 4596 1813 4651 qua
1845 4581 1931 4635 isti
1960 4596 2066 4636 non
2096 4582 2416 4649 utebantur,
2447 4584 2675 4653 amplius
2716 4585 3070 4655 impendendo
3112 4588 3297 4644 Eccle-

1710 4674 1825 4737 siae,
1853 4673 1988 4727 sicut
2016 4674 2071 4728 in
2101 4674 2205 4729 illis
2243 4675 2375 4730 locis
2420 4675 2509 4729 ubi
2555 4677 3026 4746 evangelizabant,
3068 4679 3297 4736 inﬁrmis

1710 4780 2005 4835 congruere
2028 4764 2356 4834 judicabant.
2400 4765 2465 4818 Et
2509 4766 2648 4833 ideo,
2694 4782 2761 4821 ne
2790 4769 3128 4837 coapostolos
3169 4786 3297 4826 suos

1710 4855 2118 4926 reprehendisse
2143 4856 2430 4921 videretur,
2464 4857 2734 4925 subjungit
2761 4867 2813 4911 et
2841 4857 2969 4912 dicit
2998 4876 3012 4915 :
3045 4859 3169 4928 Quis
3195 4864 3296 4916 mi-

1710 4947 1821 4999 litat
1849 4947 1951 5000 suis
1976 4946 2243 5016 stipendiis
2270 4963 2489 5013 unquam
2513 4946 2539 5000 ?
2567 4946 2691 5010 Quis
2718 4950 2877 5017 pascit
2904 4967 3123 5021 gregem,
3158 4963 3207 5007 et
3233 4956 3296 5008 de

1709 5040 1837 5094 lacte
1859 5040 2021 5110 gregis
2059 5056 2159 5093 non
2188 5039 2440 5109 percipit?
2472 5039 2736 5108 Numquid
2750 5043 3025 5096 secundum
3042 5045 3297 5101 hominem

1708 5131 1814 5185 haec
1838 5130 2013 5201 loquor
2029 5130 2055 5184 Σ)
2082 5129 2161 5183 An
2182 5128 2290 5184 Lex
2310 5146 2412 5183 non
2437 5130 2544 5185 haec
2573 5132 2731 5185 dicit?
2753 5130 2821 5186 In
2842 5134 2951 5206 lege
2972 5135 3105 5189 enim
3127 5138 3295 5209 Moysi

1707 5225 1947 5293 scriptum
1970 5232 2043 5278 est
2070 5239 2089 5278 :
2116 5221 2243 5277 Bovi
2269 5224 2524 5278 trituranti
2559 5242 2614 5278 os
2658 5241 2759 5280 non
2788 5227 3083 5298 infrenabis.
3120 5230 3295 5283 Num-

1705 5317 1826 5388 quid
1852 5316 1915 5370 de
1938 5316 2091 5370 bobus
2113 5317 2325 5387 pertinet
2344 5316 2411 5368 ad
2430 5316 2592 5370 Deum
2609 5316 2635 5371 ?
2648 5316 2729 5372 An
2749 5328 2955 5389 prapter
2973 5337 3065 5373 nos
3086 5323 3291 5373 omnino

1707 5408 1871 5461 dicit?
1899 5406 2116 5477 Pr0pter
2136 5426 2227 5462 nos
2252 5409 2382 5462 enim
2406 5410 2647 5479 scriptum
2687 5418 2779 5476 est,
2808 5410 2929 5479 quia
2950 5410 3090 5464 debet
3118 5410 3169 5462 in
3200 5427 3289 5479 spe

1769 5628 1956 5693 {Edim
1984 5626 2361 5693 apudipsos.At
2380 5633 2510 5687 uss,
2555 5627 2614 5677 ab
2832 5632 2996 5675 Graece
3040 5633 3133 5687 est,
3177 5630 3287 5692 par'

1770 5754 1793 5788 ³
1824 5754 2048 5815 Verbum,
2070 5756 2401 5816 operarentur,
2424 5752 2566 5800 abest
2586 5762 2615 5799 a
2636 5749 2885 5811 plensque
2900 5754 3008 5799 Mss.

2639 5833 3032 5916 {Dix-huit.)
