3880 6284
109 305 196 366 557

106 439 192 479 non
210 407 591 491 erangelizabo,
608 421 732 491 quia
748 412 886 474 fame
907 420 1201 487 cruciabor,
1218 425 1286 477 "et
1305 421 1443 480 unde
1466 423 1640 480 vivam

105 531 191 572 non
213 513 422 571 habebo.
454 507 586 568 Nam
615 513 872 585 sequitur,
913 513 966 570 et
995 506 1122 570 dicit
1151 535 1163 569 :
1198 509 1260 572 Si
1299 519 1431 572 enim
1475 520 1645 575 volens

101 607 176 662 hoc
199 607 337 676 facio,
369 603 642 660 mercedem
671 599 846 660 habeo.
879 601 1160 662 Volentem
1199 624 1257 663 se
1282 599 1413 664 dicit
1437 605 1640 676 lacere,

99 701 132 755 si
158 699 278 753 nulla
317 681 450 753 vitze
477 697 633 767 hujus
667 694 943 753 fulcienda:
979 699 1300 754 necessitate
1335 702 1642 772 compulsus

97 795 218 857 facit;
267 801 316 846 et
361 791 431 845 ob
483 789 588 846 hoc
627 789 824 848 habere
880 794 1221 862 mercedem,
1271 797 1453 867 utique
1501 798 1641 867 apud

97 885 230 941 Deum
269 884 444 954 glorias
481 886 840 955 sempiterna}.
888 885 951 940 Si
988 896 1155 942 autem
1200 886 1403 954 invitus,
1447 885 1636 960 inquit,

96 979 357 1048 dispensatio
375 976 504 1032 mihi
524 977 716 1033 credita
731 979 803 1034 est
818 997 838 1034 ε
857 978 910 1035 id
933 989 1034 1045 est,
1058 981 1102 1035 si
1124 982 1443 1038 necessitate
1461 991 1634 1037 trans-

94 1069 258 1141 igeudze
285 1069 435 1139 hujus
464 1067 592 1124 vitae
624 1069 821 1128 invitus
840 1087 1003 1142 cogor
1025 1072 1409 1143 evangelizare,
1428 1071 1638 1144 dispen-

93 1163 190 1216 satio
222 1159 335 1214 mihi
376 1159 576 1215 credita
616 1169 725 1227 est;
769 1169 827 1217 ut
876 1164 1080 1219 scilicet
1123 1181 1196 1220 ex
1236 1163 1637 1237 dispensatione

92 1268 211 1318 mea,
255 1253 368 1323 quia
418 1251 695 1310 Christum
723 1297 736 1320 ,
801 1257 923 1326 quia
985 1257 1260 1313 veritatem
1288 1259 1304 1292 ¹
1359 1257 1632 1329 ρι’ίιειιίοο,

91 1347 289 1417 quamvis
311 1351 374 1402 ex
408 1348 718 1415 occasione,
742 1351 985 1420 quamvis
1008 1367 1122 1407 mea
1145 1369 1412 1422 quaerens,
1441 1371 1632 1424 quain-

89 1438 149 1492 vis
184 1437 361 1492 terreni
401 1441 759 1495 emolumenti
793 1443 1112 1498 necessitate
1155 1440 1501 1528 compulsus,
1544 1443 1633 1501 alii

86 1528 336 1599 proﬁciant,
361 1543 462 1600 ego
491 1541 674 1585 autem
702 1529 841 1603 apud
886 1534 1051 1590 Deum
1093 1536 1392 1592 mercedem
1438 1539 1636 1609 glorio-

86 1636 170 1676 sam
192 1623 318 1676 illam
359 1623 856 1696 sempiternumque
889 1645 992 1680 non
1039 1627 1282 1683 habeam.
1318 1629 1444 1695 Qua:
1472 1648 1587 1702 ergo
1611 1672 1626 1696 ,

85 1711 231 1783 inquit,
253 1729 434 1768 merces
457 1715 590 1769 mihi
618 1717 708 1770 erit
730 1717 755 1772 ?
781 1715 1120 1791 Interrogans
1141 1719 1273 1775 dixit
1303 1739 1315 1774 :
1349 1733 1628 1791 propterea

83 1804 403 1872 suspendenda
426 1813 511 1859 est
528 1809 912 1876 pronuntiatio,
928 1810 1098 1866 donec
1115 1811 1455 1882 respondeat.
1475 1813 1627 1883 Quod

84 1905 125 1950 ut
144 1894 324 1953 facilius
353 1898 709 1970 intelligatur,
741 1911 987 1973 tanquam
1029 1920 1130 1959 nos
1167 1922 1290 1960 eum
1333 1905 1627 1977 interroge-

81 2002 186 2054 mus,
213 1988 330 2057 Qua:
373 2006 506 2060 ergo
561 1991 654 2048 tibi
703 2010 907 2049 merces
934 1996 1070 2061 erit,
1103 1995 1380 2067 Apostole,
1413 1997 1626 2069 quando

80 2081 329 2137 mercedem
360 2083 521 2139 istam
569 2094 834 2141 terrenam
874 2087 1032 2143 etiam
1081 2090 1422 2161 evangelistis
1471 2086 1626 2146 bonis

79 2170 282 2239 debitam,
298 2190 400 2229 non
421 2184 650 2246 prepter
676 2177 775 2234 hoc
794 2173 1302 2249 evang‘eliaantibus,
1327 2181 1421 2236 scd
1445 2191 1620 2237 tamen

79 2275 439 2336 censequentem
467 2277 522 2322 et
555 2269 792 2324 oblatam
819 2287 885 2328 ex
912 2269 1120 2328 Domini
1161 2273 1497 2330 ordinatione
1535 2291 1624 2330 su-

77 2363 314 2429 mentibus,
339 2373 390 2419 tu
420 2381 535 2420 non
568 2365 804 2438 accipis?
830 2385 946 2439 qum
969 2384 1099 2441 ergo
1127 2361 1223 2426 tibi
1246 2386 1454 2428 merces
1480 2373 1622 2427 erit?

78 2451 176 2510 Vide
204 2455 317 2527 quid
347 2455 682 2529 respondeat
724 2479 736 2515 :
773 2457 839 2517 Ut
865 2463 1238 2534 evangelieans,
1275 2464 1476 2536 inquit,
1516 2466 1624 2520 sine

76 2558 232 2618 sumptu
257 2567 437 2620 ponam
465 2551 839 2624 Evangelium;
867 2553 917 2610 id
944 2565 1047 2623 est,
1076 2567 1134 2611 ut
1165 2574 1271 2612 non
1302 2558 1374 2613 sit
1398 2558 1620 2612 creden-

78 2639 182 2695 tibus
207 2652 576 2714 sumptuosum
608 2644 978 2717 Evangelium,
1003 2663 1070 2704 ne
1094 2657 1277 2719 putent
1297 2649 1363 2704 ad
1390 2649 1496 2706 hoc
1518 2650 1621 2706 sibi

77 2733 397 2803 cvangelizari,
423 2746 482 2791 ut
506 2733 566 2791 id
592 2737 930 2809 evangelista:
968 2741 1117 2810 quasi
1148 2741 1380 2798 vendere
1403 2743 1621 2798 videan-

78 2831 152 2878 tur.
185 2827 242 2882 Et
279 2836 453 2884 tamen
500 2829 647 2884 redit
673 2832 830 2886 etiam
871 2842 1030 2903 atque
1065 2835 1246 2903 etiam,
1276 2847 1334 2892 ut
1370 2837 1621 2892 ostendat

78 2916 167 2982 quid
184 2915 401 2990 sibijnre
421 2917 702 2978 dominico
735 2923 893 2980 liceat
914 2969 928 2992 ,
959 2935 1015 2981 et
1043 2928 1157 2996 ipse
1185 2945 1287 2984 non
1318 2930 1474 2985 iaciat
1506 2949 1518 2984 :
1549 2929 1618 2986 Ut

78 3018 147 3057 ηοη
168 3005 343 3078 abutar,
374 3012 584 3082 inquit,
614 3023 860 3084 potestate
886 3033 996 3070 mea
1024 3019 1077 3071 in
1102 3017 1400 3092 Evangelia.

127 3096 322 3156 CAPUT
345 3100 616 3158 Χ1.-19..
635 3101 700 3158 In
717 3105 811 3158 hac
827 3123 899 3170 re,
919 3115 973 3160 ut
991 3109 1042 3161 in
1058 3105 1191 3174 aliis,
1207 3108 1404 3166 Paulus
1420 3128 1618 3167 excom-

81 3191 262 3259 passione
285 3210 333 3247 se
358 3194 585 3264 inﬁrmis
613 3199 978 3252 accommodat.
1001 3198 1265 3265 Quomodo
1279 3204 1388 3258 sine
1415 3207 1617 3273 ﬁctione

80 3288 111 3330 et
134 3283 307 3351 fallacia
341 3290 512 3356 factus
551 3297 622 3342 est
649 3287 795 3358 quasi
818 3289 908 3343 sub
934 3290 1041 3363 lege
1077 3303 1124 3346 et
1163 3295 1310 3366 quasi
1348 3296 1456 3349 sine
1486 3297 1614 3369 lege.

80 3368 202 3429 Timet
233 3393 290 3432 ne
325 3377 684 3452 Evangelium,
708 3383 751 3437 si
781 3400 842 3438 ea:
867 3401 924 3438 eo
945 3385 1093 3453 vivat,
1123 3388 1296 3444 venale
1331 3399 1530 3458 putetur
1553 3391 1614 3445 ab

80 3463 395 3532 irtﬁnnis.Jatn
438 3490 574 3528 vero
613 3475 732 3545 quia
764 3473 1052 3532 inﬁrmitati
1093 3479 1367 3536 hominum
1395 3498 1615 3555 compa-

81 3555 182 3613 ticns
205 3560 248 3615 id
273 3558 535 3634 faciebat,
568 3565 845 3622 audiamus
878 3571 1156 3640 sequentia
1189 3591 1201 3624 :
1238 3571 1364 3628 Cum
1389 3577 1522 3629 enim
1555 3575 1617 3630 li-

82 3645 142 3700 ber
172 3651 270 3720 sim,
298 3655 484 3726 inquit,
522 3674 587 3711 ea:
616 3657 844 3716 omnibus
862 3706 877 3731 ,
902 3665 1124 3718 omnium
1160 3683 1238 3720 me
1260 3683 1454 3722 servum
1481 3671 1612 3741 feci,

80 3747 119 3792 ut
138 3742 275 3811 plures
298 3747 649 3819 lucrifacerem
680 3769 698 3805 :
721 3753 781 3806 iis
811 3756 895 3823 qui
922 3755 1013 3809 sub
1034 3755 1168 3828 Lege
1188 3768 1326 3826 sunt,
1355 3761 1503 3831 quasi
1525 3763 1615 3817 sub

81 3826 194 3901 Lege,
212 3853 312 3890 cum
343 3857 442 3895 non
480 3842 581 3896 sim
609 3843 713 3912 ipse
737 3844 828 3899 sub
852 3845 1017 3916 Lege,
1047 3826 1121 3900 uti
1141 3865 1224 3904 eos
1253 3852 1338 3920 qui
1366 3826 1458 3906 sub
1483 3851 1618 3925 Lege

82 3935 186 3978 erant
220 3929 595 4004 lucrifacerem;
635 3935 696 3991 iis
721 3938 807 4010 qui
837 3939 943 3993 sine
971 3933 1104 4010 Lege
1130 3951 1284 4008 sunt,
1329 3948 1474 4016 quasi
1508 3948 1616 4002 sine

82 4012 196 4086 lege,
220 4040 321 4076 cum
352 4014 594 4099 sinellege
619 4027 715 4082 Dei
741 4047 840 4085 non
864 4029 958 4086 sim
979 4074 993 4098 ,
1017 4034 1106 4088 sed
1132 4034 1228 4089 sim
1256 4037 1311 4091 in
1339 4038 1444 4108 lege
1469 4037 1614 4094 Chri-

83 4109 142 4170 sti,
169 4120 211 4165 ut
250 4116 594 4190 lucrifacerem
635 4139 718 4176 eos
754 4123 840 4194 qui
869 4126 976 4179 sine
1000 4123 1133 4199 Lege
1157 4137 1292 4183 sunt.
1324 4129 1476 4199 Quod
1509 4149 1615 4188 non

85 4199 314 4262 simulandi
337 4213 571 4265 versutia
600 4211 822 4270 faciebat
843 4258 856 4284 ,
886 4215 978 4272 sed
1020 4221 1380 4291 compatiendi
1405 4224 1616 4280 miseri-

85 4294 255 4361 cordia;
284 4299 331 4354 id
353 4310 461 4370 est,
497 4319 603 4358 non
631 4307 778 4375 quasi
809 4317 862 4362 ut
887 4323 946 4364 se
969 4310 1192 4379 lingeret
1214 4311 1478 4383 Judaeum,
1507 4316 1616 4372 sic-

86 4388 127 4433 ut
164 4391 372 4445 nonnulli
416 4401 757 4464 putaverunt,
787 4397 909 4469 quia
933 4397 1169 4471 legitima
1201 4413 1382 4460 vetera
1397 4405 1615 4464 Jeroso—

87 4470 207 4541 lymis
231 4484 520 4541 observavit
553 4489 647 4560 (a).
682 4487 824 4546 Fecit
853 4470 1006 4548 enim,
1023 4491 1126 4550 hoc
1159 4500 1452 4555 secundum
1482 4503 1614 4559 libe-

89 4579 172 4621 razu
203 4581 247 4626 ct
290 4579 616 4636 manifestam
647 4586 963 4642 sententiam
1003 4603 1182 4658 suam,
1227 4593 1279 4647 in
1319 4610 1420 4665 qua
1465 4597 1613 4667 dicit,

91 4653 368 4723 Cftmmcisus
410 4673 523 4740 quis
575 4685 777 4731 vocatus
827 4677 941 4733 est?
991 4697 1090 4735 non
1147 4682 1369 4740 adducat
1412 4691 1617 4762 praepu-

93 4749 240 4821 tia-4‘;
265 4758 309 4817 id
340 4771 418 4815 est
441 4806 455 4828 ,
490 4781 593 4819 non
622 4766 701 4822 sic
733 4767 894 4835 vivat,
918 4771 1067 4840 quasi
1097 4777 1416 4845 praeputium
1447 4779 1616 4835 addu-

92 4847 273 4903 xeritct
302 4853 348 4906 id
378 4857 518 4925 quod
548 4859 837 4915 nudaverat
881 4867 1072 4922 texerit
1120 4884 1133 4920 :
1173 4869 1311 4924 sicut
1351 4872 1456 4926 alio
1496 4875 1615 4932 loco

94 4933 203 5006 dicit,
231 4943 538 5006 Circumcisio
570 4962 658 5006 tua
693 4957 993 5026 prwputium
1037 4959 1176 5028 facta
1214 4972 1287 5016 est
1328 4963 1520 5034 (Rom.
1553 4981 1612 5035 tt,

92 5022 178 5126 9‘5)-
205 5033 485 5097 Secundum
512 5043 648 5101 hanc
675 5022 810 5118 ergo
829 5022 1146 5106 sententiam
1185 5022 1374 5125 suam‘,
1399 5073 1498 5128 qua
1529 5022 1610 5114 di:

94 5115 162 5182 cit,
185 5121 492 5188 Circumcisus
515 5137 624 5206 quis
648 5147 850 5194 vocatus
879 5149 952 5195 est
968 5142 994 5196 ?
1022 5160 1124 5197 non
1153 5145 1375 5202 adducat
1404 5167 1612 5223 prcepu-

95 5207 206 5264 tium.
231 5215 287 5271 In
319 5228 558 5296 ρηερηιίο
583 5229 696 5300 quis
723 5245 923 5288 vocatus
953 5235 1064 5289 est?
1091 5254 1190 5292 non
1229 5241 1616 5300 circumcidatur

98 5296 130 5364 (l
150 5299 248 5361 Cor.
269 5326 352 5378 vn,
380 5315 499 5388 18);
529 5296 651 5375 fecit
691 5322 774 5376 illa
815 5340 935 5395 qua)
977 5343 1082 5381 non
1121 5296 1615 5404 intelligentibuse‘t

98 5404 242 5457 parum
280 5410 655 5470 attendentibus
698 5413 913 5496 ﬁnxisse
960 5430 1174 5491 putatus
1221 5435 1348 5492 est;
1398 5428 1615 5488 Judzrus

99 5487 206 5544 enim
219 5505 317 5552 erat
330 5502 729 5566 etcircumcisus
749 5493 987 5583 vocatus;
1011 5517 1180 5572 noluit
1194 5519 1460 5580 adducere
1479 5540 1617 5596 prae-

147 5623 165 5712 i
189 5625 334 5712 ΕἶὛὲ
347 5641 854 5712 Μικφιαριιτὶειωην
878 5660 975 5712 qua
988 5650 1250 5704 veritatem.

148 5683 335 5787 itm
351 5683 1347 5787 B?;"pi$iyitii&mm,'§bss.
1367 5721 1524 5787 abest,
1545 5726 1616 5779 uti

104 5747 333 5827 θιλβςξὺο
351 5747 721 5827 ἰεῂὦῖρὀῑᾘιὶξ

150 5807 217 5872 (αῖ
226 5807 795 5890 Mod—Himer-
811 5838 1182 5900 Augustinianas
1201 5846 1288 5902 75.
1313 5862 1361 5896 n.
1387 5850 1464 5900 9-1
1476 5853 1519 5901 τί.

1473 301 1674 365 LIBER
1713 303 1914 368 UNUS.

1761 424 1986 494 putium,
2016 417 2069 481 id
2091 435 2191 498 est,
2211 429 2378 488 noluit
2405 435 2476 492 ita
2502 431 2679 496 vivere
2705 457 2769 498 ac
2787 443 2831 500 si
2861 445 3208 512 circumcisus
3232 472 3341 516 non

1757 520 1919 608 esset.
1948 511 2064 573 Hoc
2092 520 2233 574 enim
2271 522 2381 593 jam
2429 520 2482 582 in
2534 539 2797 599 potestate
2835 535 3095 597 habebat.
3239 511 3341 608 sub

1754 593 1899 678 Lege
1915 609 2127 680 quidem
2146 629 2252 669 non
2279 629 2396 672 erat
2416 593 2552 676 sicut
2578 623 2651 677 illi
2679 627 2766 694 qui
2783 644 2899 683 eam
2916 634 3185 692 serviliter
3206 655 3337 711 ope-

1754 701 2030 770 rabantur;
2068 706 2161 762 sed
2191 714 2439 768 tamenin
2471 716 2585 788 lege
2614 720 2707 776 Dei
2733 733 2786 777 et
2808 724 3025 783 Christi.
3052 729 3166 788 Non
3192 701 3339 794 edim

1754 792 1855 847 alia
1887 796 1972 851 lex
2012 809 2129 854 erat
2156 801 2242 856 illa
2267 815 2321 860 et
2347 807 2446 861 alia
2481 810 2566 865 lex
2599 813 2710 878 Dei,
2754 818 2893 874 sicut
2931 823 3126 891 perditi
3165 792 3335 886 Mani-ﬁ

1753 882 1888 938 eluci
1919 887 2095 944 solent
2121 890 2320 950 dicere.
2343 897 2590 969 Alioquin
2613 905 2658 959 si
2685 921 2804 962 cum
2826 911 2914 966 illa
2931 882 3094 982 iecit,
3123 917 3340 980 ﬁnxisse

1753 977 2019 1081 putanhdus
2042 991 2152 1046 est;
2181 985 2331 1040 tinxit
2358 999 2412 1043 et
2435 1006 2696 1062 paganum
2732 1009 2785 1053 et
2812 977 3129 1063 sacrificavit
3160 1011 3336 1081 idolis,

1754 1066 1876 1136 quia
1893 1061 2020 1125 dicit
2042 1071 2237 1130 factum
2259 1092 2318 1133 se
2349 1061 2522 1137 fuisse,
2541 1085 2603 1140 iis
2620 1089 2707 1157 qui
2728 1091 2844 1147 sine
2866 1095 3009 1166 Lege
3037 1111 3160 1156 sunt
3183 1061 3337 1174 quasi

1751 1159 1868 1216 sine
1895 1159 2056 1235 Lege.
2071 1166 2215 1235 Quos
2231 1173 2414 1242 utique
2430 1191 2533 1229 non
2552 1180 2651 1234 nisi
2667 1179 2926 1256 Gentiles,
2943 1159 3081 1258 quos
3091 1159 3333 1266 Paganos

1749 1251 1996 1322 dicimus,
2029 1257 2141 1314 vult
2166 1261 2408 1334 intelligi.
2439 1268 2595 1324 Aliud
2625 1283 2706 1339 est
2733 1290 2860 1346 ergo
2889 1251 3008 1334 esse
3039 1284 3138 1339 sub

1747 1345 1888 1442 aliud
1915 1347 1968 1402 in
1998 1348 2156 1422 Lege,
2185 1356 2326 1410 aliud
2343 1362 2459 1415 sine
2493 1361 2650 1435 Lege.
2679 1366 2955 1442 Subhcge
2980 1345 3332 1438 carnales

1745 1431 1845 1491 dmi
1861 1455 1875 1493 :
1892 1440 1943 1494 in
1963 1441 2102 1513 Lege
2115 1447 2416 1516 spirituales
2431 1462 2484 1507 et
2508 1454 2537 1508 J
2545 1431 2677 1511 uilici
2695 1468 2748 1514 et
2768 1431 3078 1533 Christiani;
3101 1473 3240 1528 unde
3256 1475 3335 1532 illi

1745 1543 2092 1588 servaverunt
2117 1553 2322 1593 morem
2345 1542 2493 1600 illum
2520 1549 2749 1615 patrium
2767 1593 2784 1620 ,
2812 1555 2909 1610 sed
2934 1571 3096 1615 onera
3117 1562 3330 1620 insolita

1743 1620 2084 1680 credentibus
2101 1627 2358 1686 Gentibus
2374 1650 2480 1689 non
2511 1637 2910 1714 imposuerunt;
2928 1658 2983 1705 et
3005 1652 3122 1708 ideo
3141 1657 3287 1712 etilli
3311 1661 3329 1692 ³

1739 1711 2037 1770 Circumcisi
2055 1729 2177 1774 sunt
2209 1739 2221 1775 :
2243 1724 2356 1779 sine
2376 1725 2516 1798 Lege
2529 1741 2707 1788 autem
2727 1711 2925 1795 Gentes
2947 1759 3066 1812 quae
3094 1748 3331 1807 nondum

1739 1799 2097 1876 crediderunt,
2117 1807 2308 1881 quibus
2328 1827 2501 1874 tamen
2528 1838 2588 1879 se
2612 1826 2898 1897 Apostolus
2913 1799 3224 1907 congruisse
3253 1853 3329 1900 te-

1737 1903 1906 1950 statur
1933 1915 2027 1969 per
2052 1903 2452 1966 misericordem
2479 1920 2922 1990 compassionem,
2947 1903 3053 1983 non
3083 1945 3180 1999 per
3205 1949 3329 1990 ver-

1735 1981 1991 2084 sipellemL
2005 1993 2422 2068 simulationem;
2456 2004 2509 2071 id
2537 1981 2639 2073 esi,
2669 2018 2808 2067 uteo
2828 1981 2990 2072 modo
3021 1981 3328 2084 subveniret

1736 2081 1934 2135 carnali
1960 2073 2146 2139 Iudaeo
2166 2089 2248 2142 vel
2280 2091 2514 2164 Pagauo,
2543 2113 2650 2170 quo
2677 2103 2838 2159 modo
2861 2106 2964 2162 sibi

1736 2180 1900 2270 esset,
1933 2174 2204 2233 subveniri
2232 2183 2490 2242 voluisset
2523 2206 2534 2241 :
2562 2201 2780 2259 portans
2807 2197 2989 2270 utique
3011 2174 3199 2260 eorum
3229 2209 3321 2264 in-

1738 2251 2045 2319 firmitatem
2075 2267 2126 2322 in
2165 2277 2552 2343 compassionis
2585 2251 2967 2359 similitudinis,
2991 2309 3099 2350 non
3135 2297 3325 2358 fallens

1733 2352 1787 2408 in
1814 2357 2077 2414 mendacii
2109 2359 2360 2434 ﬁctione;
2389 2370 2527 2427 sicut
2559 2377 2815 2434 continuo
2842 2352 3106 2454 sequitur,
3147 2401 3203 2448 et
3235 2395 3322 2450 di-

1731 2442 1825 2512 cit,
1855 2441 2048 2505 Factus
2075 2470 2186 2508 sum
2208 2457 2424 2526 inﬁrmis
2443 2462 2698 2534 inﬁrmus,
2720 2480 2776 2525 ut
2802 2472 3031 2543 inﬁrmos
3056 2481 3324 2555 lucriface-

1731 2551 1836 2589 rem
1860 2537 2031 2612 (lCor.
2064 2559 2137 2612 ιχ,
2174 2547 2358 2621 1-22).
2388 2551 2525 2607 Hinc
2540 2558 2682 2618 enim
2713 2537 3050 2636 loquebatur,
3083 2581 3139 2626 ut
3157 2537 3320 2632 etiam

1731 2630 1909 2684 omnia
1935 2632 2022 2686 illa
2045 2633 2268 2694 diceret.
2299 2639 2448 2696 Sicut
2493 2659 2622 2716 ergo
2665 2630 2807 2718 quod
2837 2653 3010 2713 factus
3035 2630 3132 2716 Vest
3169 2630 3321 2721 ίηίῖι·ζ

1729 2722 1832 2778 mis
1853 2724 2118 2794 inﬁrmus,
2149 2745 2255 2787 non
2281 2742 2398 2790 erat
2423 2738 2795 2809 mendacium;
2824 2747 2902 2802 sic
2929 2759 2983 2804 et
3001 2763 3194 2808 castora
3230 2758 3319 2814 illa

1729 2821 2000 2889 superius.
2038 2823 2208 2892 Quam
2237 2827 2380 2883 enim
2428 2830 2560 2888 dicit
2587 2834 2953 2896 inﬁrmitatem
2994 2859 3144 2901 suam
3188 2864 3315 2922 erga

1731 2909 1974 2968 inﬁrmos
2017 2913 2203 2985 fuisse,
2235 2919 2338 2974 nisi
2367 2925 2724 2994 compatiendi
2762 2930 2875 2997 cis,
2907 2933 2960 2988 in
2988 2943 3191 2992 tantum
3219 2909 3315 3011 ui,

1727 3021 1797 3061 ne
1821 3006 2092 3064 videretur
2117 3013 2364 3068 venditor
2393 3015 2690 3089 Evangelii,
2713 3031 2771 3077 et
2795 3025 2943 3081 verbi
2972 3028 3063 3084 Dei
3093 3006 3315 3090 cursum

1727 3098 1867 3166 apud
1899 3099 2175 3171 imperitos
2202 3104 2252 3158 in
2284 3106 2478 3163 malam
2506 3111 2866 3188 suspicionem
2903 3117 3158 3178 decidens
3198 3123 3314 3181 im-

1721 3189 1953 3266 pediret,
1977 3194 2148 3250 nollet
2179 3197 2423 3266 accipere
2461 3202 2604 3270 quod
2625 3203 2748 3272 jure
2785 3206 3054 3266 dominico
3077 3213 3316 3274 debeba-

1727 3281 1849 3334 tur?
1873 3281 2025 3349 Quod
2047 3285 2090 3338 si
2121 3286 2298 3352 vellet,
2330 3303 2433 3342 non
2464 3292 2643 3363 utique
2670 3299 3006 3370 metitiretur,
3034 3307 3156 3375 quia
3185 3323 3318 3368 vere

1724 3367 2022 3428 debebatur
2050 3393 2062 3427 :
2092 3378 2306 3448 et,quia
2336 3380 2539 3450 noluit,
2567 3400 2672 3440 non
2701 3387 2882 3459 utique
2911 3367 3169 3452 mentitus
3207 3367 3312 3455 est.

1724 3461 1904 3534 Neque
1932 3467 2074 3522 enim
2105 3469 2236 3526 dixit
2263 3487 2370 3528 non
2412 3475 2512 3530 sibi
2541 3475 2724 3535 deberi
2749 3497 2765 3535 :
2799 3482 2892 3538 sed
2919 3483 3103 3543 deberi
3129 3499 3316 3548 osten-

1725 3554 1824 3624 dit,
1852 3565 1906 3611 et
1933 3556 2112 3616 debito
2133 3578 2190 3616 se
2215 3578 2372 3620 usum
2404 3581 2510 3622 non
2532 3583 2672 3635 esse,
2705 3587 2804 3628 nec
2827 3575 3045 3632 omnino
3074 3580 3151 3635 uti
3180 3583 3316 3641 velle

1725 3645 1997 3718 professus
2025 3663 2139 3717 cst,
2174 3670 2239 3710 eo
2270 3657 2385 3726 ipso
2420 3657 2590 3714 factus
2625 3661 2897 3732 inﬁrmus,
2919 3683 3027 3739 quo
3057 3682 3316 3741 potestate

1724 3756 1820 3795 sua
1851 3743 1924 3796 uti
1952 3745 2152 3810 noluit;
2189 3755 2294 3802 tam
2337 3749 2671 3807 misericordi
2707 3757 2914 3814 scilicet
2949 3760 3165 3820 indutus
3183 3767 3314 3824 alie-

1723 3839 1831 3896 ctu,
1876 3843 1931 3887 ut
1968 3837 2226 3906 cogitaret
2254 3841 2701 3908 quemadmodum
2732 3863 2915 3904 secum
2941 3854 3027 3923 agi
3048 3856 3237 3922 vellet,
3269 3861 3316 3914 si

1723 3933 1779 3977 et
1809 3923 1921 3994 ipse
1960 3927 2032 3980 ita
2075 3928 2452 4000 intirmarctur,
2482 3943 2540 3990 ut
2581 3948 2762 4005 posset
2793 3941 2860 3996 de
2899 3942 3007 3999 illis
3049 3962 3143 4018 per
3179 3965 3316 4020 quos

1722 4014 1824 4071 sibi
1854 4016 2194 4089 Evangelium
2219 4023 2616 4093 pra-dicaretur,
2639 4029 2683 4082 si
2711 4046 2807 4088 eos
2833 4014 3313 4110 videretvsumptus

1723 4106 1986 4178 accipere,
2019 4112 2169 4180 quasi
2198 4115 2664 4172 mercimoniorum
2690 4121 2958 4180 nundinas
2989 4130 3268 4199 suspicari.

1731 4186 1760 4198 ”’
1795 4199 2020 4256 CAPUT
2060 4204 2171 4258 XII.
2193 4234 2266 4245 —
2293 4208 2378 4262 l3.
2410 4207 2741 4278 Inﬁrmorum
2786 4216 3023 4284 periculis
3066 4186 3308 4298 tremefa-

1722 4299 1831 4344 ctus
1859 4291 1994 4361 eligit
2023 4292 2281 4364 laborare,
2312 4314 2463 4367 quam
2496 4300 2560 4354 de
2584 4300 2860 4376 Evangelia
2888 4309 3067 4365 vivere.
3095 4313 3167 4367 De
3212 4291 3312 4373 hac

1724 4380 2030 4440 inﬁrmitate
2056 4402 2147 4440 sua
2175 4388 2304 4443 dicit
2332 4391 2438 4446 alio
2462 4393 2580 4448 loco
2611 4412 2623 4447 :
2650 4393 2799 4452 Facti
2828 4416 3003 4457 sumus
3032 4407 3228 4474 parvuli
3255 4410 3309 4464 in

1722 4477 1886 4532 medio
1910 4489 2146 4548 vestrum,
2167 4490 2405 4560 tanquam
2423 4486 2467 4540 si
2495 4488 2668 4543 nutrix
2686 4491 2849 4560 foveat
2869 4494 3007 4564 ﬁlios
3024 4500 3308 4559 suos.Nam

1723 4567 1839 4639 ejus
1863 4570 2259 4628 circumstantia
2289 4576 2532 4634 lectionis
2552 4579 2654 4638 hoc
2679 4584 2876 4640 indicat
2905 4605 2922 4641 :
2953 4587 3133 4659 Neque
3153 4595 3305 4664 enim,

1723 4659 1912 4732 inquit,
1940 4665 2211 4736 aliquando
2245 4667 2299 4722 in
2332 4685 2560 4727 sermone
2581 4673 2894 4733 adulationis
2929 4681 3142 4752 fuinuts,
3181 4659 3311 4741 sicut

1721 4755 1893 4820 scitis;
1935 4773 2090 4828 neque
2132 4761 2184 4814 in
2215 4763 2474 4818 occasione
2500 4767 2788 4835 cupiditatis
2810 4810 2826 4836 ,
2855 4770 2994 4828 Deus
3030 4777 3169 4832 testis
3201 4791 3312 4847 est;

1722 4860 1878 4916 neque
1901 4861 2175 4918 quwrentes
2214 4854 2276 4906 ab
2315 4853 2598 4910 hominibus
2615 4857 2852 4929 gloriam,
2884 4881 3042 4934 neque
3080 4884 3111 4920 a
3152 4871 3306 4938 vobis,

1723 4954 1877 5010 neque
1902 4940 1962 4994 ab
1990 4943 2104 4997 aliis
2126 4959 2146 5008 ;
2171 4961 2285 4998 cum
2301 4963 2560 5016 possemus
2577 4952 2720 5007 oneri
2738 4953 2875 5011 vobis
2891 4975 3018 5027 esse,
3043 4971 3097 5014 ut
3124 4962 3312 5020 Christi
3346 4977 3349 4982 ‘

1721 5027 1951 5102 Apostoli
1979 5049 1997 5087 :
2023 5035 2109 5088 sed
2149 5038 2274 5108 [acti
2309 5054 2480 5094 sumus
2517 5043 2720 5114 parvuli
2759 5046 2814 5102 in
2862 5039 3026 5105 medio
3061 5062 3311 5124 uestrum;

1723 5133 1960 5195 tanquam
1985 5127 2029 5181 si
2051 5129 2224 5183 nutris:
2251 5133 2426 5202 foveat,
2445 5134 2582 5204 ﬁlios
2615 5153 2736 5193 suos
2773 5140 2830 5212 (l
2860 5139 3035 5200 Thess.
3066 5161 3135 5215 ιι,
3159 5149 3304 5220 5-7).

1722 5217 1872 5285 Quod
1898 5234 2024 5290 ergo
2051 5220 2116 5276 ad
2147 5219 2455 5281 Corinthios
2478 5225 2641 5293 dicit,
2674 5227 2876 5290 habere
2896 5249 2957 5290 se
2989 5217 3306 5306 potestatem

1722 5311 2048 5380 apostolatus
2075 5313 2156 5368 sui
2177 5355 2191 5379 ,
2235 5315 2374 5371 sicut
2411 5326 2466 5373 et
2502 5320 2684 5377 caeteri
2714 5321 2956 5394 Apostoli
2979 5369 2996 5395 ,
3026 5345 3129 5398 qua
3159 5339 3311 5400 pote-

1723 5408 1858 5456 state
1872 5417 2024 5458 usum
2053 5419 2112 5460 se
2126 5421 2232 5462 non
2257 5422 2377 5464 esse
2396 5415 2655 5478 testatur;
2678 5411 2781 5470 hoc
2796 5417 2956 5472 etiam
2984 5419 3036 5474 in
3065 5421 3168 5474 isto
3189 5421 3307 5478 loco

1723 5490 1790 5544 ad
1807 5489 2312 5554 Thessalonicenses
2325 5500 2420 5565 ait,
2439 5499 2565 5557 Cum
2581 5520 2837 5574 possemus
2851 5508 2994 5562 oneri
3017 5509 3154 5565 vobis
3177 5528 3306 5580 esse,

1721 5591 1775 5635 ut
1805 5581 1994 5640 Christi
2031 5586 2263 5659 Apostoli
2298 5607 2319 5648 :
2347 5594 2640 5651 secundum
2669 5598 2810 5668 quod
2839 5599 3098 5658 Dominus
3139 5603 3306 5675 dicit,

1788 5797 1806 5879 ξ
1833 5795 1978 5879 'Ed‘iti,
2003 5809 2090 5879 nec
2112 5797 2202 5850 illi.
2230 5807 2284 5879 at
2308 5801 2794 5879 niss.babent,_et_illi
2820 5818 2839 5857 :
2860 5806 3069 5875 scilicet,
3085 5816 3318 5879 spiritua~

1724 5854 1808 5907 les
1825 5854 1975 5907 intimi
2000 5861 2088 5922 qui
2115 5870 2372 5912 servarunt
2392 5877 2579 5913 tmrem
2593 5854 2832 5926 patrium;
2861 5854 3069 5875 ﬁwﬂﬂ'
3085 5854 3182 5939 Vr:
