3880 6284
604 257 708 319 559

604 373 802 444 Dignus
825 381 895 426 est
920 371 1180 442 operarius
1210 372 1434 425 mercede
1465 387 1576 426 sua.
1615 373 1748 428 Nam
1794 374 1916 430 hinc
1951 390 2071 430 eum
2102 375 2185 427 di-

603 480 750 530 cere,
781 464 912 519 illud
944 464 1140 518 iudicat
1167 463 1307 534 quod
1338 479 1496 534 supra
1518 467 1693 535 posuit
1725 486 1738 522 :
1774 466 1950 536 Neque
1977 469 2028 522 in
2050 483 2197 521 occa-

600 557 741 610 sione
763 554 1056 623 cupiditatis
1080 597 1094 618 ,
1117 553 1257 608 Dens
1295 555 1430 608 testis
1471 564 1564 612 est.
1589 555 1694 612 Per
1731 557 1833 612 hoc
1866 559 2009 615 enim
2053 559 2193 628 quod

598 645 721 714 jure
751 644 1019 698 dominico
1043 645 1337 700 debebatur
1364 646 1518 701 bonis
1543 650 1882 718 evangelistis
1900 692 1914 716 ,
1941 665 2042 704 non
2067 665 2194 720 pro-

604 745 725 804 pter
749 735 851 790 hoc
883 735 1395 805 evangelizantibus,
1427 737 1521 792 sed
1565 741 1927 807 quaerentibus
1971 757 2194 811 regnum

603 826 726 895 Dei,
756 835 816 880 ut
845 825 957 880 hinc
977 827 1154 881 omnia
1175 837 1569 896 apponerentur
1595 830 1670 884 eis
1689 872 1703 896 ,
1738 830 2081 887 inveniebant
2107 832 2195 886 alii

604 919 963 985 occasionem,
1009 917 1076 973 de
1110 919 1300 988 quibus
1348 919 1488 975 idem
1515 921 1680 990 dicit,
1713 922 1893 995 Neque
1931 927 2063 979 enim
2112 925 2198 980 isti

610 1012 718 1067 Deo
737 1013 976 1073 serviunt,
1008 1011 1098 1065 sed
1130 1027 1221 1064 suo
1260 1013 1420 1064 ventri
1457 1011 1641 1085 (Rom.
1671 1032 1764 1070 xvt
1789 1059 1803 1082 ,
1845 1019 1958 1086 l8).
1996 1016 2196 1084 Quibus

608 1103 742 1156 hanc
766 1105 1101 1157 occasionem
1118 1109 1393 1170 amputare
1413 1105 1943 1177 volebatAposwlus,
1963 1107 2196 1162 utetiam

604 1191 866 1263 quodsibi
906 1192 1048 1260 juste
1086 1191 1403 1258 debebatur,
1432 1197 1721 1256 omitteret,
1765 1200 1963 1269 Aperte
2001 1201 2197 1269 quippe

605 1283 707 1337 hoc
736 1284 848 1351 ipse
882 1282 1116 1337 ostendit
1156 1283 1210 1337 in
1238 1285 1472 1339 secunda
1511 1287 1575 1340 ad
1615 1286 1952 1356 Corinthios,
1984 1290 2052 1344 ab
2076 1291 2196 1344 aliis

603 1375 856 1429 Eeclesiis
883 1376 1156 1444 suppletas
1181 1375 1366 1432 dicens
1396 1381 1744 1435 necessitates
1784 1395 1928 1436 suas.
1967 1381 2196 1436 Venerat

601 1469 767 1533 enim,
812 1468 945 1521 sicut
993 1477 1245 1536 apparet,
1273 1467 1338 1523 ad
1372 1477 1572 1524 tantam
1610 1470 1986 1542 indigentiam,
2025 1483 2085 1528 ut
2127 1473 2196 1529 de

601 1559 903 1630 longinquis
949 1559 1201 1615 Ecclesiis
1236 1562 1286 1616 ei
1331 1563 1631 1618 necessaria
1669 1565 2039 1632 mitterentur,
2067 1565 2193 1620 dum

602 1663 779 1708 tamen
824 1655 891 1709 ab
935 1655 1015 1709 eis
1060 1653 1198 1723 apud
1239 1669 1372 1724 quos
1397 1657 1550 1710 erat‘
1581 1656 1714 1710 nihil
1760 1659 1865 1712 tale
1904 1660 2191 1729 acciperet.

604 1744 872 1818 Numquid
902 1755 1182 1816 peccatum,
1211 1747 1400 1817 inquit,
1431 1748 1547 1817 feci,
1571 1766 1650 1804 me
1667 1750 1831 1820 ipsum
1856 1751 2191 1817 humiliando,

603 1851 657 1893 ut
687 1856 773 1894 vos
816 1840 1191 1907 exaltaremini,
1235 1842 1475 1910 quoniam
1511 1843 1670 1913 gratis
1719 1843 2054 1915 Evangelium
2101 1845 2195 1899 Dei

603 1931 939 2001 euangelizavi
968 1931 1142 1984 vobis?
1163 1930 1305 1984 Alias
1335 1929 1595 1987 Ecclesias
1625 1934 1902 2003 exspoliavi
1945 1935 2196 2004 accipiens

601 2024 908 2096 stipendium
949 2023 1018 2076 ad
1059 2032 1275 2077 vestram
1313 2023 1770 2092 ministrationem;
1817 2035 1861 2079 et
1899 2043 2012 2080 cum
2057 2027 2197 2096 apud

598 2132 689 2170 vos
719 2118 924 2187 fuissem
941 2127 987 2169 et
1010 2131 1234 2186 egerem,
1265 2118 1453 2171 nemini
1480 2120 1647 2189 gravis
1673 2120 1770 2189 fui.
1803 2118 1943 2173 Nam
1976 2119 2032 2173 id
2059 2120 2196 2189 quod

604 2208 779 2262 deerat
807 2209 930 2261 mihi
962 2208 1363 2278 adimpleverunt
1411 2213 1597 2280 fratres
1625 2211 1709 2280 qui
1736 2221 1975 2265 venerunt
2004 2229 2035 2264 a
2071 2211 2194 2265 Ma-

599 2299 830 2366 cedonia,
863 2308 909 2352 et
937 2299 990 2352 in
1019 2298 1250 2352 erunibus
1278 2299 1541 2370 ingravate
1566 2317 1644 2354 me
1669 2318 1724 2354 tn
1748 2302 1885 2355 vobis
1914 2301 2190 2370 custodivi,

601 2399 648 2444 et
674 2391 974 2445 custodiam.
1009 2388 1104 2444 Est
1124 2392 1306 2444 veritas
1331 2390 1516 2446 Christi
1546 2393 1599 2444 in
1629 2408 1734 2459 me,
1756 2393 1874 2461 quia
1899 2393 2063 2464 gloria
2087 2393 2196 2448 haec

602 2497 706 2536 non
730 2482 1030 2551 infringatur
1049 2482 1101 2534 in
1127 2497 1205 2534 me
1229 2481 1282 2534 in
1305 2481 1592 2551 regionibus
1610 2482 1834 2536 Achaiae.
1853 2481 2057 2548 Quare?
2076 2483 2196 2553 quia

599 2589 704 2627 non
728 2589 812 2627 vos
837 2572 993 2643 diligo
1015 2573 1038 2625 ?
1065 2571 1200 2625 Deus
1227 2573 1338 2625 scit.
1374 2571 1524 2639 Quod
1549 2583 1717 2626 autem
1740 2573 1872 2643 facio
1898 2583 1943 2625 et
1969 2573 2194 2643 facturus

596 2682 732 2732 sum,
767 2675 820 2718 ut
836 2673 1092 2734 amputem
1117 2665 1434 2718 occasionem
1463 2681 1632 2718 eorum
1654 2665 1740 2734 qui
1762 2663 1935 2719 volunt
1964 2665 2193 2719 occasio-

597 2774 731 2824 nem,
780 2768 835 2810 ut
885 2757 938 2810 in
969 2771 1066 2825 quo
1103 2754 1409 2826 gloriantur,
1458 2756 1778 2809 inveniantur
1829 2763 1960 2810 sicut
2011 2767 2057 2809 et
2101 2773 2193 2811 nos

596 2850 666 2918 (ll
689 2849 805 2904 Cor.
839 2865 912 2913 xi,
946 2846 1121 2916 7-12).
1154 2847 1228 2900 De
1267 2846 1365 2900 hac
1413 2847 1576 2916 igitur
1601 2848 1883 2902 occasione
1908 2862 2064 2918 quam
2108 2849 2193 2906 hic

601 2958 661 2996 se
686 2942 816 2997 dicit
840 2950 1138 3008 amputare,
1168 2940 1332 2993 voluit
1357 2940 1579 3009 intelligi
1607 2941 1746 3008 quod
1784 2941 1854 2995 ibi
1883 2941 1975 3007 ait,
2009 2938 2191 3010 Neque

596 3036 650 3088 in
672 3034 934 3088 occasione
953 3031 1266 3102 cupiditatis,
1295 3030 1431 3085 Deus
1459 3033 1598 3086 testis
1619 3043 1710 3087 est.
1739 3034 1806 3087 Et
1830 3035 1969 3104 quod
2002 3034 2086 3087 hic
2103 3034 2191 3088 di-

596 3127 689 3190 cit,
725 3125 812 3179 Me
830 3125 997 3196 ipsum
1021 3123 1357 3188 humiliando,
1389 3133 1444 3176 ut
1474 3140 1559 3177 vos
1585 3125 1935 3178 exaltaremini
1958 3142 1976 3179 :
2006 3125 2107 3179 hoc
2135 3127 2189 3180 in

591 3222 766 3292 prima
796 3220 862 3274 ad
884 3217 1100 3274 eosdem
1137 3216 1463 3281 Corinthios,
1495 3216 1686 3272 Factus
1707 3237 1818 3274 sum
1859 3221 2074 3289 inﬁrmis
2111 3221 2191 3274 in-

596 3315 807 3384 ﬁrmus;
837 3312 940 3366 hoc
969 3311 1036 3366 ad
1074 3311 1604 3377 Thessalonicenses,
1639 3311 1832 3367 Factus
1857 3331 1968 3366 sum
2006 3330 2190 3382 parvu-

597 3407 680 3461 lus
723 3406 775 3458 in
816 3404 979 3457 medio
1017 3413 1268 3468 vestrum,
1295 3414 1536 3471 tanquam
1566 3405 1610 3457 si
1653 3406 1825 3458 nutrix
1861 3405 2023 3473 foveat
2055 3406 2190 3474 filios

595 3512 734 3552 suos.
763 3494 996 3550 Proinde
1028 3493 1246 3550 attende
1275 3495 1552 3564 sequentia
1579 3513 1592 3548 :
1624 3495 1727 3560 Ita,
1763 3483 1954 3566 inquit,
1986 3497 2188 3551 deside-

595 3598 766 3643 rantes
785 3605 893 3653 vos,
917 3586 1083 3657 placet
1108 3587 1364 3655 impertire
1389 3587 1526 3641 vobis
1547 3603 1650 3641 non
1672 3589 1835 3641 solum
1860 3589 2188 3659 Evangelium

595 3680 712 3747 D‘ei,
742 3696 912 3734 verum
935 3679 1088 3732 etiam
1125 3678 1325 3731 animas
1362 3687 1564 3731 nostras
1593 3693 1614 3742 ;
1640 3681 1880 3748 quoniam
1905 3681 2188 3735 charissimi

596 3773 739 3826 nobis
774 3771 897 3843 facti
931 3770 1069 3824 estis.
1104 3768 1467 3823 Recordamini
1504 3771 1677 3835 enim,
1711 3773 1896 3841 fratres
1919 3813 1932 3837 ,
1968 3771 2188 3827 laborem

596 3874 822 3919 nostrum
850 3872 896 3917 et
919 3878 1232 3927 (erumnam,
1265 3871 1409 3915 nocte
1427 3871 1473 3916 et
1510 3862 1593 3916 die
1626 3872 1909 3933 operantes,
1943 3881 2006 3919 ne
2041 3881 2187 3935 quem

596 3965 812 4010 vestrum
837 3968 1162 4025 gravaremus
1189 3951 1252 4022 (1
1281 3951 1455 4007 Thess.
1481 3969 1538 4021 n,
1569 3955 1623 4019 8,
1649 3954 1729 4025 9).
1765 3954 1875 4010 Hoc
1914 3956 2056 4010 enim
2098 3972 2188 4011 su-

595 4049 778 4117 perius
806 4048 898 4111 ait,
936 4043 1061 4100 Cum
1104 4060 1361 4115 possemus
1400 4045 1542 4099 oneri
1572 4045 1708 4100 vobis
1746 4063 1885 4113 esse,
1917 4059 1974 4102 ut
2001 4047 2188 4104 Christi

597 4140 847 4212 Apostoli.
873 4139 1208 4193 lnlirmorum
1237 4139 1396 4208 igitur
1421 4139 1670 4207 periculis
1694 4180 1709 4206 ,
1739 4156 1806 4194 ne
1837 4139 1986 4197 falsis
2009 4144 2186 4212 suspi-

596 4233 838 4289 ciouibus
886 4230 1065 4302 agitati
1111 4229 1351 4285 odissent
1392 4232 1542 4300 quasi
1589 4232 1776 4286 venale
1812 4232 2183 4304 Evangelium,

596 4338 848 4394 tanquam
873 4324 1106 4392 paternis
1129 4323 1488 4392 maternisque
1513 4324 1807 4380 visceribus
1845 4327 2186 4385 tremefactus

597 4417 702 4471 hoc
723 4415 864 4469 fecit.
891 4413 982 4468 Sic
1005 4413 1168 4468 etiam
1193 4414 1247 4466 in
1271 4413 1489 4468 Actibus
1516 4415 1894 4484 Apostolorum
1931 4419 2070 4474 idem
2103 4421 2186 4475 lo-

597 4511 796 4581 quitur,
826 4523 946 4562 cum
977 4522 1007 4561 a
1038 4505 1218 4562 Mileto
1245 4506 1466 4560 mittens
1487 4507 1758 4576 Ephesum
1788 4521 2033 4567 vocasset
2062 4513 2188 4569 inde

596 4601 942 4672 presbyteros
969 4595 1240 4662 Ecclesiae,
1272 4595 1466 4665 quibus
1491 4597 1628 4652 inter
1645 4600 1808 4654 multa
1846 4619 1857 4654 :
1887 4601 2184 4673 Argentum,

604 4694 786 4763 inquit,
814 4700 861 4745 et
896 4705 1080 4743 aurum
1103 4688 1181 4742 vel
1207 4697 1391 4742 vestem
1419 4687 1612 4742 nullius
1645 4693 1933 4764 concupiui,
1960 4695 2060 4764 ipsi
2089 4698 2188 4750 sci-

599 4786 701 4848 tis;
741 4784 977 4853 quoniam
1020 4779 1393 4835 necessitatibus
1419 4780 1542 4833 meis
1581 4790 1626 4834 et
1661 4796 1834 4835 eorum
1871 4785 1956 4854 qui
1990 4802 2185 4840 mecum

601 4877 824 4944 fuerunt,
849 4873 927 4925 ha:
944 4887 1122 4925 manus
1152 4870 1432 4925 servierint.
1457 4868 1645 4925 Omnia
1670 4873 1866 4926 ostendi
1891 4875 2046 4941 vobis,
2069 4894 2187 4946 quo-

601 4967 740 5018 niam
781 4965 852 5017 sic
881 4964 1163 5017 laborantes
1204 4972 1401 5034 oportet
1435 4965 1620 5035 juvare
1647 4964 1879 5033 inﬁrmos
1900 5009 1912 5032 ,
1943 4985 2185 5025 memores

599 5060 750 5114 etiam
789 5056 1049 5110 verborum
1079 5056 1284 5110 Domini
1309 5056 1464 5121 Iesu,
1491 5058 1609 5128 quia
1635 5058 1743 5129 ipse
1782 5059 1909 5114 dixit
1938 5078 1958 5116 :
1982 5061 2186 5116 Beatius

599 5165 671 5210 est
694 5153 852 5223 magis
873 5152 995 5205 dare
1021 5167 1171 5220 quam
1190 5153 1418 5223 accipere
1443 5152 1579 5221 (Act.
1611 5170 1700 5220 xx,
1723 5154 1936 5227 33-35).

670 5244 898 5303 CAPUT
936 5241 1160 5298 Xlll.—
1189 5245 1274 5298 Μ.
1312 5244 1458 5311 Quod
1488 5255 1594 5298 erat
1613 5264 1740 5317 opus
1766 5250 2029 5319 corporale
2055 5250 2187 5320 Apo-

599 5340 736 5396 stoli.
773 5337 942 5410 Opera
965 5337 1175 5392 honesta
1198 5335 1266 5390 ad
1298 5337 1482 5390 victum
1506 5341 1926 5407 comparandum.
1957 5343 2053 5397 llic
2077 5342 2187 5397 for-

601 5445 744 5490 tasse
789 5433 978 5502 aliquis
1018 5430 1160 5485 dicat
1205 5447 1219 5485 :
1267 5427 1324 5485 Si
1367 5433 1642 5499 corporale
1686 5449 1817 5502 opus
1867 5434 2188 5504 operabatur

601 5526 907 5599 Apostolus,
954 5515 1095 5578 unde
1133 5522 1294 5576 vitam
1326 5521 1482 5576 istam
1509 5532 1864 5590 sustentaret;
1894 5525 2034 5595 quod
2070 5534 2189 5581 erat

601 5622 774 5691 ipsum
804 5634 959 5689 opus,
989 5626 1045 5674 et
1071 5616 1283 5687 quando
1307 5616 1358 5673 ei
1378 5618 1600 5675 vacabat
1623 5627 1678 5675 et
1703 5620 1912 5689 operari
1941 5629 1994 5676 et
2012 5621 2187 5677 Evan-

664 5733 682 5765 ι
716 5731 912 5791 Quidam
933 5739 1056 5793 Mss,
1074 5727 1390 5795 pmdicabat.

1552 258 1634 311 DE
1674 257 1900 312 OPERE
1941 257 2440 328 MONACIIOIKUM,
2481 264 2536 318 S.
2581 265 2948 322 AUGUSTINI
3734 285 3804 342 ξω

2305 377 2500 446 geliqu
2535 381 2856 448 praedicare?
2882 382 2977 438 Cui
3017 387 3312 455 respondeo
3339 387 3500 446 :Puta
3516 409 3593 448 me
3616 400 3804 463 nescire;

2305 471 2655 538 corporaliter
2684 480 2858 529 tamen
2897 485 3174 545 operatum
3203 494 3354 547 esse,
3386 490 3440 536 et
3479 482 3592 538 inde
3628 487 3672 540 in
3693 504 3806 548 carne

2305 560 2532 629 vixisse,
2567 580 2672 621 non
2720 575 2897 622 autem
2937 584 3089 624 usum
3143 580 3408 642 potestate
3432 590 3579 644 quam
3611 578 3802 639 Dominus

2305 654 2580 722 Apostolis
2631 656 2886 725 dederat,
2939 669 2996 714 ut
3043 661 3390 735 Evangelium
3461 671 3735 725 annuntians
3768 675 3812 730 de

2307 742 2598 814 Evangelio
2622 748 2845 816 viveret,
2891 766 2954 805 ea
2983 767 3101 822 quze
3130 768 3286 824 supra
3309 756 3452 811 dicta
3481 770 3598 814 sunt
3633 762 3728 818 sine
3744 767 3811 822 ulla

2309 833 2637 906 dubitatione
2674 847 2957 896 testantur.
3010 842 3195 915 Neque
3221 847 3366 902 enim
3407 857 3497 902 aut
3527 866 3626 905 uno
3645 853 3739 909 loco
3755 871 3815 912 aut

2306 926 2542 985 breviter
2561 932 2760 988 dictum
2787 945 2888 999 est,
2920 944 2975 990 ut
3006 940 3174 1007 possit
3199 939 3433 1008 cujusvis
3455 945 3726 1001 astutissimi
3745 962 3816 1004 ter-

2303 1023 2663 1090 giversatione
2685 1026 2738 1080 in
2767 1027 2925 1082 aliam
2947 1029 3154 1085 traduci
3178 1035 3521 1104 pervertique
3547 1040 3813 1095 sententiam.

2303 1112 2438 1168 Cum
2470 1116 2629 1186 igitur
2651 1126 2812 1175 tanta:
2852 1123 3182 1177 auctoritatis
3213 1133 3320 1178 tam
3355 1127 3560 1196 magnis
3597 1137 3644 1183 et
3675 1132 3819 1189 crebris

2312 1207 2544 1262 molibus
2571 1211 3049 1268 contradicentium
3091 1225 3402 1272 conteratur
3425 1219 3717 1286 adversitas;
3736 1228 3819 1292 quid

2304 1311 2334 1350 a
2363 1314 2448 1352 me
2473 1310 2739 1369 quzerunt,
2764 1304 2845 1357 vel
2873 1306 3028 1374 quale
3053 1321 3188 1375 opus
3209 1307 3440 1363 faciebat
3475 1310 3557 1365 vel
3578 1313 3751 1382 quando
3770 1315 3820 1369 ia-

2303 1390 2515 1444 ciebat?
2541 1390 2718 1447 Uuum
2746 1395 2879 1463 scio,
2908 1397 3030 1466 quia
3053 1413 3152 1454 nec
3183 1400 3320 1455 l'urta
3343 1401 3587 1469 faciebat,
3619 1420 3701 1460 nec
3716 1407 3821 1461 elin-

2304 1487 2422 1535 ctor
2448 1491 2539 1536 aut
2573 1483 2712 1538 latro
2741 1496 2880 1554 erat,
2917 1503 3019 1543 nec
3057 1491 3259 1562 auriga,
3297 1502 3393 1547 aut
3423 1503 3651 1561 venator,
3675 1508 3746 1553 aut
3766 1499 3819 1554 lii-

2304 1573 2455 1640 strio,
2489 1590 2588 1630 nec
2616 1578 2938 1647 turpilucrus
2963 1599 2974 1633 :
3003 1581 3097 1636 sed
3123 1582 3442 1640 innocenter
3465 1595 3519 1641 et
3539 1587 3728 1643 honeste
3744 1609 3821 1660 qua

2303 1675 2425 1735 apta
2455 1678 2579 1722 sunt
2605 1669 2851 1726 humanis
2881 1674 3062 1728 usibus
3094 1676 3452 1744 operabatur;
3479 1679 3609 1735 sicut
3645 1696 3739 1737 sese
3760 1682 3821 1737 ba.

2303 1757 2432 1812 bent
2471 1775 2633 1830 opera
2661 1761 2932 1818 fabrorum
2952 1806 2967 1830 ,
2993 1777 3339 1838 structorum,
3371 1780 3626 1837 sutorum,
3655 1775 3820 1828 rustico-

2302 1862 2440 1913 rum,
2470 1858 2522 1904 et
2550 1851 2631 1906 his
2656 1853 2867 1909 similia.
2899 1855 3083 1926 Neque
3111 1861 3252 1914 enim
3283 1861 3539 1917 honestas
3567 1864 3667 1934 ipsa
3694 1881 3820 1936 reprc-

2305 1938 2508 2007 hendit,
2537 1943 2678 2013 quod
2709 1945 3055 2015 reprehendit
3080 1951 3330 2018 superbia
3357 1967 3543 2008 eorum
3567 1954 3649 2024 qui
3669 1954 3818 2010 honesti

2304 2034 2483 2087 vocari
2512 2045 2722 2101 amant,
2753 2038 2845 2092 sed
2877 2055 2996 2094 esse
3029 2056 3136 2096 non
3169 2054 3374 2098 amant.
3408 2045 3524 2101 Non
3554 2047 3697 2117 igitur
3717 2048 3818 2104 dedi-

2302 2132 2561 2192 gnaretur
2599 2127 2887 2197 Apostolus
2908 2132 3020 2187 sive
3049 2135 3380 2190 rusticanum
3407 2154 3540 2207 Opus
3560 2140 3738 2210 aliquod
3758 2157 3820 2211 ag-

2303 2213 2473 2282 gredi,
2508 2217 2620 2272 sive
2652 2219 2702 2272 in
2733 2219 2983 2288 opificum
3024 2225 3205 2280 labore
3237 2230 3467 2283 versari.
3498 2230 3594 2296 Qui
3621 2231 3737 2286 enim
3756 2234 3814 2294 ait.

2305 2306 2432 2360 Sine
2460 2307 2737 2375 offensione
2771 2324 2927 2369 estote
2962 2315 3180 2383 Judteis,
3213 2330 3260 2374 et
3290 2319 3490 2377 Grmcis
3518 2366 3532 2390 ,
3567 2335 3608 2378 et
3644 2323 3817 2379 Ecclesia

2302 2397 2402 2453 Dei
2431 2399 2473 2472 (l
2499 2399 2617 2456 Cor.
2645 2421 2700 2468 κ,
2731 2405 2843 2474 '52),
2875 2423 3008 2476 quos
3029 2409 3082 2464 in
3118 2411 3217 2467 hac
3251 2429 3421 2469 causa
3455 2418 3669 2472 revereri
3695 2428 3816 2487 posset

2303 2491 2511 2560 ignoro.
2543 2495 2598 2550 Si
2626 2495 2842 2554 Judceos
2873 2501 3132 2570 dixerint;
3166 2505 3498 2564 Patriarchze
3521 2526 3689 2580 pecora
3712 2529 3815 2581 pue-

2301 2596 2427 2640 runt
2455 2604 2467 2640 :
2497 2590 2540 2643 si
2563 2588 2802 2660 Graccos,
2831 2610 2966 2664 quos
2995 2598 3154 2652 etiam
3179 2599 3429 2671 Paganos
3459 2603 3812 2669 dicimus;eliam

2302 2679 2652 2752 philosophos
2687 2686 2908 2740 multum
2942 2689 3042 2745 sibi
3072 2691 3424 2752 honorabiles
3456 2706 3654 2753 sutores
3677 2699 3811 2753 habue-

2300 2780 2427 2824 runt
2455 2790 2468 2826 :
2497 2773 2541 2827 si
2569 2774 2860 2832 Ecclesiam
2896 2781 3020 2848 Dei;
3053 2781 3212 2838 homo
3242 2788 3333 2842 ille
3357 2789 3535 2858 justus
3564 2801 3612 2846 et
3637 2793 3690 2845 ad

2300 2863 2537 2918 monium
2565 2867 2860 2938 conjugalis
2898 2886 3112 2943 semper
3143 2893 3418 2935 mansura:
3443 2884 3726 2954 virginitatis
3744 2887 3812 2938 cle-

2300 2962 2444 3020 ctus,
2489 2956 2573 3011 cui
2604 2957 2923 3028 desponsata
2966 2975 3082 3019 erat
3122 2969 3271 3040 virgo
3298 2971 3490 3038 Maria,
3535 2992 3640 3044 qua:
3675 2979 3811 3045 peperit

2299 3044 2588 3138 Christum,
2619 3049 2768 3105 faber
2795 3052 2894 3108 fuit
2921 3055 3136 3125 (Matth.
3169 3077 3286 3127 xm,
3315 3064 3440 3136 55).
3471 3044 3706 3138 Quidquid
3727 3085 3808 3136 ergo

2299 3137 2490 3193 horum
2522 3156 2642 3195 eum
2683 3143 2982 3202 innocentia
3023 3161 3074 3204 et
3121 3153 3236 3207 sine
3272 3154 3467 3213 fraude
3495 3137 3708 3216 homines
3726 3176 3808 3231 ope-

2296 3241 2515 3300 rantur,
2547 3235 2741 3291 bonum
2773 3249 2873 3294 est.
2909 3240 3039 3296 Nam
3075 3257 3347 3312 praecavet
3389 3250 3490 3306 hoc
3516 3261 3568 3307 et
3605 3254 3698 3322 ipse
3719 3255 3810 3320 Apo-

2297 3325 2485 3391 stolus,
2516 3343 2581 3381 ne
2611 3331 2888 3400 quisquam
2916 3349 2980 3388 ex
3018 3338 3346 3395 necessitate
3376 3345 3710 3399 sustentanda
3733 3343 3806 3396 vita

2297 3417 2349 3470 in
2382 3419 2519 3471 mala
2560 3436 2720 3490 opera
2763 3423 3047 3480 dilabatur.
3081 3428 3180 3495 Qui
3217 3434 3512 3500 furabatur,
3556 3436 3723 3504 inquit,
3737 3437 3806 3503 jam

2297 3526 2398 3563 non
2419 3515 2618 3581 furetur
2645 3530 2661 3567 :
2687 3517 2848 3586 magis
2871 3528 3041 3573 autem
3074 3519 3266 3576 laboret
3291 3527 3528 3582 manibus
3551 3529 3645 3581 suis
3664 3528 3804 3587 bonum,

2296 3609 2352 3652 ut
2380 3601 2561 3655 habeat
2602 3605 2736 3659 unde
2778 3607 2994 3664 tribuere
3031 3612 3114 3665 cui
3151 3629 3278 3681 opus
3312 3627 3391 3671 est
3425 3618 3627 3688 (Ephes.
3656 3635 3711 3685 tv,
3731 3615 3804 3685 εδ).

2294 3689 2409 3746 Hoc
2433 3708 2561 3763 ergo
2592 3698 2728 3750 scire
2758 3698 2955 3754 sufﬁcit
2976 3741 2990 3766 ,
3017 3703 3138 3772 quia
3168 3713 3223 3760 et
3262 3706 3314 3760 in
3353 3708 3470 3778 ipso
3495 3726 3642 3780 opere
3675 3722 3805 3778 carpo

2293 3783 2392 3838 rali
2417 3785 2464 3838 id
2496 3787 2637 3855 quod
2663 3789 2858 3844 bonum
2883 3803 2966 3847 est
2992 3797 3312 3864 operabatur
3342 3801 3638 3872 Apostolus.

2327 3869 2334 3878 ’
2365 3879 2593 3936 CAPUT
2623 3881 2762 3936 XIV.
2791 3915 2864 3924 ——
2889 3887 2971 3942 l5.
3005 3887 3222 3954 Quando
3251 3869 3438 3948 soleret
3472 3896 3710 3966 Apostolus
3727 3908 3805 3961 ops-

2294 3972 2417 4024 rari.
2444 3971 2812 4029 Monac/torum
2834 3979 3013 4032 otium.
3037 3981 3262 4049 Quando
3287 3997 3469 4042 autem
3487 3988 3661 4043 soleret
3676 3999 3804 4054 open-

2294 4062 2360 4129 ri,
2386 4063 2436 4116 id
2457 4073 2557 4132 est,
2581 4066 2776 4134 quibus
2799 4076 3093 4139 temporum
3117 4075 3322 4144 spatiis,
3351 4093 3420 4132 ne
3440 4078 3506 4132 ab
3527 4077 3803 4146 evangelista

2293 4152 2362 4207 do
2380 4154 2746 4224 impediretur,
2770 4160 2889 4229 quis
2910 4163 3078 4230 possit
3096 4167 3552 4234 comprehendere
3566 4168 3586 4221 ?
3600 4164 3800 4234 Sanequia

2291 4255 2346 4300 et
2374 4245 2578 4302 diurnis
2607 4257 2662 4303 et
2683 4253 2956 4306 nocturnis
2984 4253 3130 4309 horis
3157 4259 3498 4326 operabatur,
3528 4261 3629 4329 ipse
3651 4273 3729 4313 non
3749 4265 3800 4308 ta.

2291 4340 2401 4394 cuit
2429 4337 2470 4413 (Ι
2492 4339 2668 4396 Thess.
2697 4359 2754 4408 ll,
2775 4345 2828 4409 9,
2849 4355 2895 4399 et
2919 4346 2963 4400 ll
2985 4346 3161 4403 Thess.
3183 4366 3260 4420 Ill,
3280 4352 3358 4421 8).
3382 4353 3717 4409 Verumtamen
3729 4349 3797 4412 isti,

2293 4434 2382 4503 qui
2406 4443 2654 4506 tanquam
2671 4439 2897 4495 multum
2913 4445 3172 4512 negotiosi
3201 4456 3256 4500 et
3283 4451 3522 4518 occupati
3548 4449 3607 4502 de
3630 4459 3797 4514 tempore

2293 4527 2616 4597 operationis
2640 4530 2929 4600 inquirunt,
2950 4535 3072 4603 quid
3094 4537 3291 4606 agunt?
3317 4538 3572 4610 Numquid
3591 4538 3670 4607 ipsi
3686 4534 3796 4589 able

2291 4619 2520 4675 rusalem
2545 4637 2639 4690 per
2659 4623 2937 4678 circuitum
2961 4641 3128 4696 usque
3149 4627 3214 4682 ad
3234 4627 3498 4700 Illyricum
3521 4641 3666 4685 terras
3681 4627 3795 4680 Evan—

2292 4715 2430 4785 gelio
2464 4715 2846 4784 repleverunt?
2875 4728 2966 4772 aut
2991 4720 3244 4789 quidquid
3269 4724 3500 4792 gentium
3529 4722 3791 4776 barbaman

2293 4808 2550 4861 remansit
2567 4806 2743 4862 adhuc
2761 4809 3064 4864 obeundum
3095 4821 3150 4866 et
3175 4813 3498 4882 implendum
3523 4813 3583 4868 de
3605 4825 3709 4882 pace
3729 4807 3792 4860 Et-

2292 4898 2468 4952 clesiae
2499 4900 2891 4969 susceperunt?
2918 4902 3172 4958 Novimus
3203 4920 3295 4960 eos
3350 4907 3400 4961 in
3439 4905 3684 4977 quamdam
3705 4915 3790 4954 san-

2293 4998 2431 5043 ctam
2464 4991 2770 5046 societatem
2800 4993 3120 5049 otiosissime
3171 5008 3532 5068 congregatos.
3573 4991 3786 5050 bliraudam

2292 5096 2408 5135 rem
2437 5079 2558 5136 fecit
2585 5083 2887 5151 Apostolus,
2913 5087 3001 5154 qui
3034 5103 3221 5142 revera
3246 5089 3298 5143 in
3333 5100 3468 5144 tanta
3514 5082 3785 5143 sollicitudine

2293 5174 2530 5228 omnium
2563 5175 2944 5245 Ecclesiarum,
2971 5187 3025 5233 et
3053 5191 3458 5252 propagatarnm
3489 5191 3539 5236 et
3565 5187 3783 5250 propagat?

2293 5263 2500 5329 darum,
2541 5265 2605 5320 ad
2661 5267 2776 5337 ejus
2827 5284 3009 5324 curam
3060 5270 3404 5346 laboremque
3455 5267 3775 5344 pertinentium.

2293 5358 2453 5412 etiam
2497 5359 2742 5414 manibus
2785 5365 3104 5432 operabatur
3129 5384 3142 5420 :
3166 5379 3438 5439 propterea
3470 5378 3656 5421 tamen.
3696 5368 3775 5410 cum

2293 5447 2431 5518 apud
2459 5445 2764 5506 Corinthios
2790 5462 2934 5508 esset
2962 5463 3015 5510 et
3035 5468 3250 5526 egeret,
3299 5458 3485 5515 nemini
3525 5452 3694 5526 quidem
3712 5459 3776 5499 60°

2293 5555 2411 5594 rum
2425 5541 2562 5611 apud
2589 5557 2724 5612 quos
2749 5554 2882 5610 erat,
2910 5560 3086 5615 graws
3115 5549 3241 5616 fuit;
3266 5551 3357 5606 sed
3406 5549 3545 5619 plane
3578 5540 3685 5614 quod
3723 5533 3771 5588 illi

2295 5632 2503 5698 deerat,
2543 5635 2925 5703 suppleverunt
2958 5645 3153 5697 fratres
3192 5641 3283 5712 qui
3315 5646 3550 5697 venerunt
3580 5649 3632 5690 ex
3653 5627 3770 5685 Μλω·

2295 5725 2451 5781 (lonia
2479 5723 2554 5798 (Il
2581 5725 2697 5780 Cor.
2731 5743 2810 5795 XI,
2832 5728 2911 5799 9).
