3880 6284
97 370 170 425 561
1451 354 1623 410 LIBEI

1730 359 1783 414 lN
1790 358 1891 416 US.

148 478 338 537 CAPUT
370 478 483 535 XV.
512 508 581 517 —
600 476 685 532 16.
706 474 903 530 Paulus
948 476 1245 546 praecipiens
1276 476 1480 545 operari
1508 491 1615 529 ser-

94 592 156 627 ros
178 573 272 636 Dei,
300 589 389 624 non
415 571 516 623 vult
549 580 708 623 tamen
738 584 911 622 eorum
960 566 1279 622 necessitates
1330 567 1498 620 minus
1525 584 1616 620 cu-

94 670 175 721 rari
197 683 222 720 a
242 666 477 733 fidelibus.
498 663 663 717 Labor
708 664 858 716 servis
900 660 997 714 Dei
1028 661 1284 731 eligendus
1333 662 1416 727 qui
1446 660 1617 715 animo

93 762 210 813 libero
231 764 524 817 exerceatur,
554 756 658 808 sine
686 770 810 808 cura
832 762 877 807 et
900 753 1196 822 cupiditate.
1240 751 1370 806 Nam
1424 761 1478 806 et
1504 752 1617 822 ipse

92 860 261 922 propter
287 847 537 919 ejusmodi
582 846 931 902 necessitates
961 852 1285 899 sanctorum.
1319 845 1403 912 qui
1426 858 1616 913 quam—

90 946 147 997 vis
184 940 432 1011 praeceptis
468 939 583 1009 ejus
618 939 1010 1008 obtemperent,
1038 946 1093 990 ut
1117 952 1236 991 cum
1255 936 1467 989 silentio
1492 950 1620 1003 ope-

91 1045 221 1090 rantes
240 1048 379 1087 suum
404 1047 591 1101 panem
618 1030 958 1096 manducent,
986 1026 1412 1099 possunt'tamcn
1436 1026 1618 1081 multis

89 1145 135 1183 ex
156 1125 302 1181 causis
329 1124 561 1194 indigere
587 1123 958 1192 supplemento
991 1121 1169 1191 aliquo
1196 1121 1380 1175 talium
1408 1128 1617 1174 susten~

91 1221 312 1281 talionum,
340 1232 455 1269 cum
484 1215 706 1269 dixisset
755 1214 875 1268 talia
922 1213 1120 1268 docens
1153 1222 1207 1267 et
1233 1227 1566 1282 praemonens
1600 1255 1615 1280 ,

90 1312 159 1365 llis
178 1320 318 1362 autem
341 1308 425 1377 qui
452 1306 702 1377 ejusmodi
722 1314 857 1371 sunt,
884 1305 1206 1376 praecipimus
1233 1311 1279 1356 et
1305 1303 1619 1357 obsecramus

86 1407 123 1456 in
142 1402 325 1456 Domino
349 1400 381 1453 J
387 1416 472 1453 esu
492 1397 716 1465 Christo,
746 1406 797 1450 ut
823 1414 937 1450 cum
961 1396 1159 1450 silentio
1189 1404 1451 1466 operantes
1471 1410 1619 1447 suum

90 1512 223 1563 partem
236 1492 559 1556 manducent;
591 1506 659 1545 ne
685 1490 761 1545 illi
785 1490 873 1560 qui
904 1488 1171 1543 habebant
1199 1487 1341 1543 unde
1372 1486 1618 1542 necessa-

89 1588 142 1639 ria
164 1586 304 1640 servis
327 1584 415 1638 Dei
446 1583 770 1653 praeberent,
789 1580 888 1636 hac
915 1580 1197 1636 occasione
1227 1579 1614 1650 pigrescerent,

85 1681 315 1751 providens
339 1680 596 1736 continuo
626 1678 869 1749 subjecit,
907 1676 1003 1732 Vos
1031 1685 1217 1742 autem,
1241 1681 1422 1747 fratres
1454 1718 1470 1742 ,
1522 1691 1618 1730 no-

85 1773 374 1841 titeinﬁrmari
395 1770 761 1842 benefacientes
793 1767 1068 1842 (llThess.
1096 1784 1172 1835 ιιι,
1196 1767 1284 1835 12,
1309 1766 1425 1838 15).
1456 1767 1522 1821 Et
1552 1765 1620 1821 ad

84 1867 212 1921 Titum
235 1882 343 1921 cum
369 1865 656 1932 scriberet,
693 1863 896 1929 dicens,
947 1860 1138 1917 Zenam
1188 1861 1528 1932 legisperitum
1574 1868 1623 1913 et

84 1960 219 2028 Apollo
235 1959 431 2013 sollicite
456 1958 729 2028 praemitte,
757 1965 812 2010 ut
839 1955 967 2009 nihil
1009 1954 1113 2008 illis
1166 1954 1328 2019 desit;
1356 1962 1413 2007 ut
1441 1963 1623 2009 osten-

86 2051 193 2105 deret
214 2050 336 2106 unde
364 2051 466 2105 illis
488 2050 630 2105 nihil
657 2048 848 2104 deesse
871 2046 1114 2111 deberet,
1134 2046 1389 2101 continuo
1408 2045 1623 2115 subjun-

83 2144 150 2207 ιιι,
177 2141 359 2195 Discant
379 2151 553 2195 autem
584 2150 631 2194 et
660 2141 816 2193 nostri
837 2139 979 2192 bonis
1006 2136 1241 2208 operibus
1292 2152 1506 2205 praeesse
1554 2136 1623 2189 ad

86 2237 329 2289 neassarios
358 2251 497 2300 usus,
534 2250 599 2288 ne
628 2234 727 2287 sint
747 2231 1047 2301 infructuosi
1097 2228 1237 2299 (Tit.
1270 2245 1345 2295 ιιι,
1383 2230 1471 2294 15,
1506 2229 1620 2297 14).

84 2328 358 2383 Timotheum
384 2328 578 2393 etiam,
605 2341 764 2397 quem
783 2325 911 2379 dicit
937 2322 1406 2393 germanissimum
1435 2321 1620 2388 lilium,

85 2420 278 2488 quoniam
310 2418 511 2474 sciebat
557 2432 781 2487 corpore
826 2414 1096 2469 inﬁrmum
1122 2456 1136 2480 ,
1166 2414 1302 2467 sicut
1356 2411 1621 2479 ostendit,

86 2525 257 2565 monens
277 2526 393 2566 eum
416 2526 485 2565 ne
524 2523 721 2579 aquam
747 2508 974 2573 biberet,
1002 2506 1097 2561 sed
1122 2505 1331 2560 modico
1357 2505 1480 2558 vino
1506 2512 1623 2558 nte-

82 2613 203 2667 retur,
227 2610 430 2672 pr0pter
454 2599 804 2655 stomachum
832 2607 887 2653 et
914 2598 1221 2666 frequentes
1250 2608 1373 2650 suas
1403 2594 1625 2648 inﬁrmi—

84 2704 178 2749 tates
200 2695 215 2764 (
234 2694 249 2747 l
269 2693 397 2747 Tim.
429 2710 487 2761 v,
510 2693 647 2762 25);
670 2692 792 2762 quia
815 2692 869 2745 in
895 2704 1060 2759 opere
1082 2688 1347 2758 corporali
1372 2687 1624 2741 laborare

84 2800 157 2840 non
172 2795 375 2856 poterat,
404 2802 473 2841 ne
497 2786 643 2840 forte
671 2799 793 2838 cum
818 2782 1057 2852 indigere
1081 2780 1247 2835 nollet
1267 2780 1406 2834 victu
1444 2776 1622 2850 quoti-

85 2878 197 2932 diana
217 2880 275 2932 ab
300 2880 374 2934 eis
398 2878 602 2950 quibus
634 2875 977 2946 Evangelium
1007 2874 1341 2928 ministrabat
1367 2872 1406 2937 ί,
1447 2872 1623 2941 aliqua

86 2970 153 3024 sibi
177 2973 365 3043 negotia
390 2978 688 3042 quaereret,
709 2969 900 3039 quibus
923 2966 1087 3021 animi
1108 2966 1222 3036 ejus
1254 2964 1625 3035 implicaretur

87 3061 259 3117 intentio
286 3063 454 3135 (aliud
487 3070 581 3116 est
600 3061 742 3115 enim
776 3074 1001 3127 corpore
1025 3056 1270 3111 laborare
1295 3056 1471 3109 animo
1492 3054 1623 3109 libe-

88 3168 142 3219 ro,
162 3155 273 3210 sicut
291 3155 481 3226 opifex,
514 3156 567 3209 si
598 3168 703 3207 non
732 3153 802 3207 sit
826 3150 1193 3205 fraudulentus
1212 3158 1265 3204 et
1294 3163 1486 3202 avarus
1521 3188 1534 3211 ,
1568 3154 1623 3201 et

89 3245 251 3311 privata:
275 3247 345 3301 rei
365 3246 595 3308 avidus;
627 3242 770 3297 aliud
789 3250 966 3296 autem
998 3240 1172 3310 ipsum
1202 3238 1439 3292 animum
1466 3252 1625 3292 occu-

88 3348 176 3402 pare
197 3338 323 3391 curis
344 3334 668 3407 colligendae
696 3334 813 3388 sine
853 3333 1096 3403 corporis
1128 3331 1306 3385 labore
1336 3329 1574 3400 pecunia:
1604 3370 1620 3396 ,

88 3426 184 3481 sicut
200 3439 307 3483 sunt
328 3429 410 3484 vel
438 3427 829 3498 negotiatores,
863 3424 947 3479 vel
979 3430 1373 3494 procuratores,
1392 3421 1474 3476 vel
1497 3435 1626 3475 con-

91 3513 317 3574 ductores:
343 3534 467 3574 cura
491 3516 644 3572 enim
679 3523 933 3586 praesunt,
963 3528 1069 3569 non
1122 3513 1363 3568 manibus
1392 3526 1622 3581 operan-
1650 3510 1653 3515 ”

89 3616 163 3672 tur,
182 3609 380 3680 ideoque
407 3611 594 3680 ipsum
621 3606 855 3661 animum
889 3620 1045 3661 suum
1089 3612 1350 3674 occupant
1394 3601 1623 3658 habendi

88 3698 378 3757 sollicitudine
404 3700 422 3771 )
451 3718 464 3754 :
496 3698 844 3754 Timotheum
871 3711 999 3766 ergo
1020 3737 1035 3761 ,
1063 3709 1132 3749 ne
1168 3694 1220 3747 in
1254 3693 1375 3747 talia
1428 3692 1626 3747 incide-

88 3803 160 3857 rel,
182 3798 284 3867 quia
310 3813 400 3868 per
422 3794 800 3852 inﬁrmitatem
830 3792 1073 3863 corporis
1125 3789 1369 3844 manibus
1418 3787 1625 3859 operari

89 3900 161 3940 non
192 3900 394 3959 poterat,
425 3891 505 3945 sic
556 3887 887 3951 exhortatur,
936 3892 1119 3939 monet
1172 3891 1225 3936 et
1272 3881 1622 3937 consolatur:

89 3977 257 4051 Laboro,
286 3984 481 4055 inquit,
513 3981 645 4036 sicut
672 3981 828 4034 bonus
879 3976 1024 4032 miles
1052 3976 1239 4031 Christi
1282 3973 1427 4028 Jesu.
1459 3971 1626 4027 Nemo

90 4073 258 4129 utilitatis
276 4075 375 4130 Deo
398 4074 637 4145 implicat
666 4089 718 4126 se
744 4069 953 4142 negotiis
980 4066 1326 4133 stecularibus,
1350 4075 1404 4119 ut
1428 4063 1628 4136 placeat

88 4167 199 4219 cuise
224 4170 454 4238 probavit.
475 4166 625 4223 Nam
652 4166 735 4235 qui
764 4166 818 4218 in
838 4178 997 4233 agone
1026 4159 1299 4223 contendit,
1337 4174 1437 4211 non
1477 4174 1625 4211 coro-

90 4268 201 4311 natur
225 4262 313 4315 nisi
336 4262 562 4333 legitime
576 4258 858 4313 certaverit.
891 4256 987 4310 Hic
1016 4270 1083 4309 ne
1110 4254 1199 4308 ille
1233 4259 1501 4321 pateretur
1527 4266 1626 4305 an-

90 4352 261 4421 gustias,
287 4354 487 4421 dicens,
520 4351 722 4406 Fodere
763 4366 863 4404 non
908 4364 1110 4420 possunt
1136 4389 1150 4414 ,
1180 4345 1464 4400 mendicare
1508 4360 1629 4397 con-

92 4440 232 4506 lundor
281 4445 435 4516 (Luc.
470 4461 590 4511 xw,
624 4443 718 4511 '5);
748 4441 1008 4511 adjunxit,
1046 4438 1381 4493 Laborantem
1433 4436 1629 4507 agrico-

94 4534 168 4587 lam
185 4540 381 4607 primum
427 4545 626 4609 oportet
656 4535 718 4589 de
773 4533 1017 4606 fructibus
1064 4532 1318 4603 percipere
1367 4528 1444 4603 (ll
1492 4527 1623 4581 Tim.

96 4626 208 4699 11,6)
236 4649 249 4685 :
274 4631 567 4687 secundum
614 4627 742 4684 illud
779 4625 923 4698 quod
952 4625 1016 4679 ad
1041 4623 1345 4679 Corinthios
1383 4621 1624 4691 dixerat,

100 4715 192 4780 Qui:
226 4724 394 4777 militat
440 4723 551 4778 suis
581 4719 846 4791 stipendiis
876 4717 1139 4789 unquam?
1173 4715 1296 4781 Quis
1328 4714 1523 4785 plantat
1552 4713 1629 4766 vi-

96 4824 222 4874 neam,
249 4813 366 4868 etde
386 4818 558 4886 fructu
577 4814 688 4881 eius
710 4828 810 4865 non
830 4809 972 4865 edit?
1005 4808 1128 4875 Quis
1154 4807 1313 4877 pascit
1343 4822 1561 4878 gregem,
1583 4814 1630 4859 et

94 4900 139 4951 de
158 4904 261 4959 lacte
279 4908 434 4977 gregis
460 4922 565 4960 non
592 4904 805 4976 percipit
826 4901 883 4975 (l
910 4900 1029 4958 Cor.
1058 4917 1133 4967 lx,
1164 4900 1218 4968 7)
1240 4899 1263 4952 ?
1285 4898 1437 4953 Fecit
1462 4899 1631 4952 itase-

96 5005 240 5050 Curnm
254 5007 449 5053 castum
474 4997 876 5068 evangelistam,
907 5009 1012 5048 non
1031 4991 1097 5048 ad
1127 4991 1227 5046 hoc
1257 4989 1629 5060 evangelizan-

96 5093 173 5140 tem
198 5099 245 5143 ut
265 5092 510 5147 venderet
530 5089 899 5160 Evangelium,
925 5086 1019 5142 sed
1039 5096 1216 5140 tamen
1238 5082 1362 5137 huic
1388 5083 1514 5137 vitae
1536 5096 1629 5137 ne-

100 5183 281 5235 cessaria
308 5184 415 5240 suis
443 5184 546 5240 sibi
572 5183 829 5239 exhibere
873 5179 1118 5235 manibus
1172 5191 1278 5233 non
1310 5176 1575 5232 valentem
1612 5192 1626 5243 ;

97 5280 137 5321 nt
159 5270 484 5346 intelligeret,
508 5276 647 5347 quod
675 5272 1035 5331 necessarium
1060 5271 1160 5325 sibi
1187 5268 1429 5324 sumebat
1454 5267 1521 5321 ab
1550 5265 1628 5323 eis

98 5362 246 5425 quibus
294 5375 531 5437 tanquam
579 5364 995 5438 provincialibus
1038 5361 1335 5425 militabat,
1393 5368 1448 5415 et
1494 5373 1629 5429 quos

105 5456 310 5523 tanquam
335 5459 536 5514 vineam
564 5458 773 5514 cultura
801 5456 1083 5513 exercebat
1108 5453 1193 5508 vel
1222 5460 1471 5522 tanquam
1504 5465 1627 5521 gre-

148 5603 303 5686 ὐἱάίιίν
320 5622 428 5686 es"
447 5612 678 5686 ξηιξίέιενει
699 5618 744 5664 ει
764 5610 999 5686 satietati
1036 5608 1172 5686 υίειιέ.
1194 5607 1501 5686 Midam
1530 5612 1625 5686 ειε-

103 5668 289 5741 ἓὲεδψ
310 5684 413 5721 cum
447 5668 660 5741 ίηαιὶιενβ
695 5674 843 5741 muri.
877 5672 1002 5741 rictu
1042 5668 1334 5741 madidae,
1376 5678 1502 5741 εφη.
1525 5670 1631 5741 (1υὲ-

102 5720 266 5802 ξνξξεῲῐῇ
278 5720 681 5802 ωωειιλὲἱῗεῇιῖδ
821 5720 1013 5802 habent
1024 5720 1447 5802 indigeret
1457 5720 1503 5802 et
1524 5720 1626 5802 n'_ol-_

105 5780 156 5864 [ἦ
164 5788 271 5864 yicta
291 5780 1627 5864 nauata'at"ee}uais"adt§arim“amaram

106 5854 322 5905 maenaa.

3206 379 3313 436 562

1724 493 1843 549 gem
1874 478 2143 548 pascebat,
2176 495 2281 537 non
2312 495 2433 537 esse
2454 482 2849 541 mendicitatem
2876 528 2891 552 ,
2932 490 3028 545 sed
3072 499 3309 560 potesta-

1726 579 1831 627 tem
1842 613 1853 625 .
2612 626 2617 631 .

1794 664 2020 722 CAPUT
2062 665 2204 722 XVI.
2235 670 2418 725 —i7.
2441 669 2637 726 Paulus
2680 673 2787 727 vult
2837 691 2867 727 a
2916 676 3149 743 ﬁdelibus
3188 696 3315 750 δαρ-

1726 758 1854 826 pleri
1873 760 2185 814 necessitates
2213 776 2468 815 servorum
2511 762 2626 830 Dei,
2653 766 2745 835 qui
2764 767 2950 820 victum
2974 770 3069 822 sibi
3098 780 3307 840 prapter

1725 854 2072 923 occupationes
2093 855 2168 908 vel
2191 855 2509 923 inﬁrmitates
2536 870 2834 927 comparare
2857 877 2958 914 non
2982 861 3169 916 valent.
3212 863 3317 917 Mi-

1725 946 1987 999 nisterium
2003 948 2055 1000 in
2085 958 2301 1013 sanctos,
2332 965 2431 1018 quo
2454 951 2758 1021 supplentur
2806 954 3033 1007 carnalia
3059 955 3121 1010 iis
3140 973 3173 1007 a
3203 957 3319 1026 qui-

1724 1036 1813 1091 bus
1832 1037 2049 1091 vicissim
2082 1039 2398 1109 accipiuntur
2425 1041 2733 1110 spiritualia.
2764 1041 2935 1097 Paulo
2985 1044 3218 1100 obediant
3266 1057 3313 1102 et

1724 1133 1851 1185 servi
1868 1131 1963 1185 Dei
1992 1132 2373 1198 laborando;et
2399 1133 2515 1187 boni
2553 1134 2727 1202 fideles
2775 1152 2949 1190 eorum
2992 1141 3313 1196 necessitates

1722 1223 2023 1293 supplendo.
2058 1224 2281 1293 Propter
2310 1226 2404 1279 has
2430 1225 2589 1295 igitur
2636 1227 2721 1282 vel
2760 1230 3134 1297 occupationes
3191 1247 3312 1287 ser-

1724 1330 1913 1370 vorum
1942 1314 2057 1381 Dei,
2082 1315 2163 1369 vel
2196 1315 2530 1372 inﬁrmitates
2571 1319 2875 1387 corporales
2923 1336 3041 1389 quae
3090 1323 3312 1379 omnino

1724 1406 1915 1462 deesse
1941 1422 2051 1462 non
2078 1417 2321 1476 possunt,
2356 1424 2461 1463 non
2489 1410 2662 1464 solum
2713 1413 2971 1481 permittit
3026 1415 3312 1484 Apostolus

1725 1508 2029 1553 sanctorum
2057 1499 2375 1569 indigentias
2403 1502 2639 1571 suppleri
2668 1518 2697 1556 a
2730 1502 2884 1557 bonis
2912 1504 3174 1573 ﬁdelibus,
3209 1507 3306 1563 sed

1726 1588 1882 1643 etiam
1906 1590 2258 1645 saluberrime
2288 1591 2548 1647 hortatur.
2574 1587 2810 1663 Exdepta
2846 1596 2988 1649 enim
3014 1595 3099 1650 illa
3147 1608 3303 1666 pote-

1724 1688 1881 1747 state,
1910 1696 2010 1749 qua
2033 1696 2091 1735 se
2109 1680 2239 1735 dicit
2267 1683 2381 1751 ipse
2402 1698 2507 1737 non
2532 1700 2707 1750 usum,
2738 1687 2821 1740 cui
2852 1694 3032 1742 tamen
3063 1691 3309 1745 servien-

1725 1770 1850 1826 dum
1878 1786 1998 1826 esse
2026 1787 2055 1826 a
2082 1772 2330 1828 ﬁdelibus
2360 1775 2620 1844 praecipit,
2638 1775 2843 1843 dicens,
2867 1776 3209 1833 Communicet
3230 1783 3316 1851 qui

1726 1863 2065 1917 catechizatur
2092 1864 2261 1930 verba,
2283 1863 2330 1917 ei
2353 1864 2438 1931 qui
2470 1880 2523 1919 se
2554 1868 2848 1931 catechizat,
2876 1869 2930 1921 in
2959 1869 3190 1924 omnibus
3218 1870 3315 1925 bo-

1726 1956 1805 2009 nis
1834 1954 2042 2026 (Galat.
2070 1972 2143 2022 vt,
2166 1955 2224 2027 6)
2251 1972 2265 2009 :
2301 1966 2521 2027 excepta
2542 1973 2669 2028 ergo
2718 1959 2818 2013 hac
2845 1968 3128 2029 potestate,
3152 1978 3315 2032 quam

1728 2048 1879 2103 verbi
1906 2048 2280 2118 praedicatores
2307 2050 2505 2105 habere
2534 2051 2585 2103 in
2614 2064 2710 2106 eos
2738 2052 2929 2121 quibus
2980 2054 3307 2123 praedicant,

1728 2155 1872 2209 saepe
1904 2149 2149 2206 testatur,
2181 2142 2341 2196 etiam
2367 2142 2567 2196 sanctis
2610 2142 2700 2211 qui
2749 2143 2927 2198 omnia
2954 2159 3051 2199 sua
3101 2146 3318 2201 vendita

1730 2233 2149 2299 distribuerant,
2182 2242 2236 2288 et
2260 2233 2616 2306 Jerosolymis
2671 2234 2979 2290 habitabant
3032 2237 3083 2290 in
3130 2247 3317 2295 sancta

1730 2324 2106 2378 communione
2156 2324 2295 2390 vitae,
2328 2339 2435 2378 non
2466 2325 2706 2380 dicentes
2753 2326 2949 2396 aliquid
2992 2328 3264 2398 proprium
3297 2371 3314 2396 ,

1730 2415 1925 2483 quibus
1954 2423 2107 2469 erant
2130 2415 2308 2469 omnia
2338 2416 2732 2481 communia,et
2754 2418 2932 2472 anima
2962 2428 3016 2473 et
3038 2434 3132 2473 cor
3153 2437 3315 2476 unum

1708 2506 1781 2558 .in
1800 2505 1965 2560 Deum
1992 2506 2140 2574 (Act.
2168 2522 2227 2572 ιι,
2256 2507 2346 2570 44,
2371 2515 2417 2559 et
2441 2522 2515 2572 IV,
2547 2506 2674 2575 52);
2699 2508 2765 2561 ab
2785 2508 3037 2562 Ecclesiis
3063 2509 3317 2564 Gentium

1730 2595 2031 2650 necessaria
2056 2594 2291 2649 conferri
2321 2596 2561 2665 praecipit
2593 2604 2648 2649 et
2690 2596 2954 2651 hortatur.
2988 2598 3113 2652 Inde
3142 2608 3223 2653 est
3262 2608 3318 2654 et

1729 2686 1859 2742 illud
1883 2687 1949 2741 ad
1973 2686 2243 2743 Romanos
2276 2706 2291 2741 :
2324 2686 2377 2738 Ν
2382 2703 2478 2740 unc
2499 2687 2657 2758 igitur
2686 2704 2889 2758 pergam
2909 2687 3199 2743 Jerusalem
3223 2691 3317 2744 mi-

1731 2780 1947 2833 nistrare
1974 2780 2181 2833 sanctis.
2213 2779 2416 2833 Placuit
2471 2781 2603 2833 enim
2658 2778 2976 2836 Macedoniae
3018 2792 3064 2835 et
3108 2783 3319 2838 Achaia:

1728 2872 2128 2925 communionem
2151 2872 2377 2941 aliquam
2402 2872 2568 2940 facere
2588 2875 2642 2926 in
2682 2890 2928 2943 pauperes
2952 2906 2955 2909 ν
2976 2884 3266 2929 sanctorum
3296 2917 3312 2941 ,

1728 2964 1813 3033 qui
1835 2972 1951 3017 sunt
1974 2962 2279 3017 Jerusalem.
2314 2962 2519 3017 Placuit
2548 2965 2681 3017 enim
2724 2964 2849 3030 illis,
2882 2973 2928 3019 et
2949 2965 3194 3019 debitores
3230 2983 3318 3021 eo-

1728 3075 1844 3112 rum
1870 3066 2010 3111 sunt.
2036 3057 2094 3112 Si
2121 3059 2255 3111 enim
2303 3058 2656 3129 spiritualibus
2682 3074 2854 3111 eorum
2907 3060 3314 3113 communicave-

1727 3160 1847 3203 runt
1898 3150 2116 3215 Gentes,
2149 3149 2323 3203 debent
2379 3158 2425 3202 et
2484 3151 2537 3202 in
2575 3151 2863 3204 carnalibus
2904 3153 3190 3205 ministrare
3241 3154 3313 3206 eis
3404 3191 3422 3207 .

1729 3245 1748 3314 (
1777 3244 1924 3298 Rom.
1952 3260 2042 3309 xv,
2070 3244 2124 3310 5,
2154 3243 2269 3311 27).
2303 3243 2413 3297 lloc
2441 3243 2620 3298 simile
2649 3252 2731 3298 est
2755 3244 2829 3297 illi
2852 3244 2994 3313 quod
3022 3246 3095 3298 ait
3126 3245 3192 3299 ad
3213 3242 3318 3298 Co-

1728 3334 1955 3390 rinthios
1983 3352 1998 3389 :
2026 3334 2086 3391 Si
2139 3352 2227 3389 nos
2267 3336 2403 3389 vobis
2447 3336 2736 3406 spiritantia
2787 3337 3170 3401 seminavimus,
3206 3355 3317 3391 ma.

1728 3443 1883 3497 gnum
1905 3436 1975 3480 est
2004 3428 2047 3480 si
2072 3427 2299 3480 carnalia
2325 3435 2485 3480 vestra
2515 3436 2761 3481 metamus
2800 3426 2853 3497 (Ι
2895 3425 3012 3481 Cor.
3044 3443 3094 3480 IX
3113 3468 3127 3493 ,
3164 3428 3221 3481 11
3251 3427 3316 3498 )?

1728 3516 1859 3572 Item
1878 3517 1945 3572 ad
1970 3516 2277 3572 Corinthios
2306 3518 2357 3571 in
2375 3518 2606 3572 secunda
2644 3537 2656 3572 :
2691 3517 2881 3571 Notam
2913 3528 3099 3583 autem,
3121 3519 3311 3589 inquit,

1729 3611 1864 3665 vobis
1894 3612 2127 3681 facimus,
2158 3613 2361 3683 fratres,
2387 3613 2602 3682 gratiam
2633 3610 2728 3665 Dei
2754 3628 2868 3682 qua:
2893 3612 3013 3665 data
3035 3620 3108 3665 est
3135 3612 3188 3665 in
3211 3611 3319 3665 Ec-

1728 3702 1891 3758 clesiis
1922 3702 2253 3770 Macedoniae,
2284 3704 2405 3773 quia
2433 3704 2489 3758 in
2514 3704 2677 3758 multa
2698 3704 2990 3774 probatione
3022 3704 3311 3759 tribulatio-

1730 3798 1862 3862 nis‘,
1886 3796 2195 3851 abundantia
2246 3798 2421 3867 gaudii
2450 3814 2624 3851 eorum
2663 3807 2706 3851 et
2752 3798 3008 3868 profunda
3040 3808 3312 3867 paupertas

1730 3906 1903 3943 eorum
1924 3888 2194 3943 abundavit
2215 3889 2267 3941 in
2292 3889 2479 3943 divitiis
2505 3889 2843 3959 simplicitatis
2860 3906 3057 3952 eorum;
3086 3890 3203 3958 quia
3227 3905 3317 3943 se-

1730 3981 1951 4035 cundum
1995 3981 2119 4034 vires
2148 4021 2161 4043 ,
2195 3980 2533 4033 testimonium
2587 3979 2820 4048 perhibeo
2846 3981 2888 4044 ⁸,
2919 3988 2965 4031 et
2990 3994 3148 4048 supra
3185 3980 3316 4032 vires

1731 4073 2001 4127 voluntarii
2031 4075 2256 4143 fuerunt,
2291 4087 2404 4124 cum
2432 4070 2603 4123 multis
2628 4070 2857 4139 precibus
2883 4071 3196 4123 obsecrantes
3219 4086 3314 4125 nos

1730 4168 1946 4238 gratiam
1972 4175 2018 4219 et
2044 4164 2443 4219 communionem
2469 4162 2852 4216 ministrationis
2881 4178 2995 4231 qute
3017 4163 3070 4222 ﬁt
3108 4163 3161 4215 in
3195 4179 3319 4216 san-

1730 4268 1867 4312 ctos:
1896 4266 1942 4310 et
1965 4273 2063 4310 non
2089 4255 2338 4325 quomodo
2358 4256 2687 4324 speravimus,
2710 4253 2797 4308 sed
2823 4270 2875 4307 se
2915 4254 3051 4324 ipsos
3081 4253 3318 4308 tradide-

1728 4358 1847 4403 runt
1875 4349 2093 4417 primum
2116 4347 2333 4401 Domino
2353 4388 2367 4412 ,
2396 4356 2442 4400 et
2472 4346 2613 4399 nobis
2658 4363 2745 4416 per
2766 4345 3073 4399 voluntatem
3105 4345 3220 4413 Dei,
3249 4347 3318 4399 ad

1730 4443 2101 4514 deprecandum
2129 4440 2316 4506 Titum,
2347 4449 2403 4493 ut
2426 4439 2677 4509 quomodo
2707 4440 2875 4508 Cthil,
2901 4440 2973 4493 sic
3003 4448 3049 4493 et
3075 4455 3317 4492 consum-

1732 4546 1829 4591 met
1858 4538 1911 4590 in
1933 4553 2017 4591 vos
2033 4536 2184 4589 etiam
2229 4536 2446 4605 gratiant
2471 4536 2643 4588 istam.
2678 4534 2784 4589 Sed
2810 4533 3062 4603 quomodo
3120 4549 3321 4602 semper

1732 4629 2042 4683 abundatisa
2082 4629 2135 4681 in
2161 4627 2390 4681 omnibus
2420 4626 2543 4696 ﬁde,
2571 4636 2616 4678 et
2644 4624 2790 4678 verbo
2818 4665 2831 4679 .
2883 4633 2928 4675 et
2972 4624 3180 4677 scientia
3210 4665 3224 4689 ,
3276 4636 3323 4678 et

1734 4722 1870 4775 omni
1896 4720 2083 4782 studio,
2112 4728 2160 4772 et
2189 4736 2246 4772 ea
2274 4734 2388 4787 qua:
2420 4734 2482 4771 ea:
2507 4718 2643 4770 vobis
2674 4724 2744 4768 est
2770 4715 2820 4767 in
2843 4730 2934 4768 nos
2960 4715 3228 4779 charitate,
3268 4726 3323 4769 ut

1733 4821 1777 4865 et
1801 4812 1854 4864 in
1881 4812 1975 4864 hac
1993 4810 2155 4880 gratia
2176 4808 2459 4862 abundetis.
2495 4805 2613 4858 Non
2644 4804 2918 4859 secundum
2938 4805 3208 4873 imperium
3241 4806 3322 4860 di-

1733 4919 1812 4970 co,
1844 4902 1929 4956 sed
1956 4899 2391 4972 prapteraliorum
2413 4896 2635 4951 studium
2665 4905 2708 4949 et
2728 4905 2904 4948 vestra:
2921 4895 3182 4950 charitatis
3204 4897 3321 4950 cha-

1733 4992 2026 5048 rissimam“
2055 4991 2291 5063 probans.
2323 4989 2476 5044 Scitis
2500 4989 2632 5043 enim
2671 4987 2887 5057 gratiam
2919 4986 3124 5041 Domini
3156 4990 3316 5043 nostri

1731 5085 1768 5139 J
1772 5103 1858 5141 esu
1875 5084 2079 5149 Christi,
2108 5083 2345 5154 quoniam
2369 5089 2573 5151 propter
2588 5095 2671 5133 vos
2692 5095 2885 5148 pauper
2898 5084 3062 5151 factus
3079 5090 3169 5145 est,
3204 5099 3319 5135 cum

1734 5181 1870 5235 dives
1891 5186 2033 5245 esset,
2061 5186 2114 5231 ut
2140 5176 2276 5230 illius
2299 5183 2595 5246 paupertate
2614 5190 2700 5227 vos
2729 5173 3037 5227 ditaremini.
3086 5173 3153 5226 Et
3195 5190 3323 5227 con-

1734 5273 1902 5328 silium
1926 5272 1979 5323 in
2004 5269 2097 5323 hoc
2126 5269 2191 5322 do
2216 5284 2233 5321 :
2264 5268 2357 5321 hoc
2378 5267 2509 5321 enim
2536 5265 2674 5320 vobis
2718 5265 2941 5335 prodest,
2982 5265 3066 5332 qui
3108 5280 3207 5316 non
3234 5279 3321 5316 so-

1735 5365 1839 5421 lum
1869 5364 2053 5434 facere,
2075 5361 2164 5415 sed
2192 5360 2338 5414 etiam
2386 5358 2512 5415 velle
2552 5357 2770 5429 coepistis
2818 5356 2880 5409 ab
2925 5371 3059 5408 anno
3113 5357 3321 5423 priore;

1758 5602 1768 5613 .
1799 5542 1814 5571 ι
1837 5537 2063 5611 plerique
2085 5550 2143 5589 ac
2180 5536 2396 5600 potiores
2417 5543 2543 5595 Mss,
2568 5531 2621 5582 in
2641 5528 2791 5582 multa
2811 5527 3114 5579 tribulatione
3146 5528 3320 5591 proba.

1731 5610 1987 5737 impediti,
2006 5646 2231 5727 perhibeo
2250 5659 2365 5711 illis.
2390 5660 2551 5718 Abest,
2568 5655 2686 5714 illis,
2711 5667 2740 5703 a
2760 5662 2862 5703 Mss.
2890 5658 2943 5702 et
2958 5665 2987 5701 a
3008 5659 3324 5717 grmootextu

1737 5724 2215 5850 Apgstlibldocinensis
2233 5792 2333 5850 Ms,
2363 5795 2507 5850 super
2541 5779 2823 5850 abundatis._
2881 5840 2891 5850 .

1800 5851 1820 5882 ὀ
1855 5857 1981 5898 Unus
2006 5856 2056 5898 et
2078 5847 2201 5896 alter
2225 5846 2398 5905 codex,
2427 5842 2666 5908 ingenium
2689 5842 3039 5894 charissimam.
