3880 6284
585 351 696 411 568

585 481 721 521 nunc
743 471 910 519 autem
935 471 983 518 et
1013 461 1147 533 facto
1176 463 1415 534 perﬁcite,
1439 469 1496 514 ut
1542 458 1967 530 quemadmodum
1992 474 2167 529 prom-

587 566 705 630 ptus
726 565 801 612 est
820 555 1021 609 animus
1044 553 1332 617 voluntatis,
1379 553 1452 606 ita
1490 552 1553 605 sit
1598 560 1645 606 et
1697 547 1989 620 perficiendi
2019 563 2083 601 ea:
2114 563 2174 601 eo

587 649 724 721 quod
741 648 947 720 quisque
966 645 1131 701 habet.
1164 646 1224 702 Si
1251 646 1384 700 enim
1410 654 1671 715 promptus
1714 650 1786 697 est
1817 642 2020 695 animus
2044 682 2059 707 ,
2091 656 2174 694 se-

588 741 814 801 cundum
839 738 895 793 id
917 738 1051 809 quod
1072 737 1217 792 habet
1234 735 1551 808 acceptabitis
1575 743 1668 800 est,
1687 749 1787 787 non
1809 731 2084 788 secundum
2120 730 2175 785 id

596 830 733 902 quod
753 847 857 887 non
880 828 1045 885 habet.
1076 828 1198 884 Non
1213 829 1347 883 enim
1365 836 1421 882 ut
1446 827 1561 882 aliis
1583 827 1648 881 sit
1674 825 1901 898 refectio,
1928 824 2069 879 vobis
2088 840 2174 877 au-

590 931 690 977 tem
719 923 972 994 angustia,
1002 920 1091 976 sed
1109 936 1199 990 pro
1222 919 1510 989 mq'ualitate
1528 920 1582 972 in
1610 920 1705 977 hoc
1726 925 1970 988 tempore,
2003 926 2058 970 ut
2086 931 2172 970 ve-

595 1024 703 1071 stra
729 1014 1044 1070 abundantia
1069 1012 1134 1067 sit
1175 1012 1244 1066 ad
1288 1011 1498 1068 illarum
1534 1010 1795 1080 inopiam,
1822 1019 1877 1063 ut
1899 1019 1945 1063 et
1969 1008 2177 1063 illorum

591 1103 903 1161 abundantia
929 1105 1022 1173 ﬁat
1044 1103 1099 1158 in
1128 1112 1346 1158 vestram
1375 1102 1600 1174 inopiam
1620 1143 1635 1167 ,
1663 1112 1720 1155 ut
1762 1102 1851 1171 ﬁat
1870 1100 2134 1173 aequalitas
2156 1140 2171 1164 ,

590 1198 721 1253 sicut
742 1197 989 1267 scriptum
1011 1202 1122 1250 est:
1149 1195 1249 1261 Qui
1268 1195 1504 1259 multum,
1537 1210 1638 1248 non
1671 1193 1980 1255 abundavit;
2018 1201 2063 1246 et
2091 1192 2177 1261 qui

591 1288 865 1355 modicum,
898 1304 999 1347 non
1022 1287 1183 1358 defuit
1210 1288 1307 1343 illi.
1339 1287 1544 1342 Gratias
1590 1294 1755 1341 autem
1782 1284 1910 1349 Deo,
1959 1286 2043 1354 qui
2089 1284 2180 1338 de-

590 1379 665 1437 dit
691 1380 825 1434 idem
853 1381 1077 1435 studium
1126 1396 1219 1447 pro
1238 1379 1376 1433 vobis
1396 1380 1449 1432 in
1469 1378 1620 1431 corde
1661 1377 1760 1431 Titi
1784 1391 1801 1431 :
1829 1378 1948 1448 quia
1997 1392 2177 1430 conso-

597 1476 838 1529 lationem
873 1475 1076 1547 quidem
1103 1475 1358 1544 suscepit;
1379 1472 1649 1527 studiosior
1677 1479 1843 1524 autem
1879 1487 1995 1525 cum
2024 1478 2174 1536 esset,

594 1574 774 1638 sponte
792 1567 915 1620 ea‘iit
932 1565 1000 1619 ad
1023 1581 1129 1620 vos.
1162 1564 1399 1619 Misimus
1416 1575 1583 1618 autem
1615 1578 1729 1617 cum
1750 1578 1808 1616 eo
1829 1566 2057 1634 fratrem,
2085 1577 2176 1614 cu-

584 1658 680 1729 jus
703 1657 815 1713 laus
843 1657 897 1710 in
926 1655 1203 1729 Evangelia
1228 1664 1300 1711 est
1322 1671 1410 1727 per
1431 1670 1603 1710 omnes
1623 1653 1899 1708 Ecclesias.
1933 1652 2054 1707 Non
2095 1667 2179 1706 so-

592 1748 700 1804 lum
722 1759 909 1818 autem,
934 1748 1023 1804 sed
1048 1758 1098 1804 et
1126 1748 1395 1803 ordinatus
1446 1757 1520 1802 est
1572 1746 1635 1801 ab
1678 1745 1923 1800 Ecclesiis
1944 1746 1964 1777 ³
2015 1759 2181 1798 comes

598 1840 1021 1913 peregrinationis
1041 1852 1245 1907 nostrai,
1277 1855 1395 1894 cum
1424 1840 1520 1894 hac
1537 1839 1702 1912 gratia
1728 1853 1840 1909 qute
1865 1839 2181 1892 ministratur

595 1950 630 1987 a
658 1933 803 1988 nobis
829 1933 903 1986 ad
927 1932 1136 1987 Domini
1186 1933 1403 2005 gloriam
1427 1940 1473 1987 et
1499 1940 1789 2003 promiitum
1831 1930 2058 1983 animum
2098 1944 2182 1982 no-

595 2033 758 2081 struat
779 2022 856 2097 (a)
873 2024 1178 2079 :devitantes
1195 2023 1309 2090 hoc,
1335 2039 1400 2078 ne
1416 2024 1528 2093 quis
1545 2039 1638 2076 nos
1652 2020 1984 2094 reprehendat
2014 2020 2065 2073 in
2086 2018 2182 2072 hac

594 2114 910 2187 plenitudine
928 2155 945 2183 ,
974 2131 1087 2186 quas
1110 2116 1426 2171 ministratur
1443 2130 1476 2167 a
1498 2112 1660 2168 nobis.
1693 2111 2024 2167 Providemus
2048 2110 2182 2165 enim

592 2209 745 2277 bona,
776 2228 879 2264 non
906 2210 1073 2265 solum
1100 2226 1272 2265 coram
1298 2210 1423 2275 Deo,
1457 2208 1545 2262 sed
1572 2209 1723 2261 etiam
1751 2222 1924 2261 coram
1962 2204 2182 2259 homini-

593 2304 706 2357 bus.
734 2302 789 2356 In
817 2302 901 2357 bis
924 2303 1100 2375 verbis
1128 2310 1369 2372 apparet,
1408 2310 1663 2372 quantum
1709 2314 1815 2353 non
1859 2298 2034 2353 solum
2079 2310 2179 2351 cu-

596 2408 713 2447 ram
744 2403 1046 2448 sanctarum
1079 2393 1309 2463 plebium
1333 2406 1454 2447 esse
1478 2391 1727 2457 voluerit,
1761 2390 2066 2444 ministrare
2083 2402 2181 2441 ne-

593 2487 826 2545 cessaria
853 2488 1051 2541 sanctis
1077 2486 1169 2540 Dei
1198 2485 1391 2551 servis,
1451 2483 1733 2538 consilium
1776 2482 1829 2535 in
1876 2482 1979 2536 hoc
2004 2480 2138 2536 dans
2159 2520 2175 2547 ,

591 2579 715 2648 quia
735 2576 841 2635 hoc
868 2578 1034 2649 magis
1060 2578 1186 2648 ipsis
1210 2577 1299 2647 qui
1320 2578 1426 2631 hoc
1445 2574 1707 2631 faciebant
1727 2573 1996 2643 proderat,
2020 2588 2179 2643 quam

594 2668 705 2724 illis
726 2683 851 2739 erga
884 2683 1019 2739 quos
1050 2668 1314 2723 faciebant
1367 2667 1506 2738 (illis
1534 2667 1677 2722 enim
1708 2664 1853 2721 aliud
1882 2664 2174 2736 proderat,

590 2761 645 2817 id
666 2770 770 2829 est,
802 2762 907 2818 hoc
929 2777 1056 2833 erga
1076 2775 1136 2816 se
1159 2761 1417 2830 obsequio
1444 2758 1676 2813 fratrum
1720 2746 1939 2813 suorum
1994 2765 2180 2812 sancte

592 2853 691 2918 uti,
723 2868 824 2908 nec
852 2863 1070 2923 propter
1124 2851 1227 2906 hoc
1284 2851 1395 2904 Deo
1423 2850 1646 2913 servire,
1678 2853 1793 2906 'nec
1837 2850 1936 2903 ista
1966 2861 2180 2903 sumere

592 2945 695 3000 nisi
721 2944 788 2999 ad
811 2944 1159 3014 supplendam
1188 2941 1585 3007 necessitatem,
1628 2954 1737 2994 non
1764 2939 1829 2994 ad
1856 2937 2177 3009 pascendam

590 3033 894 3106 pigritiam)
918 3052 930 3087 :
952 3033 1047 3088 sed
1071 3032 1233 3088 etiam
1261 3046 1411 3087 suam
1440 3046 1623 3086 curam
1651 3032 1839 3086 beatus
1890 3029 2179 3100 Apostolus

594 3134 798 3179 tantam
827 3124 956 3181 dicit
984 3126 1039 3179 in
1066 3124 1169 3179 hac
1192 3124 1614 3188 ministratione,
1642 3139 1761 3194 quae
1800 3138 1940 3177 nunc
1967 3137 2062 3192 per
2086 3122 2181 3177 Ti-

596 3226 710 3273 tum
741 3218 1220 3284 transmittebatur,
1249 3225 1306 3271 ut
1324 3217 1576 3272 comitem
1602 3215 2046 3288 peregrinationis
2063 3231 2177 3270 sua:

588 3320 810 3382 propter
855 3311 957 3365 hoc
1006 3318 1390 3366 commemoret
1434 3309 1736 3365 ordinatum
1776 3310 1844 3364 ab
1886 3309 2174 3375 Ecclesiis,

589 3402 717 3457 boni
747 3402 1037 3457 testimonii
1058 3402 1331 3457 hominem
1363 3401 1489 3469 Dei,
1515 3402 1662 3473 cujus
1712 3401 1845 3467 laus,
1896 3401 2098 3471 inquit,
2121 3401 2177 3455 in

591 3491 872 3562 Evangelia
888 3503 960 3547 est
977 3510 1066 3564 per
1089 3509 1260 3549 omnes
1280 3490 1556 3548 Ecclesiae.
1584 3493 1651 3546 Et
1669 3491 1737 3547 ad
1758 3493 1860 3547 hoc
1874 3492 2004 3547 dicit
2027 3493 2174 3547 illum

594 3584 897 3639 ordinatum
929 3585 1179 3639 comitem
1205 3585 1342 3649 sibi,
1376 3594 1436 3638 ut
1475 3584 1737 3640 devitaret
1784 3584 2056 3639 hominum
2086 3601 2174 3641 re-

595 3673 1007 3744 prehensiones,
1032 3689 1100 3729 ne
1123 3675 1242 3730 sine
1272 3675 1577 3730 testimonio
1616 3683 1921 3730 sanctorum
1974 3676 2025 3731 in
2076 3675 2179 3732 bac

595 3768 897 3822 ministerio
915 3768 1183 3824 sociorum
1202 3810 1216 3834 ,
1241 3777 1489 3838 tanquam
1517 3767 1619 3824 sibi
1646 3769 1888 3839 accipere
1907 3808 1921 3835 ,
1946 3778 1999 3823 et
2022 3768 2075 3824 in
2101 3770 2177 3824 si-

590 3872 692 3913 nus
720 3859 885 3917 suos'
908 3867 1220 3915 convertere
1247 3860 1316 3913 ab
1338 3860 1564 3915 intlrmis
1588 3867 1644 3915 et
1667 3861 1844 3931 impiis
1874 3870 2173 3930 putaretur,

592 3963 715 4019 qua:
764 3951 1061 4020 accipiebat
1094 3951 1162 4005 ad
1204 3952 1526 4022 supplendas
1576 3956 1923 4009 necessitates
1966 3965 2179 4010 sancto-

592 4056 714 4097 rum
742 4056 841 4111 per
865 4058 927 4099 se
953 4042 1219 4099 afferenda
1251 4045 1335 4100 vel
1360 4044 1722 4101 distribuenda
1749 4046 2125 4117 indigentibus.

660 4153 749 4210 18.
790 4153 857 4209 Et
884 4154 1041 4237 paulo
1067 4165 1187 4225 post
1228 4155 1405 4212 dicit:
1438 4155 1577 4211 Nam
1620 4157 1683 4223 de
1725 4157 2000 4214 ministerio
2042 4162 2179 4234 quod

589 4247 649 4318 ﬁt
674 4247 726 4302 in
750 4257 967 4315 sanctos,
1001 4266 1063 4304 ea:
1085 4249 1362 4304 abundanti
1390 4260 1462 4304 est
1484 4251 1608 4304 mihi
1626 4250 1839 4307 scribere
1861 4255 2018 4309 vobis.
2052 4255 2175 4311 Scio

587 4341 722 4395 enim
763 4350 1048 4411 promptum
1091 4357 1198 4396 esse
1234 4343 1462 4396 animant
1503 4352 1737 4410 vestrum,
1779 4345 1841 4399 de
1864 4363 1962 4418 quo
1986 4345 2177 4420 glorior

587 4449 681 4505 pro
730 4432 865 4486 vobis
900 4432 1043 4502 apud
1082 4432 1430 4497 Macedonas;
1466 4437 1703 4505 quoniam
1747 4437 1943 4505 Achaia
1995 4449 2176 4510 parata

587 4534 660 4580 est
683 4525 744 4579 ab
774 4541 907 4580 anno
936 4526 1123 4597 priore,
1153 4535 1199 4582 et
1238 4542 1353 4597 qua:
1375 4543 1439 4580 ea:
1483 4527 1618 4582 vobis
1659 4539 1732 4582 est
1755 4531 2012 4586 aamulatio
2050 4533 2175 4589 irri-

588 4620 708 4673 tavit
736 4617 924 4692 plures.
986 4617 1220 4673 Misimus
1260 4628 1426 4674 autem
1455 4623 1655 4691 fratres,
1699 4636 1762 4674 ne
1798 4622 1962 4693 gloria
2001 4638 2174 4680 nostra

586 4725 740 4780 quam
777 4710 1015 4767 habemus
1056 4712 1111 4765 in
1147 4711 1284 4766 vobis
1307 4753 1322 4780 ,
1367 4696 1633 4766 evacuetur
1670 4712 1723 4765 in
1765 4696 1862 4766 hac
1904 4723 2063 4785 parte,
2099 4726 2171 4785 ut,

585 4801 716 4856 sicut
751 4801 858 4856 dixi
878 4844 892 4869 ,
926 4804 1105 4879 parati
1132 4804 1240 4858 sitis
1267 4821 1286 4858 :
1314 4820 1376 4859 ne
1405 4820 1519 4859 cum
1547 4805 1771 4859 venerint
1814 4821 2008 4863 mecum
2053 4807 2174 4864 Ma-

588 4893 819 4959 cedones,
848 4903 893 4948 et
917 4885 1192 4951 invenerint
1219 4912 1305 4951 vos
1340 4898 1639 4975 imparatos,
1665 4898 2038 4970 confundamur
2059 4918 2167 4972 nos,

589 4995 643 5041 ut
668 5001 768 5040 non
789 4986 954 5041 dicam
979 5004 1085 5055 vos,
1107 4990 1161 5042 in
1186 4989 1281 5043 hac
1308 4990 1605 5057 substantia.
1665 4989 2024 5049 Necessarium
2052 5012 2173 5069 ergo

587 5078 870 5134 existimavi
896 5095 1075 5150 rogare
1099 5083 1281 5152 fratres
1300 5122 1313 5147 ,
1343 5091 1397 5135 ut
1423 5084 1707 5155 precedent
1735 5086 1805 5139 ad
1826 5103 1931 5155 vos,
1963 5098 2009 5143 et
2032 5106 2170 5161 prte-

588 5178 767 5241 parent
798 5172 912 5242 jam
962 5171 1156 5237 pridem
1196 5175 1551 5244 repromissam
1599 5178 1729 5233 hanc
1781 5178 2172 5251 benedictionem

586 5272 837 5330 vestram,
876 5274 934 5319 ut
974 5266 1038 5320 sit
1064 5273 1277 5351 parata,
1323 5267 1396 5331 sic
1432 5270 1576 5341 quasi
1614 5269 2037 5344 benedictionem,
2068 5293 2171 5333 nou

585 5357 735 5429 quasi
780 5357 1064 5413 avaritiam.
1119 5356 1234 5437 Hoc
1279 5367 1446 5414 autem
1474 5359 1496 5392 ³
1519 5401 1534 5427 ,
1586 5360 1688 5443 Qui
1729 5382 1878 5437 parce
1921 5368 2166 5439 seminat,

651 5510 671 5543 ί
705 5518 833 5573 Μει,
871 5509 1123 5565 ordinatus
1142 5509 1206 5563 ab
1242 5511 1497 5577 Ecclesiis;
1518 5518 1715 5572 omisso.
1753 5524 1843 5581 est,
1869 5520 1997 5584 quod
2022 5523 2170 5574 etiam

584 5583 618 5623 ³
634 5584 798 5633 neco
818 5574 979 5633 abest.
1362 5588 1367 5593 ⁴

634 5584 1087 5701 Έὲιῗέηι,
1107 5636 1163 5692 in
1183 5651 1296 5701 suos

649 5697 2172 5773 t‘uaiu,hogmm.sbest,dica.auss.etsgmoo

646 5820 722 5885 (a)
753 5820 910 5889 Forte,
936 5831 1161 5883 vestrm.

1551 346 1639 402 DE
1677 343 1906 402 UPERE
1935 342 2432 408 MONACHORUM,
2464 343 2522 399 S.
2563 344 2932 404 AUGUSTINI
3710 359 3788 421 ια

2282 475 2431 530 parce
2451 467 2496 512 et
2523 468 2668 512 metet
2694 476 2711 524 ;
2739 469 2787 514 et
2806 461 2891 532 qui
2919 461 3132 516 seminat
3156 462 3208 518 in
3245 462 3596 538 benedictione,
3620 472 3667 529 in
3689 476 3795 534 bene.

2281 549 2497 613 dictione
2542 561 2590 605 et
2634 561 2796 608 metet.
2861 552 3211 627 Unusquisque
3250 559 3521 623 secundum
3553 568 3677 634 quod
3709 587 3796 635 pro.

2282 642 2448 711 posuit
2475 643 2643 709 corde,
2672 660 2773 698 non
2791 656 2853 700 ea:
2872 644 3074 702 tristitia
3100 655 3185 700 aut
3211 663 3273 702 ea:
3297 651 3579 706 necessitate
3604 656 3800 715 :hilareu

2281 733 2413 788 enim
2458 735 2685 790 datorem
2727 735 2894 809 diligit
2945 735 3106 794 Deus.
3160 736 3348 794 Potens
3398 750 3472 795 est
3511 752 3663 801 autem
3701 747 3801 807 Deus

2280 842 2475 880 omnem
2501 829 2719 899 gratiam
2746 828 3083 884 abundantem
3124 830 3290 900 facere
3316 832 3371 887 in
3400 833 3552 901 vobis,
3592 846 3641 891 ut
3661 839 3704 893 in
3723 858 3801 897 om-

2280 918 2425 974 nibus
2451 936 2649 990 semper
2684 936 2880 975 omnem
2923 922 3267 995 suﬁicientiam
3305 924 3575 994 habentes,
3599 929 3803 988 abunduis

2281 1008 2335 1062 in
2361 1024 2508 1063 omne
2548 1027 2674 1080 opus
2718 1010 2941 1066 bonum:
2982 1013 3113 1066 sicut
3140 1013 3391 1087 scriptum
3439 1026 3543 1080 est,
3589 1018 3801 1091 Dispersa,

2282 1100 2421 1157 dedit
2454 1104 2779 1174 pauperibus,
2798 1105 3006 1176 justitia
3043 1106 3154 1178 ejus
3189 1116 3357 1162 manet
3381 1109 3437 1162 in
3460 1119 3696 1168 teterrima.
3736 1117 3807 1185 Qui

2284 1201 2448 1247 autem
2469 1194 2814 1249 subministrat
2842 1213 3010 1252 semen
3033 1198 3322 1265 seminanti,
3356 1208 3405 1253 et
3426 1218 3601 1272 panem
3618 1205 3663 1265 in
3688 1223 3808 1263 escam

2281 1284 2710 1351 subministrabit,
2749 1295 2796 1340 et
2833 1286 3190 1359 multiplicabit
3226 1291 3603 1348 seminationem
3626 1305 3804 1369 vestram,

2283 1384 2333 1429 et
2355 1377 2554 1459 augebit
2588 1384 2861 1435 crescentes
2890 1380 3059 1459 fruges
3074 1380 3291 1454 justitite
3315 1395 3517 1455 vestris,
3542 1399 3592 1440 ut
3616 1390 3663 1443 in
3686 1395 3807 1447 omni-

2284 1467 2374 1524 bus
2388 1472 2542 1526 ditati
2573 1473 2590 1503 ¹
2616 1474 2669 1526 in
2695 1470 2899 1528 omnem
2935 1473 3308 1549 simplicitatem
3325 1518 3340 1541 ,
3386 1493 3503 1549 quae
3529 1493 3734 1551 operatur
3750 1504 3811 1555 per

2284 1577 2376 1616 nos
2424 1565 2701 1633 gratiarum
2748 1565 2993 1620 actionem
3041 1563 3150 1629 Deo
3192 1582 3212 1621 :
3255 1570 3499 1643 quoniam
3545 1574 3811 1633 ministerium

2285 1660 2560 1732 functionis
2602 1663 2758 1733 hujus
2797 1679 2899 1717 non
2949 1662 3115 1725 solum
3171 1664 3377 1735 supplet
3423 1681 3484 1720 ea
3532 1683 3638 1741 qua:
3682 1670 3811 1727 deant

2282 1753 2498 1833 sanctis,
2526 1754 2616 1811 sed
2645 1762 2692 1810 et
2719 1755 2980 1813 abundare
3017 1757 3140 1829 facit
3178 1776 3268 1832 per
3290 1742 3566 1827 multorum
3592 1767 3810 1835 gratiarum

2284 1844 2530 1899 actionem
2572 1845 2716 1911 Deo,
2763 1865 2854 1918 per
2897 1845 3244 1919 probationem
3292 1854 3668 1921 ministrationis
3702 1859 3810 1930 hujus
3852 1866 3853 1905 ἒ

2284 1938 2626 2009 gloriﬁcantes
2672 1939 2838 1998 Deum
2872 1942 2930 1998 in
2974 1944 3207 2014 obsequio
3246 1948 3580 2020 confessionis
3616 1961 3760 2006 vestra
3776 1954 3810 2006 in

2286 2026 2617 2105 Evangelium
2648 2035 2669 2066 ³
2715 2033 2922 2116 Christi,
2952 2045 2999 2091 et
3042 2037 3371 2111 simplicitate
3414 2044 3811 2111 communicationis

2285 2124 2337 2178 in
2360 2124 2476 2179 illos
2500 2134 2546 2178 et
2567 2125 2619 2179 in
2659 2142 2850 2193 omnes,
2881 2138 2929 2182 et
2956 2129 3009 2183 in
3032 2130 3261 2203 ipsorum
3290 2136 3577 2205 precatione
3597 2153 3679 2209 pro
3698 2139 3808 2205 vobis,

2284 2215 2677 2279 desiderantium
2700 2235 2787 2277 vos
2828 2230 3035 2292 propter
3077 2224 3406 2293 excellentem
3449 2229 3653 2301 gratiam
3687 2229 3758 2287 Dei
3774 2232 3809 2287 in

2284 2308 2439 2363 vobis.
2470 2307 2674 2365 Gratias
2706 2310 2811 2365 Deo
2836 2330 2989 2388 super
3007 2315 3345 2383 inenarrabili
3369 2318 3505 2385 dono
3524 2324 3625 2394 ejus
3650 2323 3703 2395 (ll
3722 2322 3806 2380 Cor.

2285 2419 2376 2467 VII
2408 2414 2455 2458 et
2489 2405 2587 2476 ix).
2619 2404 2828 2474 Quanta
2858 2408 3178 2480 pinguedine
3201 2424 3407 2481 sanctae
3433 2415 3623 2473 laetitia:
3644 2418 3701 2473 sit
3719 2433 3805 2489 per-

2286 2495 2434 2551 l'usus
2455 2498 2762 2571 Apostolus,
2785 2498 2911 2569 dum
2935 2500 3171 2583 loquitur
3188 2504 3256 2563 de
3276 2504 3491 2569 alterno
3511 2510 3806 2583 Supplementa

2284 2590 2588 2663 indigentia;
2630 2594 2859 2669 militum
2884 2605 2938 2653 et
2968 2600 3380 2679 provincialium
3415 2600 3625 2671 Christi,
3652 2606 3805 2671 hincds

2284 2682 2444 2738 rebus
2480 2684 2780 2753 carnalibus
2809 2688 2862 2751 in
2893 2688 3030 2756 illos,
3056 2690 3180 2765 inde
3208 2701 3393 2759 autem
3422 2695 3493 2752 de
3516 2697 3806 2768 spiritualibut

2284 2774 2338 2831 in
2396 2777 2567 2845 istos;
2614 2787 2672 2833 ut
2729 2779 3099 2850 exclamaret,
3159 2791 3215 2845 et
3262 2791 3520 2858 tanquam
3569 2799 3801 2851 sanctorum

2282 2866 2595 2959 gaudiorum
2636 2871 2814 2941 sagina
2870 2882 3175 2943 eructuaret
3202 2915 3217 2941 ,
3247 2875 3477 2947 dicens,
3522 2877 3700 2945 Gratias
3731 2879 3802 2945 Deo

2282 2973 2436 3027 super
2457 2959 2782 3015 inenarrabili
2809 2961 2942 3027 dono
2970 2965 3079 3035 ejus
3096 2965 3123 3019 i’

2355 3068 2443 3139 l9.
2466 3068 2614 3139 Sicut
2637 3087 2763 3143 ergo
2790 3086 2893 3129 non
2915 3076 3144 3141 cessavit
3164 3078 3479 3150 Apostolus,
3505 3082 3608 3139 imo
3629 3083 3797 3155 Spiritus

2285 3159 2376 3235 Dei
2409 3161 2688 3231 pOSsidens
2710 3171 2767 3231 et
2785 3165 3012 3236 impleas
3040 3175 3094 3231 et
3116 3183 3284 3239 agetis
3305 3187 3409 3228 cor
3435 3173 3568 3244 ejus,
3592 3174 3799 3230 exhortari

2284 3251 2467 3321 ﬁdeles
2517 3255 2608 3326 qui
2662 3254 2919 3323 haberent
2982 3257 3286 3329 huiusmodi
3317 3261 3343 3297 ³
3392 3265 3729 3333 substantiam,
3763 3273 3800 3319 ut

2281 3342 2416 3419 nihil
2450 3344 2664 3417 deesset
2708 3348 3119 3409 necessitatibus
3160 3365 3443 3413 servorum
3475 3356 3580 3422 Dei,
3621 3358 3696 3427 qui
3726 3354 3799 3411 cel—

2281 3434 2481 3500 siorem
2520 3440 2818 3506 sanctitatis
2852 3442 3075 3510 gradum
3107 3443 3160 3499 in
3201 3445 3442 3503 Ecclesia
3474 3457 3643 3504 tenere
3668 3449 3797 3503 volue-

2281 3539 2423 3597 runt,
2457 3540 2511 3595 ut
2551 3532 2668 3603 spei
2707 3532 2977 3597 saecularis
3016 3535 3225 3597 vincula
3269 3549 3466 3595 cuncta
3505 3540 3796 3611 praeciderent,

2282 3629 2337 3679 et
2368 3622 2605 3690 animum
2649 3624 2870 3681 liberum
2918 3625 3112 3687 divinae
3156 3629 3365 3686 militia:
3408 3632 3722 3691 dedicarem:
3747 3633 3799 3686 sic

2280 3712 2479 3779 debent
2496 3724 2550 3770 et
2576 3716 2673 3787 ipsi
2696 3719 2973 3788 prmcepus
2995 3718 3110 3790 ejus
3132 3719 3378 3791 obedire,
3403 3733 3462 3779 ut
3484 3725 3799 3796 compatianlur

2280 3804 2523 3873 iniit-mis.
2554 3815 2609 3867 et
2634 3822 2815 3875 amore
2864 3809 3085 3879 private
3124 3812 3202 3871 rei
3237 3827 3351 3871 non
3398 3815 3576 3887 illigati
3616 3815 3797 3883 ausibus

2280 3898 2391 3969 suis
2436 3898 2492 3956 in
2533 3913 2820 3967 commune
2864 3901 3108 3969 laborare
3162 3903 3204 3972 ⁸,
3250 3908 3555 3977 praepositis
3594 3909 3688 3964 suis
3718 3906 3797 3960 sine

2280 4007 2553 4059 murmure
2592 3992 3005 4064 obtemperare;
3049 4003 3106 4057 ut
3145 3996 3247 4055 hoc
3271 4000 3577 4069 suppleatur
3599 4016 3657 4057 ex
3690 3997 3796 4054 obla-

2280 4082 2512 4151 tionibus
2566 4083 2826 4149 bonorum
2881 4084 3154 4156 ﬁdelium,
3207 4090 3355 4159 quod
3407 4091 3728 4151 laborantibus
3760 4094 3797 4143 et

2279 4173 2478 4245 aliquid
2507 4175 2647 4239 unde
2671 4176 2869 4243 victum
2909 4179 3200 4251 transigant
3240 4183 3597 4251 operantibus,
3635 4186 3795 4252 propis!

2280 4265 2620 4341 inﬁrmitates
2646 4275 2823 4325 tamen
2850 4272 3158 4341 corporales
3196 4274 3495 4344 aliquorum
3517 4317 3534 4344 ,
3560 4283 3612 4334 et
3633 4280 3793 4346 propter

2279 4360 2668 4429 ecclesiasticas
2691 4364 3068 4435 occupationes
3095 4366 3180 4431 vel
3209 4368 3560 4429 eruditionem
3594 4369 3790 4427 doctrina:

2279 4451 2546 4521 salutaris,
2577 4453 2768 4510 deesse
2794 4458 3095 4525 putaverint
3113 4458 3157 4511 ⁸.

2347 4566 2573 4625 CAPUT
2601 4567 2764 4624 XVII.
2789 4599 2858 4612 —
2878 4569 2969 4628 20.
2999 4569 3285 4633 Obtendunt
3315 4575 3450 4647 pigri
3470 4589 3630 4629 vacare
3648 4588 3692 4627 se
3709 4585 3787 4624 m-

2280 4659 2423 4727 tioni,
2450 4660 2680 4732 psalmis,
2720 4661 2922 4717 lectioni
2944 4672 2991 4718 et
3016 4665 3164 4720 verbo
3192 4665 3305 4720 Dei.
3350 4666 3493 4722 Inter
3528 4664 3785 4722 laborandum

2280 4751 2428 4807 licere
2455 4752 2686 4824 psallere.
2745 4753 3035 4813 Lectionem
3070 4773 3173 4812 non
3213 4759 3468 4830 prodesse,
3497 4758 3588 4813 nisi
3606 4752 3784 4827 ﬁatqvod

2279 4841 2479 4915 legitur.
2527 4843 2664 4912 Quid
2708 4845 2853 4901 enim
2896 4855 3054 4919 agant
3104 4849 3195 4921 qui
3251 4851 3459 4921 operari
3510 4847 3783 4918 corporaliter

2278 4934 2483 5002 nolunt,
2529 4935 2616 4990 cui
2657 4936 2734 4995 rei
2772 4948 2962 4994 vacent
3004 4939 3145 4999 scire
3188 4941 3452 4999 desidere.
3496 4939 3777 4997 Orationibus.

2276 5028 2543 5101 inquiunt,
2568 5038 2622 5085 et
2645 5030 2886 5101 psalmis,
2914 5042 2969 5088 et
2995 5033 3229 5101 lectioni,
3260 5046 3314 5092 et
3338 5036 3497 5092 verbo
3517 5035 3615 5089 Dei.
3639 5031 3777 5088 Sancta

2277 5122 2432 5192 plane
2457 5123 2563 5177 vita
2587 5131 2641 5177 et
2667 5121 2864 5181 Christi
2892 5126 3151 5183 suavitate
3179 5128 3201 5162 ⁸
3234 5129 3507 5187 laudabilis
3533 5145 3549 5189 :
3585 5127 3659 5184 sed
3677 5124 3709 5179 si
3727 5121 3771 5174 ab

2276 5214 2361 5271 bis
2388 5214 2643 5271 evocandi
2668 5231 2776 5274 non
2806 5232 3007 5286 sumus,
3045 5235 3146 5277 nec
3170 5223 3575 5281 manducandum
3599 5230 3677 5283 est.
3701 5226 3767 5268 nec

2276 5306 2407 5377 ipsa:
2443 5322 2581 5363 esca:
2604 5309 2842 5380 quotidie
2881 5313 3266 5383 praeparanda),
3316 5326 3369 5371 ut
3410 5316 3593 5387 possint
3626 5302 3763 5379 apponi

2551 5462 3235 5542 verbm
3278 5461 3757 5535 manu“

2340 5651 2362 5723 ξ
2393 5658 2523 5723 unus
2545 5664 2576 5702 θ
2600 5651 2832 5723 varians
2853 5651 2977 5723 ass.
3004 5652 3359 5723 Mirami-

2338 5712 2361 5777 ξ
2390 5702 2464 5764 ﬁo
2484 5722 2588 5764 Mss.
2614 5720 2669 5764 At
2688 5702 2828 5777 editi,
2850 5702 3165 5775 in
3176 5702 3357 5777 me

2339 5775 2361 5840 ξ
2394 5782 2489 5840 an,
2512 5774 2735 5840 potuerit.
2760 5774 2887 5840 unus
2910 5791 2941 5829 θ
2964 5774 3200 5834 Vaticanis
3221 5776 3326 5834 uss.

2343 5837 2364 5873 ο
2392 5811 2665 5894 nam
2680 5811 3556 5908 zwszuzmmrrs:
