3880 6284
90 267 176 326 π
1452 255 1605 312 LlBE

1718 256 1892 313 JNUS.

86 392 129 438 et
150 377 343 435 assumi.
395 374 449 430 Si
478 381 649 429 autem
673 372 740 428 ad
770 373 869 428 ista
895 385 1084 427 vacare
1110 384 1299 426 servos
1338 370 1432 426 Dei
1459 372 1620 426 certis

85 471 332 529 intervallis
360 478 670 537 temporum,
733 466 898 536 ipsius
947 465 1274 521 inﬁrmitatis
1327 467 1618 521 necessitas

82 568 210 636 cogit,
249 580 337 620 cur
376 578 479 617 non
521 571 571 616 et
608 560 911 630 apostolicis
946 560 1225 630 praeceptis
1273 559 1620 615 observandis

82 663 246 728 aliquas
293 665 462 726 partes
511 666 803 723 temporum
857 641 1217 725 deputamus?
1264 655 1430 712 Citius
1476 657 1616 711 enim

80 750 314 808 exauditur
351 763 452 803 una
493 747 788 815 obedientis
822 747 1011 813 oratio,
1046 763 1204 819 quam
1230 747 1418 804 decem
1454 748 1618 803 millia

79 841 429 910 contemptoris.
483 839 696 895 Cantica
745 855 874 896 vero
928 839 1105 896 divina
1160 850 1397 907 cantare,
1450 841 1611 896 etiam

81 936 279 992 manibus
301 942 584 1004 operantes
621 933 774 987 facile
805 943 1048 1002 possunt,
1091 942 1145 988 et
1175 934 1347 1003 ipsum
1379 933 1614 988 laborem

79 1041 280 1098 tanquam
327 1025 511 1080 divino
555 1025 850 1081 celeumate
892 1025 1151 1080 consolari
1195 1021 1292 1097 (a).
1337 1025 1419 1080 An
1469 1025 1617 1096 igno-

79 1135 424 1184 ramus,omnes
445 1117 665 1190 opiﬁces
688 1118 876 1189 quibus
891 1118 1210 1173 vanitatibus
1230 1126 1283 1174 et
1307 1117 1617 1189 plerumque

78 1216 198 1269 etiam
222 1211 624 1283 turpitudinibus
665 1211 1038 1266 theatricarmn
1076 1210 1372 1265 fabularum
1413 1209 1618 1265 donent

77 1306 197 1361 corda
235 1313 282 1360 et
325 1303 532 1375 linguas
578 1319 730 1370 suas,
781 1319 902 1358 cum
947 1318 1136 1358 manus
1184 1302 1252 1357 ab
1295 1318 1457 1378 opere
1507 1317 1612 1358 non

76 1395 314 1453 recedant?
355 1395 494 1462 Quid
543 1411 671 1465 ergo
714 1395 935 1465 impedit
987 1411 1197 1449 servum
1225 1395 1319 1450 Dei
1372 1394 1615 1448 manibus

76 1471 327 1560 opeiantem
372 1487 424 1540 in
472 1487 592 1558 lege
638 1487 843 1541 Domini
898 1485 1142 1541 meditari
1187 1484 1358 1556 (Psal.
1385 1501 1422 1550 l,
1450 1483 1529 1554 2),
1561 1491 1617 1550 et

76 1583 251 1652 psallere
283 1579 485 1634 nomini
517 1577 728 1633 Domini
766 1577 1025 1633 Altissimi
1071 1575 1246 1647 ('Psal,
1279 1592 1372 1641 xu,
1405 1575 1460 1648 6)
1490 1594 1502 1629 :
1540 1576 1614 1630 ita

75 1689 167 1730 sane
200 1681 248 1726 ut
294 1670 356 1726 ad
407 1685 471 1726 ea
525 1669 800 1736 discenda,
845 1684 962 1738 qua:
1030 1666 1341 1723 memoriter
1388 1666 1610 1733 recolat,

76 1767 219 1820 habeat
249 1765 474 1834 seposita
518 1761 805 1834 tempora?
832 1763 911 1817 Ad
955 1761 1058 1816 hoc
1086 1760 1229 1816 enim
1273 1768 1327 1816 et
1354 1760 1443 1814 illa
1473 1760 1612 1816 bona

74 1874 194 1929 opera
213 1856 454 1923 lldelium,
482 1855 726 1911 subsidio
749 1854 1161 1926 supplendorum
1190 1852 1613 1908 necessariorum

73 1951 214 2004 deesse
248 1964 345 2004 non
372 1947 604 2014 debent,
654 1955 710 2000 ut
736 1946 882 2000 horae
921 1946 1112 2017 quibus
1151 1945 1216 1998 ad
1259 1943 1612 1999 erudiendum

72 2041 249 2094 animum
279 2041 344 2094 ita
373 2049 624 2104 vacatur,
657 2045 712 2092 ut
743 2037 826 2090 illa
854 2051 1016 2108 opera
1039 2034 1334 2105 corporalia
1364 2036 1473 2106 geri
1507 2051 1613 2090 non

73 2132 263 2202 pessint,
314 2147 417 2184 non
470 2130 827 2199 opprimant‘
877 2136 1132 2197 egestate.
1180 2126 1282 2194 Qui
1328 2135 1508 2182 autem
1554 2141 1613 2182 se

71 2223 208 2277 dicunt
245 2237 432 2278 vacare
479 2221 724 2286 lectioni,
776 2235 954 2276 nonne
1001 2219 1106 2273 illic
1149 2219 1426 2275 inveniunt
1470 2216 1612 2289 quod

74 2318 257 2386 paccipit
293 2316 630 2386 Apostolus?
675 2315 803 2382 Qum
833 2323 914 2370 est
955 2316 1052 2369 ista
1100 2329 1226 2385 ergo
1268 2313 1608 2384 perversitas,

72 2409 230 2464 lectioni
268 2410 402 2464 nolle
433 2409 833 2478 obtemperare,
867 2407 995 2461 dum
1039 2407 1154 2461 vult
1197 2407 1244 2462 ei
1291 2421 1518 2472 vacare;
1557 2415 1613 2462 et

74 2511 110 2553 ut
130 2501 241 2570 quod
266 2501 456 2555 bonum
485 2509 576 2556 est
605 2499 800 2554 diutius
828 2499 1052 2570 legatur,
1096 2498 1216 2553 ideo
1247 2499 1418 2553 facere
1459 2498 1606 2553 nolle

70 2594 170 2662 quod
195 2595 409 2664 legitur?
434 2594 574 2662 Quis
598 2593 740 2647 enim
769 2594 972 2648 nesciat
1002 2601 1148 2647 tanto
1169 2593 1326 2647 citius
1344 2607 1612 2663 quemque

72 2689 273 2754 prolicere
315 2703 433 2742 cum
479 2688 628 2743 bona
677 2686 821 2756 legit,
872 2694 1071 2755 quanto
1111 2685 1267 2739 citius
1307 2684 1432 2740 facit
1469 2683 1611 2764 quod

70 2777 156 2847 legit
169 2779 188 2831 ?

117 2869 302 2928 CAPUT
351 2868 547 2927 XVIII.
580 2899 652 2910 —
674 2870 764 2925 2L
797 2869 1057 2940 Erogandi
1085 2869 1219 2924 verbi
1260 2867 1359 2924 Dei
1403 2869 1607 2925 obtentu

71 2961 238 3016 nolentes
278 2961 504 3016 laborare
554 2963 884 3033 castigantur.
943 2959 1141 3015 Paulus
1190 2963 1257 3014 ad
1297 2961 1610 3032 erogandum

71 3054 218 3108 verbum
240 3065 365 3108 certa
393 3063 632 3125 tempora
661 3054 933 3118 constituit,
962 3062 1006 3108 et
1031 3053 1134 3106 alia
1162 3052 1230 3105 ad
1251 3053 1605 3108 laborandum.

74 3141 226 3210 Optimd
255 3146 572 3220 gubernatio,
623 3154 676 3198 ut
719 3144 887 3198 omnia
937 3161 997 3199 ex
1024 3144 1200 3198 ordine
1243 3154 1500 3215 gerantur.
1549 3141 1610 3198 Si

72 3247 198 3291 autem
235 3237 378 3293 alicui
419 3253 608 3294 sermo
634 3237 931 3308 erogandus
961 3245 1060 3305 est,
1119 3245 1173 3293 et
1199 3238 1270 3292 ita
1299 3246 1526 3307 occupat
1552 3247 1610 3294 ut

72 3328 257 3383 manibus
288 3332 493 3400 cperari
529 3345 637 3383 non
664 3337 853 3394 vacet;
891 3328 1145 3399 numquid
1188 3328 1289 3384 hoc
1333 3345 1522 3384 omnes
1553 3329 1606 3384 in

74 3422 327 3476 monasterio
354 3431 614 3490 possunt,
650 3421 985 3476 venientibus
1016 3421 1081 3476 ad
1112 3437 1170 3476 se
1191 3437 1257 3476 ex
1283 3421 1387 3476 alio
1412 3437 1608 3492 genere

74 3509 158 3563 vitm
178 3511 419 3580 fratribus,
457 3513 549 3568 vel
577 3512 786 3568 divinas
815 3513 1071 3569 lectiones
1099 3528 1390 3592 exponere,
1431 3514 1512 3583 vel
1539 3514 1607 3570 de

74 3600 270 3671 aliquibus
303 3606 693 3676 quaestionibus
734 3607 1016 3661 salubriter
1045 3606 1352 3678 disputare?
1385 3607 1606 3677 Quando

75 3705 166 3760 ergo
187 3710 271 3748 non
301 3712 485 3753 omnes
523 3706 768 3767 possunt,
801 3713 897 3751 cur
920 3697 1019 3751 sub
1047 3698 1148 3752 hoc
1174 3697 1392 3752 obtentu
1419 3714 1606 3754 onmes

75 3796 214 3841 vacare
251 3788 461 3844 volunt?
503 3790 821 3860 Quanquam
859 3791 957 3845 etsi
1007 3804 1194 3846 omnes
1235 3800 1476 3861 possent,
1524 3792 1606 3846 vi—

76 3873 319 3935 cissitudine
344 3880 529 3937 facere
568 3880 824 3937 deberent
866 3883 930 3948 ';
962 3897 1065 3937 non
1105 3883 1276 3936 solum
1319 3900 1386 3938 ne
1425 3886 1604 3939 caeteri

76 3974 383 4028 anecessariis
409 3974 671 4044 operibus
709 3983 1117 4045 occuparentur,
1166 3973 1259 4029 sed
1298 3975 1454 4029 etiam
1483 3977 1605 4046 quia

76 4058 219 4115 sullicit
234 4072 287 4118 ut
313 4065 651 4121 audientibus
672 4066 913 4135 pluribus
935 4082 1070 4120 unus
1093 4065 1378 4138 loquatur?
1401 4067 1604 4124 Deinde

77 4145 147 4215 ipsi
169 4152 396 4223 Apostolo
423 4157 700 4230 quomodo
723 4167 934 4212 vacaret
963 4143 1177 4228 operari
1199 4157 1444 4218 manibus
1470 4159 1600 4226 suis,

78 4240 145 4294 nisi
169 4243 222 4298 ad
260 4249 581 4319 erogandum
608 4250 825 4304 verbum
856 4249 954 4304 Dei
1000 4258 1144 4304 certa
1189 4257 1428 4320 tempora
1470 4265 1603 4304 con-

77 4331 290 4390 stitueret?
312 4337 490 4410 Neque
523 4340 665 4395 enim
702 4349 754 4394 et
783 4339 884 4394 hoc
924 4340 1060 4394 Deus
1088 4341 1254 4394 latere
1283 4355 1380 4394 nos
1418 4341 1601 4395 voluit.

77 4419 170 4478 Nam
193 4440 236 4483 et
253 4432 392 4501 cujus
409 4431 548 4488 artis
573 4432 750 4502 opifex
775 4431 952 4499 fuerit,
989 4441 1042 4487 et
1064 4433 1254 4503 quibus
1278 4432 1604 4502 temporibus

78 4527 237 4574 vacaret
257 4521 610 4592 dispensando
635 4523 944 4594 Evangelio,
974 4534 1157 4578 sancta
1188 4523 1460 4594 Scriptura
1494 4541 1600 4580 non

81 4609 214 4664 tacuit.
261 4612 384 4669 Nam
420 4631 545 4670 cum
587 4631 710 4670 eum
756 4615 872 4670 dies
911 4615 1253 4685 profectionis
1300 4625 1512 4687 urgeret
1551 4619 1602 4680 in

81 4692 237 4757 Troade
259 4707 616 4774 constitutum,
647 4711 805 4764 etiam
836 4710 887 4763 in
916 4724 1015 4763 una
1045 4692 1248 4764 sabbati
1269 4711 1602 4781 congregatis

83 4785 276 4852 fratribus
296 4798 358 4852 ad
382 4799 731 4871 frangendum
763 4817 975 4871 panem,
1000 4809 1145 4856 tanta
1175 4801 1272 4857 fuit
1294 4803 1520 4858 intentio
1550 4811 1604 4859 et

84 4886 159 4935 lam
197 4894 472 4947 necessaria
515 4893 823 4963 disputatio,
878 4901 936 4948 ut
982 4910 1162 4951 sermo
1217 4895 1603 4965 produceretur

84 4986 207 5044 usque
227 4981 284 5035 ad
304 4984 527 5040 medium
559 4987 728 5040 noctis
761 4986 894 5057 (Act.
925 5002 1016 5052 xx,
1048 4987 1126 5056 7),
1159 4995 1408 5058 tanquam
1449 4988 1597 5042 exci-

82 5061 205 5123 dissct
225 5072 292 5126 eis
323 5077 458 5147 quod
503 5094 563 5133 eo
599 5078 686 5134 die
719 5095 824 5133 non
869 5088 1012 5135 esset
1050 5079 1350 5150 jejunium:
1383 5082 1600 5149 quando

83 5164 214 5213 autem
239 5162 284 5216 iu
305 5166 474 5237 aliquo
495 5169 610 5224 loco
638 5170 948 5226 immoratus
970 5170 991 5203 ³
1013 5173 1248 5242 quotidie
1274 5172 1595 5248 diSputabat,

83 5245 170 5310 quis
191 5249 482 5314 dubitaverit
512 5261 668 5317 horas
693 5277 814 5317 eum
845 5261 1096 5320 habuisse
1124 5264 1192 5331 ad
1227 5265 1329 5322 hoc
1367 5245 1597 5334 officium

131 5423 402 5454 ἰώπων-ιι--
473 5451 516 5454 Δγ
561 5439 600 5454 ,.

131 5424 303 5482 ‘Plures
321 5441 441 5498 Ma,
587 5439 600 5452 '
797 5479 808 5493 ,

131 5454 1227 5582 ἒὲξηὲᾔςελὲεάῗιὲείειεετςάςθοτω-
1276 5568 1287 5582 .
1352 5571 1362 5582 .
1514 5571 1526 5582 .

87 5549 362 5668 gmw
378 5549 502 5625 uss;
578 5549 1117 5632 iiab'Eéb'iTniiMié'
1128 5549 1227 5622 .7th
1242 5568 1483 5635 plerique,
1505 5571 1599 5624 im-

92 5657 424 5784 “lldlwmna,
441 5696 883 5808 amt-lanarum
903 5699 954 5745 et
967 5693 1225 5759 remigum,
1241 5707 1339 5759 quo
1358 5707 1417 5747 se
1430 5704 1600 5749 mutuo

3219 266 3328 332 560

1733 369 2052 442 deputatas?
2097 371 2338 444 Namque
2373 376 2513 445 apud
2553 378 2788 437 Athenas
2827 397 2947 437 cum
2990 392 3151 452 esset,
3195 387 3324 457 quia

1728 463 2146 519 studiosissimos
2185 481 2363 520 rerum
2408 467 2750 538 inquisitores
2796 472 3088 538 invenerat,
3138 476 3208 532 ita
3250 477 3319 533 de

1728 555 1820 611 illo
1854 557 2108 626 scriptum
2153 567 2272 612 est:
2322 556 2630 629 Disputabal
2685 563 2839 632 igitur
2875 580 2987 618 cum
3032 566 3225 621 .luda'is
3265 569 3318 621 in

1726 664 2001 720 synagoga,
2028 657 2076 703 et
2101 646 2342 703 Gentibus
2365 651 2543 707 incolis
2571 653 2622 706 in
2653 654 2768 722 foro
2802 655 2817 686 ¹
2844 673 2931 722 per
2968 674 3161 711 onmem
3191 659 3318 710 dicm

1727 741 1793 793 ad
1821 742 1944 794 eos'
1966 741 2054 811 qui
2080 740 2313 796 aderant.
2367 741 2488 797 Non
2517 745 2658 798 enim
2691 745 2743 799 in
2783 761 3046 818 synagoga
3080 765 3172 817 per
3199 766 3284 802 om

1726 846 1850 886 nem
1894 830 2054 896 diem,
2106 832 2195 886 ubi
2244 847 2360 886 mos
2390 844 2506 888 erat
2543 835 2765 890 sabbato
2800 840 3144 894 sermocinari
3178 858 3188 890 τ
3225 845 3316 893 sed

1725 925 1778 976 in
1802 926 1932 993 foro,
1960 922 2147 993 inquit,
2174 931 2262 992 per
2282 941 2480 980 omnem
2509 926 2670 992 diem;
2692 936 2912 998 propter
2933 932 3105 985 studia
3137 932 3317 1002 utique

1724 1013 2149 1071 Atheniensium.
2181 1015 2268 1072 Sic
2293 1017 2435 1071 enim
2464 1019 2707 1088 sequitur
2738 1038 2753 1074 :
2787 1020 3006 1089 Quidam
3033 1039 3148 1077 vero
3181 1022 3313 1094 Epi-

1723 1119 1990 1158 cureorum
2016 1113 2063 1159 et
2093 1105 2382 1160 Stoicorum
2407 1107 2825 1179 philosophorum
2850 1114 3175 1184 conferebant
3201 1131 3315 1168 cum

1723 1193 1831 1248 illo.
1863 1193 1930 1248 Et
1961 1195 2114 1264 paulo
2145 1206 2264 1266 post
2291 1195 2456 1252 dicit:
2484 1199 2808 1256 Athenienses
2834 1212 2998 1257 autem
3035 1216 3080 1258 et
3111 1209 3318 1262 aduente

1723 1287 1943 1357 hospites
1964 1289 2032 1342 ad
2065 1289 2194 1343 nihil
2219 1288 2362 1344 aliud
2403 1291 2665 1361 uacabant,
2714 1312 2867 1366 quam
2912 1299 3079 1353 dicere
3115 1302 3315 1371 aliquid

1723 1381 1855 1446 novi,
1878 1391 1964 1434 aut
1990 1381 2165 1436 audire
2191 1381 2326 1456 (Aet.
2357 1401 2484 1452 xv",
2514 1387 2602 1454 17,
2639 1389 2723 1451 l8,
2750 1388 2863 1460 21).
2893 1391 3147 1447 Putemus
3175 1397 3313 1463 Apo-

1723 1472 1916 1526 stolum
1948 1472 2052 1526 illis
2089 1474 2336 1530 omnibus
2361 1475 2548 1533 diebus
2576 1479 2766 1549 quibus
2796 1480 2893 1535 fuit
2927 1485 3170 1548 Athenis,
3206 1503 3311 1541 non

1723 1563 1884 1620 fuisse
1909 1573 2183 1634 operatum
2212 1583 2227 1631 ;
2258 1577 2474 1637 propter
2505 1569 2608 1624 hoc
2646 1572 2789 1626 enim
2834 1583 2889 1627 et
2914 1589 2978 1628 cx
3005 1574 3309 1631 Macedonia

1721 1657 2066 1727 supplebatur
2107 1657 2224 1725 ejus
2262 1659 2586 1730 indigentia,
2634 1662 2772 1716 sicut
2809 1664 2937 1719 dicit
2982 1666 3032 1719 in
3079 1667 3310 1721 secunda

1722 1747 1787 1803 ad
1831 1749 2139 1804 Corinthios
2185 1748 2253 1820 (ll
2284 1749 2402 1805 Cor.
2450 1767 2524 1816 at,
2575 1752 2680 1822 9):
2739 1770 3044 1826 quanquam
3091 1768 3147 1814 et
3194 1760 3314 1814 aliis

1723 1838 1871 1894 horis
1895 1848 1949 1896 et
1989 1840 2234 1899 noctibus
2261 1849 2487 1911 poterat,
2520 1843 2641 1913 quia
2683 1845 2754 1900 ita
2787 1847 2999 1902 valebat
3043 1860 3096 1904 et
3132 1852 3314 1906 animo

1720 1940 1775 1986 et
1793 1947 2035 2002 corpore.
2063 1932 2172 1988 Sed
2205 1949 2326 1987 cum
2358 1934 2580 1989 Athenis
2612 1937 2831 2002 exisset,
2865 1939 3140 1996 videamus
3185 1943 3314 2011 quid

1721 2023 1847 2078 dicit
1905 2024 2230 2095 Scriptura:
2287 2023 2628 2093 Disputabat,
2689 2023 2998 2099 inquit,'in
3051 2049 3316 2104 synagoga

1721 2131 1810 2185 per
1834 2132 1981 2170 omne
2016 2115 2277 2170 sabbatum
2302 2132 2322 2170 :
2351 2117 2453 2173 hoc
2473 2119 2614 2188 apud
2640 2119 2974 2176 Corinthum.
3018 2123 3074 2178 In
3106 2125 3315 2182 Troade

1723 2224 1868 2277 vero,
1920 2209 2006 2264 ubi
2055 2211 2374 2268 necessitate
2426 2211 2756 2269 imminentis
2811 2214 3156 2284 profectionis
3213 2235 3309 2274 us-

1718 2318 1825 2374 que
1869 2304 1935 2358 ad
1985 2304 2218 2360 medium
2267 2307 2438 2361 noctis
2485 2322 2663 2362 sermo
2705 2316 3005 2377 protractus
3057 2312 3157 2380 est,
3208 2330 3314 2370 una

1719 2394 1924 2450 sabbati
1976 2404 2124 2460 erat,
2176 2396 2266 2466 qui
2329 2396 2446 2452 dies
2505 2396 2807 2455 dominicus
2863 2401 3116 2457 dicitur:
3169 2405 3312 2462 unde

1720 2485 2062 2556 intelligimus
2098 2501 2221 2542 eum
2267 2503 2371 2543 non
2414 2487 2580 2544 fuisse
2626 2505 2748 2545 cum
2779 2491 3001 2560 Judzeis,
3053 2496 3146 2550 sed
3184 2511 3309 2553 cum

1718 2577 2080 2642 Christianis;
2129 2579 2343 2650 quando
2386 2581 2547 2637 etiam
2609 2582 2740 2638 dicit
2788 2585 2904 2654 ipse
2951 2596 3196 2642 narrator
3239 2589 3312 2645 ad

1719 2667 2064 2739 frangendum
2097 2685 2286 2740 panem
2333 2671 2500 2728 fuisse
2527 2673 2802 2730 collectos.
2829 2676 2896 2730 Et
2925 2679 3036 2746 ipsa
3064 2688 3146 2734 est
3171 2683 3311 2750 opti-

1719 2775 1804 2815 ma
1857 2762 2192 2830 gubernatio,
2220 2771 2279 2817 ut
2318 2763 2494 2818 omnia
2525 2765 2636 2820 suis
2663 2767 2993 2836 temporibus
3020 2768 3309 2828 distributa

1718 2867 1783 2908 ex
1804 2852 1992 2908 ordine
2013 2863 2287 2924 gerantur,
2318 2871 2386 2911 ne
2408 2857 2643 2912 animum
2677 2859 2965 2916 humanum
2987 2863 3306 2920 turbulentis

1719 2946 2167 3015 implicationihus
2192 2948 2430 3005 involuta
2461 2952 2795 3020 perturbent.

1788 3035 2014 3093 CAPUT
2059 3039 2200 3096 XIX.
2232 3070 2304 3082 —
2342 3041 2430 3094 2'2.
2467 3040 2745 3112 Operatsmt
2783 3062 2890 3100 esse
2922 3045 3144 3102 Paulum
3181 3067 3310 3119 opus

1721 3144 1834 3186 uere
1877 3131 2158 3202 corporale.
2225 3132 2298 3186 lbi
2345 3133 2505 3188 etiam
2556 3134 2750 3190 dicitur
2801 3139 2928 3208 quid
2984 3143 3306 3210 operabatur

1716 3225 2025 3292 Apostolus.
2074 3224 2201 3280 Post
2226 3227 2352 3291 hac,
2377 3228 2567 3298 inquit,
2598 3245 2826 3300 egressus
2849 3230 2913 3285 ab
2943 3233 3150 3289 Athenis
3178 3239 3310 3291 venit

1715 3314 2052 3382 Corinthum;
2080 3326 2128 3370 et
2167 3333 2283 3371 cum
2322 3319 2588 3374 inuenisset
2625 3322 2895 3392 quandam
2938 3323 3177 3380 Judaeum
3209 3345 3308 3383 no-

1714 3409 1847 3462 mine
1865 3407 2119 3477 Aquilam,
2155 3408 2422 3466 Ponticum
2445 3429 2643 3483 genere,
2671 3432 2847 3470 recens
2875 3417 3219 3475 advenientem
3246 3425 3309 3477 ab

1713 3496 1742 3555 1
1750 3499 1893 3566 talia,
1934 3509 1982 3553 et
2030 3499 2324 3556 Priscillam
2365 3519 2576 3559 uxorem
2616 3505 2780 3576 ipsius
2800 3551 2813 3574 ,
2869 3521 3134 3578 prapterea
3174 3515 3311 3584 quod

1704 3589 1942 3659 jussisset
1996 3589 2240 3647 Claudius
2295 3595 2556 3650 discedere
2602 3613 2775 3653 omnes
2827 3598 3041 3657 Iudicas
3102 3603 3306 3676 Roma,

1713 3683 1922 3738 accessit
1947 3683 2016 3737 ad
2052 3685 2188 3750 illos,
2218 3695 2264 3739 et
2313 3695 2520 3758 prapter
2565 3691 2692 3745 artis
2716 3692 3096 3748 similitudinem
3124 3699 3310 3753 mansit

1713 3775 1854 3844 apud
1892 3774 2010 3830 illos
2053 3793 2183 3846 opus
2227 3779 2420 3850 faciens
2443 3795 2463 3834 :
2505 3790 2649 3834 erant
2691 3783 2822 3836 enim
2868 3785 3307 3844 tabernaculorum

1712 3865 1933 3934 artiﬁces
1966 3867 2042 3937 (a)
2083 3868 2222 3938 (Act.
2270 3885 2422 3937 xvut,
2456 3871 2600 3943 1-4).
2652 3873 2766 3928 Hoc
2811 3876 2854 3929 si
2905 3880 3082 3933 conati
3112 3881 3311 3938 fuerint

1712 3957 1996 4027 allegorice
2017 3959 2375 4029 interpretari,
2410 3961 2698 4017 ostendunt
2726 3967 2996 4034 quomodo
3025 3972 3311 4038 proﬁciant

1713 4047 1765 4110 in
1795 4049 2170 4106 ecclesiasticis
2200 4051 2393 4105 litteris
2411 4091 2428 4118 ,
2458 4052 2650 4120 quibus
2673 4069 2732 4109 se
2762 4070 2955 4113 vacare
2986 4059 3304 4128 gloriantur.

1712 4139 1780 4200 Et
1804 4149 1950 4196 certe
1979 4140 2067 4196 illa
2113 4155 2233 4210 qua:
2273 4156 2434 4211 supra
2480 4143 2619 4196 dicta
2697 4154 2854 4212 sunt,
2908 4147 3174 4219 Numquid
3218 4169 3310 4225 ego

1711 4230 1848 4294 solus
1892 4241 1939 4286 et
1985 4230 2250 4288 Barnabas
2292 4249 2395 4288 non
2442 4232 2680 4290 habemus
2728 4249 3026 4308 potestatem
3055 4259 3155 4298 non
3182 4263 3309 4316 ope-

1711 4322 1906 4380 randi?
1933 4330 2014 4386 et,
2054 4322 2175 4378 Non
2199 4339 2375 4388 sumus
2413 4325 2495 4380 usi
2520 4325 2617 4378 hac
2641 4338 2885 4398 potestate
2911 4331 2956 4401 (Ι
2986 4331 3106 4387 Cor.
3139 4351 3213 4402 tx,
3247 4337 3303 4406 6,

1715 4411 1847 4483 i2);
1893 4423 1975 4477 et,
2016 4411 2143 4470 Cum
2181 4430 2440 4485 possemus
2493 4415 2634 4472 vobis
2688 4421 2831 4475 oneri
2869 4439 2976 4477 esse
3014 4434 3071 4478 ut
3120 4425 3309 4483 Christi

1713 4504 1942 4576 Apostoli
1986 4506 2028 4578 (Ι
2059 4504 2240 4562 Thess.
2263 4523 2322 4574 tt,
2360 4505 2454 4579 7);
2500 4517 2575 4575 et,
2610 4509 2776 4566 Nocte
2815 4524 2865 4567 et
2901 4514 2983 4570 die
3019 4530 3304 4590 aperantes,

1712 4615 1775 4654 ne
1816 4616 1962 4668 quem
2007 4610 2223 4656 uestrum
2261 4615 2587 4672 gravaremus
2631 4601 2694 4676 (Il
2731 4603 2909 4661 Thess.
2962 4623 3035 4674 ut,
3086 4609 3180 4683 8);
3226 4622 3300 4681 et,

1713 4689 1964 4748 Dominus
1998 4693 2246 4750 ordinauit
2281 4694 2352 4748 eis
2372 4696 2460 4766 qui
2501 4695 2832 4768 Euangelium
2871 4705 3197 4770 annuntiant,
3243 4708 3306 4762 de

1716 4782 1993 4856 Evangelia
2019 4786 2220 4852 vivere;
2245 4802 2339 4857 ego
2391 4794 2562 4842 autem
2599 4789 2792 4843 nullius
2816 4791 2998 4847 horum
3038 4813 3161 4851 usus
3187 4816 3302 4854 sum

1713 4875 1887 4946 (lCor.
1905 4893 1978 4942 rx,
2002 4878 2067 4931 Μ
2083 4886 2128 4932 et
2150 4877 2241 4946 15)
2263 4885 2348 4931 :et
2367 4885 2558 4934 cetera
2577 4878 2901 4949 huiusmodi,
2925 4896 3016 4941 aut
3031 4901 3303 4958 exponant

1711 4966 1883 5030 aliter,
1928 4975 2022 5026 aut
2054 4967 2097 5028 si
2142 4967 2550 5037 prmclarissima
2589 4969 2707 5024 luce
2747 4974 2988 5030 veritatis
3024 4989 3300 5049 urgentur,

1711 5059 2008 5130 intelligant
2040 5068 2094 5114 et
2118 5059 2372 5114 obediant
2403 5078 2416 5114 :
2445 5071 2536 5116 aut
2561 5062 2606 5118 si
2631 5063 2853 5122 obedire
2883 5069 2966 5124 vel
2996 5073 3185 5127 nolunt
3216 5076 3297 5129 vel

1710 5168 1815 5208 non
1852 5160 2096 5221 possunt,
2139 5151 2329 5207 saltem
2369 5152 2490 5208 illos
2517 5155 2605 5224 qui
2637 5156 2843 5226 volunt,
2887 5163 3161 5231 meliores,
3208 5169 3298 5235 qui

1710 5255 1887 5304 autem
1916 5252 1970 5300 et.
1998 5252 2236 5315 possunt,
2264 5245 2528 5301 feliciores
2553 5261 2674 5304 esse
2699 5248 2983 5309 fateantur.
3031 5256 3188 5310 Aliud
3216 5266 3301 5312 est

1709 5339 1852 5400 enim
1876 5338 2115 5409 corporis
2158 5337 2520 5394 inﬁrmitatem
2541 5381 2555 5405 ,
2588 5341 2674 5397 vel
2703 5358 2885 5413 verum
2926 5348 3180 5417 allegare,
3209 5347 3296 5400 vel

1715 5571 1727 5584 ο
1773 5510 2268 5588 iam”
2289 5511 2558 5588 milia
2579 5515 2699 5588 θνα
2720 5524 2828 5588 θ’).
2851 5517 3068 5588 Mus
3090 5517 3299 5588 εἰπφᾴίε

1707 5571 1758 5628 in
1793 5555 2566 5650 [ὧρόῖ’ἓῧῆἷάῑιῖἎῖἑεῖῖξεῖἱῐῖθξιὲ
2579 5555 3114 5707 siti-2.23.1707;
3115 5555 3303 5644 mi;

1707 5637 2022 5707 qurigcensis
2037 5646 2187 5707 vetus
2208 5639 2380 5707 codex,
2408 5637 2623 5702 gentibus
2642 5637 2810 5707 incolis
2831 5637 2883 5692 in
2980 5656 3027 5694 ο.

1772 5677 2623 5776 a‘eeraaaemwis:
2631 5677 2816 5776 ἇὲῖέδέ

1773 5759 1846 5822 (a)
1877 5755 2058 5821 Graece,
2085 5755 2372 5825 slténopm'ail
