3880 6284
578 316 681 371 567

583 451 772 507 falsam
816 445 1199 515 prmtendere:
1243 440 1387 499 aliud
1429 450 1608 497 autem
1645 440 1724 496 sic
1765 440 1976 511 decipi,
2018 447 2073 495 et
2098 437 2178 494 sic

582 543 853 613 decipere,
885 548 943 594 ut
969 539 1188 609 insuper
1208 537 1329 593 ideo
1350 535 1592 591 videatur
1617 535 1672 589 in
1691 534 1860 591 servis
1881 534 1976 589 Dei
2009 532 2181 601 major

585 650 707 691 esse
758 631 994 704 justitia,
1042 629 1165 701 quia
1214 628 1387 699 potuit
1446 628 1586 682 inter
1630 627 1908 697 imperitos
1953 638 2181 695 regnare

582 727 815 798 pigritia.
864 725 966 794 Qui
1009 725 1151 779 enim
1180 738 1362 778 veram
1402 721 1643 792 corporis
1672 719 1906 775 ostendit
1948 718 2179 774 infirmi-

585 828 781 886 tatem,
829 817 1062 873 humane
1100 812 1414 870 tractandus
1462 820 1581 877 est;
1624 814 1716 883 qui
1759 820 1937 886 autem
1988 810 2179 866 falsam

585 910 870 981 praetendit
896 919 953 965 et
994 907 1239 964 convinci
1284 921 1389 960 non
1422 913 1628 976 potest,
1676 906 1785 960 Deo
1829 904 2179 961 dimittendus

586 1012 668 1059 est
693 1021 705 1056 :
730 1010 919 1056 neuter
937 1010 1116 1056 tamen
1141 1015 1325 1055 eorum
1352 999 1707 1069 perniciosam
1729 998 1969 1069 regulam
1994 997 2106 1068 figit
2123 997 2175 1063 ¹;

587 1097 707 1165 quia
735 1095 906 1150 bonus
930 1108 1117 1149 servus
1147 1094 1241 1149 Dei
1269 1104 1324 1149 et
1350 1093 1630 1149 manifeste
1660 1094 1873 1148 infirmo
1901 1092 2050 1147 fratri
2081 1106 2180 1147 suo

586 1187 772 1251 servit,
800 1194 854 1240 et
878 1185 1080 1240 fallenti
1125 1201 1246 1241 cum
1276 1186 1467 1251 credit,
1513 1186 1635 1257 quia
1679 1184 1877 1239 malum
1906 1200 2029 1239 eum
2069 1198 2178 1239 non

583 1284 755 1346 putat,
787 1291 893 1331 non
924 1275 1164 1333 imitatur
1187 1286 1246 1331 ut
1271 1277 1445 1332 malus
1465 1277 1535 1331 sit
1560 1293 1575 1342 ;
1606 1285 1661 1332 et
1688 1277 1733 1332 si
1764 1292 1871 1331 non
1911 1277 1959 1331 ei
1984 1275 2175 1341 credit,

584 1368 828 1424 fallacem
851 1378 1022 1441 putat,
1062 1386 1126 1425 ac
1149 1370 1500 1426 nihilominus
1523 1385 1631 1426 non
1659 1371 1915 1425 imitatur.
1972 1371 2055 1426 Ab
2084 1369 2178 1425 illo

583 1476 714 1515 vero
754 1461 847 1531 qui
873 1461 1019 1528 dicit,
1063 1461 1191 1517 Haec
1228 1470 1312 1517 est
1348 1476 1472 1517 vera
1503 1461 1730 1532 justitia,
1773 1471 1830 1516 ut
1879 1462 2015 1516 nihil
2052 1476 2178 1517 cor-

584 1553 839 1625 poraliter
878 1554 1151 1623 operando
1180 1554 1453 1610 imitemur
1479 1554 1712 1609 volatilia
1748 1554 1895 1621 cmli,
1925 1555 2177 1625 quoniam

584 1645 675 1715 qui
706 1645 813 1701 tale
854 1644 1056 1715 aliquid
1096 1645 1257 1699 fuerit
1300 1653 1554 1715 operatus
1597 1654 1784 1700 contra
1831 1644 2179 1716 Evangelium

587 1737 748 1791 facit:
783 1737 1025 1807 quisquis
1068 1737 1248 1792 animo
1280 1736 1523 1794 infirmus
1570 1737 1674 1795 hoc
1713 1737 1863 1793 audit
1889 1746 1943 1793 et
1983 1736 2176 1806 credit,

584 1844 694 1884 non
739 1829 863 1899 quia
893 1829 972 1884 sic
1013 1838 1205 1894 vacat,
1251 1829 1347 1886 sed
1393 1830 1519 1901 quia
1567 1831 1647 1887 sic
1688 1838 1870 1897 errat,
1920 1829 2181 1902 lugendus

586 1932 691 1977 est.

660 2016 887 2073 CAPUT
921 2014 1041 2071 XX.
1064 2046 1137 2058 —
1162 2015 1252 2072 25.
1279 2015 1529 2086 Objectio,
1551 2034 1619 2072 an
1640 2019 1806 2073 ceteri
1826 2017 2059 2089 Apostoli
2080 2033 2182 2072 non

591 2108 878 2163 laborantes
897 2124 955 2161 ac
973 2110 1036 2162 de
1054 2108 1327 2181 Evangelia
1344 2111 1562 2165 viventes
1578 2112 1851 2183 peccarint.
1871 2111 2177 2185 Responsio.

592 2201 914 2273 Praeceptum
933 2204 1180 2272 operandi
1201 2220 1285 2258 eos
1302 2214 1530 2273 spectare
1556 2207 1643 2276 qui
1682 2223 1784 2261 non
1811 2207 2178 2279 euangelizant.

588 2291 726 2347 Hinc
749 2294 990 2349 exoritur
1034 2294 1203 2350 altera
1242 2297 1467 2365 quaestio
1501 2315 1514 2351 :
1547 2296 1777 2354 fortasse
1805 2300 1948 2354 enim
1995 2300 2178 2369 dicat,

588 2386 729 2453 Quid
754 2387 921 2456 ergo?
947 2382 1128 2442 caeteri
1154 2388 1397 2458 Apostoli
1419 2397 1474 2445 et
1511 2389 1704 2446 fratres
1741 2391 1951 2447 Domini
1994 2400 2051 2448 et
2076 2393 2181 2448 Ce-

592 2478 724 2548 phas
744 2520 758 2543 ,
790 2479 914 2549 quia
957 2496 1061 2535 non
1084 2481 1470 2551 operabantur,
1497 2483 1831 2552 peccabant?
1855 2493 1942 2538 aut
1989 2486 2183 2541 affere-

591 2570 722 2625 bant
750 2570 1188 2640 impedimentum
1218 2573 1529 2644 Evangelio,
1558 2576 1680 2646 quia
1695 2576 1824 2631 dicit
1843 2575 2030 2632 beatus
2048 2577 2185 2631 Pau-

590 2660 678 2716 lus
697 2703 710 2726 ,
745 2662 865 2718 ideo
886 2678 948 2719 se
978 2678 1084 2718 non
1115 2680 1267 2718 usum
1309 2664 1407 2720 hac
1430 2676 1718 2736 potestate,
1760 2683 1828 2723 ne
1853 2668 1996 2738 quod
2024 2668 2187 2739 impe-

591 2754 887 2813 dimentum
918 2757 1071 2812 daret
1092 2757 1381 2829 Evangelio
1406 2758 1603 2815 Christi
1624 2761 1648 2814 ?
1668 2760 1724 2816 Si
1754 2762 1897 2816 enim
1922 2777 2185 2831 peccave-

589 2856 752 2913 runt,
782 2850 905 2918 quia
932 2865 1038 2904 non
1082 2851 1289 2919 operati
1339 2860 1498 2918 sunt,
1541 2867 1647 2907 non
1686 2867 1813 2922 ergo
1862 2864 2187 2924 acceperant

592 2947 916 3009 potestatem
946 2955 1048 2994 non
1076 2942 1331 3009 Operandi
1353 2983 1368 3006 ,
1410 2943 1505 2997 sed
1532 2943 1599 2997 de
1629 2944 1921 3015 Evangelio
1947 2946 2180 3001 vivendi.

592 3032 651 3088 Si
679 3044 855 3088 autem
882 3041 1202 3102 acceperant
1223 3032 1362 3103 ha'nc
1382 3044 1699 3104 potestatem
1722 3079 1735 3103 ,
1768 3037 2053 3094 ordinante
2079 3039 2186 3094 Do-

594 3123 742 3178 mino
767 3133 826 3178 ut
850 3125 938 3195 qui
967 3125 1315 3197 Evangelium
1345 3128 1728 3185 annuntiarent
1748 3171 1763 3196 ,
1791 3144 1857 3184 ex
1893 3131 2184 3203 Evangelio

1510 320 1593 374 DE
1631 320 1860 376 υΡΕιιΕ
1898 316 2184 376 MONACHl

2293 316 2392 383 JM,
2435 315 2493 372 S.
2535 316 2905 375 AUGUSTINI
3725 333 3807 396 ξοδ

2291 436 2535 491 conversi
2560 434 2629 490 ad
2658 435 2824 491 Deum
2854 434 3214 508 indigentibus
3226 437 3489 510 dispertiti
3510 453 3656 515 sunt,
3673 458 3807 509 clere.

2285 524 2457 580 denda
2479 534 2562 581 est
2589 540 2778 581 eorum
2806 526 3091 583 infirmitas
3131 537 3187 585 et
3213 528 3452 586 ferenda.
3482 531 3657 592 Solent
3696 543 3802 599 enim

2287 615 2445 680 tales,
2471 631 2579 672 non
2606 617 2829 685 melius,
2877 618 3016 674 sicut
3035 619 3203 674 'multi
3242 628 3466 691 putant,
3505 625 3595 681 sed
3612 630 3731 698 quod
3748 645 3808 690 est

2285 723 2500 777 verum,
2534 710 2836 782 languidius
2858 711 3102 777 educati,
3134 714 3374 771 laborem
3415 730 3627 788 operum
3664 739 3808 796 corpu.

2283 803 2477 859 ralium
2502 804 2768 861 sustinere
2792 820 2899 861 non
2918 821 3096 876 posse.
3119 805 3277 863 Tales
3300 806 3531 866 fortasse
3552 814 3809 875 mollierant

2284 895 2341 949 in
2370 894 2725 968 .lerosolyma.
2758 896 2892 953 Nam
2922 908 2977 955 et
3001 898 3257 969 scriptum
3284 910 3373 957 est
3395 903 3538 973 quod
3566 906 3732 975 praedi:
3745 926 3809 967 sua

2283 988 2646 1057 vendiderint,
2683 999 2739 1046 et
2759 992 2928 1062 pretia
2955 1006 3139 1048 eorum
3165 1002 3292 1049 ante
3311 994 3479 1065 pedes
3498 997 3811 1067 Apostolorum

2284 1084 2594 1153 posuerint,
2619 1092 2677 1139 ut
2695 1084 3107 1143 distribueretur
3132 1087 3422 1159 unicuique
3450 1089 3589 1145 sicut
3605 1106 3720 1163 opus
3731 1106 3813 1151 erat

2286 1170 2419 1246 (Act.
2452 1189 2525 1240 ιι,
2558 1175 2659 1242 45,
2688 1185 2737 1229 et
2764 1190 2848 1241 tv,
2872 1176 2989 1249 54).
3017 1177 3151 1246 Quia
3176 1193 3346 1250 prOpe
3395 1180 3596 1238 inventi
3615 1193 3742 1251 sunt,
3777 1199 3816 1243 et

2285 1252 2447 1320 utiles
2470 1265 2684 1321 fuerunt
2711 1267 2972 1324 Gentibus
2997 1269 3042 1337 ¹,
3070 1285 3190 1340 quae
3214 1270 3284 1325 ab
3314 1271 3582 1328 idolorum
3626 1276 3742 1331 cultu
3770 1294 3815 1334 ex

2284 1350 2575 1423 longinquo
2600 1353 2930 1410 vocabantur
2948 1396 2963 1421 ,
3016 1356 3309 1412 secundum
3349 1358 3484 1414 illud
3513 1361 3646 1430 quod
3665 1362 3815 1419 dictum

2284 1452 2396 1511 est,
2423 1444 2507 1500 Ea:
2533 1446 2662 1502 Sion
2687 1448 2889 1516 prodiet
2913 1449 3024 1516 lex,
3054 1458 3101 1504 et
3123 1449 3329 1504 verbum
3353 1450 3562 1506 Domini
3586 1452 3818 1509 calama-

2284 1535 2383 1592 lem
2412 1535 2564 1612 (Isai.
2593 1555 2663 1606 ιι,
2694 1540 2750 1611 ’5)
2783 1558 2799 1596 :
2824 1540 3097 1598 debitores
3126 1557 3314 1598 eorum
3340 1544 3483 1599 dixit
3504 1546 3755 1616 Apostolus
3770 1564 3816 1604 ex

2284 1628 2543 1688 Gentibus
2565 1631 2936 1699 Christianos,
2973 1632 3230 1690 Debitores
3257 1652 3468 1703 eorum,
3502 1636 3687 1709 inquit,
3706 1650 3814 1705 sunt;

2285 1730 2339 1777 et
2357 1721 2562 1777 addidit
2584 1738 2780 1792 quare,
2812 1722 2873 1779 Si
2896 1723 3031 1779 enim
3056 1725 3413 1795 spiritualibus
3442 1743 3640 1795 eorum,
3669 1728 3815 1800 inquit,

2285 1815 2773 1870 communicaverunt
2802 1814 2986 1873 Gentes
3008 1858 3024 1883 ,
3069 1816 3249 1873 debent
3278 1829 3330 1875 et
3354 1820 3413 1875 in
3456 1821 3721 1877 carnalibus
3748 1824 3818 1877 mi-

2285 1903 2501 1959 nistrare
2527 1906 2598 1960 eis
2627 1905 2805 1981 (Rom.
2838 1924 2913 1964 xv
2932 1950 2947 1973 ,
2975 1907 3094 1981 27).

2356 1997 2583 2056 CAPUT
2638 1999 2806 2056 XXII.
2834 2032 2908 2042 —
2951 2001 3141 2058 Contra
3169 2004 3362 2060 otiosos
3404 2013 3454 2060 et
3482 2006 3724 2071 verbosos,
3760 2009 3817 2077 qvi

2287 2092 2516 2162 exemplo
2544 2102 2589 2146 et
2616 2091 2765 2148 verba
2810 2094 2940 2150 alios
2986 2104 3201 2150 avocant
3242 2112 3276 2150 a
3312 2095 3510 2152 labore.
3536 2096 3673 2153 Nunc
3690 2108 3815 2153 autem

2287 2184 2507 2240 veniunt
2532 2184 2846 2257 plerumque
2892 2186 2959 2242 ad
3006 2188 3143 2243 hanc
3183 2188 3582 2259 professionem
3605 2191 3813 2245 servitutis

2288 2274 2382 2330 Dei
2411 2285 2467 2332 et
2506 2293 2573 2332 ex
2619 2265 2947 2334 conditione.
2971 2279 3151 2335 servili
3176 2322 3192 2346 ,
3248 2281 3337 2335 vel
3363 2282 3527 2337 etiam
3556 2281 3733 2348 liberti,
3760 2282 3815 2337 vel
3862 2294 3863 2297 ‘

2289 2377 2508 2441 pr0pter
2555 2370 2657 2425 hoc
2680 2385 2712 2425 a
2737 2370 2970 2427 dominis
3014 2372 3368 2430 liberatisive
3407 2374 3690 2439 liberandi.
3714 2384 3756 2431 et
3772 2392 3815 2431 ex
3862 2422 3863 2457 ξ

2289 2461 2397 2516 vita
2450 2464 2719 2519 rusticana
2740 2506 2756 2527 ,
2788 2473 2844 2520 et
2871 2480 2937 2520 ex
2968 2465 3220 2536 opificum
3247 2469 3631 2526 exercitatione
3666 2479 3712 2526 et
3739 2470 3814 2541 ple-
3862 2460 3863 2497 ³

2289 2551 2412 2609 beio
2435 2554 2618 2610 labore
2640 2595 2655 2619 ,
2685 2564 2833 2611 tanto
2861 2556 3042 2626 utique
3071 2556 3279 2614 felicius
3306 2569 3514 2630 quanto
3542 2562 3706 2618 fortius
3725 2561 3814 2616 eduo

2289 2645 2393 2699 cati
2424 2645 2551 2715 :qui
2596 2646 2641 2700 si
2698 2662 2804 2701 non
2856 2647 3237 2715 admittantur,
3284 2666 3458 2721 grave
3494 2652 3716 2710 delictum
3745 2661 3812 2708 esL
3858 2698 3863 2729 γ

2291 2736 2439 2791 Multi
2462 2736 2603 2791 enim
2632 2753 2698 2792 ex
2722 2753 2789 2793 eo
2813 2755 3038 2796 numero
3058 2756 3186 2797 vere
3215 2742 3402 2814 magni
3430 2752 3486 2799 et
3526 2744 3731 2800 imitandi
3756 2760 3815 2797 ex-
3862 2788 3863 2791 η

2290 2826 2563 2881 stiterunt.
2585 2826 2717 2883 Nam
2740 2838 3022 2900 propterea
3051 2842 3098 2885 et
3117 2833 3329 2902 inﬁrma
3355 2834 3535 2889 mundi
3556 2836 3684 2907 elegit
3708 2833 3810 2899 Deus,
3862 2872 3863 2879 η

2290 2928 2345 2972 ut
2359 2918 2690 2989 confunderet
2710 2922 2902 2991 fortia;
2930 2931 2976 2977 et
2996 2923 3151 2978 stulta
3176 2925 3359 2979 ntundi
3379 2927 3564 2998 elegit,
3587 2937 3638 2980 ut
3660 2929 3813 2996 confuu-
3862 2976 3863 2979 η

2290 3010 2430 3065 deret
2446 3013 2695 3083 sapientes
2717 3029 2736 3078 ;
2765 3023 2811 3068 et
2836 3014 3078 3085 ignobilia
3104 3016 3301 3084 mundi,
3332 3027 3380 3072 et
3403 3035 3463 3073 ea
3493 3035 3602 3091 qua:
3624 3035 3705 3074 non
3716 3028 3808 3083 sunt,
3858 3048 3863 3067 ι

2293 3112 2532 3175 tanquam
2560 3106 2694 3172 sint,
2731 3117 2786 3160 ut
2810 3122 2870 3161 ea
2891 3122 3005 3177 quia
3028 3123 3145 3162 sunt
3181 3118 3492 3164 evacnentur
3520 3126 3538 3164 :
3563 3121 3612 3164 ut
3637 3126 3717 3164 non
3740 3110 3811 3179 glo-
3858 3098 3863 3149 ἶ

2291 3199 2448 3253 rietur
2470 3198 2633 3253 omnis
2675 3215 2794 3253 caro
2822 3215 2997 3254 coram
3039 3199 3144 3254 Deo
3178 3201 3222 3273 (l
3248 3199 3377 3258 Cor.
3410 3220 3463 3270 ι,
3519 3200 3707 3275 27-29).
3730 3202 3811 3258 Hec
3856 3228 3863 3269 π

2292 3292 2474 3362 itaque
2505 3292 2587 3363 pia
2610 3301 2666 3348 et
2699 3302 2884 3349 sancta
2909 3295 3167 3364 cogitatio
3210 3295 3341 3352 facit
3370 3308 3429 3354 ut
3447 3299 3603 3356 etiam
3629 3298 3735 3353 tales
3752 3295 3811 3350 ad-
3862 3292 3863 3357 ἦ

2292 3383 2571 3439 mittantur
2587 3427 2602 3451 ,
2626 3384 2715 3455 qui
2743 3386 2945 3440 nullum
2965 3385 3198 3443 alferant
3219 3397 3446 3446 mutatae
3474 3391 3526 3446 in
3554 3390 3715 3447 melius
3730 3389 3809 3443 vita
3858 3452 3863 3461 ι

2292 3472 2691 3541 documentum.
2709 3474 2894 3547 Neque
2909 3477 3053 3532 cnim
3078 3488 3303 3549 apparet
3326 3490 3507 3537 utrum
3536 3497 3596 3538 ex
3613 3479 3809 3552 proposito
3860 3500 3863 3552 ι

2293 3564 2564 3620 servitutis
2581 3564 2676 3620 Dei
2695 3566 2941 3622 venerint
2958 3609 2972 3632 ,
2990 3582 3059 3622 an
3076 3569 3238 3623 vitam
3262 3570 3486 3641 in0pem
3498 3582 3550 3628 et
3566 3571 3809 3627 laboriosam

2293 3654 2556 3726 fugientes
2588 3658 2738 3713 vacui
2765 3699 2781 3724 ,
2806 3658 2953 3729 pasci
2976 3669 3139 3731 atque
3166 3662 3359 3718 vestiri
3391 3664 3665 3730 voluerint,
3689 3672 3731 3718 et
3758 3662 3809 3715 in-

2294 3763 2456 3820 super
2478 3749 2733 3806 honorari
2763 3750 2832 3806 ab
2860 3757 2939 3807 els
2965 3768 2995 3807 a
3040 3753 3234 3824 quibus
3263 3758 3541 3812 contemni
3572 3755 3809 3824 conten-ique

2294 3850 2705 3898 consueverant.
2726 3841 2886 3899 Tales
2914 3859 3042 3915 ergo
3067 3845 3324 3916 quoniam
3347 3862 3409 3904 se
3429 3862 3534 3918 quo
3555 3848 3706 3902 minus
3720 3859 3806 3915 ope-

2294 3942 2499 4000 rentur,
2527 3933 2919 3991 deinlirmitate
2947 3936 3187 4006 corporis
3206 3951 3473 3993 excusare
3499 3952 3596 3994 non
3615 3943 3803 4008 possunt;
3858 3932 3863 4039 Ι

593 3217 864 3283 viverent,
915 3227 969 3274 et
1011 3220 1255 3285 dicente,
1298 3219 1494 3290 Dignus
1532 3230 1607 3275 est
1645 3223 1908 3292 operarius
1950 3224 2059 3278 cibo
2093 3241 2186 3280 suo

597 3307 809 3377 (Matth.
843 3324 875 3362 x
899 3350 912 3373 ,
947 3308 1035 3379 10)
1059 3328 1072 3375 ;
1105 3324 1208 3380 qua
1226 3319 1488 3380 potestate
1514 3312 1710 3368 Paulus
1728 3313 1961 3384 amplius
1985 3315 2187 3386 aliquid

597 3400 824 3467 erogaus
853 3399 928 3452 ιιιί
958 3400 1127 3454 uoluit
1160 3419 1172 3455 :
1201 3416 1306 3455 non
1337 3402 1519 3472 utique
1560 3412 1935 3472 peccaverunt.
1978 3405 2036 3461 Si
2080 3423 2186 3463 non

598 3497 956 3556 peccaverunt
979 3531 993 3555 ,
1025 3491 1229 3546 nullum
1249 3492 1686 3562 impedimentum
1704 3494 1986 3551 dederunt.
2004 3496 2189 3568 Neque

597 3579 743 3633 enim
772 3580 975 3634 nullum
1018 3593 1294 3652 peccatum
1344 3595 1462 3649 est,
1507 3586 1765 3656 impedire
1817 3587 2185 3658 Evangelium.

600 3672 756 3741 Quod
796 3674 841 3727 si
877 3675 945 3728 ita
967 3686 1082 3743 est,
1115 3684 1170 3731 et
1205 3677 1392 3744 nobis,
1424 3678 1697 3748 inquiunt,
1729 3680 1955 3737 liberum
1986 3692 2101 3751 est,
2135 3693 2191 3741 et

598 3765 679 3820 nti
704 3777 759 3822 et
784 3783 890 3822 non
926 3769 999 3823 uti
1030 3770 1129 3824 hac
1160 3779 1443 3840 potestate.

670 3857 761 3912 24.
796 3859 943 3913 llanc
969 3861 1316 3930 quaestionem
1367 3863 1603 3919 breviter
1631 3866 1894 3921 solverem
1919 3908 1934 3933 ,
1960 3864 2005 3922 si
2040 3869 2188 3925 dice-

599 3965 712 4006 rem
738 3992 752 4016 ,
781 3952 903 4021 quia
952 3962 1008 4008 et
1055 3956 1197 4023 juste
1226 3955 1458 4013 dicerem
1484 3998 1497 4021 ,
1531 3958 1856 4015 credendum
1901 3975 2022 4017 esse
2048 3964 2190 4033 Apo-

600 4044 761 4099 stolo.
794 4044 911 4114 Ipse
938 4047 1081 4102 enim
1100 4048 1303 4103 sciebat
1321 4064 1418 4104 cur
1447 4050 1499 4105 in
1524 4051 1779 4108 Ecclesiis
1799 4052 2050 4110 Gentium
2082 4072 2190 4112 non

600 4144 873 4203 oporteret
913 4139 1111 4205 portari
1156 4140 1344 4195 venale
1396 4141 1771 4213 Evangelium,
1814 4161 1920 4200 non
1969 4148 2189 4217 culpans

600 4231 938 4300 conpostolos
963 4247 1090 4286 suos
1116 4274 1130 4296 ,
1154 4234 1249 4288 sed
1271 4235 1607 4305 distinguens
1620 4238 1974 4295 ministerium
1996 4257 2149 4297 suum
2173 4259 2187 4297 :

600 4320 723 4390 quia
750 4321 820 4375 ita
860 4321 999 4375 inter
1025 4336 1084 4376 se
1124 4322 1540 4402 distribuerant,
1567 4329 1754 4397 procul
1798 4328 1960 4385 dubio
2000 4331 2189 4386 admo-

600 4419 761 4467 nente
809 4411 1008 4480 Spiritu
1048 4422 1274 4481 sancto,
1322 4418 1720 4487 evangelizandi
1763 4422 2099 4490 provincias,
2132 4434 2191 4480 ut

599 4501 798 4558 Paulus
834 4513 886 4557 et
936 4502 1205 4559 Barnabas
1239 4504 1307 4559 ad
1350 4505 1549 4563 Gentes
1587 4509 1767 4576 irent,
1799 4513 1874 4566 illi
1912 4522 2090 4569 autem
2134 4516 2189 4572 in

602 4595 1063 4652 circumcisionem
1109 4594 1247 4670 (Act.
1292 4613 1423 4666 xm,
1451 4599 1521 4667 2,
1552 4610 1602 4655 et
1646 4602 1820 4658 Galat.
1866 4622 1937 4675 ιι,
1969 4605 2046 4679 9).
2076 4608 2190 4665 Hoc

604 4697 784 4745 tamen
805 4706 927 4746 eum
956 4692 1284 4762 praecepisse
1309 4692 1374 4747 iis
1398 4696 1486 4764 qui
1506 4710 1612 4750 non
1640 4695 1909 4755 habebant
1927 4700 2209 4770 ejusmodi.

605 4789 921 4848 potestatem
938 4823 954 4847 ,
977 4798 1040 4837 ea
1060 4799 1180 4853 quae
1205 4785 1316 4854 jam
1340 4785 1506 4841 multa
1525 4786 1665 4842 dicta
1686 4797 1813 4843 sunt
1832 4791 2189 4849 manifestant.

674 4870 898 4928 CAPUT
923 4874 1067 4929 XXI.
1091 4906 1167 4919 --
1194 4876 1295 4944 Qui
1321 4894 1500 4933 vacare
1521 4880 1694 4934 volunt
1713 4923 1729 4947 ,
1776 4882 1811 4935 ii
1855 4882 2081 4954 plerique
2132 4902 2195 4941 ea:

605 4963 756 5033 inope
774 4981 834 5018 ac
854 4966 1104 5022 laboriosa
1122 4971 1224 5022 vita
1250 4972 1475 5028 conversi
1503 4981 1640 5028 sunt.
1674 4973 1761 5029 Isti
1791 4986 1968 5031 autem
1998 4976 2193 5035 fratres

589 5056 774 5110 .nostri
806 5068 1005 5112 temere
1027 5059 1124 5113 sibi
1154 5072 1437 5131 arrogant.
1470 5074 1727 5133 quantum
1750 5068 2025 5134 existimo,
2049 5070 2190 5139 quod

607 5150 866 5219 ejusmodi
917 5151 1143 5205 habeant
1176 5163 1515 5222 potestatem.
1555 5157 1609 5212 Si
1652 5160 1795 5213 enim
1844 5162 2192 5232 evangelista:

605 5250 768 5308 sunt,
792 5242 990 5306 fateor,
1022 5242 1220 5298 habent
1249 5262 1262 5298 :
1294 5245 1338 5298 si
1356 5246 1581 5303 ministri
1607 5249 1792 5306 altaris
1814 5293 1830 5318 ,
1857 5252 2191 5322 dispensato-

603 5347 693 5387 res
720 5341 1174 5413 sacramentq-um
1196 5375 1214 5404 ,
1238 5335 1372 5392 bene
1396 5339 1496 5395 sibi
1523 5340 1683 5396 istam
1737 5357 1840 5396 non
1885 5356 2136 5415 arrogant
2166 5387 2187 5415 ,

604 5424 701 5480 sed
727 5425 884 5495 plane
900 5424 1169 5483 vindicant
1195 5435 1532 5498 potestatem.

673 5484 765 5573 25-.
793 5516 849 5572 Si
877 5516 1067 5573 saltem
1092 5484 1576 5593 habbbantaliquid
1601 5524 1652 5577 in
1683 5524 1786 5579 hoc
1822 5484 2018 5581 sarculo
2041 5566 2055 5591 ,
2085 5544 2192 5599 quo

604 5606 760 5665 facile
803 5608 918 5664 sine
958 5610 1169 5682 opiﬁcio
1207 5622 1571 5670 sustentarent
1627 5616 1783 5671 istam
1817 5618 1977 5672 vitam
2002 5661 2016 5685 ,
2047 5621 2190 5690 quod

606 5745 700 5854 is;
724 5744 1049 5854 61mm“
1082 5756 1187 5798 Mss.
1222 5754 1279 5798 At
1298 5754 1429 5810 Lov.,
1468 5744 1600 5811 ﬁgat.
1640 5756 1735 5815 Exn,
1765 5748 1928 5816 lingat.
1972 5754 2190 5847 Nonnulli

704 5839 735 5866 ἰ
760 5839 911 5866 ιιι-νισι
2000 5840 2011 5847 ·

2294 4025 2581 4096 praeterita:
2625 4026 2821 4096 quippe
2866 4027 2989 4081 vitae
3034 4028 3430 4086 consuetudine
3454 4030 3803 4087 convincuntur;
3860 4025 3863 4085 1:

2296 4116 2607 4172 umbraculo
2631 4116 2786 4172 malae
2812 4117 3107 4188 disciplinae
3122 4134 3183 4175 se
3206 4134 3307 4175 con
3317 4129 3528 4191 tegunt,
3563 4129 3616 4176 ut
3638 4134 3692 4174 ex
3713 4114 3804 4171 male
3862 4110 3863 4139 λ

2294 4209 2568 4266 intellecto
2611 4210 2902 4280 Evangelio
2946 4223 3213 4282 princepta
3241 4214 3535 4284 apostolica
3573 4219 3802 4285 pervertere
3860 4242 3863 4285 λ

2295 4302 2619 4358 meditemur
2647 4319 2661 4354 :
2686 4317 2814 4358 vere
2851 4303 3089 4358 volatilia
3136 4304 3256 4359 caeli
3278 4348 3293 4372 ,
3341 4307 3436 4362 sed
3466 4321 3555 4377 per
3572 4301 3799 4375 superbiam

2295 4393 2348 4447 in
2368 4392 2531 4447 altum
2561 4407 2620 4447 se
2646 4392 2992 4460 extollendo;
3020 4402 3076 4450 et
3095 4393 3279 4450 fenum
3305 4396 3448 4469 agri,
3480 4395 3569 4451 sed
3590 4390 3800 4451 carnaliter
3862 4390 3863 4455 ἒ

2297 4485 2600 4542 sentiendo.
3862 4478 3863 4542 Ξ

2367 4577 2458 4633 26.
2486 4575 2758 4649 Contingit
2781 4578 2924 4634 enim
2945 4578 3026 4634 eis
3045 4579 3187 4650 quod
3207 4580 3265 4635 in
3291 4579 3465 4636 viduis
3474 4577 3731 4649 junioribus
3746 4573 3799 4625 in-

2297 4669 2644 4740 disciplinatis
2671 4669 2970 4726 cavendum
3022 4671 3163 4727 idem
3208 4673 3482 4743 apostolus
3521 4660 3797 4726 dicitzsnunl

2299 4774 2465 4817 autem
2484 4773 2531 4818 et
2553 4764 2725 4818 otiosae
2750 4779 2856 4818 esse
2877 4764 3074 4819 discunt
3096 4781 3117 4829 ;
3160 4782 3261 4820 non
3289 4766 3452 4820 solum
3476 4774 3627 4818 autem
3646 4759 3792 4814 otiose.
3860 4766 3863 4821 ι

2299 4857 2387 4912 sed
2416 4857 2569 4912 etiam
2596 4856 2812 4911 curiosa:
2835 4866 2883 4910 et
2905 4856 3126 4911 verbosa:
3146 4900 3162 4922 ,
3184 4857 3439 4925 loquentes
3466 4871 3573 4929 qua
3595 4868 3678 4907 non
3695 4860 3795 4916 ορατ·
3862 4850 3863 4925 ξ

2297 4960 2364 5006 tet
2389 4951 2435 5022 (l
2467 4949 2599 5005 Tim.
2633 4966 2663 5003 v
2689 4990 2702 5015 ,
2728 4949 2838 5020 15).
2876 4949 2988 5004 Hoc
3014 4950 3101 5005 ille
3124 4949 3191 5006 de
3218 4951 3373 5005 malis
3394 4948 3591 5005 feminis
3615 4939 3790 4998 dicebat.
3862 4970 3863 4979 ι

2297 5043 2442 5115 quod
2470 5058 2569 5098 nos
2594 5043 2753 5098 etiam
2799 5043 2851 5097 in
2874 5043 3027 5098 malis
3055 5043 3188 5098 viris
3212 5043 3455 5100 dolemus
3477 5049 3528 5096 et
3550 5034 3790 5128 plangimus.

2297 5137 2385 5208 qui
2403 5135 2659 5191 adversus
2686 5149 2809 5191 eum
2842 5135 3047 5204 ipsum,
3081 5136 3132 5190 iu
3164 5136 3315 5206 cujus
3345 5132 3582 5205 Epistolis
3599 5129 3678 5183 ista
3699 5123 3789 5188 lesi-

2298 5244 2419 5286 mus
2441 5271 2457 5296 ,
2485 5228 2643 5284 otiosi
2660 5237 2715 5283 et
2746 5227 2991 5297 verbosi,
3033 5244 3153 5299 qua:
3188 5244 3292 5284 non
3321 5234 3523 5299 oportet
3552 5221 3786 5290 Ιοίιιιωιωτ·

2297 5322 2434 5378 Etsi
2459 5320 2851 5395 quisuntinter
2874 5335 3000 5388 eos,
3040 5322 3131 5392 qui
3157 5336 3224 5378 eo
3249 5319 3511 5393 preposito
3544 5312 3785 5371 adsaan
3858 5376 3863 5389 ε

2296 5412 2545 5469 militiam
2570 5412 2845 5479 venerint,
2893 5420 2956 5468 ut
2994 5413 3239 5484 placeant
3290 5413 3377 5469 cui
3429 5425 3485 5467 se
3511 5397 3783 5479 probam!“

2299 5506 2366 5582 (ll
2390 5507 2523 5563 Tim.
2554 5524 2630 5576 ιι,
2661 5507 2720 5578 4)
2741 5548 2755 5572 .
2787 5522 2911 5562 cum
2958 5507 3031 5562 ita
3062 5509 3277 5580 vigeant
3324 5507 3513 5563 viribus
3533 5492 3718 5569 corpoﬁs
3744 5492 3779 5582 οξ

2300 5573 2601 5671 integritate
2617 5573 2979 5666 valetudinis,
3013 5608 3070 5655 ιιι
3115 5573 3220 5656 non
3269 5599 3432 5655 solum
3482 5586 3674 5650 erudiri.
3713 5573 3777 5632 κδ

2363 5758 2380 5787 ¹
2394 5762 2483 5826 ,ιω
2503 5760 2610 5826 “9.8-
2637 5754 2833 5826 “aditi
2853 5768 2864 5804 ε
2888 5760 3183 5823 ρειαρτοριεν
3205 5751 3488 5808 amandavit
3505 5736 3700 5812 me!
3713 5729 3774 5779 ια’

2303 5817 2370 5869 les
2386 5817 2579 5880 fuerunt
2598 5817 2835 5869 Gentibus.
